4076 6356
296 334 441 400 1085

572 453 710 506 India
741 456 891 519 mittit
914 455 1059 519 ebur,
1085 455 1260 509 molles
1279 468 1368 511 sua
1391 459 1535 513 thura
1557 461 1733 513 Sabaei.

932 537 1166 607 (Virgil.,
1191 537 1277 593 lib.
1309 542 1608 612 I:Georg.,v.
1640 546 1743 611 57.)

301 646 371 706 Ει
391 648 498 715 alio
528 649 579 709 in
606 649 743 709 libro
771 651 839 708 de
864 652 1104 711 Venere:

458 799 512 835 ε.-
543 802 554 813 .
625 800 639 815 .
705 742 801 835 tibi
825 767 1060 832 templum
1080 767 1172 831 illi,
1197 736 1499 835 centumque
1522 771 1685 823 sabeo

454 825 626 879 Thure
651 829 816 881 calent
837 825 952 880 arte".

974 891 1159 957 (Idem,
1182 891 1269 945 tib.
1288 902 1304 944 ι
1323 895 1536 959 AEneid.,
1552 911 1597 948 υ.
1619 898 1751 969 tae.)

301 994 446 1091 Quos
466 1020 681 1094 quidem
710 1023 761 1079 in
793 1038 981 1081 versus
1006 1025 1122 1082 tunc
1161 1040 1190 1081 a
1235 1025 1424 1085 Servio
1453 1036 1708 1099 notantur
1737 1043 1752 1084 :
1788 1029 1894 1087 Sa-

299 1115 397 1172 btei
423 1116 600 1188 populi
624 1125 741 1173 sunt
763 1118 918 1189 juxta
962 1117 1173 1190 Syriam
1201 1127 1250 1175 et
1274 1119 1517 1176 Arabiam
1536 1163 1550 1188 ,
1582 1122 1702 1178 dicti
1726 1122 1898 1182 Sulci

304 1214 405 1265 ἀπὸ
439 1218 525 1266 τοῦ
547 1216 786 1277 uideuatur,
813 1210 953 1280 quod
970 1211 1112 1283 apud
1141 1225 1223 1267 eos
1246 1210 1362 1273 thus
1384 1212 1629 1283 nascitur,
1650 1216 1898 1286 quaedeas

302 1301 590 1372 placamus.
1258 1322 1265 1327 ι
1552 1376 1559 1387 ι

371 1392 557 1464 Neque
585 1409 746 1465 porro
767 1395 1127 1455 Tertullianus
1152 1395 1310 1467 hujus
1342 1403 1550 1454 tantum
1575 1398 1740 1457 sabaei
1779 1400 1901 1459 thu-

302 1485 397 1555 ris,
431 1486 498 1542 de
519 1502 626 1558 quo
647 1486 798 1557 plura
825 1488 1032 1545 Plinius
1059 1493 1325 1545 memerat
1344 1488 1538 1561 (Plin.,
1570 1490 1659 1545 tib.
1688 1490 1755 1546 Vl
1783 1501 1894 1549 nat.

305 1577 469 1648 m3,”
489 1596 605 1650 αφ,
632 1578 725 1647 28,
750 1596 867 1652 ρας,
892 1579 1042 1652 726),
1058 1596 1367 1641 sermonem
1390 1580 1536 1651 fecit,
1559 1582 1658 1639 sed
1674 1581 1893 1651 dealiis.

302 1672 377 1730 uti
404 1687 469 1728 ex
500 1687 623 1729 mox
646 1673 888 1729 dicendis
917 1674 1137 1746 patebit,
1166 1675 1330 1732 etiam
1360 1675 1574 1735 illorum
1603 1676 1895 1748 mercibus,

302 1779 400 1820 seu
420 1763 770 1833 aromatibus.
802 1765 973 1822 Tanta
1030 1767 1308 1824 enimvero
1337 1768 1389 1822 in
1443 1782 1630 1825 eorum
1677 1769 1899 1840 regione

302 1867 420 1915 erat
466 1858 657 1917 horum
683 1859 1009 1917 abundantia
1029 1903 1044 1929 ,
1075 1870 1131 1917 ut
1160 1863 1246 1929 iis,
1278 1862 1435 1921 sicuti
1468 1863 1664 1922 Strabo
1708 1870 1896 1925 narrat
1922 1871 1972 1934 Β

303 1957 508 2029 (Strab.
537 1959 625 2015 tib.
651 1957 769 2016 XVI
793 1958 1004 2033 Geogr.,
1033 1977 1152 2033 pag.
1174 1958 1324 2033 776).
1358 1976 1457 2032 pro
1480 1963 1789 2032 sarmentis,
1809 1972 1895 2019 ata-

301 2067 406 2129 que
432 2051 570 2127 ignis
590 2051 818 2111 faciendi
844 2053 1091 2121 materia,
1115 2054 1476 2121 cinnamomo,
1498 2055 1663 2123 casia,
1695 2065 1751 2113 et
1779 2056 1898 2117 aliis

302 2143 609 2217 hnjusmodi
639 2161 801 2205 suave
826 2147 1096 2211 olentibus
1128 2155 1426 2205 uterentur.
1459 2147 1728 2220 Scriptum
1759 2163 1896 2220 quo~
1960 2176 1973 2183 ε

304 2252 409 2308 que
428 2253 457 2292 a
490 2238 664 2292 Plinio
692 2237 923 2309 legimus
954 2256 968 2292 :
997 2238 1144 2295 Cibos
1175 2239 1343 2296 Sabaei
1374 2250 1599 2313 coquunt
1638 2243 1800 2296 thuris
1830 2242 1897 2303 li-

304 2348 404 2403 gno
426 2330 619 2402 (Plin.,
641 2331 728 2387 lib.
746 2331 841 2388 XII
863 2332 1210 2401 Ilist.nu_tur.,
1233 2352 1349 2407 cap.
1376 2336 1462 2404 17,
1489 2334 1901 2409 ρ.52).ΑιΤθι·-

307 2424 565 2480 tullianus
588 2436 883 2486 nosteer
905 2441 1013 2482 non
1030 2426 1206 2483 solum
1224 2428 1276 2482 in
1300 2428 1776 2500 Apologetieo,sed
1793 2429 1899 2486 alio

303 2519 471 2573 etiam
504 2519 556 2574 in
579 2518 715 2574 libro
745 2528 932 2597 aperte
955 2519 1193 2575 declarat
1216 2518 1532 2576 Sabmorum
1563 2521 1685 2576 thus
1714 2522 1780 2577 ad
1809 2537 1898 2578 se-

304 2611 547 2683 peliendo
576 2612 628 2667 in
675 2612 861 2682 primis
892 2622 1222 2668 mortuorum
1254 2627 1479 2683 corpora
1521 2628 1551 2668 a
1581 2613 1901 2670 Christianis

303 2704 600 2760 atlbibitum
647 2703 944 2776 :Corpora,
983 2705 1179 2777 inquit,
1238 2706 1494 2761 medicata
1544 2707 1899 2775 condimentis,

305 2798 603 2869 sepulturas,
626 2798 896 2853 mausoleis
920 2809 966 2852 et
985 2800 1323 2853 monumentis
1346 2809 1761 2868 sequestrantur;
1781 2816 1900 2873 pro-

305 2906 510 2945 cessura
537 2890 656 2945 inde
680 2890 748 2947 ad
790 2890 1083 2947 secundam
1115 2892 1303 2957 vitam,
1331 2908 1448 2946 cum
1476 2893 1693 2964 jusserit
1724 2892 1903 2951 Domi-

307 2983 793 3057 nus-(Tertullian.,
836 2985 945 3051 libr
978 2986 1043 3041 de
1079 2984 1372 3042 Rcsurrect.
1412 3001 1581 3055 corn.,
1630 3003 1747 3057 cap.
1788 2984 1900 3060 Ἢ).

304 3078 444 3133 Alibi
495 3094 625 3134 vero
680 3066 956 3150 magisque
1007 3080 1073 3135 ad
1102 3089 1345 3136 nostrum
1380 3081 1713 3152 propositum
1754 3100 1766 3135 :
1809 3079 1903 3137 Vi-

304 3170 469 3225 derint
497 3169 718 3237 ethnici,
753 3172 943 3241 inquit,
977 3172 1019 3226 si
1049 3172 1236 3227 eadem
1286 3162 1516 3236 merces,
1571 3173 1723 3228 thura
1767 3172 1902 3242 dico,

305 3272 353 3316 et
381 3271 560 3317 cratera
590 3263 960 3333 peregrinitatis
982 3263 1051 3315 ad
1089 3264 1401 3331 sacri/icium
1433 3263 1708 3330 idolorum,
1746 3264 1898 3317 etiam
1925 3268 1970 3332 C
2004 3263 2241 3377 (Van;
2265 3304 2353 3359 ub,
2406 3263 2471 3359 l'v

312 3354 592 3377 tuend“-
630 3356 689 3377 ,Α
720 3356 1321 3377 _.-__“-__._“uanum
1369 3357 1507 3377 ne..-

307 3354 593 3411 hominibus
621 3356 689 3409 ad
714 3356 975 3427 pigmenta
996 3357 1342 3419 medicinalia,
1365 3357 1509 3411 nobis
1537 3374 1734 3429 quoque
1755 3358 1901 3413 insu-

307 3464 398 3519 per
411 3449 957 3520 adsolatiasepulturte
974 3450 1090 3504 usui
1120 3459 1239 3505 sunt
1258 3449 1448 3522 (Idem,
1471 3450 1557 3506 lib.
1592 3452 1654 3507 de
1694 3451 1899 3524 idolol.,

306 3560 422 3616 cup.
457 3544 569 3616 Η).
1670 3562 1673 3565 ⁷

380 3636 531 3706 Esto,
561 3647 750 3709 arguet
774 3638 985 3710 aliquis,
1019 3652 1082 3694 ac
1107 3637 1403 3696 meridiana
1431 3641 1552 3697 luce
1585 3641 1782 3697 clarius
1808 3640 1897 3709 de-

306 3741 662 3791 monstratum
686 3732 945 3788 habeatur
966 3731 1305 3790 Christianos
1332 3749 1457 3791 usos
1483 3732 1646 3791 fuisse
1666 3735 1731 3790 ad
1750 3751 1903 3806 sepe-
1984 3718 1987 3723 ’

307 3827 481 3885 lienda
535 3835 866 3882 mortuorum
922 3841 1146 3897 corpora
1214 3827 1393 3883 sabreo
1434 3826 1590 3883 thure
1619 3871 1633 3895 ,
1675 3836 1904 3885 czetero-

307 3934 426 3976 rum
477 3919 715 3975 omnium
748 3918 1174 3988 pretiosissima;
1232 3918 1490 3989 numquid
1543 3917 1904 3984 Tertullianus

309 4014 501 4085 magna
531 4013 648 4068 sine
681 4011 976 4083 hyperbole
1029 4026 1276 4068 asserere
1322 4012 1491 4084 potuit
1533 4012 1753 4069 Sabaeos
1777 4012 1902 4068 thu-

308 4105 385 4161 ris
401 4104 482 4159 sui
522 4120 708 4159 merces
733 4104 896 4176 pluris
924 4113 970 4159 et
994 4105 1209 4160 carioris
1236 4103 1301 4159 ad
1356 4106 1776 4161 christianorum
1814 4121 1903 4161 se-

308 4189 577 4270 pulturam
602 4198 933 4265 vendidisse,
966 4214 1123 4271 quam
1151 4199 1400 4270 gentibus
1424 4199 1490 4254 ad
1514 4200 1646 4255 deos
1676 4216 1801 4256 suos
1822 4200 1905 4256 t‘u-

308 4289 629 4360 migandos?
654 4289 843 4346 Nonne
875 4290 1109 4361 plurimi,
1139 4291 1377 4362 inquiet,
1404 4291 1632 4361 gentiles
1664 4291 1788 4347 thus
1814 4307 1904 4347 sa-

308 4382 482 4436 baium
504 4382 661 4452 plena
693 4382 1020 4453 prodigaque
1042 4398 1201 4436 manu
1229 4382 1332 4437 diis
1362 4383 1473 4437 suis
1504 4383 1905 4439 incendebant?

309 4474 414 4530 Sed
438 4474 672 4545 quiluce
700 4474 1010 4544 obiectabit,
1042 4475 1086 4530 is
1116 4474 1397 4531 advertere
1436 4475 1595 4531 debet
1640 4476 1739 4532 hos
1785 4476 1905 4532 aliis

309 4568 531 4624 ditiores
557 4566 744 4632 fuisse,
772 4577 824 4621 et
856 4568 1010 4637 longe
1034 4568 1225 4622 minori
1256 4584 1500 4635 numero,
1532 4585 1689 4640 quam
1723 4571 1905 4625 cmteri

1388 340 1843 411 DISSERTATIO
1879 343 1943 415 ε).
1980 346 2070 427 ne
2107 346 2411 415 NOURRY.

1918 467 1972 537 Α
2066 466 2398 538 sufﬁciebant,
2427 483 2489 524 ac
2528 468 2797 541 vectigalia
2820 470 3078 528 solvebant
3100 479 3243 530 tanta
3263 486 3411 544 cura,
3432 494 3597 549 quan-

2071 560 2137 615 tis
2162 560 2296 616 dolis
2326 561 2390 618 ab
2432 562 2613 618 iisdem
2649 564 2863 621 ethnicis
2890 565 3268 635 fraudabantur
3299 572 3592 627 :ncntinesn

2073 653 2137 708 de
2159 656 2844 717 sterilitateChristianorum
2868 661 3108 731 conqueri
3135 663 3375 732 potuisse,
3410 673 3594 735 praeter

2072 748 2291 820 infames
2320 748 2543 816 lenones,
2591 749 2935 823 perductores,
2990 755 3308 824 aquariolos,
3358 757 3591 825 sicarios,

2072 844 2380 911 venerarios,
2400 860 2596 915 magos,
2627 847 2911 917 aruspices,
2933 849 3149 917 ariolus,
3171 851 3553 905 mathematicos
3573 868 3595 918 ;

2072 952 2134 991 ac
2163 938 2207 992 si
2228 938 2353 1010 quid
2387 941 2517 1011 forte
2556 940 2746 995 malum
2767 943 3060 1012 reipublicw
3078 962 3111 999 a
3143 944 3446 1001 Christianis
3474 945 3596 1001 illa-

2070 1039 2175 1087 tum
2199 1035 2385 1105 fuerat,
2414 1034 2547 1090 illud
2565 1051 2682 1090 cum
2709 1040 2902 1110 fanore
2921 1037 2983 1093 ab
3007 1038 3111 1094 illis
3131 1039 3340 1095 aliunde
3380 1041 3596 1097 resarci-
3621 1114 3629 1123 .

2073 1132 2204 1181 tum.

2072 1259 2203 1327 Quae
2231 1259 2491 1355 hactenus
2516 1241 2822 1339 {etulimus,
2853 1268 3192 1338 quantumvis
3219 1269 3364 1329 clara
3409 1279 3463 1328 et
3489 1286 3599 1331 om-

2000 1353 2158 1410 nibus
2213 1353 2491 1426 perspicua
2537 1357 2666 1426 sint,
2714 1373 2821 1414 non
2876 1369 3166 1430 potuerunt
3202 1369 3376 1418 tamen
3422 1379 3596 1423 caecos

1999 1445 2359 1515 comprimere
2393 1446 2733 1504 ethnicorum
2766 1451 3017 1521 impetus,
3053 1467 3151 1508 nec
3173 1453 3510 1513 ell'rmnatum
3543 1455 3597 1512 in

1999 1536 2333 1592 Christianos
2364 1537 2595 1593 furorem
2627 1540 2988 1612 exstinguere.
3017 1542 3208 1614 Magno
3246 1546 3389 1601 enim
3420 1546 3596 1603 adhuc

2000 1629 2237 1697 clamore
2260 1629 2453 1701 ubique
2477 1632 2909 1689 vociferabantur
2936 1635 3057 1690 illos
3076 1637 3126 1691 in
3161 1638 3470 1707 reipublicae
3500 1655 3592 1696 ore

2001 1729 2085 1778 tos
2114 1738 2236 1778 esse
2287 1724 2597 1793 perniciem.
2654 1724 2731 1781 es
2781 1743 2885 1798 quo
2919 1729 3065 1785 enim
3097 1744 3285 1785 eorum
3324 1732 3513 1803 religio
3542 1732 3597 1789 in

2000 1816 2257 1872 mundum
2277 1816 2620 1873 disseminata
2646 1828 2761 1875 est:
2788 1819 3139 1892 Temptarunt,
3161 1832 3489 1890 nostrorum,
3520 1825 3600 1885 in-
3642 1884 3649 1891 _

2001 1908 2276 1981 quiebant,
2324 1910 2592 1981 vectigalia
2632 1912 2856 1984 quotidie
2908 1913 3196 1986 decoquunt
3247 1914 3593 1987 (,Tertultian.

2001 2001 2293 2079 Apologet.,
2317 2018 2431 2073 cap.
2455 2002 2546 2068 42,
2566 2022 2618 2075 p.
2661 2004 2813 2077 495),
2837 2005 2938 2062 hoc
2951 2016 3053 2074 est,
3078 2006 3332 2078 paulatim
3353 2008 3593 2065 minuun-

2003 2103 2107 2149 tur.
2140 2095 2369 2151 Cuilibet
2388 2096 2529 2150 enim
2557 2096 2875 2165 christiano,
2917 2099 2992 2153 uti
3022 2099 3252 2169 ipsemet
3303 2099 3594 2156 Tertullia-

2002 2203 2104 2243 nus
2126 2186 2340 2254 fatetur,
2376 2188 2873 2258 prohibitum‘erat,
2905 2207 2968 2245 ne
2995 2207 3146 2246 curas
3177 2191 3478 2264 templorum
3512 2194 3601 2249 de-

2002 2282 2151 2353 leget,
2205 2290 2293 2341 aut
2334 2281 2601 2354 vectigalia
2655 2300 2835 2338 eorum
2870 2295 3108 2356 procuret
3147 2284 3341 2358 (Idem,
3394 2287 3481 2342 lib.
3539 2288 3602 2345 de

2003 2373 2274 2453 Idololat.,
2329 2376 2628 2448 cap.'l7).
2685 2377 2816 2432 Cum
2870 2377 3042 2450 major
3092 2377 3316 2452 itaque,
3373 2380 3449 2436 uti
3494 2396 3599 2439 sa:-

2002 2470 2122 2545 pius
2146 2468 2399 2536 diximus,
2427 2478 2573 2531 esset
2596 2469 3036 2538 Christianorum,
3075 2486 3232 2545 quam
3264 2471 3600 2531 ethnicorum

2004 2575 2283 2627 numerus,
2308 2560 2553 2633 profecto
2580 2566 2739 2636 longe
2770 2564 3053 2634 pauciores
3082 2564 3405 2635 templorum
3431 2565 3601 2623 vecti-

2003 2653 2142 2727 galia
2168 2652 2493 2724 pendebant.

2076 2743 2277 2800 Vermn
2332 2746 2434 2800 etsi
2464 2760 2553 2801 res
2583 2744 2657 2800 ita
2688 2746 2779 2815 sit,
2811 2745 3036 2813 ethnici,
3071 2762 3179 2803 non
3205 2747 3273 2804 de
3296 2748 3604 2805 christianis

2006 2842 2237 2903 tantum,
2270 2837 2364 2893 sed
2396 2837 2465 2893 de
2495 2839 2608 2893 suis
2638 2838 2804 2893 etiam
2856 2839 3213 2896 sectatoribus
3261 2844 3606 2913 expostulare

2004 2929 2293 2993 debebant.
2344 2931 2426 2986 Ab
2465 2932 2545 2987 eis
2588 2934 2785 3004 quippe
2809 2932 3172 2989 Tertullianus
3218 2935 3390 3005 petit:
3428 2935 3601 3007 Stipes

2005 3037 2189 3093 quotus
2212 3024 2422 3096 quisque
2437 3026 2551 3097 jam
2563 3027 2729 3103 jactat
2756 3023 2962 3095 (Idem,
2992 3027 3278 3099 Apologet.,
3306 3028 3407 3083 loc.
3436 3028 3550 3100 cit.)
3578 3030 3601 3083 Τ

2009 3119 2188 3190 Stipes
2217 3128 2397 3180 autem
2443 3134 2693 3173 nummus
2722 3126 2839 3191 erat
2866 3119 3128 3190 signatus.
3171 3120 3271 3189 Qui
3321 3121 3463 3181 enim
3496 3120 3596 3179 diis

2008 3226 2124 3264 cum
2168 3211 2441 3276 thesauris,
2488 3211 2563 3265 ait
2593 3195 2782 3277 Varro,
2840 3228 2978 3266 asses
3004 3212 3166 3280 dant,
3216 3215 3394 3285 stipem
3420 3213 3597 3269 dicunt

2628 3303 2781 3377 Ling.
2829 3298 3002 3373 latim,
3055 3304 3146 3361 sub
3407 3305 3603 3377 Quam-

2005 3397 2196 3453 obrem
2227 3393 2448 3453 Ovidius
2476 3394 2706 3451 canebat
2738 3414 2750 3451 :

2160 3540 2376 3604 Contulit
2397 3553 2467 3591 aes
2484 3554 2547 3604 po

2614 3541 2695 3604 lus
2712 3554 2724 3589 :
2740 3540 2807 3591 de
2825 3553 2927 3604 quo
2945 3540 3150 3591 delubra
3170 3540 3402 3592 Metellus

2224 3603 2381 3665 Fecit,
2407 3605 2475 3657 ait
2489 3603 2509 3652 7:

2598 3603 2705 3657 udae
2728 3616 2833 3655 mos
2847 3603 2996 3668 stipis
3019 3604 3131 3655 inde
3156 3614 3341 3663 manet.

2724 3684 2907 3750 (Ovid,
2927 3684 3009 3739 tib.
3034 3695 3089 3740 ιν
3114 3688 3304 3743 Faster.
3330 3689 3443 3755 εδδ
3504 3730 3515 3735 -

2009 3816 2224 3872 Ethnici
2280 3830 2409 3886 ergo
2438 3815 2487 3871 si
2507 3815 2701 3886 stipem
2745 3816 2957 3887 templis
2983 3831 3090 3871 non
3116 3816 3335 3888 dabant,
3369 3833 3472 3872 non
3504 3816 3606 3873 mi-

2008 3924 2110 3965 nus
2156 3920 2304 3965 certe
2348 3924 2509 3981 quam
2538 3908 2817 3964 christiani
2851 3909 2942 3980 -iis
2985 3909 3253 3967 faciebant
3307 3909 3606 3966 detrimen-

2008 4011 2143 4059 tum.
2650 4022 2653 4023 '

2079 4099 2354 4155 instabant
2377 4090 2628 4170 gentiles,
2661 4106 2824 4169 atque
2850 4106 2911 4154 ut
2939 4097 3016 4153 ait
3053 4098 3341 4164 Arnobius,
3385 4097 3606 4167 conjec-

2009 4199 2178 4258 tores,
2206 4191 2385 4258 arioli,
2407 4198 2563 4247 vates
2586 4199 2643 4246 et
2672 4189 2763 4245 alii
2787 4191 3126 4246 amarissime
3148 4190 3503 4261 deplorabant
3552 4190 3607 4247 in

2008 4286 2224 4357 templis
2261 4284 2374 4342 suis
2398 4284 2656 4338 raritatem
2686 4283 2939 4355 (Arnob.,
2974 4283 3063 4338 tib.
3085 4282 3129 4337 ll
3171 4283 3598 4355 adms.ymt.),

2008 4394 2074 4437 ac
2132 4394 2238 4435 nec
2290 4378 2512 4447 exiguas
2574 4375 2791 4444 quidem
2858 4377 3027 4447 stipes
3081 4390 3241 4447 posse
3317 4391 3346 4429 a
3403 4377 3610 4448 paucis-

2009 4473 2163 4531 simis
2226 4470 2629 4528 consultoribns
2694 4470 3023 4541 extorqueri.
3093 4469 3308 4524 Scimus
3382 4467 3603 4539 quidem

2010 4566 2241 4631 Plinium
2268 4562 2565 4619 secundum
2597 4561 2649 4616 in
2688 4575 2783 4616 sua
2801 4561 2870 4616 ad
2895 4560 3188 4632 Traianum
3230 4559 3606 4629 imperatorem

308 4661 656 4735 pauperiores
678 4704 692 4729 ,
720 4660 812 4732 qui
864 4660 991 4715 titus
1040 4660 1329 4717 adolebant
1357 4673 1448 4717 aut
1481 4662 1654 4718 tribus
1696 4670 1901 4717 teritum
1929 4669 1984 4730 1)
2010 4657 2236 4729 epistola
2285 4655 2567 4727 scripsisse
2593 4654 2787 4724 templa
2818 4661 2875 4709 et
2915 4668 3063 4708 sacra
3092 4651 3349 4706 solemnia
3376 4647 3608 4721 erupisse

309 4756 509 4827 digitis,
536 4764 630 4809 aut
655 4755 814 4809 unius
840 4754 1000 4821 assis,
1031 4753 1485 4824 quemadmodum
1527 4755 1667 4811 infra
1695 4756 1905 4813 dicetur

309 4849 473 4923 (lnfr.
502 4864 617 4922 cap.
646 4846 739 4912 20,
769 4855 869 4902 art.
895 4845 979 4919 2).
1032 4846 1115 4903 Ad
1145 4846 1261 4903 haec
1290 4863 1420 4903 vero
1440 4890 1455 4917 ,
1493 4848 1904 4942 observavith

312 4944 574 5015 majorem
606 4940 776 4997 fuisse
824 4940 1241 5011 cbristiaporum
1271 4940 1692 5011 multitudinem,
1742 4940 1905 5014 quam

313 5039 612 5112 gentilium.
633 5034 922 5092 Christiani
939 5035 1121 5107 igitur,
1137 5036 1181 5090 si
1198 5035 1357 5092 thure
1370 5035 1551 5092 sahreo
1572 5046 1907 5094 mortuorum

311 5132 636 5192 condiebant
662 5145 914 5200 corpora,
961 5128 1026 5185 ad
1056 5129 1159 5184 hoc
1193 5128 1409 5200 pietatis
1442 5128 1679 5185 cilicium
1727 5129 1907 5187 Sabaei

311 5226 579 5284 debebant
602 5224 755 5296 plura
780 5212 888 5280 illis
925 5238 1022 5279 sua
1053 5222 1207 5278 thura
1249 5221 1504 5291 vendere,
1538 5237 1699 5293 quam
1728 5223 1909 5295 genti-

309 5321 471 5386 libus,
493 5332 720 5390 quornm
749 5315 975 5388 plurima
1009 5329 1133 5385 pars
1176 5328 1343 5385 pauca
1374 5312 1666 5369 admodum
1697 5314 1907 5371 vilioris

310 5427 364 5476 et
388 5413 692 5475 communis
729 5426 892 5485 grana
930 5409 1034 5466 diis
1056 5409 1169 5464 suis
1194 5409 1326 5464 dare
1353 5417 1727 5466 consueverat.

918 5561 1212 5611 ARTICULUS
1262 5562 1336 5603 IV.

314 5693 482 5762 Quam
498 5688 750 5747 inmerito
779 5686 967 5743 altrici
991 5683 1427 5756 conquerebantur
1454 5686 1760 5758 templorum
1789 5704 1908 5744 σιω-

381 5802 501 5841 rum
524 5782 790 5854 uectigalia
832 5778 1059 5850 decoqui,
1102 5793 1166 5833 etc
1188 5794 1291 5849 quo
1316 5778 1414 5833 orti
1442 5789 1586 5835 eram
1611 5781 1900 5848 christiani,

312 5944 315 5949 Α
383 5877 471 5949 qui
503 5876 600 5933 diis
631 5874 836 5931 illorum
872 5913 888 5944 ,
931 5871 1311 5941 hominibusque
1337 5871 1749 5938 mendicantibus
1796 5891 1898 5932 non

2007 4768 2107 4807 suo
2153 4761 2394 4820 tempore
2421 4748 2613 4817 repeti.
2643 4746 2891 4803 Totidem
2941 4744 3085 4800 enim
3128 4743 3246 4798 lucc
3277 4741 3422 4797 illius
3442 4742 3607 4798 verba

2006 4844 2233 4916 legimus
2261 4860 2273 4897 :
2300 4838 2447 4897 Certe
2469 4841 2592 4896 satis
2610 4849 2809 4896 constat
2849 4853 3007 4913 prope
3023 4838 3139 4908 jam
3167 4836 3398 4889 desolata
3420 4835 3608 4908 templa

2007 4938 2215 5012 cepisse
2241 4935 2506 5001 celebrari,
2536 4943 2585 4989 et
2610 4949 2757 4989 sacra
2787 4931 3034 4987 solemnia
3071 4929 3160 4983 diu
3188 4926 3476 4983 intermissa
3523 4943 3606 4982 re-

2007 5033 2109 5107 peti
2138 5031 2427 5105 passimque
2451 5029 2620 5084 venire
2657 5026 2910 5092 uictimas,
2939 5038 3155 5095 quarunt
3177 5021 3346 5076 adhuc
3393 5020 3605 5076 rarissi-

2010 5140 2123 5179 mus
2137 5118 2689 5195 anptorinttsniebatur
2721 5115 2913 5189 (Plin.,
2938 5114 3027 5169 lib.
3064 5113 3129 5180 Χ,
3159 5114 3306 5187 epist.
3328 5112 3454 5179 lOl,
3479 5130 3603 5186 pag.

2011 5216 2163 5289 576).
2203 5216 2307 5273 Sed
2339 5213 2482 5287 quod
2528 5212 2726 5268 fatetur
2752 5223 2923 5281 prope
2967 5206 3208 5263 desolata
3232 5205 3398 5263 luisse
3424 5205 3607 5262 ethni-

2011 5324 2199 5365 eorum
2238 5306 2436 5378 templa
2463 5314 2514 5361 et
2546 5317 2722 5369 sacra,
2780 5301 2882 5357 hoc
2925 5299 3268 5356 verissimum
3320 5304 3421 5354 est.
3451 5295 3608 5366 Quod

2012 5418 2140 5461 vom
2163 5401 2440 5473 subjungit
2467 5398 2557 5456 illa
2584 5396 2818 5469 cepisse
2845 5394 3043 5466 repeti,
3089 5391 3177 5447 his
3216 5388 3399 5446 verbis
3428 5390 3610 5461 inepte

2012 5499 2260 5558 adulatus
2284 5502 2371 5551 est
2396 5492 2653 5564 Traiano,
2679 5489 2840 5560 cuius
2883 5484 3230 5543 clementiam
3287 5498 3384 5556 per
3421 5482 3502 5538 fas
3552 5489 3611 5538 et

2017 5593 2169 5652 nefas
2198 5588 2461 5648 extollere
2482 5584 2715 5642 volebat.
2756 5583 2887 5639 Nam
2911 5585 3192 5637 crescente
3220 5590 3451 5633 numero
3471 5574 3610 5631 chri-

2011 5688 2330 5750 stianorum,
2362 5680 2540 5736 minus
2564 5675 3037 5749 frequentabantur
3050 5669 3386 5729 ethnicorum
3408 5666 3606 5738 templa

2010 5782 2293 5850 minusque
2320 5772 2599 5846 vectigalia
2627 5770 2993 5827 solvebantur.

2072 5870 2439 5960 ~'l'ertullianus
2460 5867 2641 5940 itaque
2689 5864 2746 5931 id
2771 5865 2914 5922 ultro
2960 5861 3176 5929 fatetur,
3206 5863 3263 5915 et
3296 5850 3520 5927 scintillis
3533 5864 3602 5909 us
