4076 6356
490 353 631 413 1087

1557 351 1627 408 ΙΝ
1664 345 2135 408 TERTULLIANI
2173 346 2708 406 APOLOGETICUM

3646 349 3802 406 {0?8

493 469 790 541 respondet
839 478 1330 542 quantumcumque
1382 465 1542 523 fuerit
1571 466 1698 521 illud
1726 465 2013 531 damnum,
2061 479 2091 519 a
2118 461 2173 522 Α
2199 464 2319 520 tiles
2345 465 2484 521 inter
2505 481 2562 522 se
2586 465 2830 533 contulit,
2861 463 3152 522 secundam
3182 466 3571 539 expositionem
3598 467 3802 538 pra-fe-

493 565 799 620 ehristianis
825 563 1038 618 abunde
1067 562 1297 618 restitui.
1341 561 1449 615 Nos
1465 560 1608 616 enim
1642 576 1746 613 non
1771 558 2087 625 suflicimus,

502 659 706 730 inquit,
729 667 776 712 et
801 656 1087 711 hominibus
1115 667 1161 710 et
1187 656 1285 709 diis
1321 656 1495 710 vestris
1521 655 1919 709 mendicantibus
1945 669 2090 725 Opem

504 749 1006 822 ferre(Tertullian.,
1029 750 1315 822 Apologet.,
1334 767 1447 821 cap.
1471 749 1562 808 49..
1581 768 1632 821 ρ.
1658 747 1761 802 494
1790 749 1828 812 ),
1867 748 1966 802 hoc
1984 756 2087 812 est,

495 843 674 898 omnia
704 843 843 898 bona
871 852 1052 897 nostra
1081 856 1374 911 omnesque
1405 851 1601 896 nostra:
1655 839 1933 895 facultates
1983 855 2090 894 non

495 933 788 1001 sufficiunt,
827 944 884 988 ut.
938 931 1370 989 mendicantibus
1415 933 1630 998 vestris,
1658 948 1780 987 cum
1820 932 1942 992 diis,
1979 940 2091 986 tum

497 1025 825 1092 hominibus,
853 1025 922 1082 de
950 1027 1143 1096 quibus
1172 1023 1297 1080 alibi
1336 1040 1364 1078 a
1395 1025 1548 1079 nobis
1591 1034 1766 1080 actum
1796 1033 1879 1080 est
1917 1022 2088 1091 (Tom.

499 1117 824 1190 lApparat.,
871 1135 991 1189 pag.
1022 1116 1173 1185 784),
1207 1131 1363 1186 opem
1419 1114 1675 1171 feramus.
1730 1115 1787 1169 In
1841 1113 2096 1170 mrarium

499 1223 630 1280 ergo
683 1209 1005 1278 templormn
1049 1217 1373 1274 vestrorum,
1420 1208 1471 1262 in
1521 1223 1639 1279 qua:
1681 1223 1777 1262 nos
1817 1207 2094 1263 vobiscum

498 1301 790 1354 convenire
841 1298 991 1356 nefas
1043 1309 1145 1363 cst,
1194 1301 1293 1355 etsi
1339 1301 1534 1354 nullam
1562 1302 1752 1370 stipem
1790 1301 2091 1368 jaclemus,

500 1393 626 1447 alibi
668 1404 843 1446 tamen
897 1392 1223 1462 quilmslibet
1267 1393 1576 1462 petentibus
1623 1394 1819 1464 sa-pius
1841 1403 1895 1447 et
1940 1393 2096 1463 longe

503 1484 860 1538 abundantius
885 1499 1001 1538 eam
1031 1484 1369 1553 impertimur
1405 1483 1658 1554 (Dissert.
1689 1486 1740 1538 in
1770 1484 1958 1538 Minut.
1991 1483 2094 1540 0c-

501 1586 629 1642 tav.,
653 1593 766 1649 cap.
795 1577 886 1640 ‘20,
912 1586 1010 1630 art.
1045 1576 1156 1646 30).
1191 1575 1313 1630 Plus
1343 1579 1641 1639 enimvero.
1664 1578 1739 1631 ait
1778 1577 1888 1642 ille,
1920 1587 2096 1633 nostra

503 1668 849 1722 misericordia
903 1668 1107 1722 insumit
1138 1670 1362 1734 vicatim,
1397 1685 1492 1723 seu
1571 1669 1721 1738 plura
1771 1668 2100 1739 quibuslibet

503 1775 604 1829 per
629 1761 773 1813 vicos
799 1770 853 1813 et
899 1761 1012 1814 vias
1055 1760 1327 1814 civitatum
1381 1762 1805 1816 memlicantibus
1852 1761 2093 1830 largitur,

2197 571 2304 622 ras,
2333 573 2427 628 per
2458 574 2554 613 nos
2585 559 2728 613 licet.

2265 650 2531 706 Caeterum
2561 661 2619 706 ut
2648 653 2843 707 Auctor
2863 661 3044 707 noster
3071 653 3314 708 ethnicos
3339 654 3578 726 pressius
3603 661 3803 725 urgeat

2201 742 2390 813 (Idem,
2416 745 2600 815 ibid.).
2631 745 2734 800 illis
2777 747 2916 800 ultro
2959 745 3208 801 concedit
3231 746 3489 817 quosdam
3517 746 3658 816 apud
3701 763 3801 802 eos

2197 836 2446 906 reperiri,
2480 837 2568 906 qui
2594 836 2659 891 de
2677 837 3127 903 Christianorum,
3161 847 3217 892 ut
3245 839 3357 908 ipse
3387 839 3480 904 ait,
3510 839 3801 910 sterilitate

2195 928 2679 998 conquerebantur.
2712 929 2816 985 Sed
2848 931 3085 998 quinam,
3120 931 3259 985 Deus
3288 929 3427 986 bone
3452 973 3467 995 ,
3511 931 3564 985 bi
3592 931 3798 987 erant?

2197 1017 2309 1074 Non
2339 1019 2426 1074 alii
2453 1021 2712 1089 profecto,
2738 1021 2837 1076 nisi
2868 1021 3122 1077 homines
3151 1023 3372 1092 perditi,
3413 1024 3528 1079 suis
3554 1024 3702 1078 vitiis
3747 1034 3802 1079 ct

2196 1111 2491 1168 sceleribus
2523 1112 2770 1178 infantes,
2811 1115 3004 1184 quibus
3051 1129 3150 1169 nec
3195 1115 3434 1184 placere,
3466 1130 3566 1170 nec
3613 1113 3801 1170 favere

2197 1219 2406 1259 summa
2451 1216 2534 1260 est
2564 1206 2873 1276 reipublica:
2905 1208 3124 1262 utilitas.
3155 1209 3447 1279 Tripliccm
3491 1218 3674 1264 autem
3701 1225 3802 1265 eos

2198 1299 2476 1368 distinguit
2515 1300 2566 1352 in
2620 1301 2881 1364 classem,
2917 1317 3146 1372 quortun
3175 1303 3347 1374 prima
3381 1311 3499 1357 erat
3549 1303 3803 1371 turpiSsi-

2200 1407 2406 1446 morum
2425 1390 2667 1446 nefanda:
2683 1392 2915 1448 libidinis
2930 1393 3413 1464 ministrorum,qui
3431 1395 3498 1449 ab
3517 1393 3606 1448 illo
3623 1395 3805 1466 appel-

2199 1485 2375 1540 lantur
2413 1485 2648 1551 lenoues,
2688 1485 3033 1554 perductores,
3081 1487 3360 1556 aquarioli.
3418 1486 3560 1546 Duos
3612 1496 3801 1540 autem

2201 1579 2406 1647 priores
2434 1589 2817 1634 commemorat
2845 1579 3068 1647 Cicero,
3104 1581 3191 1635 ubi
3231 1592 3418 1636 contra
3463 1579 3689 1635 Verrem
3725 1581 3803 1635 sic

2200 1669 2474 1726 invehitur
2517 1689 2529 1724 :
2565 1670 2794 1726 Sileatur
2816 1672 2878 1726 de
2925 1675 3184 1727 nocturnis
3229 1673 3337 1740 eius
3385 1673 3803 1727 bace/sationibus

2200 1772 2247 1817 et
2268 1763 2745 1833 eigiliis,lenonum,
2771 1765 3055 1818 aleatorum
3087 1765 3448 1835 perductorunt
3489 1765 3635 1819 nulla
3662 1781 3806 1818 inen-

501 1861 833 1916 quamveslra
870 1852 1048 1921 religio
1096 1854 1371 1923 templatim
1403 1852 1756 1923 (Tertullian.,
1813 1853 1912 1907 loc.
1955 1852 2095 1923 cit.),
2127 1859 2176 1920 B
2205 1859 2274 1912 tio
2317 1858 2407 1926 ﬁat
2439 1857 2648 1928 (Cicer.,
2683 1859 2770 1912 lib.
2799 1857 2838 1911 ll
2878 1859 2930 1912 in
2971 1857 3138 1925 νει-νη
3181 1876 3297 1931 pag.
3329 1859 3418 1926 68,
3461 1859 3552 1913 lin.
3586 1860 3670 1929 3).
3701 1859 3804 1914 Le-

503 1943 618 1998 sive
648 1946 696 1996 in
724 1943 948 2010 singulis
978 1945 1190 2013 templis
1218 1949 1410 1998 vestris
1436 1946 1640 2000 tribuit.

579 2038 779 2092 Deinde
810 2054 938 2091 vero
968 2039 1264 2109 vectigalia,
1289 2041 1358 2093 ab
1381 2042 1796 2109 imperatoribus
1824 2039 2100 2110 imposita,

506 2131 797 2186 Christiani
824 2132 989 2186 multo
1013 2133 1216 2201 majore
1242 2148 1393 2195 cura,
1427 2143 1481 2187 et
1529 2133 1733 2188 meliori
1771 2133 1896 2200 fide,
1938 2146 2100 2203 quam

506 2226 732 2294 gentiles
759 2227 1057 2281 solvebant.
1091 2227 1228 2294 Qttin
1257 2229 1417 2282 etiam
1455 2229 1567 2281 lucc
1597 2228 1883 2299 vectigalia,
1907 2227 2097 2298 inquit,

512 2314 704 2386 gratias
730 2315 1198 2387 agentCIiristianis
1216 2335 1279 2373 ea:
1306 2321 1406 2388 fide
1436 2319 1833 2392 dependentibus
1855 2319 2100 2383 debitum,

507 2427 609 2480 qua
635 2411 802 2465 alieno
849 2412 1140 2484 fraudando
1187 2415 1495 2468 abstinemus
1553 2413 1764 2485 (lbid.).
1830 2414 2106 2470 Noverant

507 2503 701 2573 quippe
733 2504 857 2556 illud
887 2503 1087 2559 Christi
1135 2517 1459 2576 praeceptum
1521 2525 1532 2559 :
1571 2505 1788 2561 Reddite
1812 2523 1943 2581 _qute
1986 2515 2105 2561 sunt

509 2594 723 2648 Cwsaris
741 2595 930 2650 (λειω-ἱ
947 2595 1184 2667 (Mattlt.,
1210 2616 1327 2668 cap.
1355 2598 1516 2662 XXII,
1542 2599 1657 2667 21).
1682 2603 1858 2671 Atque
1878 2598 1998 2654 inde
2013 2599 2107 2655 Ju-

508 2689 681 2742 stinus
736 2699 941 2760 martyr
984 2691 1210 2746 ethnicis
1272 2693 1442 2758 palam
1493 2691 1702 2746 dicebat
1761 2711 1773 2746 :
1823 2699 1991 2762 Φόρους
2021 2695 2105 2746 καὶ

509 2785 727 2850 τὶσριρὲς
752 2785 847 2842 τεοῖς
877 2783 943 2849 ἐρ’
985 2789 1108 2849 ὑμῢν
1157 2792 1456 2849 τεταγμέναις
1502 2791 1746 2852 πανταχοῦ
1783 2793 1872 2853 πρὸ
1922 2790 2107 2839 πάντων

508 2880 782 2941 πειρώμεθα
835 2881 1010 2943 φέρειν,
1065 2872 1340 2946 Vt‘CIlgttlltt
1392 2893 1514 2929 sane
1555 2889 1600 2928 et
1656 2877 1952 2930 collationes
1996 2878 2102 2941 eis,

510 2966 596 3034 qui
634 2983 667 3018 a
714 2967 852 3019 vobis
895 2978 1010 3020 sunt
1076 2969 1296 3022 ordinati
1342 2971 1658 3023 exactoribus
1715 2986 1821 3038 pra:
1878 2969 2109 3025 omnibus

512 3059 694 3128 ubique
737 3061 925 3127 inferre
964 3064 1315 3116 contendimus
1361 3062 1575 3136 (Justin.
1620 3064 1837 3136 Apolog.
1889 3066 1957 3119 ad
2000 3067 2108 3119 An-

513 3148 667 3220 ton.).
723 3149 796 3204 Ea
849 3166 977 3206 vero
1031 3153 1226 3208 ethnici
1250 3153 1329 3208 sic
1355 3153 1693 3222 fraudabant,
1727 3166 1782 3210 ut
1807 3158 1852 3211 si
1873 3158 2101 3225 ineatur,

2207 1967 2376 2008 nones
2407 1967 2534 2008 vero
2565 1953 2705 2008 inter
2735 1963 2789 2009 et
2823 1953 3170 2023 perductores
3202 1954 3303 2010 hoc
3342 1963 3459 2009 erat
3485 1953 3802 2019 discrimen,

2207 2047 2349 2117 quod
2384 2047 2540 2116 primi
2567 2047 2818 2102 tnulieres
2845 2062 2949 2101 non
2981 2047 3328 2114 reluctantes,
3358 2047 3579 2104 secundi
3611 2048 3806 2104 invitas

2199 2140 2272 2196 ad
2327 2148 2571 2210 stuprum
2616 2139 2962 2196 adducerent.
3013 2141 3354 2213 Quapropter
3407 2140 3604 2198 cecinit
3632 2139 3806 2197 Hora-

2207 2236 2312 2292 tius
2335 2251 2348 2288 :

2331 2350 2568 2407 Laudato,
2596 2356 2834 2399 scortator
2857 2351 2944 2409 ait,
2972 2362 3094 2399 eave
3111 2358 3161 2400 te
3179 2355 3326 2411 roget
3345 2348 3494 2410 ultra,

2331 2411 2619 2475 Penelopen
2644 2412 2794 2461 facilis
2819 2413 2991 2475 potiori
3011 2413 3165 2462 trade.
3185 2412 3412 2475 Putasne

2331 2474 2544 2525 Perduci
2569 2479 2753 2538 poterit
2774 2474 2870 2524 tam
2895 2475 3043 2538 frugi,
3071 2483 3270 2538 tamque
3297 2474 3485 2538 pudica.

2613 2561 2807 2620 (Horat.
2834 2555 2916 2609 lib.
2941 2565 2994 2621 tt,
3017 2558 3153 2610 satir.
3181 2560 3230 2619 5,
3254 2571 3298 2609 υ.
3323 2557 3386 2608 75
3405 2564 3452 2609 et
3474 2557 3628 2624 seqq.)

2210 2666 2466 2737 Ejusdem
2491 2666 2676 2721 farina:
2699 2675 2851 2722 erant
2869 2666 3144 2737 aquarioli,
3165 2665 3276 2736 qui,
3309 2673 3366 2719 ttt
3383 2664 3456 2719 ait
3479 2663 3694 2728 Festus,
3719 2661 3803 2715 die

2209 2761 2450 2814 cebantur
2478 2758 2746 2812 mulierum
2769 2758 3144 2826 impudicorum
3173 2755 3365 2812 sordidi
3391 2756 3601 2811 asseclte
3626 2753 3704 2824 (Ρ
3705 2767 3800 2810 est.

2211 2853 2300 2907 lib.
2329 2851 2426 2906 XX
2448 2853 2508 2906 de
2531 2851 2768 2923 Signi/5c.
2797 2851 2931 2906 verb.
2958 2849 3073 2904 adv.
3108 2847 3422 2921 Aquarioli).
3444 2849 3805 2916 Quamobrem

2211 2945 2278 2999 ab
2307 2945 2532 3016 Apuleio
2572 2955 2902 3000 memoratur
2946 2944 3276 2999 exacerbatus
3304 2944 3600 3013 aquariolus
3631 2946 3802 2997 uxoris

2211 3052 2318 3091 suw
2392 3036 2671 3106 impudica:
2724 3046 2779 3092 et
2837 3036 3137 3092 meretricis
3180 3035 3408 3107 (Apulei.
3437 3036 3657 3106 Apolog.
3689 3047 3805 3090 ante

2212 3129 2347 3183 med.
2382 3145 2504 3200 pag.
2538 3128 2683 3201 566).
2713 3129 3056 3199 SpurciSsimi
3088 3139 3265 3183 autem
3305 3127 3608 3196 huiusmodi
3629 3129 3804 3182 homi-

511 3241 825 3298 Tertulliani
873 3245 1034 3316 verba
1085 3254 1244 3312 sunt,
1285 3259 1531 3317 quantum
1575 3251 1894 3320 vectigalibus
1937 3222 2108 3324 pereat
2135 3253 2180 3316 C
2215 3238 2311 3324 ηεξ
2359 3223 2672 3324 ¹¹¹¹¹¹ίῗ¹ᾓ³ξ¹ῗ
2701 3239 2891 3294 aqum"
2929 3222 2994 3277 ad
3023 3223 3212 3278 sordes
3258 3222 3553 3324 ψῳωῖὼεί
3578 3222 3804 3324 misit“-

512 3335 696 3405 fraude
757 3346 802 3389 et
839 3336 1103 3391 mendacio
1149 3347 1423 3392 restrarum
1486 3340 1858 3409 professionum
1893 3384 1907 3408 ,
1960 3343 2112 3412 facile

511 3426 641 3480 ratio
667 3426 842 3481 haberi
885 3429 1064 3500 possit,
1120 3430 1270 3483 unius
1316 3431 1498 3503 speciei
1545 3433 1750 3502 querela
1777 3444 2104 3507 compensata

518 3536 611 3591 pro
681 3520 946 3574 commodo
1021 3529 1318 3576 cwterarum
1383 3523 1641 3578 rationum
1705 3524 2065 3595 (Tertullian.
2091 3569 2107 3594 ,

516 3613 806 3684 Apologet.,
846 3629 960 3683 cap.
1007 3615 1096 3677 42,
1141 3632 1258 3686 pag.
1310 3615 1461 3687 495).
1515 3616 1588 3670 lbi
1628 3625 1776 3672 certe
1819 3618 2107 3688 professio-

520 3705 602 3760 nis
631 3719 825 3760 nomen
869 3707 1127 3776 accipitur
1155 3723 1251 3777 pro
1283 3709 1498 3779 publica
1532 3711 1793 3765 bonorum
1846 3713 2109 3780 onmium,

515 3813 635 3868 qua:
663 3800 1026 3870 unusquisque
1052 3801 1354 3870 possidebat
1389 3842 1401 3866 ,
1433 3803 1768 3872 expositione
1816 3818 1910 3858 seu
1932 3805 2113 3860 decla-

525 3891 754 3944 ratione.
788 3890 894 3947 Sed
927 3907 1032 3946 non
1060 3893 1184 3948 inde
1228 3893 1430 3949 tollitur
1475 3905 1579 3949 tota
1612 3895 1898 3950 dilflcultas
1921 3897 2114 3952 obscu-

521 3983 680 4038 rioris
708 3983 928 4054 hujusce
961 3985 1186 4054 phrasis,
1219 4002 1336 4056 qua:
1381 3987 1581 4056 duplici
1613 3988 1770 4041 modo
1799 4004 1828 4041 a
1869 3990 2113 4060 sagacio-

518 4078 667 4132 ribus
693 4079 1008 4147 explicatur.
1033 4081 1260 4148 Quidam
1281 4083 1423 4136 enim
1450 4092 1637 4152 putant
1668 4083 1808 4138 hunc
1839 4099 1959 4140 esse
1982 4085 2114 4140 Ter-

519 4169 956 4224 tullianisensum
987 4187 1000 4223 :
1031 4172 1075 4226 si
1098 4173 1454 4242 pcrpendatur
1479 4185 1735 4242 quanttun
1755 4176 1983 4244 gentiles
2008 4193 2112 4232 ma-

520 4262 628 4316 lum
655 4262 959 4331 reipublica:
991 4265 1300 4335 importent,
1329 4269 1509 4338 fraude
1535 4278 1582 4322 et
1605 4269 1870 4325 ntendacio
1910 4274 2110 4342 profes-

518 4347 717 4408 sionum
744 4353 953 4424 (Ibid),
995 4357 1110 4412 sive
1139 4357 1266 4412 falsa
1301 4360 1564 4415 honorum
1613 4378 1835 4417 suorum
1865 4362 2110 4418 declara-

524 4447 689 4512 tione,
719 4446 1002 4502 confestim
1034 4451 1116 4503 vel
1149 4450 1247 4505 hac
1272 4454 1433 4524 specie
1455 4496 1470 4519 ,
1513 4456 1626 4509 sive
1651 4456 1752 4512 hoc
1773 4457 1890 4512 solo
1928 4473 2112 4514 exem-

527 4541 616 4610 plo
647 4549 966 4611 agnoscetur
996 4541 1124 4596 illud
1159 4544 1355 4599 malum
1387 4561 1508 4601 esse
1537 4548 1731 4618 majus,
1759 4567 1920 4620 quam
1951 4553 2111 4622 quid-

2218 3315 2420 3370 tabant.
2482 3317 2551 3370 At
2584 3315 2724 3378 vide,
2775 3331 2980 3384 quaeso,
3033 3326 3207 3370 utrum
3264 3315 3388 3370 huic
3445 3315 3806 3386 impuriSsimo

2218 3405 2500 3462 hominum
2529 3407 2674 3477 gregi
2700 3405 3083 3462 adscribendus
3117 3406 3533 3462 sitCommodus
3573 3409 3807 3478 impera-

2218 3509 2322 3564 tor,
2353 3500 2419 3554 dc
2441 3516 2547 3569 quo
2575 3499 2688 3554 hate
2719 3499 3055 3568 Lampridius
3083 3500 3360 3555 memoria:
3389 3500 3622 3569 prodidit
3651 3499 3811 3555 :Gla-

2216 3594 2495 3649 diatoribus
2543 3595 2788 3660 convixit,
2819 3611 3004 3664 aquam
3031 3594 3179 3665 gessit
3227 3603 3278 3647 ut
3309 3593 3544 3649 lenonum
3587 3594 3810 3649 minister

2218 3686 2532 3762 (Lamprid.,
2557 3689 2609 3742 in
2627 3686 2739 3741 Vita
2758 3686 3076 3756 Commod.).
3095 3685 3456 3755 Quorumdam
3485 3699 3663 3741 tamen
3693 3686 3812 3758 opi-

2218 3781 2308 3834 nio
2338 3791 2420 3835 est
2445 3781 2705 3850 aquarioli
2733 3782 2964 3835 nomine
3005 3779 3288 3850 significari
3317 3779 3810 3850 balneatorem,qui

2218 3876 2510 3929 lavantiqu
2543 3886 2719 3929 vestes
2749 3873 3082 3930 custodiebat
3113 3889 3176 3929 ac
3231 3874 3652 3930 lenocinabalur.
3684 3873 3812 3930 ludo

2216 3968 2442 4025 canebat
2469 3967 2722 4022 Martialis
2751 3985 2762 4019 :

2371 4080 2490 4132 Cum
2513 4087 2565 4130 te
2604 4080 2800 4130 lucerna
2824 4079 3080 4131 balneator
3104 4082 3344 4132 exstincta

2372 4143 2608 4193 Admittat
2627 4145 2756 4193 inter
2780 4145 3054 4192 bustuarias
3078 4145 3311 4194 mret-has.

2727 4225 2981 4290 [illartialq
3008 4227 3089 4279 lib.
3117 4237 3189 4290 Ill,
3215 4229 3454 4296 epigram.
3479 4229 3582 4293 62.)

2289 4337 2358 4391 At
2388 4335 2571 4390 talium
2596 4347 2742 4391 certe
2770 4335 3045 4391 hominum
3067 4336 3135 4391 de
3166 4336 3590 4392 Christianorum
3613 4335 3814 4392 sterili-

2217 4439 2327 4487 tate
2369 4439 2426 4486 et
2459 4430 2744 4485 inutilitate
2772 4430 3153 4500 expostulatio,
3185 4429 3384 4486 horum
3413 4438 3531 4486 erat
3557 4441 3612 4485 et
3640 4429 3814 4484 virtu-

2218 4523 2286 4578 tis
2313 4532 2369 4579 et
2395 4523 2644 4578 utilitatis
2673 4522 3068 4578 commendatio
3115 4537 3178 4578 ac
3205 4522 3556 4594 princonium.

524 4632 651 4703 quid
679 4633 802 4688 boni
828 4633 948 4689 aliis
979 4635 1277 4692 rationibus
1307 4637 1555 4693 atl'erunt.
1590 4641 1693 4694 Alii
1724 4657 1853 4696 vero
1896 4643 2113 4698 'l‘ertul-
2142 4655 2195 4718 D
2293 4640 2401 4696 Nee
2434 4639 2576 4695 aliud
2631 4654 2762 4695 sane
2814 4639 2937 4694 ferri
2979 4647 3154 4708 potest
3189 4638 3449 4709 judicium
3478 4637 3548 4691 de
3583 4635 3815 4703 sicariis,

520 4729 643 4783 liani
675 4740 906 4784 mentem
925 4731 1002 4785 sic
1023 4732 1288 4800 explicant
1317 4749 1328 4784 :
1361 4731 1650 4786 Christiani
1675 4744 1816 4788 tanta
1846 4751 1970 4791 cura
1996 4747 2115 4792 tan-

527 4830 683 4892 taque
714 4821 815 4876 lide
839 4825 1050 4877 solvunt
1079 4825 1297 4890 tributa,
1329 4823 1542 4894 quantis
1575 4824 1714 4880 dolis
1731 4843 1793 4882 ac
1823 4829 2116 4885 mendaciis

525 4930 552 4967 a
583 4914 868 4986 gentilibus
910 4916 1224 4972 fraudantur
1246 4958 1258 4981 ,
1298 4919 1505 4989 hocque
1535 4920 1653 4976 solo
1678 4923 1930 4991 exemplo
1959 4923 2116 4991 plane

521 5011 802 5065 conlicitur
830 5010 1220 5080 iniquissimam
1242 5027 1363 5068 esse
1391 5011 1580 5068 horum
1604 5013 1670 5068 de
1685 5013 2115 5070 Christianorum

525 5106 810 5161 inutilitate
837 5107 1142 5175 querelam;
1172 5107 1295 5176 quia
1323 5107 1604 5178 vectigalia
1631 5108 1843 5162 cmteris
1865 5109 2117 5164 onmibus

524 5199 825 5254 accuratius
865 5199 1201 5268 pendebant,
1252 5215 1315 5255 ac
1346 5200 1390 5254 si
1441 5198 1568 5270 quid
1596 5199 1812 5254 aliunde
1861 5199 2118 5256 alferrent

524 5290 852 5356 detrimenti,
887 5301 1202 5354 cretei-arum,
1234 5308 1352 5362 qua:
1381 5291 1630 5346 iudicata:
1666 5301 1811 5359 sunt,
1858 5293 2117 5346 rationum

524 5384 787 5438 commodo
818 5383 1019 5436 aliatim
1070 5386 1538 5454 con'ipensabatur.
1563 5385 1629 5438 At
1657 5399 1787 5439 sane
1809 5384 1854 5439 si
1883 5385 1950 5439 ibi
1981 5383 2118 5440 Ter-

528 5479 784 5532 tulliauus
813 5477 1057 5532 etlmicos
1089 5494 1191 5532 non
1215 5479 1487 5548 componit
1515 5493 1636 5533 cum
1653 5477 1997 5544 Christianis,
2024 5493 2120 5548 po-

527 5576 632 5629 tior
675 5573 885 5629 videtur
941 5574 1108 5642 prima
1151 5574 1540 5643 interpretatio,
1570 5588 1671 5644 qua
1699 5573 1970 5644 colligitur
1998 5572 2119 5628 illos

526 5668 592 5720 de
616 5669 779 5720 allato
806 5668 873 5721 ab
903 5667 984 5720 his
1013 5667 1317 5734 reipublicae
1365 5666 1562 5722 damno
1602 5684 1818 5736 prorsus
1848 5667 2118 5723 immerito

526 5759 935 5828 expostulassc;
989 5759 1420 5829 quandoquidem
1492 5761 1633 5814 aliud
1695 5761 1866 5830 majus
1922 5761 2122 5815 bonum

527 5850 887 5912 conterebant.
918 5850 976 5912 Si
1006 5866 1134 5911 vero
1157 5851 1229 5908 ibi
1258 5859 1513 5922 utrosque
1531 5853 1865 5916 Christianos
1893 5862 1948 5912 et
1982 5869 2120 5925 gen-

2221 4733 2522 4788 venenariis
2541 4742 2594 4786 et
2615 4732 2804 4802 magis,
2822 4732 2912 4803 qui
2941 4731 3232 4786 secundam
3256 4727 3568 4786 Tertulliani
3587 4730 3816 4785 classem

2221 4829 2510 4882 coniiciunt
2547 4824 2903 4899 (Tertullian.,
2943 4824 3236 4896 Apologet.,
3283 4841 3398 4894 cap.
3422 4823 3540 4894 45).
3588 4822 3717 4876 Nam
3759 4820 3818 4876 hi

2222 4921 2446 4975 aliorum
2473 4923 2596 4977 vita:
2619 4917 3028 4982 insidiabantur,
3055 4931 3285 4987 eamque
3314 4932 3457 4986 εωρο
3482 4914 3678 4985 εξιιρὶιιε
3706 4912 3817 4968 cri-

2222 5017 2458 5086 picbaut.
2487 5015 2675 5071 Sicarii
2696 5014 2839 5070 enim
2860 5011 3146 5084 nuncupati
3173 5020 3297 5065 sunt
3320 5025 3349 5063 a
3377 5011 3501 5070 sica,
3524 5025 3616 5063 seu
3639 5006 3818 5078 gladio

2225 5108 2493 5173 breviore,
2531 5109 2691 5176 qttem
2721 5105 2786 5160 ad
2819 5101 3220 5159 interficiendos
3245 5117 3306 5156 cx
3342 5099 3549 5155 insidiis
3572 5099 3821 5153 homines

2220 5201 2497 5272 gerebant.
2531 5202 2698 5267 Quam
2745 5197 3053 5267 frequenter
3103 5208 3234 5249 vero
3274 5193 3454 5248 abhis
3501 5190 3822 5247 truculentis

2223 5293 2527 5348 hominibus
2548 5291 2637 5346 alii
2668 5290 2804 5345 clam
2833 5299 2887 5344 et
2915 5287 3171 5343 insidiose
3198 5293 3539 5349 necarentur,
3569 5284 3652 5338 bis
3684 5298 3819 5352 pau-

2222 5389 2300 5443 cis
2321 5387 2496 5442 disces
2525 5385 2804 5440 Ciceronis
2825 5382 3039 5439 verbis:
3066 5381 3192 5436 llazc
3217 5380 3536 5451 quotidiana,
3570 5379 3711 5445 sicut,
3738 5393 3823 5433 tie-

2224 5498 2354 5535 neua
2386 5479 2634 5554 (Cic.,lib.
2670 5479 2732 5534 ΙΙΙ
2761 5481 2823 5533 de
2849 5477 3037 5532 Natur.
3067 5476 3248 5541 Deor.,
3280 5492 3396 5545 pag.
3427 5473 3665 5535 25l,liu.
3700 5471 3817 5540 15).

2223 5574 2328 5630 Sed
2377 5585 2433 5629 ut
2465 5574 2680 5644 pmpius
2711 5571 2776 5626 ad
2820 5571 3132 5627 Tertulliani
3176 5566 3499 5623 accedamus
3529 5574 3775 5634 tempora
3803 5579 3818 5617 :

2224 5667 2374 5731 Inde,
2407 5666 2579 5736 inquit
2609 5663 2926 5736 Cyprianus,
2960 5662 3188 5730 veneﬁci,
3233 5661 3352 5714 inde
3379 5659 3571 5723 sicarii,
3624 5667 3728 5710 tam
3753 5654 3824 5710 ad

2225 5761 2532 5833 peccandum
2549 5760 3006 5832 prwcipitcs,quam
3024 5757 3229 5828 impune
3249 5765 3510 5826 peccantes
3527 5748 3820 5824 (Cyprian.,

2226 5853 2342 5911 libr.
2367 5853 2435 5909 ad
2460 5851 2740 5921 Damam).
