4076 6356
308 318 449 377 1089

1401 316 1890 376 'DlSSERTATIO
1927 317 1991 376 D.
2032 317 2119 376 LE
2157 317 2463 378 NOURRY.

3465 318 3608 376 1090

379 437 496 492 Jam
521 444 695 492 autem
729 435 1005 508 praesentis
1031 447 1128 493 cur
1165 435 1358 492 deinde
1379 437 1448 492 ab
1470 441 1702 494 Auctore
1718 447 1904 493 nostro
1930 440 1982 498 A
2010 437 2144 492 facta
2176 436 2384 492 fuerant
2406 438 2473 493 de
2503 435 2605 492 hoc
2626 435 3126 493 mathematicorum
3177 435 3340 493 exilio
3359 447 3608 493 senatus-

313 532 654 604 appcllantur
687 534 962 598 venenarii,
993 533 1082 602 qui
1133 548 1399 589 venenum
1429 534 1547 587 aliis
1597 535 1900 604 propitiant,

309 634 401 679 aut
431 625 850 690 conficiunt,aut
871 624 1127 680 vendunt.
1156 623 1267 681 Nec
1293 624 1374 680 his
1397 625 1583 695 procul
1603 625 1768 680 dubio
1793 624 1904 679 dis-

307 715 513 772 similes
538 725 691 772 erant
727 717 880 788 magi,
912 717 1106 788 quibus
1135 704 1325 772 tertius
1345 718 1395 770 in
1428 717 1526 772 hac
1555 718 1730 772 classe
1757 717 1904 772 locus

287 809 482 864 alatur.
550 809 836 865 Diabolicis
874 810 1138 880 siquidem
1193 810 1446 876 artibus,
1505 809 1783 864 maleficiis
1849 817 1905 864 et

307 902 596 973 prtrstigiis
626 917 822 957 nocere
845 902 986 968 aliis,
1029 917 1231 972 eosque
1275 902 1524 958 occidere
1572 902 1900 957 nitebantur.

307 994 376 1049 At
403 992 457 1048 hi
485 1002 626 1058 sunt,
657 1009 790 1064 quos
819 993 1070 1049 Horatius
1099 994 1251 1050 hisce
1281 1005 1431 1050 notat
1455 994 1782 1051 carminibus
1815 1010 1828 1048 :

470 1109 589 1174 Quae
612 1122 746 1172 saga,
770 1112 882 1174 quis
904 1119 956 1161 te
978 1074 1176 1161 solvere
1201 1111 1453 1161 Thessalis

523 1172 730 1236 Magnus
753 1172 975 1231 vettenis,
999 1175 1110 1236 quis
1133 1175 1316 1238 poterit
1336 1174 1496 1225 deus?

850 1279 1043 1342 (Horat.
1071 1279 1154 1332 lib.
1173 1289 1207 1340 1,
1230 1281 1313 1332 od.
1331 1281 1412 1343 27,
1435 1294 1479 1332 υ.
1497 1281 1554 1332 21
1575 1287 1622 1332 ει
1642 1281 1746 1344 22.)

376 1388 552 1445 Tertia
582 1388 796 1443 demum
830 1388 880 1442 in
911 1388 1085 1444 classe
1120 1396 1458 1459 reponuntur
1502 1403 1530 1442 a
1570 1385 1902 1442 Tertulliano

303 1483 589 1548 aruspices,
620 1481 792 1547 arioli,
825 1481 1166 1535 mathematici
1194 1480 1213 1551 (
1236 1479 1576 1545 Tertullian.,
1609 1479 1898 1551 Apologet.,

301 1592 418 1646 cap.
441 1575 556 1646 45),
585 1590 721 1646 quos
746 1575 960 1646 quidem
993 1573 1261 1629 Arnobius
1283 1615 1297 1638 ,
1329 1591 1359 1629 a
1410 1575 1564 1629 nobis
1593 1572 1753 1645 paulo
1776 1583 1901 1630 ante

304 1669 519 1736 citatus,
545 1683 710 1723 vanos
738 1667 1074 1738 conjectures
1097 1675 1388 1737 nuncupat.
1422 1665 1546 1722 Suis
1570 1667 1712 1722 enim
1741 1680 1898 1722 exse-

310 1762 526 1816 crandis
575 1760 802 1827 artibus,
860 1760 996 1814 dolis
1046 1769 1206 1830 atque
1244 1759 1527 1831 priestigiis
1586 1758 1762 1814 futura
1837 1774 1899 1814 se

2007 531 2248 586 Consulta
2281 530 2492 601 ('l'acit.,
2525 531 2613 585 lib.
2648 530 2688 584 Il
2718 532 2931 598 Annal.,
2971 541 3090 586 ante
3137 530 3320 601 med.).
3351 530 3604 602 Ulpianus

2009 625 2221 680 tandetn
2259 625 2408 692 plura
2436 625 2502 680 de
2532 625 2616 680 bis
2645 637 2939 693 memorat,
2974 641 3133 696 quem
3189 625 3473 682 consulere
3511 641 3608 697 po-

2008 719 2139 774 teris
2164 718 2425 789 (Ulpian.,
2454 719 2541 772 lib.
2563 717 2655 773 ΥΠ
2686 719 2748 772 de
2780 719 2924 790 Oﬂic.
2973 719 3228 792 praetora).

2078 815 2253 881 Atque
2285 811 2336 866 hi
2361 821 2515 867 erant
2546 812 2768 882 triplicis
2804 813 2992 867 classis
3023 813 3290 880 homines,
3320 813 3408 885 qui
3447 812 3604 869 Chri-

2006 904 2208 958 stianos
2235 902 2541 974 reipublica:
2563 903 2780 957 inutiles
2809 918 2929 958 esse
2959 903 3159 958 ideirco
3212 905 3600 974 querebantur,

2007 999 2184 1069 quiaa
2216 997 2434 1053 nefariis
2477 997 2690 1051 illorum
2739 997 2990 1068 operibus
3046 997 3434 1064 abhorrebant,
3486 999 3607 1053 nul-

2007 1090 2223 1162 lumque
2243 1091 2322 1147 eis
2343 1089 2587 1147 ferebant
2608 1090 2857 1145 fructum.
2886 1090 2990 1146 Sed
3020 1090 3396 1160 perditissimis
3426 1090 3604 1146 homi-

2007 1184 2162 1240 nibus
2184 1185 2524 1255 infructuosos
2553 1199 2677 1246 esse,
2703 1182 2775 1236 ait
2805 1182 3187 1248 Tertullianus,
3220 1199 3436 1254 magnus
3473 1197 3599 1253 pro-

2006 1275 2093 1350 CJti
2119 1275 2282 1330 dubio
2307 1275 2618 1346 reipublica:
2646 1278 2844 1348 fructus
2871 1283 2941 1330 est
2965 1273 3297 1346 (Tertullian.
3328 1277 3601 1348 Apologet.

2004 1384 2121 1438 cap.
2149 1368 2266 1438 45).
2349 1393 2352 1396 ~

2079 1459 2320 1530 Denique
2342 1457 2681 1516 Christianos
2705 1459 2938 1516 ethnicis
2965 1461 3206 1516 maximo
3239 1475 3358 1516 esse
3386 1459 3599 1516 emolu-

2005 1562 2189 1609 mento
2217 1551 2316 1608 hac
2343 1553 2519 1608 adhuc
2557 1553 2766 1609 ratione
2814 1553 3148 1608 demonstrat
3177 1571 3190 1604 :
3227 1553 3416 1618 Quanti
3445 1551 3601 1622 (edi.

2005 1647 2179 1702 tiones
2209 1657 2441 1715 veteres,
2486 1646 2736 1714 Quantos,
2785 1646 3046 1713 Laccrda,
3084 1646 3346 1717 Quando)
3387 1646 3599 1711 habetis,

2005 1757 2107 1796 non
2150 1743 2263 1797 dico
2307 1743 2392 1810 qui
2433 1743 2548 1813 jam
2578 1743 2641 1796 de
2685 1741 2822 1796 vobis
2865 1722 3118 1795 dwntonia
3165 1742 3426 1795 excutiunt
3452 1781 3466 1806 ,
3497 1756 3600 1794 non

301 1859 658 1927 pra-nuntiare
682 1870 840 1926 posse
871 1854 1233 1910 venditabant.
1254 1853 1419 1908 Arioli
1451 1864 1631 1911 autem
1649 1854 1762 1909 sive
1792 1852 1896 1908 Fa-

2003 1820 2116 1891 dico
2133 1839 2245 1910 jant
2263 1837 2348 1905 qui
2368 1853 2460 1906 pro
2487 1836 2623 1890 vobis
2642 1851 2840 1905 quoque
2870 1850 2985 1888 vero
3020 1833 3124 1888 Deo
3146 1850 3316 1904 preces
3348 1841 3598 1900 sternant,

299 1947 444 2013 rioli,
475 1947 542 2002 de
572 1947 766 2017 quibus
792 1961 953 2017 supra
984 1947 1190 2016 egimus
1212 1945 1483 2015 ﬁngebant
1509 1960 1568 2001 se
1594 1945 1778 2001 divino
1819 1944 1901 1999 af-

299 2038 449 2106 ﬂatu,
480 2049 536 2095 et
586 2040 862 2110 aruspices
893 2040 1152 2110 adSpectu
1193 2039 1529 2094 victimarum
1587 2039 1896 2095 vaticinari.

299 2134 370 2188 At
415 2132 698 2190 Terentius
737 2143 993 2204 utrosque
1050 2133 1235 2204 pungit
1268 2132 1458 2188 horum
1489 2149 1744 2190 versuum
1772 2149 1898 2190 acu-

300 2223 400 2282 leis
431 2241 446 2280 :

390 2383 408 2399 κ
453 2336 640 2390 Gallina
664 2339 862 2396 cecinit,
887 2338 1143 2387 interdixit
1161 2337 1339 2388 ariolus
1366 2351 1378 2387 :

455 2401 681 2464 AruSpex
712 2407 870 2450 vetuit
889 2409 1003 2450 ante
1029 2403 1248 2449 brumam
1277 2401 1458 2464 aliquid
1476 2404 1588 2452 novi

453 2463 653 2526 Negotii
681 2465 920 2526 incipere.

802 2527 1014 2584 Terent,
1038 2524 1263 2587 Phorm,
1290 2531 1384 2576 act.
1413 2531 1482 2589 IV,
1509 2539 1639 2577 scen.
1670 2526 1739 2591 ι.)

299 2629 482 2704 Neque
523 2632 606 2687 his
651 2647 781 2689 sane
832 2633 1057 2703 aliisque
1096 2631 1284 2688 Cicero
1317 2633 1486 2701 magis
1534 2634 1770 2704 pepercit
1809 2634 1901 2688 ubi

300 2723 417 2780 iure
445 2727 746 2782 scribebat:
779 2733 1006 2785 Μαντικῆ
1061 2735 1245 2791 vestra,
1305 2741 1418 2793 quis
1469 2726 1625 2780 latine
1661 2727 1902 2781 divinatio

300 2817 505 2884 dicitur,
533 2834 634 2888 qua
671 2827 812 2872 tanta
837 2817 1172 2871 intbuerentur
1195 2817 1569 2886 superstitione,
1613 2818 1658 2871 si
1687 2834 1774 2873 vos
1805 2835 1900 2872 au-

299 2910 408 2964 dire
455 2909 722 2977 vellemus,
763 2913 1043 2980 aruspices,
1072 2927 1318 2980 augures,
1349 2911 1521 2979 arioli,
1571 2921 1724 2975 vates,
1777 2929 1900 2967 con-

290 3003 507 3074 jectures
537 3005 679 3058 nobis
719 3013 878 3058 essent
899 3002 1100 3058 colendi
1161 3003 1347 3073 (Cicer.
1403 3003 1489 3057 lib.
1542 3002 1651 3059 lde
1705 3003 1898 3062 Natur.

297 3093 477 3162 Deor.,
506 3113 627 3168 pag.
659 3095 784 3161 205,
815 3085 915 3149 lin.
946 3093 1056 3165 56).
1095 3093 1202 3150 Sed
1230 3095 1297 3148 de
1327 3094 1407 3148 his
1436 3096 1561 3150 alibi
1603 3087 1823 3163 dictum,
1850 3107 1904 3152 et

297 3189 473 3244 adhuc
506 3198 687 3259 postea
719 3189 1026 3244 dicendum.

370 3279 663 3335 Scelestum
698 3283 823 3336 illud
865 3299 929 3337 ac
979 3283 1290 3353 reipublica:
1347 3282 1624 3345 infestum,
1657 3283 1901 3336 omnino-

299 3387 403 3443 que
434 3374 789 3442 perniciosum
819 3391 1008 3444 agmen
1040 3375 1296 3430 claudunt
1348 3374 1708 3428 mathematici.
1792 3373 1902 3427 llos

299 3473 476 3519 autem
507 3465 704 3534 vulgus,
741 3465 911 3537 inquit
941 3469 1004 3521 A.
1039 3465 1265 3533 Gellius,
1295 3483 1421 3537 quos
1457 3464 1705 3536 gentilitio
1748 3480 1901 3518 voca-

299 3557 416 3612 bulo
461 3558 717 3614 chaltla'os
760 3561 924 3614 dicere
971 3570 1185 3631 oportet,
1230 3559 1607 3613 mathematicos
1634 3557 1755 3610 dicit
1813 3557 1898 3628 (Α.

301 3649 459 3718 Gell.,
521 3651 608 3706 lib.
641 3651 657 3704 Ι
693 3649 848 3706 Noct.
904 3653 1060 3706 Attic.
1119 3669 1233 3722 cap.
1279 3651 1356 3724 9).
1390 3650 1456 3704 Et
1503 3649 1648 3720 prius
1689 3649 1901 3720 quidem

299 3743 490 3801 Cicero
530 3745 740 3800 illorum
771 3756 940 3801 artem
971 3757 1025 3801 et
1057 3745 1441 3815 professimiem
1481 3741 1564 3796 his
1596 3742 1774 3798 verbis
1804 3759 1902 3798 ev-

298 3837 588 3908 plicavcrat
636 3854 651 3892 :
695 3835 815 3892 Non
851 3853 912 3892 ex
938 3838 1085 3904 artis,
1117 3838 1205 3892 sed
1248 3837 1410 3908 gentis
1463 3835 1703 3890 vocabulo
1734 3837 1900 3890 nomi-

298 3931 405 3985 nati
423 3973 439 3997 ,
468 3931 710 3984 diuturna
741 3931 1087 3985 observatione
1111 3929 1334 3984 siderant
1368 3932 1626 3985 scientiam
1658 3940 1904 4001 putantur

298 4021 541 4090 effecisse,
582 4033 636 4076 ut
678 4023 890 4095 prtedici
929 4032 1093 4092 posset
1125 4022 1248 4094 qttid
1289 4024 1558 4094 unicuique
1586 4035 1898 4089 eventurum,

298 4126 466 4186 etquo
494 4116 702 4186 quisque
717 4120 823 4187 fato
853 4125 1000 4170 natus
1028 4125 1153 4170 esset
1180 4114 1396 4186 ((Jicer.,
1429 4115 1518 4170 lib.
1550 4114 1571 4172 1
1609 4115 1672 4170 de
1705 4114 1900 4184 Divin.,

298 4208 436 4276 init.,
467 4227 587 4282 pag.
615 4210 744 4278 255,
775 4212 866 4264 lin.
901 4209 977 4284 4).
1013 4210 1162 4267 Unde
1187 4209 1490 4267 Juvenalis:

483 4325 607 4376 Nota
630 4328 984 4378 mathematicis
1007 4328 1210 4390 genesis
1234 4333 1335 4376 tua.

869 4411 1139 4472 (Juvenal,
1163 4411 1299 4462 satir.
1328 4412 1406 4472 lt,
1437 4416 1540 4474 post
1563 4409 1718 4474 med.)

300 4517 497 4573 Verum
543 4518 664 4572 illos
707 4533 1000 4589 eorumque
1042 4520 1322 4574 scientiam
1372 4519 1510 4573 idem
1552 4519 1666 4587 ipse
1713 4519 1904 4573 Cicero

299 4613 662 4669 chaldmorum
717 4622 953 4667 monstra
1016 4622 1188 4677 vocat,
1235 4626 1439 4682 nosque
1481 4619 1664 4664 monet
1697 4607 1765 4662 ab
1797 4609 1898 4662 llu-

298 4707 461 4774 doxo,
498 4710 734 4778 ipsorum
768 4709 1139 4777 antesignano,
1171 4706 1385 4774 scriptis
1413 4705 1701 4759 traditum:
1745 4701 1902 4759 Chal-

297 4802 422 4857 da-is
471 4803 523 4856 itt
569 4802 897 4874 praedictione
937 4811 982 4854 et
1027 4801 1079 4853 in
1104 4799 1366 4852 notatione
1408 4799 1656 4869 cujusque
1701 4797 1815 4850 vine
1841 4813 1905 4850 ea:

297 4895 462 4948 natali
507 4895 588 4948 die
636 4894 839 4948 minime
886 4909 993 4948 esse
1036 4889 1342 4946 credendum
1393 4889 1602 4962 (Cicer.,
1640 4888 1727 4942 lib.
1763 4887 1810 4943 11
1841 4890 1904 4943 de

303 4985 504 5049 Dirin.,
537 5004 659 5058 pag.
695 4986 822 5044 291.
855 4987 947 5041 lin.
980 4985 1098 5057 49).
1146 4984 1302 5040 Plura
1331 4996 1511 5038 autem
1545 4993 1601 5038 ut
1630 4985 1788 5038 missa
1819 4983 1901 5038 la-

299 5083 524 5151 ciamus,
558 5083 664 5138 alio
694 5083 744 5138 in
775 5083 910 5138 libro
936 5081 1302 5138 Tertullianus
1349 5090 1532 5136 noster
1559 5079 1698 5134 haud
1742 5079 1899 5134 dubi-

303 5181 476 5229 tanter
523 5178 714 5230 asserit
770 5190 962 5245 pravos
1011 5175 1250 5246 angelos,
1295 5189 1388 5229 seu
1433 5173 1707 5228 daemones
1744 5172 1901 5242 hujus

301 5263 479 5335 impiae
504 5267 635 5320 artis
665 5265 831 5323 fuisse
857 5261 1159 5338 magistros,
1193 5280 1256 5320 ac
1289 5264 1485 5320 deinde
1516 5263 1632 5320 hcce
1675 5264 1899 5334 subjun-

299 5358 375 5412 xit
415 5375 430 5412 :
474 5355 821 5427 Expellantur
876 5359 1250 5425 mathematici,
1306 5358 1433 5412 sicut
1477 5357 1648 5428 angeli
1682 5374 1853 5411 eorum
1883 5371 1902 5410 :

299 5455 472 5506 eadem
503 5468 652 5524 poena
681 5463 752 5507 est
779 5453 945 5508 exsilii
974 5451 1236 5524 discipulis
1266 5461 1313 5506 et
1341 5452 1596 5521 magistris
1658 5447 1901 5519 (Tertull.

298 5545 387 5600 lib.
446 5547 509 5601 de
555 5546 949 5616 Idololat.cap.
1005 5543 1083 5617 9).
1142 5544 1332 5600 Narrat
1379 5555 1556 5600 autem
1614 5526 1905 5599 Suetonius

299 5636 401 5694 hos
471 5641 880 5696 mathematicos
924 5639 991 5694 ab
1057 5639 1377 5709 imperatore
1447 5637 1662 5694 Vitellio
1720 5638 1903 5709 pulsos

299 5731 464 5789 luisse
509 5731 656 5789 Urbe
688 5743 741 5790 et
793 5733 934 5788 Italia
963 5773 977 5796 ,
1025 5747 1089 5787 ac
1139 5741 1324 5802 postea
1395 5735 1568 5802 capite
1618 5731 1902 5788 damnatos

302 5822 567 5902 (Sueton.,
612 5827 700 5882 lib’.
744 5824 856 5895 VII,
893 5825 922 5899 ς
958 5825 1069 5899 14).
1119 5823 1226 5883 Sed
1276 5826 1461 5898 prius,
1503 5835 1640 5887 teste
1693 5825 1900 5897 Tacito,

2004 1931 2125 2002 quia
2155 1929 2284 2000 forte
2304 1945 2402 1982 non
2423 1928 2649 1993 creditis,
2676 1927 2765 1981 sed
2795 1944 2826 1980 a
2863 1925 3040 1998 quibus
3070 1924 3199 1979 nihil
3215 1926 3388 1978 timere
3435 1926 3600 1994 passio

2013 2024 2076 2076 tis
2107 2021 2318 2095 (Ibid.).
2344 2021 2606 2091 Bigaltius
2635 2035 2764 2074 vero
2794 2021 3004 2090 pr0pria
3032 2019 3370 2084 auctoritate,
3397 2026 3452 2073 et
3475 2031 3602 2082 con-

2005 2125 2084 2171 tra
2115 2113 2501 2184 exemplarium
2533 2112 3026 2180 manuscriptorum
3058 2120 3216 2180 atque
3247 2110 3510 2164 editorum
3540 2107 3602 2162 li-

2004 2207 2148 2273 dem,
2186 2206 2300 2260 haec
2322 2203 2526 2269 verba,
2574 2204 2692 2273 quia
2732 2207 2863 2275 forte
2915 2219 3015 2256 non
3062 2202 3302 2268 creditis,
3353 2209 3600 2269 tanquam

2004 2313 2356 2369 supervacua,
2381 2307 2472 2351 aut
2511 2295 2609 2351 sibi
2655 2312 2758 2349 non
2806 2295 3000 2367 placita
3048 2295 3283 2348 sustulit.
3309 2292 3412 2348 Sed
3449 2293 3598 2362 quid,

2006 2391 2196 2445 amabo
2224 2400 2296 2458 te,
2329 2388 2591 2444 nocebant
2623 2403 2683 2442 ea
2707 2387 2889 2455 verba,
2915 2387 3105 2456 quibus
3125 2390 3321 2440 Auctor
3343 2385 3604 2454 signiﬁcat

2005 2484 2235 2540 ethnicis
2260 2499 2572 2555 persuasum
2597 2481 2815 2536 omnino
2835 2497 2939 2534 non
2971 2479 3131 2534 fuisse
3151 2479 3483 2533 Christianos
3508 2491 3603 2547 pro

2005 2579 2134 2650 ipsis
2159 2579 2323 2634 Deum
2356 2593 2541 2633 verum
2568 2576 2814 2647 precari?
2847 2577 2922 2628 At‘
2941 2574 2992 2628 id
3028 2585 3232 2637 tamen,
3263 2572 3454 2642 inquit,
3491 2581 3596 2624 tam

2006 2681 2122 2727 erat
2145 2680 2372 2734 certum,
2417 2686 2576 2741 quam
2602 2669 2761 2740 plane
2785 2667 3079 2722 constabat
3100 2665 3374 2718 'da-monia
3403 2654 3602 2717 abillis

2007 2782 2072 2822 ex
2090 2764 2402 2820 eorumdem
2425 2763 2700 2832 gentilium
2731 2763 2900 2830 ejecta
2936 2761 3100 2814 fuisse
3123 2756 3460 2828 corporibus,
3489 2756 3596 2810 sic-

2006 2859 2081 2913 ttli
2105 2874 2133 2912 a
2155 2857 2306 2912 nobis
2332 2855 2734 2912 evidentissime
2765 2852 3049 2923 probatum
3083 2859 3186 2906 est.

2077 2950 2271 3019 Quanti
2302 2963 2450 3020 ergo,
2479 2949 2651 3020 arguit
2680 2946 3048 3002 Tertullianus
3071 2986 3084 3010 ,
3143 2958 3238 2997 vos
3269 2941 3467 2998 ethnici
3509 2942 3605 2994 Ita-

2006 3045 2150 3112 betis,
2179 3046 2281 3100 hoc
2306 3050 2407 3108 est,
2429 3050 2630 3113 quanto
2661 3040 2833 3111 pretio
2855 3038 3133 3094 testimatis
3165 3037 3263 3092 hoc
3305 3036 3599 3091 maximum

2006 3148 2156 3193 certe
2187 3137 2527 3202 benelicium,
2552 3134 2690 3206 quod
2711 3133 2999 3189 Christiani
3028 3131 3180 3186 vobis
3206 3129 3605 3200 impertiuntur?

1929 3240 1974 3302 ς
2008 3229 2195 3284 Nonne
2250 3244 2316 3284 eo
2367 3227 2488 3282 solo
2535 3227 2752 3281 nomine
2804 3225 2955 3280 vobis
2985 3239 3212 3280 summa:
3245 3221 3502 3293 profecto,
3548 3231 3607 3275 ut

2005 3337 2165 3392 supra
2211 3321 2442 3376 diximus
2474 3319 2494 3392 (
2519 3318 2840 3390 Supr.,cap.
2877 3315 2970 3385 22,
3001 3326 3098 3371 art.
3127 3313 3195 3388 1)
3222 3355 3238 3383 ,
3269 3323 3426 3370 erant
3456 3311 3606 3368 utili-

2007 3416 2100 3470 tati
2127 3415 2149 3468 ?

2081 3507 2275 3562 Verum
2319 3506 2482 3562 instat
2533 3505 2708 3560 adhuc
2739 3503 2853 3572 ille,
2886 3511 2942 3559 et
2993 3502 3246 3557 intortum
3275 3500 3347 3556 ab
3373 3498 3607 3555 ethnicis

2008 3603 2169 3659 telum
2192 3603 2244 3658 in
2275 3601 2394 3657 illos
2425 3598 2807 3671 retorqueudo,
2841 3597 2997 3669 plane
3028 3597 3369 3652 demonstrat
3396 3595 3463 3650 ab
3500 3593 3603 3649 illis

1999 3696 2273 3754 'summum
2319 3694 2626 3767 reipublicae
2674 3692 3052 3748 detrimentum
3096 3690 3231 3745 lieri.
3291 3689 3420 3743 Nam
3474 3703 3599 3743 cum

2007 3792 2164 3863 longe
2181 3789 2372 3860 major,
2401 3789 2539 3843 sicut
2555 3785 2693 3841 haud
2716 3785 2880 3840 semel
2903 3784 3156 3850 diximus,
3181 3791 3330 3838 esset
3358 3781 3606 3837 christia-

2008 3901 2217 3948 norum,
2248 3898 2406 3954 quam
2457 3881 2667 3935 illorum
2727 3893 3000 3942 numerus,
3060 3891 3245 3930 nonne
3305 3873 3604 3944 respublica

2008 3979 2260 4034 damnum
2309 3983 2455 4030 certe
2514 3973 2805 4027 maximum
2848 3970 3036 4024 abhis
3093 3969 3221 4040 ipsis
3273 3967 3593 4036 accipiebat,

2008 4084 2234 4142 quorum
2262 4067 2576 4124 crudelitate
2618 4074 2688 4118 tot
2708 4063 2841 4135 justi
2889 4061 3188 4125 christiani,
3237 4060 3374 4115 sicut
3400 4062 3606 4114 Auctor

2009 4173 2191 4219 noster
2216 4162 2308 4228 ait,
2361 4157 2720 4227 impendimur,
2755 4156 2802 4209 ld
2833 4164 2936 4219 est,
2969 4153 3337 4208 consumimur
3367 4162 3419 4205 et
3458 4151 3600 4205 occi-

2008 4257 2206 4311 tiimur.
2239 4255 2315 4310 lio
2367 4253 2509 4308 enim
2558 4266 2717 4306 sensu
2748 4248 2963 4316 scripsit
3019 4247 3213 4300 latitius
3257 4244 3603 4314 epistolarum

2009 4350 2159 4405 Pauli
2200 4349 2465 4416 interpres
2493 4364 2507 4398 :
2540 4342 2652 4416 Ego
2687 4353 2854 4396 autem
2883 4339 3234 4395 lubentissime
3283 4338 3600 4406 impendam,

2008 4454 2054 4498 et
2098 4439 2520 4512 superimpendar
2570 4439 2678 4506 ipse
2731 4451 2822 4504 pro
2880 4433 3148 4486 animabus
3193 4432 3367 4484 vestris
3398 4427 3605 4501 (l’anl.,

2010 4535 2176 4606 Epist.
2207 4534 2251 4589 ll
2280 4533 2346 4586 ad
2372 4531 2624 4595 Corinth.,
2663 4545 2784 4597 cap.
2826 4526 2938 4592 ΧΗ,
2971 4526 3083 4598 15).
3129 4523 3286 4578 Addit
3313 4537 3441 4576 vero
3471 4519 3606 4573 Ter-

1929 4640 1984 4700 D
2013 4628 2264 4684 tullianus
2292 4645 2304 4680 :
2328 4624 2454 4680 Cum
2496 4624 2786 4676 innocentes
2809 4635 3078 4691 erogantur
3107 4615 3372 4686 (Tertull.,
3407 4614 3495 4667 lib.
3543 4613 3606 4666 de

2012 4723 2313 4794 Prtescrip.,
2341 4737 2456 4790 cap.
2486 4718 2565 4790 2).
2603 4717 2868 4772 l’amclius
2898 4729 3025 4769 vero
3081 4711 3262 4766 mallet
3293 4708 3552 4763 erudimur
3583 4721 3603 4760 :

2006 4817 2100 4875 sed
2130 4817 2325 4887 sacpius
2349 4814 2549 4870 Auctor
2574 4822 2758 4866 noster
2785 4808 2954 4864 verbo
2983 4821 3194 4875 eragare
3221 4805 3418 4865 utitur,
3447 4815 3605 4872 quam

2007 4921 2086 4978 ut,
2119 4910 2299 4964 invitis
2354 4905 2738 4975 manuscriptis
2766 4899 3014 4957 omnibus
3040 4943 3054 4962 ,
3087 4897 3338 4953 credatur
3371 4895 3499 4950 illud
3532 4893 3605 4948 ibi

2006 5013 2314 5074 corruptum
2337 5016 2480 5057 esse.
2531 5000 2730 5054 Eodem
2763 4997 2939 5066 itaque
2967 4992 3269 5064 significatu
3308 4990 3379 5044 ibi
3406 4987 3607 5058 accipi-

2008 5107 2112 5164 tur,
2143 5114 2248 5168 qno
2274 5095 2399 5150 alibi
2426 5094 2578 5159 dixit,
2619 5092 2833 5147 Febrem
2865 5087 3125 5159 eroganda
3159 5086 3349 5139 homini
3378 5084 3600 5154 deputa-

2007 5199 2131 5245 tant.
2168 5191 2230 5244 Et
2255 5204 2440 5244 revera
2472 5188 2634 5242 homo
2663 5191 2912 5254 erogatur
2940 5181 3100 5246 febri,
3133 5180 3289 5246 cujus
3342 5174 3606 5233 mortiferi

2005 5295 2130 5343 sunt
2153 5287 2347 5340 exitus.
2376 5282 2513 5338 Alibi
2539 5279 2701 5334 etiam
2731 5277 2946 5348 scripsit
2965 5274 3312 5346 gladiatores,
3343 5272 3432 5342 qui
3461 5270 3606 5325 oeci-

2003 5383 2058 5438 di
2107 5380 2425 5441 didicerant,
2482 5374 2658 5430 edicto
2707 5371 2796 5426 die
2844 5368 3156 5424 inferiarum
3205 5365 3415 5435 erogari
3465 5363 3602 5435 (lib.

2007 5477 2071 5531 de
2095 5475 2358 5546 Spectac.,
2391 5487 2511 5536 cap.
2559 5466 2673 5536 12).
2709 5463 2948 5533 Denique
2989 5459 3056 5516 de
3110 5458 3302 5514 inferni
3337 5457 3479 5527 igne,
3529 5455 3604 5508 uti

2007 5564 2480 5623 animadvertimus
2504 5559 2696 5633 (supr.,
2719 5573 2838 5626 cap.
2860 5555 2948 5622 11,
2973 5551 3169 5624 artJ),
3187 5551 3255 5607 ab
3277 5565 3342 5606 eo
3363 5548 3601 5604 dictum:

2009 5662 2144 5718 Dum
2171 5667 2366 5732 erogat,
2395 5664 2622 5727 reparat.

2078 5753 2248 5808 Porro
2291 5760 2467 5805 autem
2517 5745 2666 5819 quid,
2699 5758 2910 5816 quaeso,
2959 5743 3012 5796 in
3063 5738 3237 5809 majus
3290 5735 3603 5807 reipublica:

2007 5845 2262 5906 damnum
2285 5843 2420 5901 verti
2449 5841 2644 5914 potuit,
2669 5852 2829 5911 quam
2859 5845 3046 5914 contra
3074 5832 3339 5888 humanas
3364 5828 3605 5885 divinas-
