4076 6356
338 316 341 317 ν
433 250 571 314 MM

1498 242 1567 303 tu
1602 237 2065 304 neruum
2100 216 2641 304 immeritam
2692 318 2695 323 _

3592 226 3741 303 mea

436 384 541 443 que
567 368 710 439 leges
739 365 1048 422 innumeros
1077 360 1399 418 christianos
1429 376 1536 416 nou
1565 361 1738 416 solum
1779 374 1878 416 suo
1920 374 2018 414 nu-
2056 359 2111 420 Α
2135 358 2180 414 si
2209 360 2319 415 lieri
2346 367 2570 431 poterat,
2604 360 2825 417 omnino
2846 358 3103 431 puderet,
3148 358 3310 416 variis
3339 358 3514 416 adhuc
3566 360 3747 418 ratio;

438 476 592 516 ntero
609 458 914 529 reipublicae
942 458 1119 518 utiles,
1153 454 1249 511 sed
1274 457 1420 511 cives
1445 455 1604 510 etiam
1632 456 1885 525 optimos.
1916 468 2031 508 mo-

440 568 558 607 rum
589 551 814 619 vitaeque
840 548 1147 619 integritate
1194 546 1553 611 venerandos,
1586 548 1782 601 nullius
1828 546 2031 611 hostes,

443 644 639 700 nullius
666 642 903 699 criminis
927 656 1071 706 reos,
1097 656 1275 707 suum,
1318 641 1457 696 sicut
1512 640 1760 712 superius
1799 624 2037 695 ostendi-

442 737 800 811 mas(Sspr.,
858 754 975 808 cap.
1027 736 1118 802 M,
1166 746 1266 791 art.
1310 737 1388 808 5),
1422 735 1681 792 duntaxat
1724 737 1794 791 ob
1840 750 2040 819 nomen.

443 848 658 897 vexare,
681 847 743 886 ac
763 829 1094 902 quibuslibet
1122 830 1560 900 exquisitissimis
1589 828 1916 913 cruciatibus
1939 836 2039 884 es-

443 924 758 982 caruiﬁcare
784 934 840 980 et
870 922 1165 980 occidere?
1194 922 1404 978 Ethnici
1436 937 1567 994 ergo
1594 922 1677 978 vel
1703 923 1839 977 hanc
1869 920 2041 977 solam

448 1027 664 1090 propter
690 1017 951 1073 rationem
979 1030 1227 1086 magnum
1253 1016 1438 1086 utique
1466 1017 1560 1070 toti
1608 1013 1919 1085 reipublica:
1966 1013 2044 1068 in-

446 1111 690 1168 ferebant
714 1110 941 1166 malum.
963 1108 1160 1165 Contra
1193 1124 1321 1165 vero
1342 1109 1634 1164 Christiani
1677 1108 1876 1163 nullum
1913 1121 2041 1178 pro-

393 1188 402 1198 .
448 1206 589 1262 lecto
618 1204 1010 1276 importabant;
1055 1212 1146 1258 aut
1170 1203 1214 1257 si
1246 1202 1372 1273 quid
1401 1202 1468 1256 ab
1488 1202 1569 1258 eis
1589 1216 1822 1272 unquam
1846 1186 2041 1257 factum

447 1298 717 1368 designari
747 1295 999 1367 potuerit,
1034 1294 1162 1367 illud
1194 1304 1342 1350 certe
1385 1310 1577 1365 magno
1603 1298 1724 1349 cuin
1748 1294 1953 1350 iuniore
1977 1292 2045 1349 ab

450 1390 581 1461 ipsis
605 1389 841 1455 aliunde,
869 1398 925 1444 et
945 1389 1093 1442 vario
1120 1387 1279 1442 modo
1302 1386 1719 1442 resarciebatur.

523 1484 698 1552 Atque
746 1481 1004 1536 hactenus
1032 1479 1249 1550 quidem
1281 1480 1628 1551 exposuimus
1659 1486 1713 1533 et
1743 1477 2049 1533 enueleavi-

453 1590 573 1631 mus
602 1575 779 1629 omnia
803 1589 865 1628 ac
885 1572 1089 1644 singula
1107 1583 1443 1642 argumenta,
1473 1571 1668 1642 quibus
1683 1571 2049 1627 Tertullianus

451 1667 756 1723 christiana:
791 1665 1065 1736 religionis
1105 1666 1412 1730 veritatem,
1444 1663 1805 1732 sanctitatem,
1835 1664 2048 1720 sincera

2135 464 2262 506 num
2302 454 2586 508 momentis
2643 452 3143 508 manifestissimum
3186 453 3414 508 cuilibet
3466 452 3594 508 facit
3622 464 3734 511 tam

2138 552 2353 614 apertas
2404 545 2551 602 falsa:
2590 546 2728 602 illius
2774 545 3046 618 religionis
3087 557 3240 602 notas
3279 548 3645 619 deprehendi,
3679 557 3738 606 ut

2136 640 2226 707 qui
2253 652 2345 694 eas
2399 654 2506 695 non
2554 641 2870 713 perspiciat,
2898 654 2958 697 se
2994 641 3172 712 ipsum
3203 644 3415 713 penitus
3457 657 3738 702 exczecare

2140 729 2291 786 velit.

2214 824 2397 880 Primo
2433 826 2614 898 itaque
2660 827 2945 899 ipsammet
3003 829 3283 900 gentilium
3348 831 3738 888 conscientiam

2144 926 2335 975 testem
2361 922 2623 992 appellat,
2658 937 2759 993 qua
2790 923 3090 991 constricti,
3120 922 3294 993 lateri,
3320 936 3378 981 nt
3411 940 3575 997 supra
3600 927 3737 982 vidi-

2147 1028 2289 1080 mus,
2317 1004 2650 1085 cogebantur
2673 1017 2890 1073 unicum
2913 1032 3037 1074 esse
3062 1018 3254 1088 Deum,
3286 1030 3488 1090 eosque
3528 1035 3739 1091 omnes,

2145 1122 2280 1177 quos
2303 1108 2563 1164 vocabant
2594 1109 2955 1180 colebantque
2977 1108 3130 1179 deos,
3158 1127 3357 1168 revera
3388 1112 3551 1169 luisse
3573 1114 3743 1169 homi-

2146 1216 2264 1257 nes.
2296 1198 2355 1257 Si
2384 1203 2504 1273 quis
2546 1217 2675 1260 vero
2711 1204 3006 1261 sceleratus
3052 1207 3356 1263 certissimo
3395 1207 3744 1264 conscientia

2147 1308 2263 1351 sua:
2284 1294 2593 1352 testimonio
2613 1311 2917 1368 repugnare
2945 1310 3110 1355 ausus
3138 1298 3347 1366 fuisset,
3376 1301 3424 1355 is
3448 1302 3608 1372 plane
3649 1316 3742 1357 re-

2149 1386 2461 1444 vincebatur
2481 1388 2682 1460 elingui
2701 1389 2939 1461 quidem,
2969 1391 3064 1447 sed
3089 1391 3534 1463 eloquentissimo
3549 1394 3743 1450 civitso

2152 1490 2263 1537 tam
2286 1482 2526 1538 ninnium
2552 1485 2811 1551 clamore,
2834 1484 2888 1539 iu
2909 1486 3104 1557 quibus
3142 1486 3198 1541 hi
3245 1487 3342 1554 dii,
3390 1488 3551 1544 sicuti
3602 1488 3747 1547 haud

2151 1575 2320 1631 semel
2345 1575 2753 1632 observavimus
2777 1575 2961 1650 (Sep,
2987 1593 3105 1651 cap.
3131 1580 3185 1646 7,
3213 1588 3316 1636 art.
3349 1582 3427 1651 i),
3455 1580 3588 1647 nati,
3627 1594 3750 1637 vers

2152 1668 2275 1733 sati,
2319 1669 2516 1724 mortui
2546 1677 2602 1725 et
2648 1670 2842 1740 sepulti
2887 1679 3032 1727 sunt.
3078 1671 3344 1740 Quoniam
3372 1687 3505 1729 vero
3529 1674 3742 1730 inﬁnita

453 1762 571 1833 ejus
588 1759 937 1825 documenta,
962 1766 1016 1814 et
1037 1758 1424 1829 iniquissimam
1449 1756 1874 1812 Christianorum
1896 1772 2051 1814 vesa-
2078 1766 2126 1829 Β
2154 1769 2269 1816 erat
2304 1761 2515 1817 illorum
2567 1762 2873 1830 multitudo,
2915 1779 2979 1819 ac
3021 1765 3262 1836 singulos
3308 1780 3599 1843 recensere
3654 1766 3741 1823 vel

454 1857 653 1912 tionem
677 1854 1033 1910 demonstrat.
1062 1852 1181 1908 Iam
1203 1854 1383 1924 itaque
1421 1851 1839 1910 examinandum
1856 1867 2051 1922 supcr-

454 1961 557 2018 est,
585 1948 856 2021 quomodo
884 1949 1193 2019 probaverit
1234 1946 1424 2005 falsam
1450 1962 1573 2005 esse
1611 1949 1889 2021 gentilium
1922 1948 2054 2004 relic

456 2043 689 2115 sionem.

1023 2138 1253 2197 CAPUT
1307 2136 1476 2194 XXV.

462 2259 656 2329 Quibus
681 2258 991 2332 argumentis
1020 2254 1366 2313 Tertullianus
1396 2255 1703 2311 demonstret
1733 2252 1917 2326 falsam
1945 2268 2050 2310 esse

513 2353 774 2427 gentilium
794 2353 1110 2425 religionem,
1141 2366 1201 2405 ac
1222 2349 1381 2422 falsos
1406 2365 1578 2404 omnes
1604 2347 1812 2404 illorum
1842 2347 1981 2402 deos.

988 2480 1279 2521 ABTICULUS
1315 2478 1526 2519 Ριιικυε.

464 2586 634 2652 Quam
659 2591 831 2655 aperte
862 2582 1065 2654 falsitas
1112 2581 1369 2653 religionis
1402 2579 1718 2634 ethnicorum
1743 2580 2058 2635 demonstreo

533 2690 696 2734 turea:
739 2678 1027 2732 christiana
1056 2675 1279 2741 ueritate,
1308 2674 1479 2746 ejectis
1511 2689 1573 2727 ea:
1602 2673 1919 2728 obsessorum
1943 2688 2058 2726 cor-

536 2789 656 2844 pore
676 2770 1012 2838 dcemonibus,
1034 2779 1171 2826 certa
1207 2770 1473 2824 hominum
1503 2767 1850 2831 conscientia;
1873 2765 2061 2836 potiori

537 2875 587 2921 et
633 2865 855 2930 notiori,
905 2865 993 2919 sed
1032 2864 1183 2933 plane
1210 2862 1346 2933 falsa
1374 2862 1639 2917 divinitate
1684 2860 1919 2925 Saturni,
1972 2859 2058 2930 qui

533 2959 684 3013 homo
709 2958 830 3029 fuit,
862 2967 909 3012 et
936 2973 970 3011 α
996 2955 1134 3011 lano
1150 2957 1205 3010 in
1231 2953 1393 3011 Italia
1415 2965 1675 3027 exceptus,
1697 2969 1848 3008 suum
1875 2967 2062 3007 nomen

532 3055 673 3109 dedit
700 3052 909 3119 civitati,
951 3069 1102 3119 quam
1136 3052 1487 3123 depalaverat,
1529 3050 1714 3120 totique
1733 3047 1924 3115 Ita/iw,
1947 3063 2060 3119 quat

2154 1854 2316 1910 etiam
2347 1855 2654 1911 nominibus
2678 1857 2791 1912 suis
2820 1856 3090 1927 appellare
3117 1859 3326 1931 longius
3353 1858 3515 1926 foret,
3570 1860 3751 1931 ipsum

2156 1948 2520 2005 Tertullianus
2553 1948 2685 2021 petit
2707 1949 2917 2007 illorum
2940 1960 3122 2023 caput,
3153 1962 3209 2008 et
3232 1955 3403 2025 magis
3432 1963 3614 2010 notam
3636 1968 3749 2012 om-

2157 2043 2315 2098 nibus
2350 2043 2609 2113 originem
2649 2043 2837 2118 (Ibid.,
2865 2061 2981 2116 cap.
3017 2047 3105 2114 li,
3133 2063 3256 2119 pag.
3289 2047 3359 2102 12
3384 2056 3429 2103 et
3450 2062 3580 2120 seq.,
3624 2065 3745 2122 cap.

2155 2134 2244 2201 29,
2277 2153 2396 2209 pag.
2421 2136 2558 2204 438;
2588 2148 2635 2192 et
2663 2137 2751 2195 lib.
2780 2138 2822 2193 II
2841 2138 2911 2193 ad
2928 2138 3168 2209 Notium,
3188 2157 3305 2211 cap.
3335 2143 3406 2213 i).

2228 2227 2486 2285 Ethnicos
2511 2231 2690 2302 itaque
2715 2231 2795 2287 sic
2820 2242 2996 2303 urget,
3032 2243 3087 2289 et
3128 2235 3416 2305 alloquitur
3444 2252 3457 2290 :
3490 2237 3623 2292 Ante
3647 2237 3756 2293 Sa-

2159 2330 2368 2375 turnum
2394 2321 2534 2377 Deus
2555 2336 2708 2393 penes
2735 2339 2824 2379 vos
2838 2339 2984 2379 nemo
3004 2334 3077 2380 est
3114 2341 3132 2380 :
3161 2325 3222 2380 ab
3252 2326 3343 2382 illo
3364 2342 3544 2383 census
3573 2330 3749 2398 totius,

2158 2416 2234 2469 vel
2256 2415 2487 2486 potioris,
2515 2416 2593 2470 vel
2617 2417 2828 2471 notioris
2868 2417 3150 2482 diuinitatis
3187 2418 3521 2493 (Tertullian.
3561 2422 3757 2491 Apolo-

2159 2517 2285 2579 get.,
2329 2524 2445 2581 cap.
2473 2509 2561 2574 Η,
2594 2526 2712 2582 pag.
2738 2509 2866 2577 559;
2900 2521 2946 2566 et
2985 2511 3074 2567 lib.
3106 2510 3129 2565 Ι
3155 2512 3225 2565 ad
3247 2510 3493 2581 Notium,
3518 2529 3639 2583 cap.
3661 2512 3755 2581 i3;

2161 2618 2281 2673 pag.
2308 2601 2458 2675 578).
2486 2602 2813 2659 Dixitautem
2840 2604 3050 2677 potioris
3078 2602 3156 2659 vel
3181 2604 3392 2659 notioris
3421 2602 3634 2677 (Mitt),
3662 2612 3758 2661 aut

2162 2702 2220 2748 ut
2242 2693 2293 2748 in
2320 2709 2478 2749 manu
2501 2695 2731 2752 exaratis
2760 2696 2958 2753 nostris
2979 2696 3396 2768 exemplaribus,
3428 2708 3483 2752 et
3512 2698 3757 2767 notioris,

2164 2797 2265 2846 nec
2296 2804 2513 2860 prorsus
2533 2790 2750 2860 quidem
2778 2789 2939 2848 male.
2964 2790 3242 2862 Signiﬁcat
3280 2793 3478 2849 etenim
3534 2807 3596 2849 se
3628 2793 3760 2849 deo-

2162 2896 2280 2937 rum
2309 2880 2601 2951 primordia
2626 2897 2731 2938 non
2759 2898 2790 2937 a
2816 2883 2984 2954 prima
3006 2883 3325 2941 idololatria:
3345 2884 3572 2956 origine.
3595 2900 3762 2956 quam

2163 2976 2291 3031 alibi
2320 2976 2605 3033 obscuram
2637 2993 2784 3045 esse,
2808 2994 2908 3036 nec
2929 2995 2961 3035 a
2982 2981 3188 3037 cunctis
3213 2981 3464 3039 eamdem
3491 2983 3761 3053 assignari

2163 3068 2393 3126 vidimus
2416 3069 2629 3144 (Tenui
2651 3072 2927 3145 Apparat.,
2952 3090 3072 3146 pag.
3096 3074 3200 3130 717
3216 3058 3265 3129 et
3282 3092 3450 3146 seqq.;
3475 3085 3523 3130 et
3548 3075 3761 3133 dissert:

537 3148 678 3215 prius
718 3144 969 3201 (Ἐοιοιτία
1012 3146 1323 3209 vocabam”
1368 3147 1489 3199 "ei"
1548 3142 1739 3237 nam:
1768 3141 1953 3207 (δαδάίν
2004 3149 2053 3196 ετ
2086 3167 2132 3232 C
2163 3178 2358 3231 super.,
2386 3141 2596 3234 cap.'50
2621 3173 2666 3220 et
2688 3141 2852 3237 seqq.)
2877 3184 2891 3232 ;
2916 3141 3104 3222 isedvab
3132 3168 3243 3237 ipsa
3266 3141 3548 3224 divinitate
3563 3167 3752 3225 Saturo

535 3238 754 3311 Nepotis
798 3239 1111 3304 testimonio,
1166 3255 1227 3292 ac
1254 3237 1472 3308 proinde
1519 3236 1706 3308 falsam
1733 3250 1842 3291 esse
1893 3236 2060 3306 ipsam

534 3348 727 3404 quoque
748 3331 894 3387 Jovis
917 3331 1256 3402 aliorumque,
1286 3329 1597 3385 venditatam
1637 3327 1698 3382 ab
1722 3327 1953 3396 ethnicis,
1978 3327 2062 3381 di—

534 3427 813 3483 stnitatem.
1952 3434 1967 3441 ‘

468 3564 471 3567 ν
535 3538 740 3612 Quibus
769 3543 1034 3599 rationum
1061 3540 1347 3618 momentis
1392 3537 1747 3595 invictissime
1796 3544 2072 3621 assertam_

471 3637 901 3708 vindicatumque
928 3652 957 3690 a
986 3634 1318 3692 Tertulliano
1346 3633 1576 3688 vidimus
1597 3630 1905 3688 christiana:
1932 3629 2063 3686 rell-‘-

466 3732 641 3805 gion'is
670 3732 948 3787 veritatem
976 3773 991 3799 ,
1025 3730 1217 3785 iisdem
1248 3727 1485 3784 funditus
1510 3734 1825 3783 evertuntur
1869 3730 2063 3779 omnes

465 3825 743 3896 gentilium
799 3825 894 3890 dii,
938 3834 992 3880 et
1041 3823 1429 3894 superstitiosa:
1470 3821 1779 3892 religiones.
1836 3818 1968 3873 Nam
2017 3816 2067 3874 si

467 3926 593 3975 v'cra
621 3926 702 3975 est
730 3917 929 3975 Christi
972 3916 1248 3982 divinitas,
1297 3915 1454 3970 sicuti
1485 3912 1849 3970 Tertullianus
1876 3920 2067 3967 noster

469 4012 603 4067 scite
633 4010 1197 4093 ubservatwsequitur
1222 4016 1278 4064 ut
1319 4008 1456 4078 falsa
1507 3996 1822 4063 renuntietur
1872 4006 2064 4074 quieris

472 4106 576 4161 alia
595 4107 854 4159 contraria
879 4101 1464 4176 reperta‘(Tertullian.,
1494 4101 1787 4173 Apologet.,
1816 4116 1935 4171 cap.
1966 4098 2058 4168 21,

470 4212 589 4268 pag.
621 4195 772 4267 404).
799 4196 1063 4251 Praeterea
1106 4194 1536 4251 manifestissime
1564 4208 1689 4250 cum
1717 4193 1810 4249 illo
1829 4192 2067 4248 ostendi-

472 4300 592 4343 mus
617 4285 833 4357 (Supr.,
863 4304 982 4356 cap.
1010 4286 1065 4355 7,
1092 4295 1194 4342 art.
1228 4287 1285 4357 i)
1322 4303 1485 4343 unttm
1530 4284 1903 4342 tantummodo
1946 4297 2068 4340 esse

475 4394 634 4452 posse
662 4380 849 4447 Deum,
883 4396 946 4436 ac
970 4380 1196 4452 proinde
1220 4378 1380 4437 falsos
1406 4380 1539 4438 alios
1559 4392 1775 4448 omnes,
1801 4386 2066 4452 quotquot

474 4472 543 4528 ah
568 4471 799 4528 etlmicis
832 4468 955 4544 fingi
980 4478 1281 4543 potuerunt.

2165 3254 2241 3321 ni,
2263 3254 2353 3326 qui
2381 3255 2630 3311 omnibus
2673 3256 2792 3312 aliis
2818 3256 2919 3313 diis
2945 3257 3121 3329 potior
3142 3266 3198 3314 et
3218 3259 3398 3314 notior
3431 3259 3764 3320 habebatur.

2164 3348 2301 3418 Quid
2325 3364 2454 3405 vero
2476 3349 2703 3417 mirum,
2732 3350 2777 3406 si
2805 3350 2872 3406 ab
2903 3350 2995 3406 illo
3018 3350 3277 3419 erdiatur,
3304 3365 3427 3407 cum
3454 3351 3647 3419 Varro,
3667 3353 3766 3423 qui

2168 3450 2245 3498 tot
2275 3441 2442 3497 libros
2469 3441 2537 3498 de
2559 3440 2663 3498 diis
2684 3441 2797 3498 suis
2828 3451 3226 3514 composuerat,
3260 3446 3502 3500 omnium
3528 3444 3766 3502 deorum

2167 3537 2549 3605 antiquissimos
2574 3535 2799 3591 venditet
2831 3534 3033 3605 Jovem,
3062 3535 3343 3605 lunonem,
3393 3547 3440 3592 et
3476 3535 3767 3593 Mineruam

2167 3628 2522 3699 (Tertullian.,
2556 3628 2643 3685 lib.
2676 3629 2715 3683 ll
2745 3629 2812 3684 ad
2843 3628 3088 3699 Nation.,
3119 3648 3239 3702 cup.
3270 3630 3385 3704 12).
3441 3633 3512 3687 At
3551 3631 3771 3703 Jupiter

2166 3720 2377 3792 genitus
2408 3720 2728 3778 ferebatura
2754 3722 3008 3789 Saturno,
3023 3723 3113 3792 qui
3138 3722 3362 3793 proinde
3385 3724 3476 3779 illo
3496 3724 3771 3795 antiquior

2167 3822 2302 3869 erat.
2334 3814 2416 3867 Ab
2438 3812 2598 3883 hujus
2626 3824 2805 3870 autem
2826 3814 3139 3885 parentibus
3168 3814 3336 3881 Caelo,
3365 3816 3480 3872 sive
3521 3814 3773 3887 Chrene;

2167 3919 2222 3965 et
2246 3907 2433 3976 Terra,
2466 3909 2825 3980 incipiendum
2849 3924 2969 3966 esse
2994 3925 3100 3965 non
3118 3911 3347 3979 censuit,
3378 3920 3491 3974 tum
3519 3911 3642 3982 quia
3664 3910 3767 3966 Sa-

2171 4011 2382 4070 turnus,
2409 4003 2597 4060 unicns
2618 4018 2803 4060 eorum
2838 4004 3001 4072 ﬁlius,
3020 3998 3126 4059 ‘ltis
3166 4018 3229 4060 ac
3254 4003 3473 4061 caeteris
3515 4003 3773 4062 omnibtn

2169 4094 2272 4151 diis
2300 4100 2478 4152 notior
2502 4105 2640 4165 erat,
2670 4107 2726 4154 et
2752 4099 2931 4168 potior
2954 4097 3294 4165 credebatur,
3348 4109 3459 4154 tum
3487 4098 3612 4169 quia
3639 4100 3761 4155 haec

2169 4189 2390 4246 ridicula
2410 4198 2684 4260 poetarum
2708 4191 2775 4246 de
2801 4192 2942 4246 illius
2967 4207 3034 4248 ex
3054 4191 3203 4249 Catio
3223 4201 3277 4247 et
3296 4190 3461 4247 Terra
3482 4200 3606 4247 ortu
3627 4205 3772 4247 com-

2170 4292 2350 4356 menta
2375 4293 2431 4339 et
2454 4282 2643 4340 fabulae
2666 4294 2811 4340 sunt.
2832 4283 2997 4341 Natus
3022 4284 3283 4356 siquidem
3306 4299 3371 4340 ex
3402 4284 3508 4340 illis
3530 4283 3769 4355 tingeba-

2173 4388 2275 4447 tur,
2324 4380 2575 4451 quoniam
2602 4391 2855 4453 parentes
2904 4381 3020 4452 ejus
3056 4381 3220 4452 ignoti
3272 4381 3511 4437 luerunt.
3548 4381 3678 4436 Nam
3705 4395 3774 4437 es

2172 4472 2533 4529 consuetudine
2558 4474 2801 4543 humana,
2850 4474 2925 4531 ait
2948 4474 3313 4531 Tertullianus
3332 4517 3347 4540 ,
3376 4474 3558 4547 ignoti,
3584 4476 3660 4530 vel
3704 4490 3771 4531 ea:

543 4564 656 4621 Nec
708 4566 884 4622 minus
930 4567 1212 4637 perspicue
1241 4581 1272 4622 a
1319 4566 1476 4624 nobis
1505 4567 1936 4623 demonstratum
1981 4572 2065 4623 est
2094 4576 2148 4638 1)
2174 4566 2437 4637 inapinato
2475 4578 2793 4640 apparentes,
2842 4568 2907 4622 de
2948 4567 3073 4623 caelo
3124 4567 3483 4639 supervenisse
3529 4566 3772 4621 dicuntur

475 4659 685 4732 (Supr,.,
709 4678 825 4732 cap.
855 4661 910 4727 8,
943 4670 1042 4716 art.
1066 4659 1119 4734 1)
1151 4660 1425 4717 daemones
1450 4677 1480 4716 a
1521 4661 1827 4717 chriStianis
1863 4662 2069 4732 eiectos

473 4752 640 4810 fuisse
679 4754 746 4809 ab
770 4762 979 4820 eorum,
1009 4768 1128 4825 qua:
1175 4754 1516 4822 obsidebant,
1547 4756 1884 4827 corporibus,
1915 4754 2066 4810 illos-

476 4856 578 4915 que
601 4853 712 4899 tum
734 4852 948 4901 coactos
975 4847 1151 4918 palam
1183 4848 1335 4902 fateri
1367 4861 1428 4903 se
1451 4861 1555 4903 non
1612 4847 1744 4904 deos
1793 4846 1951 4902 sicuti
1981 4858 2073 4917 put

486 4938 668 4993 tabam
692 4938 915 5005 ethnici,
943 4939 1039 4995 sed
1081 4939 1387 4997 itnmundos
1420 4955 1541 4997 esse
1564 4940 1782 5013 spiritus
1808 4956 1822 5007 ;
1853 4940 2071 4996 unicum

488 5047 640 5099 vero,
664 5042 824 5104 quem
848 5033 1138 5092 Christiani
1185 5034 1567 5106 praedicabant,
1595 5050 1715 5091 esse
1761 5034 1958 5102 Deum,
2008 5047 2072 5089 ac

482 5126 757 5184 Christum
786 5128 943 5199 hujus
964 5144 1083 5185 esse
1110 5127 2076 5200 Virtutem,S.~tpientiam,Rationem,

483 5227 538 5279 ct
574 5222 787 5289 Filium,
817 5224 969 5293 cujus
996 5226 1209 5281 nomine
1234 5241 1298 5281 ac
1321 5228 1520 5282 virtute
1550 5226 1887 5295 rogabantur.
1935 5223 2077 5280 Nihil

483 5328 614 5386 ergo
659 5331 879 5373 necesse
926 5322 1042 5372 erat
1067 5318 1170 5372 alia
1198 5319 1350 5389 plura
1382 5334 1411 5373 a
1465 5316 1797 5373 Tertulliano
1852 5316 2074 5392 (Tertul.

485 5408 777 5479 Apologet.,
810 5425 923 5480 cap.
947 5408 1041 5483 23)
1070 5411 1287 5482 congeri
1328 5419 1664 5482 argumenta,
1714 5411 1908 5482 quibus
1954 5426 2075 5465 am-

487 5498 629 5571 plius
649 5500 1021 5572 comprobaret
1042 5502 1196 5573 plane
1232 5504 1632 5560 commentitios
1662 5504 1920 5575 ﬁctosque
1945 5518 2080 5561 esse

488 5592 823 5649 ethnicorum
850 5594 1000 5669 deos,
1027 5609 1089 5650 ac
1114 5594 1337 5666 proinde
1362 5594 1549 5651 falsam
1580 5596 1793 5653 illorum
1841 5598 2065 5667 religio-

492 5701 639 5744 nem.
666 5685 863 5744 Verum
894 5696 949 5744 nt
974 5687 1194 5747 easdem
1220 5690 1463 5747 ethnicos
1489 5691 1637 5764 impii
1665 5690 1889 5749 deorum
1932 5708 2063 5750 suo.

493 5772 615 5836 rum
641 5780 836 5852 cultus,
862 5794 924 5838 ac
940 5788 1207 5855 pertersit:
1234 5781 1507 5856 religienis
1525 5782 1737 5843 tandem
1753 5783 2066 5858 aliquando,

2175 4655 2505 4732 (Tertullian.
2537 4660 2825 4733 Apologet.,
2857 4677 2971 4731 cap.
3009 4658 3096 4728 10,
3127 4677 3247 4733 pag.
3285 4660 3427 4727 35!;
3479 4669 3527 4714 et
3577 4660 3666 4715 lib.
3729 4656 3773 4715 ll

2175 4750 2244 4806 ad
2298 4750 2512 4808 Nation.
2539 4794 2553 4822 ,
2601 4771 2718 4827 cap.
2752 4750 2867 4827 12),
2917 4754 3055 4810 sicut
3098 4763 3152 4810 et
3200 4754 3390 4825 vulgus
3432 4750 3571 4809 ﬁlios
3614 4764 3774 4810 terra:

2176 4856 2350 4916 vocat,
2383 4862 2610 4918 quorum
2635 4848 2898 4904 incertum
2925 4856 3043 4904 erat
3065 4861 3258 4919 genus.
3288 4844 3396 4902 Sed
3428 4844 3542 4901 haec
3591 4847 3778 4903 omnia

2179 4939 2235 4994 in
2282 4940 2655 5010 superioribus
2702 4940 2903 4996 nostris
2943 4926 3410 4995 diSSertationibus
3462 4938 3778 5009 explanavi-

2182 5049 2299 5089 mus
2335 5033 2631 5107 (Dissertat.
2673 5034 2726 5089 in
2766 5024 2982 5102 Μίνωι,
3019 5028 3197 5089 Octav.
3230 5049 3348 5102 cap.
3374 5022 3463 5100 i5,
3497 5040 3597 5085 art.
3628 5032 3654 5086 1
3682 5047 3698 5097 ;
3729 5037 3781 5086 et

2183 5126 2382 5182 dissert.
2419 5128 2473 5182 in
2502 5124 2760 5197 Lactant.,
2795 5143 2913 5198 cap.
2946 5124 3036 5196 50,
3078 5136 3179 5182 art.
3208 5126 3261 5193 1,
3315 5135 3360 5182 et
3395 5143 3510 5198 cap.
3543 5124 3637 5193 '51,
3670 5134 3779 5180 art.

2181 5216 2276 5291 2).

2258 5312 2523 5370 Praeterea
2545 5313 2756 5369 cuilibet
2790 5313 3129 5385 perSpicuum
3147 5311 3344 5369 ibidem
3378 5310 3602 5368 fecimus
3618 5325 3785 5383 quam

2186 5418 2332 5462 reete
2361 5404 2448 5461 ille
2472 5406 2759 5462 asseruerit
2798 5404 3070 5461 hominem
3124 5405 3289 5462 fuisse
3338 5405 3654 5469 Saturnum,
3680 5403 3783 5475 qui

2188 5509 2309 5572 post
2336 5499 2531 5555 multas
2554 5498 2921 5569 expeditiones
2960 5502 3012 5555 in
3040 5490 3246 5556 Italiam
3268 5500 3490 5571 appulit,
3530 5513 3594 5575 ac
3624 5505 3785 5568 post-

2187 5612 2346 5670 quam
2377 5595 2446 5651 ibi
2476 5611 2506 5650 a
2561 5591 2696 5649 Juno
2740 5605 3018 5666 susceptus
3061 5593 3278 5658 luisset,
3330 5608 3496 5658 mons,
3559 5590 3759 5662 inquit,

2189 5705 2347 5763 quem
2375 5686 2614 5755 incoluit,
2647 5686 2919 5757 Saturnius
2946 5686 3147 5753 dictus;
3173 5686 3367 5753 civitas,
3394 5699 3545 5757 quam
3588 5684 3763 5753 depa-

2191 5778 2399 5856 laverat,
2445 5774 2692 5842 Saturnia
2711 5764 2871 5854 usque
2912 5794 3046 5840 nunc
3088 5786 3182 5839 est.
3211 5777 3270 5838 in
3313 5778 3558 5851 antiqua,
3599 5782 3657 5834 et
3693 5768 3787 5834 ald
