4076 6356
296 356 437 418 Im

1439 346 1886 411 DISSERTATIO
1926 344 1993 405 D.
2029 344 2118 406 LE
2153 344 2459 407 NOURRY.

3449 339 3593 402 1094

283 484 409 532 .tera
462 472 749 530 recentiori
791 470 1024 527 editione
1074 467 1324 543 legimus
1383 469 1739 532 debellaverat;
1794 464 1890 521 sed
1916 464 1970 525 A
1994 464 2099 519 sius
2126 463 2362 520 Severus.
2386 463 2500 518 Duo
2524 467 2706 519 autem
2733 474 2801 518 eo
2826 460 3042 518 nomine
3070 460 3303 533 insigniti
3329 461 3580 517 luerunt:

296 568 718 625 Tertullianeum
749 567 971 623 verbum
1021 570 1105 621 est
1150 564 1482 635 depalaverat
1518 560 1891 635 (Ter-tullium,

297 662 397 719 loc.
425 660 599 734 cit.);
645 658 746 717 Ubi
797 657 939 715 enim
987 656 1054 714 de
1090 657 1273 712 mundi
1321 655 1601 712 creatione
1628 652 1891 708 adversus

297 755 687 825 Hermogenem
741 752 977 823 disputat
1025 768 1041 807 :
1091 750 1312 815 Omnia,
1348 749 1541 819 inquit,
1584 760 1742 817 opera
1795 760 1891 799 sua

297 847 438 903 Deus
493 847 673 901 ordine
701 844 1104 911 consummavit,
1157 842 1363 898 incultis
1415 841 1579 912 primo
1634 833 1893 892 elementis

266 943 547 1012 deputans
603 938 977 1012 quodammodo
1042 936 1291 992 mundum
1339 933 1574 1011 (Idem,
1631 931 1721 988 lib.
1770 931 1887 985 adv.

265 1032 572 1105 ,Hermog.,
629 1049 745 1103 cap.
799 1030 938 1101 29).
984 1030 1192 1086 Rursus
1239 1041 1372 1084 vero
1422 1035 1608 1082 contra
1662 1021 1892 1079 Marcio-

296 1140 421 1182 nem
453 1143 468 1181 :
512 1125 664 1191 Qbod
709 1124 1043 1179 architectum
1088 1138 1145 1178 se
1189 1120 1486 1191 prudentem
1515 1118 1753 1190 affirmat,
1796 1115 1891 1170 hac

296 1218 578 1274 inuenimus
605 1216 889 1289 signiﬁcari
934 1214 1281 1287 deputatarem
1324 1211 1610 1279 disciplima
1654 1207 1891 1261 divinata

296 1322 523 1368 creatore
567 1310 776 1382 (Idem,
834 1309 923 1365 lib.
954 1309 1000 1364 Υ
1046 1308 1244 1363 advers.
1299 1306 1579 1370 Murciam,
1625 1319 1741 1373 cap.
1786 1299 1884 1373 6).

298 1406 483 1477 itaque
530 1405 665 1461 dixit
711 1419 741 1460 a
782 1405 1015 1460 Saturno
1047 1403 1349 1473 depalatam
1393 1401 1684 1465 civitatem,
1717 1394 1771 1452 id
1804 1403 1889 1451 est

296 1500 586 1567 conditam,
639 1498 723 1555 vel
775 1499 965 1569 positis
992 1496 1128 1568 palis
1178 1494 1476 1562 fundenti,
1519 1492 1634 1548 sive
1679 1498 1735 1545 ut
1771 1488 1889 1544 aliis

296 1596 490 1668 placet,
523 1592 664 1667 palis
692 1590 1030 1649 instructam.
1055 1590 1124 1647 Et
1152 1590 1206 1646 bi
1229 1590 1446 1662 quidem
1473 1584 1886 1658 explicationem

294 1702 447 1746 suam
472 1688 690 1744 ﬁrmare
713 1681 1082 1742 eonantur'bis
1110 1684 1324 1741 Hermae
1350 1682 1526 1738 verbis
1543 1670 1710 1735 {Cum
1727 1677 1888 1747 depa-

297 1782 448 1838 lasset
468 1783 661 1837 vineam
691 1777 923 1854 (Herm,
946 1778 1033 1833 lib.
1056 1777 1147 1845 111,
1178 1776 1373 1833 limitit.
1404 1772 1458 1843 5,
1486 1772 1594 1846 μ,
1615 1780 1734 1844 pag.
1760 1772 1822 1826 6i
1846 1767 1887 1842 ).

1996 557 2155 623 alter,
2182 556 2256 612 uti
2282 557 2333 612 in
2356 556 2658 631 Epsebiano
2676 555 3213 627 Citronico1egimus,
3249 563 3420 611 orator
3436 567 3579 627 egre-

1995 649 2109 721 gius
2142 648 2357 720 (Chron.
2392 647 2601 715 Euseb.,
2635 648 2703 702 ad
2731 665 2858 703 ann.
2883 647 3073 719 2047),
3107 648 3196 719 qui
3238 648 3458 717 Augusti
3486 647 3585 702 im-

1997 740 2259 810 peratoris
2306 749 2547 810 tempore
2574 740 2627 794 in
2657 736 2874 795 exilium
2930 741 3128 796 missus
3153 749 3271 807 est;
3297 739 3432 794 alter
3463 752 3592 795 vero

1994 843 2151 905 poeta
2185 834 2481 905 parmensis
2499 875 2516 902 ,
2543 833 2630 905 qui
2657 848 2727 890 ex
2757 833 2824 889 iis
2853 849 2986 890 unus
3012 833 3131 903 fuit,
3159 836 3250 905 qui
3277 847 3399 889 cum
3422 833 3586 888 Bruto

1993 926 2193 983 Julium
2224 929 2491 985 Caesarem
2528 929 2933 996 interfecerunt,
2965 930 3047 987 de,
3075 947 3182 1003 quo
3221 931 3369 1001 plura
3411 928 3580 985 Lilius

1993 1020 2245 1079 Giraldu’s
2278 1024 2529 1094 (Giraltl.,
2560 1024 2703 1080 Dial.
2748 1025 2838 1094 IV,
2870 1026 2935 1081 de
2972 1025 3119 1082 Poet.
3153 1025 3317 1092 Hist.,
3345 1045 3399 1098 p.
3428 1024 3585 1096 160),
3638 1058 3639 1061 η

1995 1110 2217 1168 Vossius
2240 1111 2445 1185 (Voss.,
2473 1114 2534 1171 de
2561 1114 2706 1171 Poet.
2741 1116 2913 1184 lutin.,
2945 1133 2992 1171 c.
3046 1117 3124 1188 2),
3166 1114 3406 1187 Scaliger
3433 1114 3588 1187 (Sca-

1994 1203 2108 1276 lig.,
2132 1206 2185 1259 in
2207 1206 2296 1260 cit.
2322 1205 2509 1261 Chron.
2541 1204 2780 1280 Enseb.),
2815 1220 2868 1264 et
2895 1209 2981 1263 alii
3015 1207 3254 1281 (Fabius,
3294 1208 3383 1264 lib.
3417 1208 3465 1263 Χ
3486 1250 3502 1275 ,
3533 1215 3579 1261 et

1995 1295 2178 1364 Senec,
2215 1301 2364 1370 epist.
2396 1300 2509 1371 79).
2544 1299 2787 1372 Uterque
2820 1317 2984 1372 porro
3032 1316 3062 1356 a
3090 1301 3363 1356 nonnullis
3393 1300 3587 1356 Corne-

1994 1389 2093 1443 lius
2124 1389 2342 1448 Severus
2378 1403 2616 1449 vocatur.
2650 1394 2754 1450 Sed
2796 1395 2848 1449 in
2879 1394 3193 1451 Tertulliani
3238 1403 3386 1449 textu
3433 1391 3586 1447 torsi-

1994 1492 2082 1539 tan
2112 1485 2350 1541 additum
2376 1498 2456 1543 est
2483 1503 2781 1560 cognomen
2811 1488 3050 1553 Severus,
3082 1504 3111 1543 a
3147 1488 3371 1543 Mnutio
3400 1486 3580 1543 Felice

1994 1587 2047 1633 et
2070 1577 2368 1648 Lactantio,
2393 1582 2531 1637 sicut
2558 1582 2683 1637 alibi
2715 1583 2967 1647 vidimus,
2997 1583 3279 1639 omissum.
3308 1583 3439 1637 Nam
3465 1597 3585 1653 qua:

1994 1668 2084 1726 ille
2108 1671 2175 1728 de
2208 1672 2442 1728 Saturno
2471 1687 2671 1749 narrat,
2703 1675 2818 1731 haec
2848 1676 3023 1747 potius
3050 1692 3080 1732 a
3111 1676 3298 1732 Cassio
3335 1675 3586 1742 llemina,

1993 1764 2444 1830 quemadmodum
2482 1768 2644 1823 etiam
2689 1769 3084 1837 annotavimus,
3123 1784 3283 1839 quam
3328 1784 3358 1823 a
3398 1767 3586 1824 Cassio

368 1875 501 1930 Tum
533 1853 729 1929 deinde
765 1871 1127 1928 Τριοιυιιίιιηης
1161 1869 1435 1925 εσσηεεάξε
1479 1868 1766 1935 Saturnus,
1797 1875 1887 1918 ετ-
1917 1864 1968 1927 Β
1995 1853 2197 1911 Severo
2223 1858 2438 1930 scriptis
2467 1859 2659 1915 tradita
2700 1860 2966 1917 videntur.
2998 1860 3054 1916 In
3097 1860 3238 1915 illius
3263 1874 3479 1941 quoque
3519 1859 3587 1916 ad

295 1976 471 2038 ceptus
495 1966 557 2020 ab
576 1965 737 2033 Juno,
766 1966 845 2021 vel
886 1965 1020 2019 June
1064 1963 1396 2039 (Tertullian.
1437 1962 1723 2033 Apologet.,
1763 1974 1881 2026 cap.

292 2057 387 2130 £0)
415 2075 430 2114 :
460 2056 607 2115 MSS.
629 2059 818 2124 nostri,
842 2056 995 2112 Jants
1014 2065 1068 2111 ut
1094 2056 1240 2112 Salii
1259 2056 1451 2109 volunt.
1476 2053 1535 2108 In
1561 2053 1769 2109 duobus
1793 2064 1888 2104 an-

298 2129 404 2206 tem
435 2164 596 2206 manu
623 2149 912 2206 recentiori
934 2149 1170 2205 exaratis
1208 2147 1613 2217 exemplaribus
1663 2146 1883 2213 nostris,

295 2254 349 2300 et
370 2244 423 2299 in
451 2245 625 2314 primo
648 2243 714 2298 ad
743 2241 997 2298 Nationes
1023 2240 1182 2308 libro,-
1207 2240 1295 2295 ubi
1324 2239 1515 2295 eadem
1536 2245 1848 2307 repetuntur
1870 2252 1886 2292 :

299 2335 413 2391 Etsi
436 2337 527 2392 alii
552 2344 734 2391 vocant
774 2333 910 2410 (Lib,
939 2334 961 2389 ι
993 2334 1063 2389 ad
1092 2332 1333 2399 Nation.,
1367 2346 1481 2402 cap.
1515 2314 1681 2403 123p.
1716 2326 1881 2400 578):

297 2431 491 2487 melius
532 2429 779 2497 forsitan,
811 2430 942 2484 sicut
970 2428 1082 2484 alii.
1114 2428 1380 2497 Quorsum
1410 2426 1552 2482 enim
1592 2425 1667 2482 ibi
1707 2423 1883 2481 Salio-

295 2538 414 2578 rum
466 2523 705 2579 mentio?
735 2521 1005 2594 Numquid
1048 2522 1114 2577 ab
1145 2520 1249 2576 illis
1273 2529 1365 2576 aut
1385 2520 1544 2584 solis,
1578 2506 1669 2573 aut
1699 2517 1885 2589 primis

293 2616 559 2671 Saturnus
579 2615 751 2671 dictus
776 2625 858 2670 est
877 2628 908 2670 ιι
927 2614 1080 2680 lane,
1107 2628 1213 2669 non
1237 2621 1419 2669 autem
1443 2610 1580 2668 Jano
1596 2609 1889 2681 exceptus?

292 2709 399 2768 Sed
426 2709 542 2765 inec
568 2708 793 2765 aliorum
812 2708 1017 2779 judicio
1033 2706 1414 2779 permittimus.

366 2801 654 2872 Postquam
683 2815 810 2856 vero
835 2799 1097 2857 Saturnus
1117 2799 1297 2891 datam
1327 2798 1427 2854 sibi
1476 2810 1507 2851 a
1531 2795 1669 2852 lano
1697 2793 1884 2891 sedem

296 2895 499 2951 ﬁxisset
534 2912 548 2950 :
582 2892 711 2949 Tota
738 2891 764 2947 ι
774 2892 917 2962 talia,
949 2892 1026 2947 ait
1077 2885 1279 2947 Auctor
1329 2896 1534 2954 noster,
1567 2897 1679 2960 post
1706 2885 1887 2942 (Eno-

294 2991 446 3046 triam
467 2990 713 3047 Saturnia
732 2986 1186 3061 cognominabatur
1225 2983 1489 3056 (Tertull.,
1522 2982 1696 3054 ibid):
1723 2989 1779 3037 et
1821 2981 1876 3036 in

293 3083 433 3139 libro
453 3082 520 3139 ad
543 3081 799 3139 Nationes
825 3096 844 3136 :
868 3080 996 3136 Tota
1019 3079 1181 3134 Italia
1224 3066 1293 3133 de
1325 3078 1554 3134 Saturno
1583 3076 1880 3132 uocabatur.

290 3177 457 3234 Italiae
480 3184 657 3233 autem
697 3175 927 3246 primum
954 3171 1229 3228 ()Enotrite
1259 3183 1456 3228 nomen
1487 3169 1653 3226 fuisse
1695 3174 1884 3240 aperte

290 3268 448 3326 docet
462 3269 718 3339 Virgilius
746 3268 831 3322 bis
857 3266 1106 3322 versibus
1138 3282 1152 3319 :
1724 3270 1735 3281 ‘

416 3381 505 3433 Est
526 3381 678 3443 locus,
703 3380 997 3444 Hesperiam
1023 3379 1151 3444 Graii
1177 3356 1465 3444 cognomine
1489 3376 1674 3444 dicunt,

417 3445 573 3508 Terra
591 3440 997 3508 antiqna,'potens
1016 3442 1163 3492 armis
1177 3440 1326 3508 atque
1344 3442 1500 3508 ubere
1516 3440 1700 3503 gleba,
1731 3457 1754 3483 ι

414 3506 643 3558 OEnotrii
667 3502 868 3556 coluere
893 3507 1005 3563 viri,
1032 3518 1160 3554 nunc
1180 3502 1302 3553 fama
1327 3502 1546 3553 minores

412 3569 603 3621 Italiam
624 3569 810 3620 dixisse
828 3568 965 3619 ducis
981 3569 1045 3617 de
1067 3569 1262 3617 nemine
1285 3572 1507 3630 gentem.

699 3649 928 3717 (Virgil.,
948 3648 1031 3702 tib.
1059 3659 1076 3699 ι
1100 3647 1309 3714 uincit!"
1337 3663 1379 3700 υ.
1397 3648 1555 3700 534st
1574 3647 1730 3715 seqq.)

278 3748 399 3839 Nec
430 3762 483 3818 id
517 3763 683 3818 semel
713 3762 973 3819 cecinisse
1001 3768 1306 3826 contentus,
1341 3748 1739 3815 iisdem’verbis
1768 3757 1873 3814 alio

289 3855 343 3911 in
369 3855 506 3912 libro
526 3855 720 3926 repetit
737 3854 848 3928 (lib.
876 3852 964 3921 lli,
989 3871 1038 3909 υ.
1064 3853 1168 3908 165
1192 3862 1237 3907 et
1262 3850 1448 3924 seqq.).
1474 3850 1684 3935 Videsis
1707 3848 1885 3906 Servii

288 3948 342 4005 in
372 3950 487 4006 haec
508 3949 746 4005 Carmina
773 3948 1169 4017 annotationes,
1200 3945 1523 4002 Antiochum
1556 3962 1585 4000 a
1614 3944 1878 4001 Strabone

288 4042 507 4100 citattmt
530 4044 754 4118 (Slrab.,
789 4034 876 4098 lib:
902 4040 971 4097 III
1006 4040 1213 4114 Geogrs,
1249 4060 1301 4113 p.
1333 4040 1489 4112 254),
1517 4049 1574 4097 et
1597 4041 1749 4095 alios.
1781 4038 1887 4095 Ita-

287 4124 357 4192 lia
383 4135 563 4209 itaque
603 4151 632 4192 a
663 4135 898 4194 Saturno
926 4132 1232 4206 nuncupata
1265 4134 1416 4208 prius
1456 4132 1557 4189 fuit
1598 4128 1871 4202 Saturnia,

288 4230 348 4285 tit
375 4225 545 4301 liquet
573 4229 655 4285 his
679 4228 851 4286 Ovidii
880 4227 1207 4285 carminibus
1239 4246 1252 4284 :

410 4342 517 4409 Hac
542 4356 639 4409 ego
654 4345 917 4394 Saturnum
940 4344 1142 4409 memini
1167 4343 1347 4409 tellure
1372 4348 1659 4409 receptum;

470 4405 721 4470 Coclitibus
743 4409 911 4469 regnis
926 4409 953 4455 ὲ
975 4405 1099 4470 Jove
1118 4407 1287 4470 pulsus
1303 4406 1425 4457 erat.

408 4464 535 4531 Inde
556 4469 639 4517 diu
662 4464 999 4531 genti'mausit
1017 4464 1247 4518 Saturnia
1268 4478 1476 4531 nautea;

472 4528 618 4580 Dicta
641 4528 835 4594 quoque
863 4539 939 4580 est
959 4530 1150 4580 Latium
1177 4540 1328 4591 terra,
1354 4528 1539 4580 latente
1562 4528 1691 4580 Deo.

804 4611 984 4676 (Ovid,
1012 4610 1093 4663 lib.
1129 4620 1163 4661 ιι
1184 4614 1377 4671 Ὲαδιοτ.
1404 4612 1498 4677 §3,
1520 4626 1561 4662 υ.
1587 4611 1724 4679 255.)

1995 1945 2252 2005 Nationes
2280 1950 2419 2006 libro
2463 1953 2533 2007 ab
2579 1953 2843 2009 oscitante
2890 1951 3113 2008 librario
3163 1954 3421 2024 scriptum
3462 1960 3584 2010 est:

1994 2038 2257 2095 Cornelios
2288 2040 2513 2115 Nepotes
2537 2053 2583 2098 et
2606 2042 2858 2099 Tacitum.
2887 2044 2967 2099 Ad
2996 2044 3122 2113 quid
3140 2045 3283 2101 enim
3315 2044 3385 2101 ibi
3413 2042 3581 2098 Taciti

1993 2130 2219 2199 mentio,
2242 2134 2395 2212 cujus
2422 2135 2563 2190 nulla
2591 2135 2644 2189 in
2676 2135 3046 2207 Apologetieo,
3100 2150 3272 2207 neque
3297 2149 3325 2189 a
3359 2135 3581 2192 Minutio

1992 2233 2046 2280 et
2075 2225 2350 2282 Lactantio
2378 2226 2515 2283 facta
2542 2236 2623 2285 est
2650 2226 2945 2300 (Disssﬂat.
2972 2230 3029 2283 in
3056 2227 3270 2295 Μίνωι,
3302 2245 3420 2300 cap.
3462 2229 3584 2296 ult.,

1992 2326 2093 2405 art.
2134 2316 2229 2392 9.)?
2272 2319 2461 2377 Nonne
2506 2313 2576 2376 ibi
2604 2325 2742 2378 sicut
2773 2322 2826 2377 in
2869 2322 3085 2379 illorum
3113 2321 3265 2378 libris
3295 2316 3581 2393 legendum

1991 2421 2075 2467 est
2099 2410 2333 2466 ercum
2359 2406 2602 2468 Thallum
2621 2415 2647 2468 .9

2061 2503 2328 2575 Quidquid
2370 2514 2548 2562 autem
2589 2521 2651 2562 ea
2681 2506 2749 2562 de
2788 2520 2854 2565 re
2886 2507 3170 2578 peritiores
3209 2507 3581 2578 pronuntient,

1968 2609 2216 2665 quorum
2257 2596 2462 2667 judicio
2509 2612 2726 2669 semper
2764 2599 3058 2666 stabimus,
3097 2599 3237 2655 haud
3276 2600 3585 2657 dubitanter

1992 2684 2355 2742 Tertullianus
2379 2688 2614 2745 afﬁrmat
2645 2690 2848 2746 nullttm
2889 2692 2957 2748 ab
2985 2691 3092 2747 ullo
3116 2692 3302 2763 gentili
3349 2691 3576 2747 inveniri

1990 2787 2083 2834 aut
2106 2779 2260 2835 citari
2294 2794 2451 2851 posse
2476 2790 2774 2850 auctorem,
2806 2783 2897 2854 qui
2924 2799 3156 2855 unquam
3186 2783 3461 2854 negaverit
3484 2783 3586 2840 Sa-

1992 2878 2206 2927 turnum
2235 2871 2398 2928 fuisse
2429 2874 2723 2943 hominem,
2757 2875 2847 2945 qui
2876 2875 2944 2932 ab
2968 2875 3074 2931 alio
3102 2875 3317 2931 homine
3337 2885 3391 2931 et
3416 2873 3581 2931 vitam

1986 2965 2195 3035 accepit
2218 2974 2271 3020 et
2313 2980 2560 3036 regnum,
2590 2981 2654 3022 ac
2681 2967 2904 3039 proinde
2939 2969 3080 3024 Deus
3104 2983 3223 3026 esse
3263 2984 3369 3024 non
3402 2979 3581 3040 potest

1994 3055 2308 3113 Tertullian.
2338 3059 2628 3132 Apologet.,
2649 3077 2695 3114 c.
2723 3060 2804 3128 i0,
2831 3066 2884 3132 p.
2905 3062 3036 3130 551,
3054 3062 3152 3117 etl.
3180 3062 3222 3117 ll
3242 3065 3311 3116 ad
3336 3061 3576 3131 Nalion.,

1991 3165 2038 3203 c.
2068 3149 2159 3217 12,
2199 3167 2252 3221 p.
2282 3150 2434 3223 578).
2463 3150 2637 3208 Verus
2672 3154 2820 3208 enim
2848 3154 3009 3220 Deus,
3043 3164 3099 3208 ut
3129 3154 3324 3225 saepius
3350 3155 3583 3211 diximus

1994 3242 2231 3316 (Dissert.
2249 3246 2304 3299 in
2329 3245 2544 3312 Minuta,
2568 3261 2682 3318 cap.
2707 3248 2798 3303 ult.
2812 3288 2827 3312 ,
2852 3257 2950 3301 art.
2969 3246 3046 3319 2),
3067 3261 3096 3302 a
3118 3260 3177 3303 se
3203 3248 3321 3319 ipso
3339 3247 3460 3304 solo
3478 3254 3581 3317 est,

1992 3344 2047 3392 et
2081 3338 2203 3394 ideo
2240 3339 2605 3410 omnipotens,
2631 3342 2721 3411 qui
2766 3340 3011 3396 homines
3050 3351 3353 3413 ceteraque
3398 3338 3580 3399 omnia

1990 3431 2211 3499 creavit,
2258 3433 2348 3502 qui
2396 3433 2647 3489 omnibus
2693 3433 3022 3504 dominatur,
3061 3435 3152 3507 qui
3189 3434 3371 3491 omnia
3416 3446 3581 3508 regna

1992 3524 2291 3595 dispensat.
3522 3580 3525 3583 .

2061 3618 2189 3672 Post
2216 3617 2331 3673 haec
2358 3619 2445 3675 ille
2471 3637 2482 3673 :
2510 3618 2650 3676 Satis
2676 3621 2805 3690 iam,
2826 3620 3018 3692 inquit,
3039 3623 3100 3677 de
3128 3621 3359 3678 Saturno
3381 3620 3571 3693 (Tert.,

1993 3710 2287 3784 Apologet.,
2316 3730 2363 3766 c.
2392 3713 2482 3781 10,
2515 3732 2569 3786 p.
2599 3714 2753 3785 551),
2781 3715 2848 3771 ad
2877 3715 3099 3773 cuilibet
3125 3715 3384 3774 hebetiori
3412 3730 3572 3791 atque

1987 3805 2325 3862 obStinatiori
2348 3807 2827 3864 demonstrandum
2853 3807 3041 3864 falsam
3057 3812 3277 3867 omnino
3288 3827 3408 3869 esse
3430 3814 3576 3871 illius

1987 3897 2340 3956 divinitatem.
2376 3901 2506 3957 Data
2536 3912 2712 3958 autem
2735 3918 2900 3973 opera
2931 3903 3003 3959 ibi
3027 3904 3222 3976 adjecit
3244 3907 3357 3962 licet
3379 3910 3582 3981 paucis.

1988 3990 2118 4046 Nam
2143 3993 2195 4047 in
2222 3994 2461 4050 secundo
2488 3995 2559 4050 ad
2577 3994 2832 4051 Nationes
2859 3996 2998 4053 lih’r‘o
3019 3997 3311 4076 falsitatem
3341 4002 3460 4071 ejus
3489 4016 3579 4057 va-

1988 4083 2082 4139 riis
2107 4083 2454 4142 demonstrat
2500 4090 2832 4159 argumentis
2863 4088 2974 4160 (lib.
3008 4089 3055 4145 ll
3083 4092 3153 4146 ad
3181 4091 3423 4162 Notium,
3448 4111 3494 4149 c.
3524 4092 3578 4163 7,

1988 4186 2037 4232 et
2081 4194 2200 4251 mp.
2248 4179 2396 4254 16),
2435 4194 2557 4253 quae
2606 4182 2660 4238 in
2710 4183 3083 4253 superioribus
3139 4186 3340 4243 nostris
3379 4186 3582 4243 dieser-

1995 4272 2288 4330 tationibus
2344 4274 2647 4345 explicata,
2719 4290 2826 4333 non
2883 4278 3112 4351 amplius
3155 4279 3245 4337 hic
3286 4280 3579 4353 repetentia

2057 4460 2319 4516 Saturnus
2346 4474 2513 4532 porro
2550 4462 2594 4516 si
2634 4460 2768 4519 deus
2809 4476 2910 4521 nec
2952 4463 3075 4535 fuit,
3101 4476 3201 4523 nec
3236 4479 3358 4523 esse
3384 4467 3575 4538 putuit,

1984 4552 2108 4623 quia
2153 4552 2316 4607 homo
2357 4562 2494 4619 erat,
2534 4557 2746 4611 ereteris
2776 4555 3086 4615 hominibus
3126 4560 3348 4625 similis;
3400 4560 3570 4617 multo

1905 4654 1961 4729 D
1987 4646 2157 4716 magis
2188 4646 2471 4703 divinitate
2514 4658 2700 4705 curent
2745 4650 2978 4722 Jupiter,
3005 4653 3120 4724 ejus
3165 4653 3326 4721 illius,
3359 4656 3576 4726 totaque

284 4718 644 4788 Quamobrem
669 4734 699 4773 a
723 4720 895 4791 poetis
921 4728 981 4775 ut
1007 4718 1234 4774 vidimus
1256 4718 1625 4789 (Dissertatein
1651 4717 1867 4787 Minut.,

1986 4740 2209 4798 aliorum
2230 4736 2365 4812 pene
2386 4717 2857 4800 innumerabilium
2885 4717 3275 4818 cater'va,quos
3301 4717 3368 4802 ab
3381 4717 3573 4806 eodem

282 4828 332 4869 c.
365 4811 455 4879 16,
487 4821 587 4866 art.
622 4811 698 4883 l),
730 4820 951 4867 vocatur
977 4811 1136 4868 tellus
1176 4819 1424 4883 terraque
1452 4811 1723 4881 Saturnia,
1759 4821 1815 4869 et
1839 4828 1872 4869 a

290 4905 525 4978 Virgilio,
551 4905 642 4961 ubi
679 4906 917 4961 cecinit:
1004 4896 1009 4900 ’
1364 4976 1373 4985 ι
1712 4958 1719 4963 .

436 5013 601 5080 Salue,
624 5028 799 5083 magna
821 5028 999 5081 parens
1012 5016 1228 5083 frugum,
1253 5016 1486 5068 Saturnia
1507 5016 1648 5069 tellus
1666 5016 1692 5068 ?

821 5104 833 5127 ‘
875 5098 1103 5168 (νει-θῶ,
1131 5098 1214 5153 tib.
1234 5107 1271 5151 ιι
1294 5101 1492 5167 Georg,
1514 5114 1562 5153 υ.
1585 5102 1714 5167 tu.)

281 5213 471 5272 Nonne
507 5224 686 5272 autem
710 5230 772 5274 ea
797 5219 974 5274 omnia
1004 5220 1138 5277 satis
1180 5221 1456 5278 evidenter
1496 5219 1727 5292 probant
1772 5218 1875 5276 Sa-

284 5318 501 5366 turnum
533 5311 694 5369 tuisse
722 5312 1035 5369 hominem?
1064 5314 1217 5383 Quod
1247 5314 1470 5387 quidem
1513 5313 1874 5371 Tertullianus

282 5413 389 5461 tam
416 5405 470 5460 in
494 5405 865 5477 Apologetico,
893 5420 1053 5478 quam
1085 5409 1137 5462 in
1162 5409 1401 5464 secundo
1429 5400 1496 5464 ad
1525 5407 1781 5465 Nationes
1808 5406 1873 5463 li-

280 5498 381 5556 bro
398 5500 575 5558 adhuc
596 5502 878 5559 conﬁrmat
904 5503 1209 5559 testimonio
1235 5504 1474 5573 Diodori,
1503 5504 1707 5572 Thalli,
1732 5506 1869 5561 Cas-

282 5592 347 5648 sii
368 5594 555 5651 Severi
585 5605 637 5651 et
666 5594 897 5653 Cornelii
927 5594 1167 5667 Nepotis,
1187 5596 1255 5653 de
1280 5598 1472 5668 quibus
1501 5596 1627 5654 alibi
1659 5599 1867 5670 egimus

281 5683 579 5757 (Dissertat.
604 5689 661 5743 in
680 5686 903 5755 Minut.,
930 5703 1044 5759 cap.
1074 5690 1194 5756 ηιμ,
1233 5698 1331 5744 art.
1355 5687 1412 5757 9.,
1445 5689 1568 5745 etin
1602 5686 1864 5761 Lactant.,

280 5794 327 5835 c.
359 5780 448 5849 51,
480 5791 583 5838 art.
628 5780 704 5855 5).
746 5781 862 5838 Non
899 5781 1015 5838 sine
1054 5780 1233 5854 aliqua
1278 5791 1453 5839 tamen
1493 5783 1870 5843 observatione

280 5870 609 5947 promittere
632 5880 919 5947 multis
956 5872 1013 5933 io
1047 5874 1237 5946 priore
1273 5871 1411 5935 libro
1437 5873 1697 5949 scriptum
1730 5872 1863 5935 cast

1980 4832 2359 4898 Saturum-aut
2404 4837 2593 4892 saltem
2647 4846 2769 4908 post
2808 4838 2957 4893 illum
3008 4847 3156 4894 ortos
3201 4852 3323 4895 esse
3364 4849 3576 4898 constat

1980 4925 2173 4998 (Idem,
2200 4928 2494 4999 Apologet.,
2528 4944 2575 4983 c.
2615 4929 2706 4998 10,
2738 4949 2790 5002 p.
2821 4932 2977 5000 355).
3006 4930 3137 4999 Quis
3177 4933 3319 4989 enim
3365 4935 3571 4993 nesciat

1979 5018 2190 5088 Jovem,-
2218 5035 2377 5092 quem
2405 5020 2604 5078 ethnici
2640 5022 2800 5078 deum
2835 5024 3120 5094 Optimum,
3152 5025 3450 5084 maximum
3478 5043 3575 5093 νο-
3604 5076 3613 5081 .

1980 5114 2197 5183 cubant,
2218 5130 2283 5171 ex
2318 5115 2558 5187 ejusdem
2605 5116 2823 5173 Saturni
2866 5131 2989 5173 eum
3020 5118 3155 5189 Ope,
3180 5134 3274 5176 seu
3301 5120 3448 5179 Rhea
3484 5137 3572 5180 so-

1981 5220 2106 5263 rore
2132 5221 2229 5264 sun
2254 5206 2553 5278 connubio,
2575 5209 2690 5265 sire
2716 5209 2892 5280 potius
2935 5210 3361 5278 incestu,natutn
3391 5214 3569 5286 perhi-

1979 5301 2133 5358 beri?
2160 5303 2391 5359 Adultus
2420 5316 2622 5369 autem,
2658 5303 2808 5374 pulso
2837 5313 2993 5376 patre
3017 5292 3217 5373 suo,‘in
3257 5307 3397 5364 illius
3422 5310 3573 5367 inra-

1979 5397 2048 5452 sit
2086 5406 2332 5469 regnum,
2379 5407 2540 5470 atque
2582 5389 2910 5469 assumptis,
2955 5400 3030 5455 uti
3066 5402 3140 5456 ait
3183 5396 3568 5473 Tertullianus,

1977 5496 2322 5567 squammati,
2377 5494 2609 5562 cornuti,
2654 5494 2905 5566 plumati,
2948 5496 3139 5553 imbris
3173 5500 3322 5554 aurei
3361 5499 3567 5570 ﬁguris,

1980 5589 2117 5645 illius
2147 5587 2435 5643 infamibus
2461 5588 2661 5658 stupris
2687 5596 2743 5645 et
2768 5589 3046 5645 adulteriis
3080 5593 3379 5661 procreavit
3408 5590 3570 5665 (Ter-

1977 5681 2114 5749 mttl,
2137 5679 2430 5752 Apotoget.,
2454 5696 2499 5734 c.
2522 5679 2613 5746 at,
2639 5692 2691 5752 p.
2717 5679 2847 5750 suo,
2867 5691 2914 5737 et
2941 5683 2978 5738 t.
3004 5681 3047 5736 ll
3080 5683 3148 5737 ad
3188 5682 3343 5752 Nat.,~
3376 5702 3420 5740 c.
3450 5685 3564 5759 is):

2045 5780 2179 5851 Quis
2223 5788 2353 5851 ergo
2391 5781 2649 5853 expensis
2671 5777 2756 5836 bis
2779 5778 3045 5847 omnibus,
3075 5788 3194 5852 Quae
3218 5778 3336 5841 aliis
3367 5786 3565 5843 nosuis

1973 5871 2031 5934 ιιι
2095 5868 2563 5934 ᾱκεειωιισηιιιτις
2636 5872 3043 5934 causarium
3094 5870 3422 5947 (Distertat.
3514 5877 3570 5938 in
