4076 6356
625 327 769 384 1095

1701 321 1768 380 ΙΝ
1803 317 2264 379 ΤΕΒΤΙΠᾸᾸᾹΝΙ
2304 318 2834 382 APOLOGETICUM

3723 334 3817 391 l096

626 439 824 496 Miuut.
859 479 872 504 ,
919 454 967 492 c.
1010 437 1098 503 l5,
1145 445 1244 491 art.
1273 436 1326 504 Ι,
1355 444 1400 491 et
1427 435 1683 490 dissertat.
1719 438 1772 490 in
1804 437 2020 499 Arnob.,
2052 451 2097 487 c.
2134 435 2222 500 ll,
2253 435 2303 494 Α
2333 441 2534 489 tantum
2562 435 2675 492 htcc
2699 451 2889 492 caussa
2921 448 3043 492 esse
3075 438 3154 493 vel
3185 438 3357 509 potius
3384 439 3644 511 exc0gitari
3682 450 3815 515 potuit.

623 541 726 586 art.
765 532 818 595 4,
848 541 894 584 et
932 531 984 584 in
1030 530 1295 594 Lactant.,
1328 547 1373 586 c.
1400 532 1452 594 5,
1489 531 1648 585 arb-1
1698 541 1745 584 et
1787 531 1975 601 seqq.),
2006 529 2220 584 dilﬁteri

627 639 862 694 unquam
897 625 1094 692 poterit
1125 623 1271 677 illmn
1295 623 1453 680 deum
1485 639 1588 677 non
1613 638 1754 687 esse,
1783 624 1876 678 scd
1903 623 2221 678 sceleratum

627 715 898 772 hominem
951 719 1038 787 qui
1091 732 1310 772 omnem
1353 717 1720 782 humanitatis,
1768 726 1822 772 et
1856 716 2074 787 pudoris
2101 731 2226 770 sen-

600 817 744 864 ‘sum
777 811 1040 864 exuerat?

1236 939 1527 979 ARTICULUS
1560 940 1618 980 ΙΙ.

631 1039 800 1108 Quam
827 1049 1134 1113 prtcpostere
1162 1040 1346 1094 ethnici
1380 1039 1696 1095 venditarent
1735 1055 1854 1093 suos
1889 1048 2001 1108 post
2043 1047 2227 1092 morta-

705 1136 802 1188 lem
843 1134 973 1188 Itane
1016 1134 1166 1186 vitam
1209 1137 1371 1204 factos
1413 1149 1518 1186 esse
1565 1133 1683 1185 deos
1726 1132 1788 1184 ab
1827 1133 1928 1185 alio
1969 1131 2227 1202 superiore

705 1229 934 1299 mancipe
961 1228 1271 1292 divinitatis;
1313 1243 1467 1280 unum
1505 1226 1755 1280 duntaxat
1785 1242 1895 1290 esse
1921 1224 2071 1281 deum
2097 1266 2110 1288 ,
2141 1224 2226 1294 qui

704 1322 949 1376 mundum
985 1330 1102 1374 ante
1141 1336 1312 1373 amnes
1357 1320 1619 1390 gentilium
1663 1317 1805 1383 deos,
1844 1334 1904 1370 ac
1941 1320 2132 1388 fruges,
2179 1324 2226 1368 et

706 1423 823 1468 ante
850 1413 1098 1478 Cererem,
1129 1411 1389 1465 Bacchum
1417 1422 1463 1465 et
1493 1409 1778 1464 Mineruam
1819 1420 2111 1475 creaverat;
2140 1426 2228 1463 nec

708 1507 868 1578 magis
882 1507 1000 1560 deos
1016 1505 1117 1558 dici
1140 1522 1284 1573 posse
1307 1505 1515 1558 illarum
1530 1508 1733 1573 frugum
1757 1503 2056 1563 inventores.
2076 1517 2229 1569 quam

707 1598 1001 1664 Lucullum,
1034 1599 1118 1668 qui
1142 1614 1333 1662 cerasa,
1370 1608 1414 1649 et
1435 1594 1706 1661 'lfatonem,
1729 1597 1815 1667 qui
1835 1596 1988 1663 ﬁcum
2022 1595 2230 1648 viridem

706 1692 759 1745 in
791 1689 1000 1744 Italiam
1027 1690 1175 1760 priuti
1205 1689 1514 1743 attulerunt.

2329 526 2406 582 Ac
2445 529 2615 595 primo
2657 530 2896 600 quidem,
2925 530 3047 600 quia
3085 531 3223 585 Dens
3256 531 3439 586 horum
3469 534 3814 604 indigueritolli-

2328 619 2424 672 ciis
2453 631 2506 674 et
2529 623 2732 676 auxilio
2765 642 2777 676 :
2812 623 3069 688 secundo,
3103 625 3225 695 quia
3258 624 3331 678 illi
3364 625 3560 680 eximiis
3594 630 3688 684 suis
3715 633 3816 688 laetis

2329 720 2382 766 et
2435 713 2719 769 virtutibus
2771 715 3108 772 divinitatem
3151 726 3475 773 meruerunt.
3517 721 3578 775 At
3614 733 3820 794 utrumque

2329 804 2463 861 falso
2493 809 2678 864 falsius
2705 825 2825 866 esse
2851 811 3206 867 convincitur.

2401 901 2513 968 Qua
2539 903 2680 957 enim
2707 913 2799 958 aut
2841 915 3198 970 mortuortnn,
3227 914 3319 960 aut
3347 906 3501 961 etiam
3532 907 3732 964 vivorum
3755 909 3818 964 ho-

2329 994 2532 1049 minum
2561 1010 2663 1066 ope
2697 997 2834 1051 Detts
2857 998 3201 1070 omnipotens
3223 1014 3452 1069 unquam
3471 1000 3822 1071 indiguitiNum-

2329 1088 2455 1158 quid
2501 1089 2568 1142 ad
2600 1089 2940 1144 condendam
2978 1091 3270 1144 mundum?
3299 1093 3366 1145 At
3393 1093 3679 1163 quicumque
3698 1097 3817 1164 genti-

2330 1180 2409 1236 les
2440 1180 2489 1234 id
2523 1183 2884 1250 asserucrint,
2917 1199 2973 1239 re
2991 1194 3313 1255 pugnantem
3346 1185 3601 1240 habebunt
3632 1186 3822 1258 Pythago-

2329 1288 2444 1327 ram
2472 1270 2660 1342 (lbid.,
2697 1291 2750 1343 p.
2781 1275 2893 1343 15),
2928 1275 3042 1345 qui,
3075 1285 3131 1329 ut
3170 1291 3329 1346 supra
3367 1276 3582 1331 vidimus
3605 1276 3820 1346 (Diuma.

2329 1365 2383 1418 in
2412 1363 2676 1431 Lactant.,
2707 1384 2753 1422 c.
2786 1367 2879 1434 2|,
2909 1379 3016 1434 art.
3049 1368 3128 1439 2),
3167 1369 3422 1424 mundum
3459 1371 3712 1425 increatutn
3737 1388 3822 1439 pra.

2332 1457 2569 1512 dicabat.
2598 1457 2834 1514 Tametsi
2870 1474 2995 1515 vero
3023 1462 3275 1527 mundus,
3311 1472 3366 1515 nt
3395 1461 3536 1516 Plato
3569 1461 3731 1533 aliique
3751 1463 3824 1532 phi-

2336 1549 2565 1619 losophi,
2597 1551 3052 1620 quemadmodum
3083 1552 3259 1608 adhuc
3297 1562 3598 1608 atmotatum
3625 1565 3707 1617 est,
3730 1566 3822 1609 recte

2335 1642 2673 1708 docuerunt,
2721 1647 2896 1714 reipsa
2951 1657 3164 1700 creatus
3212 1646 3317 1710 sit;
3366 1662 3520 1700 verus
3567 1645 3823 1701 nihilominus

2336 1734 2502 1799 Deus,
2534 1736 2685 1805 cujus
2723 1736 2928 1791 inlinita
2962 1747 3198 1807 potestas
3226 1748 3334 1805 est,
3365 1740 3555 1793 nullius
3579 1741 3708 1809 plane
3727 1738 3772 1792 ad
3786 1740 3824 1792 il-

707 1828 1032 1885 Falebantur
1057 1827 1270 1897 quidem
1296 1827 1521 1893 ethnici,
1557 1825 1701 1898 quod
1734 1840 1931 1896 negare
1960 1841 2229 1896 nunquam
2263 1837 2308 1896 Β
2337 1823 2445 1880 lum
2470 1824 2839 1880 fabricandum
2883 1829 3125 1883 subsidio
3157 1829 3326 1901 eguit.

635 1932 946 1996 potuerunt,
989 1920 1301 1984 Saturnum,
1345 1920 1605 1992 aliosque,
1635 1935 1770 1990 quos
1795 1921 1926 1974 deos
1949 1935 2069 1974 esse
2097 1935 2234 1973 som-

639 2017 936 2079 niaveram,
987 2016 1159 2084 reipsa
1204 2014 1364 2068 fuisse
1406 2012 1689 2067 homines:
1723 2013 1815 2067 sed
1847 2029 1966 2066 cum
1993 2011 2234 2070 Varrone

637 2109 1032 2162 contendebant
1075 2106 1206 2170 illis,
1231 2107 1388 2176 hujus
1422 2106 1544 2160 vita:
1587 2107 1830 2161 mortalis
1862 2121 2085 2161 munere
2134 2107 2235 2161 rite

593 2253 596 2257 .
640 2199 858 2265 functis,
882 2200 1059 2252 datam
1103 2199 1436 2254 divinitatem
1465 2197 1822 2268 (Tertullian,
1868 2197 2162 2268 Apologet.,
2186 2213 2231 2250 c.

642 2295 730 2360 il,
762 2312 816 2365 p.
849 2293 1000 2366 555).
1033 2293 1230 2349 Verum
1262 2293 1552 2350 absurdam
1595 2294 1901 2364 opinionem
1947 2309 2098 2347 suam
2129 2293 2236 2347 alio

640 2385 941 2440 absurdiori
965 2396 1270 2440 commento
1299 2386 1432 2440 tueri
1458 2385 1648 2440 lrnstra
1673 2385 2032 2440 conabantur.
2051 2379 2235 2455 Neque

642 2478 784 2534 enim
810 2479 1054 2533 homines
1083 2489 1200 2546 post
1227 2487 1456 2531 mortem
1480 2493 1638 2532 suam
1670 2478 1741 2530 dii
1779 2478 1892 2532 lieri
1917 2487 2234 2548 potuerunt,

642 2571 746 2625 nisi
779 2571 859 2625 vel
887 2586 917 2624 a
943 2586 1002 2624 se
1036 2571 1184 2639 ipsis,
1215 2579 1307 2624 aut
1330 2569 1439 2624 alio
1462 2569 1640 2640 aliquo
1679 2571 1742 2623 iis
1769 2571 2071 2640 potentiore
2106 2570 2235 2625 deo.

641 2665 802 2734 Atqui
834 2673 1114 2734 utrumque
1137 2663 1326 2718 falsum
1355 2671 1457 2718 est.
1500 2662 1614 2719 Non
1656 2663 1754 2735 ipsi
1779 2664 1953 2734 siquid
1975 2681 2059 2719 em
2085 2675 2240 2734 pote-

643 2765 836 2811 statem
866 2756 1168 2811 habuerunt
1195 2756 1530 2811 divinitatem
1571 2755 1670 2811 sibi
1709 2758 1938 2812 mortuis
1959 2757 2242 2813 conferen-

645 2847 720 2903 di.
747 2847 802 2903 Si
838 2848 1052 2918 quando
1080 2865 1309 2920 namque
1350 2850 1400 2905 id
1431 2851 1750 2919 potuissent,
1780 2867 2057 2921 nunquam
2105 2852 2240 2908 fuis-

645 2950 767 2996 sent
800 2940 1061 3006 homines,
1093 2943 1396 2996 tnortalimn
1428 2943 1828 2998 inlirmitatibns
1874 2956 1929 3000 et
1969 2945 2112 3000 vitiis
2138 2946 2238 3000 ob-

650 3035 814 3089 noxii.
849 3036 1009 3104 Cujus
1055 3036 1193 3089 hanc
1223 3036 1421 3090 Auctor
1470 3045 1655 3092 noster
1704 3037 1967 3091 rationem
1993 3038 2192 3114 .rcddit
2226 3055 2240 3092 :

647 3127 923 3199 Nunquam
965 3127 1192 3182 homines
1224 3129 1456 3199 fuissent.
1485 3131 1797 3199 possidentes
1823 3130 2022 3184 scilicet
2054 3131 2241 3184 melio-

2414 1919 2548 1987 Quid
2576 1936 2724 1987 vero,
2757 1922 2896 1992 quod
2918 1932 3130 1978 constat
3158 1935 3284 1980 ante
3321 1925 3595 1980 Saturnum
3620 1939 3671 1979 ac
3691 1923 3826 1994 quosli-

2341 2013 2427 2069 bet
2456 2013 2591 2068 alios
2616 2016 2899 2086 gentilium
2937 2017 3095 2084 deos,
3128 2019 3347 2086 plurius,
3382 2020 3517 2072 sicut
3549 2017 3826 2072 aitTertulliao

2339 2121 2459 2172 nus,
2479 2108 2540 2160 de
2560 2108 2683 2162 ctelo
2709 2109 2887 2174 ruisse,
2904 2120 2950 2162 et
2961 2110 3130 2163 sidera
3153 2109 3504 2178 tTertulliau.,
3527 2111 3613 2164 loc.
3628 2109 3735 2180 cit.),
3750 2118 3825 2177 puta

2339 2200 2508 2254 Solem
2538 2215 2602 2254 ac
2651 2202 2856 2268 lunam,
2891 2205 3120 2257 radiasse
3151 2246 3166 2271 ,
3203 2214 3248 2258 et
3280 2203 3488 2268 lumina,
3520 2203 3721 2258 videlicet
3750 2200 3826 2254 stel-

2339 2292 2533 2358 larum,
2567 2296 2831 2364 ﬂoruisse?
2853 2297 2970 2350 Alio
3001 2297 3264 2368 siquidem
3297 2299 3346 2352 in
3376 2299 3506 2352 libro
3527 2298 3706 2366 scripsit
3732 2293 3827 2348 ξοα-

2342 2385 2447 2438 lum
2499 2386 2774 2442 luminibus
2815 2390 3092 2458 ﬂoruisset,
3124 2392 3289 2461 magis
3319 2393 3396 2445 sol
3438 2391 3584 2445 radiis
3626 2390 3826 2443 insultasse!

2343 2478 2466 2548 (lib.
2523 2479 2587 2534 IV
2639 2482 2754 2534 adv.
2788 2480 3068 2550 Marciam,
3126 2500 3172 2537 r.
3203 2483 3331 2554 42).
3366 2485 3526 2551 Quam
3569 2485 3697 2554 igitur
3729 2495 3828 2550 Opem

2341 2575 2408 2627 ad
2470 2575 2727 2630 mundum
2788 2577 3083 2632 creandum:
3141 2579 3250 2632 Deo
3315 2577 3453 2634 ferre
3516 2580 3732 2635 Saturnus
3775 2583 3828 2628 aut

2343 2668 2563 2739 quilibet
2587 2671 2717 2724 alios
2743 2680 3017 2742 poterant,
3052 2673 3141 2742 qui
3172 2673 3334 2744 longo
3359 2684 3471 2744 post
3503 2673 3668 2732 solent,
3710 2670 3824 2723 lunam

2343 2768 2397 2814 et
2420 2760 2602 2815 stellas
2629 2772 2869 2833 tempore
2895 2765 2996 2817 orti
3029 2766 3209 2818 sunt?
3233 2765 3398 2819 Addit
3419 2763 3730 2818 Tertullianus
3749 2769 3823 2811 ante

2344 2867 2534 2908 omnes
2559 2856 2838 2925 gentilium
2873 2857 3024 2920 deos,
3061 2857 3287 2911 tonitrua
3328 2860 3539 2930 mugisse
3561 2868 3602 2910 et
3623 2857 3748 2925 ipsum
3767 2850 3826 2902 Jo-

2344 2961 2474 3012 vem,
2496 2963 2608 3017 qute
2624 2948 2676 3000 in
2692 2965 2845 3002 ntanu
2874 2950 2986 3014 eius
3012 2949 3363 3020 ponitis(sive,
3391 2961 3444 3004 ut
3471 2952 3518 3004 in
3543 2943 3828 3017 antiquioribus

2346 3039 2504 3094 editis
2529 3051 2583 3095 et
2607 3041 2817 3097 ineditis
2837 3042 3142 3106 codicibus,
3172 3042 3457 3117 imponitis)
3483 3037 3830 3114 fulg'uratimuistt

2346 3131 2700 3203 (Tertulliau.,
2749 3135 3043 3208 Apologet.,
3075 3156 3120 3192 c.
3155 3138 3241 3205 ll,
3271 3156 3328 3207 ι).
3362 3139 3514 3206 554).
3555 3138 3611 3190 lit
3642 3142 3830 3188 verutum

644 3222 902 3292 ris,quam
921 3218 1122 3292 fragilis
1137 3220 1380 3276 humana:
1393 3223 1699 3277 conditionis
1717 3226 2043 3293 potestatem(
2055 3224 2240 3296 lbid.).
2270 3233 2314 3296 C
2347 3238 2553 3281 certum
2582 3228 2651 3281 sit
2676 3228 2906 3282 tonitrua
2945 3231 3202 3299 mugisse,
3231 3240 3513 3301 antequam
3537 3228 3710 3297 Jupiter
3729 3219 3832 3278 exsti-

644 3313 804 3369 Solus
829 3313 1028 3383 quippe
1051 3313 1142 3368 Dei
1177 3312 1362 3380 Filius,
1391 3315 1460 3370 ab
1513 3324 1717 3369 aeterno
1749 3315 1916 3383 Deus,
1955 3326 2237 3384 assumpta

646 3405 884 3477 quidem,
913 3407 1006 3462 sed
1046 3407 1206 3462 modo
1238 3423 1454 3478 prorsus
1477 3408 1801 3476 admirabili,
1831 3418 1889 3464 et
1914 3409 2116 3481 absque
2137 3411 2242 3466 ulla

649 3498 763 3553 vitii
782 3509 872 3552 aut
906 3499 1108 3569 peccati
1139 3499 1279 3566 labe,
1314 3510 1500 3554 natura
1528 3500 1783 3568 hominis,
1829 3516 1916 3556 mo
1936 3505 2128 3557 rtaletn
2159 3503 2242 3557 vi-

650 3599 760 3646 tatu
787 3593 910 3663 egit.

723 3684 904 3754 Neque
932 3686 1092 3741 etiam
1123 3686 1230 3741 licti
1253 3687 1530 3758 gentilium
1559 3687 1630 3741 dii
1660 3688 1728 3742 ab
1776 3687 1887 3742 ullo
1916 3687 2022 3743 alio
2053 3687 2245 3743 divini-

651 3786 812 3834 tatem
841 3779 1081 3848 accipere
1121 3789 1426 3848 pottterunt,
1457 3778 1559 3832 nisi
1605 3779 1709 3834 illis
1735 3779 1905 3849 major
1945 3782 2244 3850 potentior-

651 3893 754 3947 que
777 3876 970 3940 l'uerit;
1005 3885 1096 3931 aut
1118 3886 1174 3930 ut
1201 3877 1512 3931 Tertulliani
1540 3877 1605 3930 ad
1637 3876 1880 3930 ethnicos
1902 3875 2094 3930 verbis
2121 3883 2242 3928 uta-

653 3985 773 4023 n.ur
799 3988 811 4024 :
849 3968 1065 4023 Necesse
1093 3979 1163 4024 est
1198 3970 1484 4023 concedatis
1513 3986 1620 4024 esse
1644 3970 1863 4038 aliquem
1884 3970 2231 4023 sublimiorem

654 4059 842 4128 Deum,
879 4073 924 4115 et
959 4063 1240 4132 mancipem
1277 4061 1544 4129 quemdam
1574 4061 1850 4114 divinitatis
1881 4060 2091 4132 (lbid.).
2133 4061 2245 4117 No-

656 4171 777 4209 men
811 4166 988 4212 autem
1017 4173 1256 4226 manceps
1290 4171 1321 4210 a
1360 4156 1621 4226 politioris
1649 4156 1926 4213 latinitatis
1955 4173 2012 4212 sc
2031 4156 2248 4227 riptori-

655 4249 756 4305 bus
779 4266 872 4320 pro
892 4266 958 4304 eo
975 4252 1217 4310 sumitur,
1239 4253 1328 4322 qui
1355 4250 1552 4321 aliquid
1579 4251 1788 4320 pttblice
1819 4251 2092 4318 conducit,
2127 4268 2251 4307 ven-

657 4343 736 4397 dit
785 4354 838 4398 et
884 4345 1116 4399 redimit.
1159 4346 1391 4399 Atnunc
1434 4345 1504 4400 ab
1549 4351 1784 4401 Auctore
1834 4355 2021 4400 nostro
2082 4346 2250 4414 accipi

657 4440 835 4510 potius
871 4439 1079 4492 videtur
1127 4453 1223 4508 pro
1260 4439 1441 4506 aliquo
1499 4439 1796 4498 divinitatis.
1839 4439 2093 4503 custode,
2151 4455 2250 4494 cu-

657 4545 838 4587 ratore
887 4545 950 4585 ac
1005 4531 1257 4600 priel'ecto
1291 4530 1496 4600 (Idem,
1530 4532 1619 4587 lib.
1666 4533 1728 4585 de
1760 4531 1975 4599 Idolol.,
2014 4549 2060 4585 c.
2097 4535 2116 4586 l
2150 4574 2165 4599 ,
2207 4542 2254 4585 et

2354 3319 2523 3379 tisset,
2564 3319 2784 3374 dnhittm
2813 3321 3013 3375 nemini
3043 3337 3164 3377 8350
3189 3321 3374 3386 debet,
3404 3322 3546 3393 quin,
3575 3319 3704 3374 insito
3725 3311 3832 3366 omni

2347 3409 2449 3465 bus
2487 3409 2792 3465 hominibus
2822 3414 3033 3478 timore,
3067 3411 3290 3467 fulmina
3317 3429 3576 3485 nunquam
3601 3409 3740 3465 audita
3772 3402 3834 3473 ι)τί-
3926 3402 3927 3456 l

2350 3518 2494 3557 mum
2521 3503 2706 3558 saltem
2741 3506 3002 3559 timuerit.
3035 3507 3398 3573 Quamobrem
3427 3505 3739 3563 Tertulliauus
3763 3501 3836 3567 ium

2351 3598 2544 3652 merito
2579 3598 2715 3653 ridet
2743 3598 3014 3665 ethnicos,
3045 3602 3134 3671 qui
3177 3602 3388 3673 fulgura
3414 3612 3467 3657 et
3495 3600 3686 3655 fulmina
3709 3595 3748 3647 in
3767 3589 3836 3656 eius

2352 3707 2510 3746 mann
2549 3707 2687 3758 esse,
2722 3694 2870 3747 etab
2920 3708 3006 3760 eo,
3057 3693 3177 3748 licet
3211 3711 3319 3750 non
3369 3696 3524 3755 facta,
3566 3687 3730 3745 vibrari
3757 3680 3838 3736 ellu-

2352 3784 2576 3837 ticbant.
3413 3855 3416 3858 _

2425 3877 2528 3934 Sed
2556 3877 2730 3932 acrius
2746 3875 2919 3932 adhuc
2939 3889 3091 3949 urget
3116 3877 3242 3931 nihil
3273 3877 3630 3950 imperfectum
3657 3870 3710 3926 ab
3728 3862 3840 3922 omni-
3925 3923 3927 3934 ε

2353 3980 2567 4040 potente
2596 3971 2729 4036 lieri,
2761 3983 2920 4042 atque
2961 3971 3161 4026 idcirco
3190 3973 3474 4031 mundum.
3506 3967 3717 4023 omnibus
3739 3957 3840 4012 abso-
3925 3975 3927 4042 ς

2355 4063 2522 4117 Ιιιιυιιι
2552 4064 2808 4127 numeris,
2833 4064 2898 4118 ab
2928 4080 2993 4120 eo
3021 4065 3298 4120 conditum
3333 4065 3518 4119 fuisse.
3548 4052 3838 4122 Uantiaigitun
3925 4053 3927 4100 ἱ

2353 4171 2472 4225 qua:
2497 4154 2564 4209 ad
2588 4156 2991 4210 sustentandam
3013 4156 3243 4211 hominis
3273 4158 3434 4211 vitam
3469 4147 3730 4210 necessaria
3751 4146 3842 4200 sunt.

2354 4257 2477 4302 ante
2519 4247 2785 4316 quoslibet
2824 4247 3104 4318 gentilimn
3157 4249 3288 4304 deos
3359 4260 3636 4316 omnesque
3677 4234 3844 4293 homines
3925 4245 3927 4318 Ι

2355 4347 2646 4394 creaverat.
2676 4335 2858 4408 Itaque
2885 4340 3033 4406 nihil,
3071 4341 3142 4393 ait
3193 4341 3309 4410 ipse
3341 4337 3697 4395 Tertullinuus,
3737 4323 3843 4380 ωιλη-

2356 4437 2540 4500 uendo,
2571 4436 2619 4489 id
2642 4448 2754 4503 est,
2784 4435 3153 4490 conservando
3181 4435 3404 4501 Itomini,
3443 4449 3502 4488 ac
3539 4419 3788 4485 Cohibendu
3807 4425 3845 4466 ne

2357 4537 2695 4596 moreretur,
2728 4540 2772 4584 et
2813 4529 3128 4593 sustinendo,
3179 4529 3292 4582 sive
3327 4523 3676 4585 sustentando,
3701 4510 3846 4570 aletnlo.

660 4623 748 4677 tib.
789 4625 852 4679 de
888 4623 1136 4689 I‘udicil.,
1163 4641 1210 4679 c.
1259 4623 1392 4692 14);
1442 4640 1548 4694 quo
1582 4639 1742 4679 sensu
1783 4627 1833 4679 in
1861 4627 2044 4680 codice
2072 4625 2250 4680 Theo-
2275 4632 2330 4693 1)
2357 4621 2678 4688 reﬁciendo,
2709 4632 3048 4692 prospectum,
3079 4636 3141 4675 ac
3167 4619 3492 4704 datttm‘post
3523 4614 3849 4704 Itoutiuemcrea-

659 4716 883 4770 dosiano
916 4714 1243 4770 thermarum
1273 4715 1606 4785 aliarumque
1635 4731 1811 4772 rermn
1857 4718 2119 4787 mancipes
2160 4731 2252 4770 vo-

657 4819 846 4865 cantur
877 4807 1026 4879 (Cod.
1059 4807 1310 4863 Tlteodos.
1353 4808 1450 4877 leg.
1486 4805 1588 4861 Un.
1629 4809 1690 4860 de
1744 4805 2057 4878 Mancipib.,
2115 4817 2153 4861 t.
2181 4807 2251 4873 ν,

663 4921 714 4974 p.
755 4901 897 4972 t85).
939 4910 1003 4955 .-\t
1042 4902 1364 4972 quicumque
1409 4898 1643 4953 dixerint
1673 4901 1960 4955 Saturnum
2012 4900 2254 4970 aliosque

609 5063 621 5076 ἢ
658 5005 900 5052 mortuos
923 4997 1166 5053 homines
1197 5013 1348 5052 suam
1377 4995 1718 5050 divinitatem
1747 4995 2020 5064 accepisse
2049 4996 2116 5049 ab
2144 4994 2250 5048 alio

662 5089 802 5145 illius
844 5091 1105 5159 mancipe,
1145 5089 1247 5146 hoc
1283 5090 1399 5161 ipso
1429 5104 1533 5143 non
1562 5103 1683 5144 esse
1713 5088 1844 5144 deos
1884 5089 2054 5158 palam
2085 5086 2255 5142 conli-

665 5194 860 5241 tentur.
883 5181 1056 5238 Verus
1082 5183 1342 5254 siquidem
1373 5183 1511 5238 Deus
1535 5197 1639 5237 asc
1669 5181 1786 5236 solo
1823 5192 1876 5236 ct
1899 5190 2134 5236 aeternus
2156 5180 2248 5248 sit,

662 5291 884 5334 necesse
912 5276 1130 5330 omnino
1157 5285 1260 5330 est.

736 5370 998 5424 Praeterea
1027 5367 1202 5422 nullus
1229 5383 1482 5439 unquam,
1513 5368 1612 5423 nisi
1630 5367 1786 5439 plane
1817 5365 2065 5436 dcsipiat,
2095 5365 2249 5420 dixe-

665 5467 736 5520 rit
760 5465 826 5518 ab
850 5464 1217 5534 omnipotente
1267 5478 1329 5518 ac
1361 5461 1756 5530 sapientissimo
1785 5463 1892 5516 Deo
1927 5458 2128 5530 aliquid
2172 5459 2255 5512 in-

666 5559 1000 5614 considerate
1030 5599 1045 5623 ,
1093 5567 1296 5611 temere
1331 5572 1394 5612 ac
1443 5557 1560 5612 sine
1601 5571 1787 5611 caussa
1833 5555 2051 5610 factum.
2100 5553 2257 5622 Atqui

667 5654 811 5709 tmlla
850 5668 1067 5724 prorsus
1092 5666 1278 5707 caussa
1307 5651 1566 5722 assignari
1621 5659 1795 5720 potest
1833 5666 1928 5706 cur
1967 5650 2055 5704 ille
2099 5662 2251 5703 suam

667 5764 790 5802 cum
833 5743 1406 5801 mortuis-hominibus
1447 5743 1869 5799 communicaret
1917 5740 2252 5796 divinitatem

669 5838 1019 5909 (Tertullian.,
1051 5840 1340 5912 Apologet.,
1368 5853 1416 5892 c.
1443 5836 1532 5904 ll,
1565 5853 1620 5907 ρ.
1645 5835 1794 5906 555).
1827 5835 2031 5908 Duplex
2055 5835 2254 5907 quippe

2360 4727 2467 4769 llllll
2511 4717 2673 4785 potuit
2696 4717 2876 4786 inferri
2897 4715 3106 4787 (lbid.).
3135 4715 3239 4770 Sed
3268 4694 3382 4769 inec
3411 4714 3522 4784 ejus
3546 4708 3688 4764 verba
3713 4694 3848 4789 nouit:

2358 4807 2424 4861 ad
2473 4809 2646 4862 vivum
2678 4809 2968 4862 resecanda
3012 4818 3157 4873 sunt,
3192 4817 3247 4861 ut
3277 4805 3475 4861 dixisse
3512 4799 3736 4877 credatur
3769 4779 3850 4841 nihil

2360 4911 2478 4970 post
2509 4901 2782 4954 conditum
2825 4901 3096 4955 hominem
3144 4899 3384 4969 potuisse
3418 4914 3446 4952 a
3480 4897 3582 4951 Deo
3608 4883 3766 4946 creari,
3786 4887 3851 4977 tl“°

2359 4995 2466 5048 vita
2496 4995 2726 5048 hominis
2771 4997 3139 5049 contineretur
3171 5002 3224 5046 et
3253 4994 3621 5048 sustineretur.
3648 4981 3741 5038 Non
3759 4981 3851 5070 em)“

2362 5087 2460 5141 sibi
2483 5085 2628 5140 aliud
2645 5087 2832 5153 voluit,
2865 5088 2964 5141 nisi
2984 5095 3194 5148 cuncta,
3226 5087 3342 5140 sine
3368 5084 3553 5156 quibus
3577 5084 3766 5133 humana
3789 5070 3855 5116 VIl3

2360 5181 2668 5233 conservari
2701 5196 2804 5232 non
2840 5190 3033 5249 potest,
3069 5195 3098 5233 a
3133 5179 3243 5232 Deo
3271 5189 3448 5233 creata
3478 5175 3632 5228 fuisse
3651 5175 3751 5221 ante
3775 5167 3856 5249 φίλ’

2362 5271 2502 5325 ditos
2531 5286 2894 5342 quoscumque
2919 5272 3194 5336 homines,
3227 5285 3291 5326 ac
3311 5270 3478 5324 multo
3507 5263 3660 5334 magis
3685 5263 3780 5342 ante
3795 5245 3855 5300 5³·

2364 5371 2578 5418 turnum
2629 5379 2690 5418 ac
2716 5363 2928 5430 Jovem,
2962 5365 3202 5434 aliosque
3220 5378 3414 5418 omnes
3433 5358 3736 5416 ethnicorum
3756 5341 3856 5434 detft

2370 5454 2501 5510 Tam
2525 5466 2673 5512 certo
2696 5457 2873 5528 igitur,
2904 5426 3062 5527 quam
3095 5426 3374 5512 evidenter
3411 5455 3499 5508 ille
3533 5448 3644 5506 inde
3666 5426 3860 5528 consimili

2365 5548 2533 5602 Deum
2573 5565 2753 5604 verum
2792 5550 2986 5603 nullius
3028 5549 3095 5602 ad
3145 5549 3409 5603 tnundnm
3457 5537 3727 5598 faciendum
3772 5519 3862 5578 indt-

2365 5645 2540 5713 guissc
2587 5643 2805 5698 auxilio.
2846 5642 2962 5699 Non
2993 5658 3130 5715 ergo
3158 5644 3231 5698 dii
3252 5642 3412 5714 aliqui
3441 5640 3570 5695 hanc
3594 5632 3662 5686 ob
3682 5623 3859 5682 caussam

2366 5733 2489 5791 lacti
2522 5746 2664 5792 sunt.

2377 5885 2380 5889 .
2440 5830 2606 5888 Instat
2627 5830 2804 5888 adhuc
2829 5833 2892 5888 de
2913 5840 3046 5888 terra
3075 5832 3372 5889 exuberasse
3396 5839 3588 5886 omnem
3604 5819 3772 5892 ["90"
3786 5804 3865 5857 “’m
