  <div class='ocr_page' id='page_1' title='image "/cluster/home/n/w/nwhite01/storage/ocr_20150623/1/hvd.32044015466733/574.png"; bbox 0 0 4076 6356; ppageno 0'>
   <div class='ocr_carea' id='block_1_1' title="bbox 281 271 418 340">
    <p class='ocr_par' dir='ltr' id='par_1_1' title="bbox 281 271 418 340">
     <span class='ocr_line' id='line_1_1' title="bbox 281 271 418 340; baseline 0.044 -6"><span class='ocrx_word' id='word_1_1' title='bbox 281 271 418 340; x_wconf 85' lang='grc'><strong>1097</strong></span> 
     </span>
    </p>
   </div>
   <div class='ocr_carea' id='block_1_2' title="bbox 1391 281 2401 349">
    <p class='ocr_par' dir='ltr' id='par_1_2' title="bbox 1391 281 2401 349">
     <span class='ocr_line' id='line_1_2' title="bbox 1391 281 2401 349; baseline 0.005 -7"><span class='ocrx_word' id='word_1_2' title='bbox 1391 281 1838 344; x_wconf 82' lang='lat' dir='ltr'><strong>DISSERTATIO</strong></span> <span class='ocrx_word' id='word_1_3' title='bbox 1876 284 1940 342; x_wconf 91' lang='lat' dir='ltr'><strong>D.</strong></span> <span class='ocrx_word' id='word_1_4' title='bbox 1969 283 2059 344; x_wconf 87' lang='lat' dir='ltr'><strong>LE</strong></span> <span class='ocrx_word' id='word_1_5' title='bbox 2094 283 2401 349; x_wconf 78' lang='lat' dir='ltr'><strong>NOUllRY.</strong></span> 
     </span>
    </p>
   </div>
   <div class='ocr_carea' id='block_1_3' title="bbox 3443 307 3578 365">
    <p class='ocr_par' dir='ltr' id='par_1_3' title="bbox 3443 307 3578 365">
     <span class='ocr_line' id='line_1_3' title="bbox 3443 307 3578 365; baseline 0 -1"><span class='ocrx_word' id='word_1_6' title='bbox 3443 307 3578 365; x_wconf 85' lang='grc'>1098</span> 
     </span>
    </p>
   </div>
   <div class='ocr_carea' id='block_1_4' title="bbox 238 401 3572 482">
    <p class='ocr_par' dir='ltr' id='par_1_4' title="bbox 238 401 3572 482">
     <span class='ocr_line' id='line_1_4' title="bbox 238 401 3572 482; baseline 0.008 -28"><span class='ocrx_word' id='word_1_7' title='bbox 238 449 251 454; x_wconf 84' lang='lat'>_</span> <span class='ocrx_word' id='word_1_8' title='bbox 278 403 540 471; x_wconf 84' lang='lat' dir='ltr'><strong>Liberum,</strong></span> <span class='ocrx_word' id='word_1_9' title='bbox 596 411 641 459; x_wconf 86' lang='lat' dir='ltr'><strong>et</strong></span> <span class='ocrx_word' id='word_1_10' title='bbox 693 401 944 470; x_wconf 83' lang='lat' dir='ltr'><strong>Cererem,</strong></span> <span class='ocrx_word' id='word_1_11' title='bbox 996 409 1043 458; x_wconf 85' lang='lat' dir='ltr'><strong>et</strong></span> <span class='ocrx_word' id='word_1_12' title='bbox 1082 401 1390 473; x_wconf 74' lang='lat' dir='ltr'><strong>Minervam,</strong></span> <span class='ocrx_word' id='word_1_13' title='bbox 1419 405 1523 459; x_wconf 84' lang='lat' dir='ltr'><strong>into</strong></span> <span class='ocrx_word' id='word_1_14' title='bbox 1575 415 1694 459; x_wconf 90' lang='lat' dir='ltr'><strong>ante</strong></span> <span class='ocrx_word' id='word_1_15' title='bbox 1725 404 1873 459; x_wconf 87' lang='lat' dir='ltr'><strong>illum</strong></span> <span class='ocrx_word' id='word_1_16' title='bbox 1900 402 1954 466; x_wconf 80' lang='grc' dir='ltr'><strong>Α</strong></span> <span class='ocrx_word' id='word_1_17' title='bbox 1981 405 2138 462; x_wconf 89' lang='lat' dir='ltr'><strong>nibus</strong></span> <span class='ocrx_word' id='word_1_18' title='bbox 2162 406 2423 464; x_wconf 88' lang='lat' dir='ltr'><strong>beneﬁcia</strong></span> <span class='ocrx_word' id='word_1_19' title='bbox 2445 450 2462 478; x_wconf 93' lang='lat'><strong>,</strong></span> <span class='ocrx_word' id='word_1_20' title='bbox 2490 406 2624 466; x_wconf 86' lang='lat' dir='ltr'><strong>deos</strong></span> <span class='ocrx_word' id='word_1_21' title='bbox 2651 416 2774 482; x_wconf 88' lang='lat' dir='ltr'><strong>post</strong></span> <span class='ocrx_word' id='word_1_22' title='bbox 2813 418 3042 471; x_wconf 87' lang='lat' dir='ltr'><strong>mortem</strong></span> <span class='ocrx_word' id='word_1_23' title='bbox 3071 426 3222 472; x_wconf 86' lang='lat' dir='ltr'><strong>suam</strong></span> <span class='ocrx_word' id='word_1_24' title='bbox 3255 415 3424 478; x_wconf 86' lang='lat' dir='ltr'><strong>factos</strong></span> <span class='ocrx_word' id='word_1_25' title='bbox 3449 437 3572 482; x_wconf 89' lang='lat' dir='ltr'><strong>esse</strong></span> 
     </span>
    </p>
   </div>
   <div class='ocr_carea' id='block_1_5' title="bbox 276 494 1856 568">
    <p class='ocr_par' dir='ltr' id='par_1_5' title="bbox 276 494 1856 568">
     <span class='ocr_line' id='line_1_5' title="bbox 276 494 1856 568; baseline -0.001 -16"><span class='ocrx_word' id='word_1_26' title='bbox 276 497 495 566; x_wconf 81' lang='lat' dir='ltr'><strong>aliquem</strong></span> <span class='ocrx_word' id='word_1_27' title='bbox 535 497 818 568; x_wconf 76' lang='lat' dir='ltr'><strong>principem</strong></span> <span class='ocrx_word' id='word_1_28' title='bbox 852 495 1105 551; x_wconf 79' lang='lat' dir='ltr'><strong>hominem</strong></span> <span class='ocrx_word' id='word_1_29' title='bbox 1131 494 1347 568; x_wconf 86' lang='lat' dir='ltr'><strong>(lbid.),</strong></span> <span class='ocrx_word' id='word_1_30' title='bbox 1392 497 1506 552; x_wconf 83' lang='lat' dir='ltr'><strong>sive</strong></span> <span class='ocrx_word' id='word_1_31' title='bbox 1547 495 1856 562; x_wconf 81' lang='lat' dir='ltr'><strong>Saturnum,</strong></span> 
     </span>
    </p>
   </div>
   <div class='ocr_carea' id='block_1_6' title="bbox 274 585 1864 662">
    <p class='ocr_par' dir='ltr' id='par_1_6' title="bbox 274 585 1864 662">
     <span class='ocr_line' id='line_1_6' title="bbox 274 585 1864 662; baseline -0.001 -18"><span class='ocrx_word' id='word_1_32' title='bbox 274 606 433 662; x_wconf 88' lang='lat' dir='ltr'><strong>quem</strong></span> <span class='ocrx_word' id='word_1_33' title='bbox 459 588 657 646; x_wconf 76' lang='lat' dir='ltr'><strong><em>ethnici</em></strong></span> <span class='ocrx_word' id='word_1_34' title='bbox 685 589 948 661; x_wconf 75' lang='lat' dir='ltr'><strong>potiorem</strong></span> <span class='ocrx_word' id='word_1_35' title='bbox 981 589 1320 661; x_wconf 88' lang='lat' dir='ltr'><strong>primumque</strong></span> <span class='ocrx_word' id='word_1_36' title='bbox 1340 585 1686 656; x_wconf 67' lang='lat' dir='ltr'><strong>omnium,uti</strong></span> <span class='ocrx_word' id='word_1_37' title='bbox 1707 588 1864 658; x_wconf 88' lang='lat' dir='ltr'><strong>paulo</strong></span> 
     </span>
    </p>
   </div>
   <div class='ocr_carea' id='block_1_7' title="bbox 273 680 1867 754">
    <p class='ocr_par' dir='ltr' id='par_1_7' title="bbox 273 680 1867 754">
     <span class='ocr_line' id='line_1_7' title="bbox 273 680 1867 754; baseline -0.001 -16"><span class='ocrx_word' id='word_1_38' title='bbox 273 693 398 740; x_wconf 91' lang='lat' dir='ltr'><strong>ante</strong></span> <span class='ocrx_word' id='word_1_39' title='bbox 427 683 763 749; x_wconf 82' lang='lat' dir='ltr'><strong>dicebamus,</strong></span> <span class='ocrx_word' id='word_1_40' title='bbox 803 682 1026 739; x_wconf 90' lang='lat' dir='ltr'><strong>deorum</strong></span> <span class='ocrx_word' id='word_1_41' title='bbox 1067 697 1190 739; x_wconf 88' lang='lat' dir='ltr'><strong>esse</strong></span> <span class='ocrx_word' id='word_1_42' title='bbox 1229 682 1560 754; x_wconf 86' lang='lat' dir='ltr'><strong>garriebant.</strong></span> <span class='ocrx_word' id='word_1_43' title='bbox 1608 680 1867 738; x_wconf 87' lang='lat' dir='ltr'><strong>Ethnieos</strong></span> 
     </span>
    </p>
   </div>
   <div class='ocr_carea' id='block_1_8' title="bbox 281 773 1867 847">
    <p class='ocr_par' dir='ltr' id='par_1_8' title="bbox 281 773 1867 847">
     <span class='ocr_line' id='line_1_8' title="bbox 281 773 1867 847; baseline -0.003 -16"><span class='ocrx_word' id='word_1_44' title='bbox 281 785 456 832; x_wconf 90' lang='lat' dir='ltr'><strong>autem</strong></span> <span class='ocrx_word' id='word_1_45' title='bbox 490 775 560 832; x_wconf 89' lang='lat' dir='ltr'><strong><em>ibi</em></strong></span> <span class='ocrx_word' id='word_1_46' title='bbox 582 775 824 847; x_wconf 77' lang='lat' dir='ltr'><strong>castigat,</strong></span> <span class='ocrx_word' id='word_1_47' title='bbox 850 776 941 846; x_wconf 89' lang='lat' dir='ltr'><strong>qui</strong></span> <span class='ocrx_word' id='word_1_48' title='bbox 971 773 1333 847; x_wconf 86' lang='lat' dir='ltr'><strong>opinabantur</strong></span> <span class='ocrx_word' id='word_1_49' title='bbox 1357 774 1610 830; x_wconf 85' lang='lat' dir='ltr'><strong>Liberum</strong></span> <span class='ocrx_word' id='word_1_50' title='bbox 1639 773 1710 829; x_wconf 92' lang='lat' dir='ltr'><strong>ob</strong></span> <span class='ocrx_word' id='word_1_51' title='bbox 1735 774 1867 842; x_wconf 91' lang='lat' dir='ltr'><strong>vini,</strong></span> 
     </span>
    </p>
   </div>
   <div class='ocr_carea' id='block_1_9' title="bbox 274 865 1870 939">
    <p class='ocr_par' dir='ltr' id='par_1_9' title="bbox 274 865 1870 939">
     <span class='ocr_line' id='line_1_9' title="bbox 274 865 1870 939; baseline -0.003 -14"><span class='ocrx_word' id='word_1_52' title='bbox 274 869 529 925; x_wconf 90' lang='lat' dir='ltr'><strong>Cererem</strong></span> <span class='ocrx_word' id='word_1_53' title='bbox 556 868 626 926; x_wconf 90' lang='lat' dir='ltr'><strong>ob</strong></span> <span class='ocrx_word' id='word_1_54' title='bbox 662 868 938 934; x_wconf 79' lang='lat' dir='ltr'><strong>frumenti,</strong></span> <span class='ocrx_word' id='word_1_55' title='bbox 979 868 1269 924; x_wconf 86' lang='lat' dir='ltr'><strong>Minervam</strong></span> <span class='ocrx_word' id='word_1_56' title='bbox 1299 878 1520 939; x_wconf 86' lang='lat' dir='ltr'><strong>propter</strong></span> <span class='ocrx_word' id='word_1_57' title='bbox 1549 867 1684 922; x_wconf 73' lang='lat' dir='ltr'><strong>clem</strong></span> <span class='ocrx_word' id='word_1_58' title='bbox 1712 865 1870 922; x_wconf 88' lang='lat' dir='ltr'><strong>adin-</strong></span> 
     </span>
    </p>
   </div>
   <div class='ocr_carea' id='block_1_10' title="bbox 275 959 1870 1033">
    <p class='ocr_par' dir='ltr' id='par_1_10' title="bbox 275 959 1870 1033">
     <span class='ocr_line' id='line_1_10' title="bbox 275 959 1870 1033; baseline -0.001 -16"><span class='ocrx_word' id='word_1_59' title='bbox 275 963 581 1019; x_wconf 87' lang='lat' dir='ltr'><strong>ventionem</strong></span> <span class='ocrx_word' id='word_1_60' title='bbox 620 977 845 1018; x_wconf 89' lang='lat' dir='ltr'><strong>numero</strong></span> <span class='ocrx_word' id='word_1_61' title='bbox 880 961 1183 1033; x_wconf 89' lang='lat' dir='ltr'><strong>adscriptos</strong></span> <span class='ocrx_word' id='word_1_62' title='bbox 1227 961 1394 1017; x_wconf 78' lang='lat' dir='ltr'><strong>fuisse</strong></span> <span class='ocrx_word' id='word_1_63' title='bbox 1430 961 1676 1016; x_wconf 89' lang='lat' dir='ltr'><strong>deorum.</strong></span> <span class='ocrx_word' id='word_1_64' title='bbox 1713 959 1870 1016; x_wconf 88' lang='lat' dir='ltr'><strong>Prius</strong></span> 
     </span>
    </p>
   </div>
   <div class='ocr_carea' id='block_1_11' title="bbox 275 1053 1870 1126">
    <p class='ocr_par' dir='ltr' id='par_1_11' title="bbox 275 1053 1870 1126">
     <span class='ocr_line' id='line_1_11' title="bbox 275 1053 1870 1126; baseline -0.004 -12"><span class='ocrx_word' id='word_1_65' title='bbox 275 1057 550 1114; x_wconf 89' lang='lat' dir='ltr'><strong>enimvero</strong></span> <span class='ocrx_word' id='word_1_66' title='bbox 576 1056 658 1111; x_wconf 63' lang='lat' dir='ltr'><strong>ba:</strong></span> <span class='ocrx_word' id='word_1_67' title='bbox 686 1054 866 1126; x_wconf 77' lang='lat' dir='ltr'><strong>fruges</strong></span> <span class='ocrx_word' id='word_1_68' title='bbox 896 1057 1068 1112; x_wconf 87' lang='lat' dir='ltr'><strong>creari</strong></span> <span class='ocrx_word' id='word_1_69' title='bbox 1095 1055 1420 1122; x_wconf 88' lang='lat' dir='ltr'><strong>debuerunt,</strong></span> <span class='ocrx_word' id='word_1_70' title='bbox 1439 1069 1596 1124; x_wconf 86' lang='lat' dir='ltr'><strong>quam</strong></span> <span class='ocrx_word' id='word_1_71' title='bbox 1621 1053 1870 1124; x_wconf 81' lang='lat' dir='ltr'><strong>inveniri.</strong></span> 
     </span>
    </p>
   </div>
   <div class='ocr_carea' id='block_1_12' title="bbox 274 1145 1872 1220">
    <p class='ocr_par' dir='ltr' id='par_1_12' title="bbox 274 1145 1872 1220">
     <span class='ocr_line' id='line_1_12' title="bbox 274 1145 1872 1220; baseline -0.003 -14"><span class='ocrx_word' id='word_1_72' title='bbox 274 1150 436 1220; x_wconf 87' lang='lat' dir='ltr'><strong>Atqui</strong></span> <span class='ocrx_word' id='word_1_73' title='bbox 466 1149 558 1204; x_wconf 91' lang='lat' dir='ltr'><strong>ille</strong></span> <span class='ocrx_word' id='word_1_74' title='bbox 582 1157 788 1204; x_wconf 90' lang='lat' dir='ltr'><strong>tantum</strong></span> <span class='ocrx_word' id='word_1_75' title='bbox 815 1149 957 1204; x_wconf 86' lang='lat' dir='ltr'><strong>Deus</strong></span> <span class='ocrx_word' id='word_1_76' title='bbox 980 1158 1084 1214; x_wconf 90' lang='lat' dir='ltr'><strong>est,</strong></span> <span class='ocrx_word' id='word_1_77' title='bbox 1109 1165 1139 1204; x_wconf 89' lang='lat' dir='ltr'><strong>a</strong></span> <span class='ocrx_word' id='word_1_78' title='bbox 1167 1162 1277 1220; x_wconf 91' lang='lat' dir='ltr'><strong>quo</strong></span> <span class='ocrx_word' id='word_1_79' title='bbox 1305 1158 1490 1203; x_wconf 87' lang='lat' dir='ltr'><strong>creata</strong></span> <span class='ocrx_word' id='word_1_80' title='bbox 1520 1145 1872 1216; x_wconf 88' lang='lat' dir='ltr'><strong>institutaque</strong></span> 
     </span>
    </p>
   </div>
   <div class='ocr_carea' id='block_1_13' title="bbox 276 1239 1864 1313">
    <p class='ocr_par' dir='ltr' id='par_1_13' title="bbox 276 1239 1864 1313">
     <span class='ocr_line' id='line_1_13' title="bbox 276 1239 1864 1313; baseline -0.001 -18"><span class='ocrx_word' id='word_1_81' title='bbox 276 1242 506 1297; x_wconf 87' lang='lat' dir='ltr'><strong>fuerunt.</strong></span> <span class='ocrx_word' id='word_1_82' title='bbox 538 1240 727 1311; x_wconf 86' lang='lat' dir='ltr'><strong>Neque</strong></span> <span class='ocrx_word' id='word_1_83' title='bbox 758 1255 950 1313; x_wconf 78' lang='lat' dir='ltr'><strong>urgeas</strong></span> <span class='ocrx_word' id='word_1_84' title='bbox 991 1240 1299 1297; x_wconf 90' lang='lat' dir='ltr'><strong>Lucretium</strong></span> <span class='ocrx_word' id='word_1_85' title='bbox 1327 1239 1396 1295; x_wconf 91' lang='lat' dir='ltr'><strong>de</strong></span> <span class='ocrx_word' id='word_1_86' title='bbox 1440 1239 1522 1295; x_wconf 88' lang='lat' dir='ltr'><strong>his</strong></span> <span class='ocrx_word' id='word_1_87' title='bbox 1553 1239 1864 1310; x_wconf 70' lang='lat' dir='ltr'><strong>loquentem</strong></span> 
     </span>
    </p>
   </div>
   <div class='ocr_carea' id='block_1_14' title="bbox 276 1332 1484 1400">
    <p class='ocr_par' dir='ltr' id='par_1_14' title="bbox 276 1332 1484 1400">
     <span class='ocr_line' id='line_1_14' title="bbox 276 1332 1484 1400; baseline -0.003 -11"><span class='ocrx_word' id='word_1_88' title='bbox 276 1351 432 1391; x_wconf 78' lang='lat' dir='ltr'><strong>usum</strong></span> <span class='ocrx_word' id='word_1_89' title='bbox 462 1349 585 1391; x_wconf 90' lang='lat' dir='ltr'><strong>esse</strong></span> <span class='ocrx_word' id='word_1_90' title='bbox 607 1334 772 1390; x_wconf 89' lang='lat' dir='ltr'><strong>verbo</strong></span> <span class='ocrx_word' id='word_1_91' title='bbox 796 1334 1096 1400; x_wconf 74' lang='lat' dir='ltr'><strong>instituisse,</strong></span> <span class='ocrx_word' id='word_1_92' title='bbox 1119 1333 1211 1390; x_wconf 89' lang='lat' dir='ltr'><strong>ubi</strong></span> <span class='ocrx_word' id='word_1_93' title='bbox 1240 1332 1438 1388; x_wconf 88' lang='lat' dir='ltr'><strong>cecinit</strong></span> <span class='ocrx_word' id='word_1_94' title='bbox 1471 1349 1484 1385; x_wconf 91' lang='lat'><strong>:</strong></span> 
     </span>
    </p>
   </div>
   <div class='ocr_carea' id='block_1_15' title="bbox 396 1444 1712 1510">
    <p class='ocr_par' dir='ltr' id='par_1_15' title="bbox 396 1444 1712 1510">
     <span class='ocr_line' id='line_1_15' title="bbox 396 1444 1712 1510; baseline -0.001 -14"><span class='ocrx_word' id='word_1_95' title='bbox 396 1446 617 1510; x_wconf 79' lang='lat' dir='ltr'><strong>Namque</strong></span> <span class='ocrx_word' id='word_1_96' title='bbox 635 1445 797 1510; x_wconf 80' lang='lat' dir='ltr'><strong>Ceres</strong></span> <span class='ocrx_word' id='word_1_97' title='bbox 827 1444 984 1496; x_wconf 83' lang='lat' dir='ltr'><strong>fertur</strong></span> <span class='ocrx_word' id='word_1_98' title='bbox 1004 1445 1196 1510; x_wconf 71' lang='lat' dir='ltr'><strong>fruges,</strong></span> <span class='ocrx_word' id='word_1_99' title='bbox 1217 1445 1472 1508; x_wconf 86' lang='lat' dir='ltr'><strong>Liberque</strong></span> <span class='ocrx_word' id='word_1_100' title='bbox 1491 1444 1712 1507; x_wconf 84' lang='lat' dir='ltr'><strong>liquores</strong></span> 
     </span>
    </p>
   </div>
   <div class='ocr_carea' id='block_1_16' title="bbox 399 1508 1451 1572">
    <p class='ocr_par' dir='ltr' id='par_1_16' title="bbox 399 1508 1451 1572">
     <span class='ocr_line' id='line_1_16' title="bbox 399 1508 1451 1572; baseline -0.003 -14"><span class='ocrx_word' id='word_1_101' title='bbox 399 1508 618 1572; x_wconf 75' lang='lat' dir='ltr'><strong>Yitigeni</strong></span> <span class='ocrx_word' id='word_1_102' title='bbox 635 1508 829 1572; x_wconf 84' lang='lat' dir='ltr'><strong>laticem</strong></span> <span class='ocrx_word' id='word_1_103' title='bbox 854 1508 1141 1558; x_wconf 83' lang='lat' dir='ltr'><strong>mortalibus</strong></span> <span class='ocrx_word' id='word_1_104' title='bbox 1158 1509 1451 1568; x_wconf 84' lang='lat' dir='ltr'><strong>instituisse,</strong></span> 
     </span>
    </p>
   </div>
   <div class='ocr_carea' id='block_1_17' title="bbox 399 1570 1682 1636">
    <p class='ocr_par' dir='ltr' id='par_1_17' title="bbox 399 1570 1682 1636">
     <span class='ocr_line' id='line_1_17' title="bbox 399 1570 1682 1636; baseline -0.001 -15"><span class='ocrx_word' id='word_1_105' title='bbox 399 1570 522 1636; x_wconf 69' lang='lat' dir='ltr'><strong>Cum</strong></span> <span class='ocrx_word' id='word_1_106' title='bbox 543 1578 706 1621; x_wconf 88' lang='lat' dir='ltr'><strong>tamen</strong></span> <span class='ocrx_word' id='word_1_107' title='bbox 729 1571 804 1636; x_wconf 81' lang='lat' dir='ltr'><strong>his</strong></span> <span class='ocrx_word' id='word_1_108' title='bbox 829 1578 996 1636; x_wconf 86' lang='lat' dir='ltr'><strong>posset</strong></span> <span class='ocrx_word' id='word_1_109' title='bbox 1033 1573 1142 1620; x_wconf 84' lang='lat' dir='ltr'><strong>sine</strong></span> <span class='ocrx_word' id='word_1_110' title='bbox 1165 1573 1320 1636; x_wconf 82' lang='lat' dir='ltr'><strong>rebus</strong></span> <span class='ocrx_word' id='word_1_111' title='bbox 1340 1573 1438 1622; x_wconf 88' lang='lat' dir='ltr'><strong>vita</strong></span> <span class='ocrx_word' id='word_1_112' title='bbox 1459 1582 1682 1630; x_wconf 90' lang='lat' dir='ltr'><strong>manere,</strong></span> 
     </span>
    </p>
   </div>
   <div class='ocr_carea' id='block_1_18' title="bbox 396 1633 1651 1698">
    <p class='ocr_par' dir='ltr' id='par_1_18' title="bbox 396 1633 1651 1698">
     <span class='ocr_line' id='line_1_18' title="bbox 396 1633 1651 1698; baseline -0.002 -14"><span class='ocrx_word' id='word_1_113' title='bbox 396 1633 464 1684; x_wconf 84' lang='lat' dir='ltr'><strong>Ut</strong></span> <span class='ocrx_word' id='word_1_114' title='bbox 491 1633 616 1684; x_wconf 85' lang='lat' dir='ltr'><strong>fama</strong></span> <span class='ocrx_word' id='word_1_115' title='bbox 639 1639 718 1685; x_wconf 88' lang='lat' dir='ltr'><strong>est</strong></span> <span class='ocrx_word' id='word_1_116' title='bbox 739 1633 924 1698; x_wconf 76' lang='lat' dir='ltr'><strong>aliquas</strong></span> <span class='ocrx_word' id='word_1_117' title='bbox 947 1636 1093 1685; x_wconf 84' lang='lat' dir='ltr'><strong>etiam</strong></span> <span class='ocrx_word' id='word_1_118' title='bbox 1114 1648 1240 1684; x_wconf 87' lang='lat' dir='ltr'><strong>nunc</strong></span> <span class='ocrx_word' id='word_1_119' title='bbox 1263 1635 1432 1684; x_wconf 88' lang='lat' dir='ltr'><strong>vivere</strong></span> <span class='ocrx_word' id='word_1_120' title='bbox 1453 1641 1651 1696; x_wconf 83' lang='lat' dir='ltr'><strong>gentes.</strong></span> 
     </span>
    </p>
   </div>
   <div class='ocr_carea' id='block_1_19' title="bbox 899 1717 1686 1782">
    <p class='ocr_par' dir='ltr' id='par_1_19' title="bbox 899 1717 1686 1782">
     <span class='ocr_line' id='line_1_19' title="bbox 899 1717 1686 1782; baseline -0.008 -12"><span class='ocrx_word' id='word_1_121' title='bbox 899 1720 1112 1780; x_wconf 78' lang='lat' dir='ltr'><strong>(Lucret.</strong></span> <span class='ocrx_word' id='word_1_122' title='bbox 1135 1717 1219 1770; x_wconf 83' lang='lat' dir='ltr'><strong>lib.</strong></span> <span class='ocrx_word' id='word_1_123' title='bbox 1247 1726 1299 1779; x_wconf 85' lang='lat' dir='ltr'><strong>V,</strong></span> <span class='ocrx_word' id='word_1_124' title='bbox 1324 1731 1367 1768; x_wconf 90' lang='grc' dir='ltr'><strong>υ.</strong></span> <span class='ocrx_word' id='word_1_125' title='bbox 1390 1717 1450 1768; x_wconf 72' lang='grc'><strong>14</strong></span> <span class='ocrx_word' id='word_1_126' title='bbox 1470 1723 1515 1767; x_wconf 88' lang='lat' dir='ltr'><strong>et</strong></span> <span class='ocrx_word' id='word_1_127' title='bbox 1530 1718 1686 1782; x_wconf 88' lang='lat' dir='ltr'><strong>seqq.)</strong></span> 
     </span>
    </p>
   </div>
   <div class='ocr_carea' id='block_1_20' title="bbox 1940 498 2303 570">
    <p class='ocr_par' dir='ltr' id='par_1_20' title="bbox 1940 498 2303 570">
     <span class='ocr_line' id='line_1_20' title="bbox 1940 498 2303 570; baseline 0.017 -20"><span class='ocrx_word' id='word_1_128' title='bbox 1940 517 1948 522; x_wconf 76' lang='grc'><strong>-</strong></span> <span class='ocrx_word' id='word_1_129' title='bbox 1976 498 2303 570; x_wconf 85' lang='lat' dir='ltr'><strong>garriebant.</strong></span> 
     </span>
    </p>
   </div>
   <div class='ocr_carea' id='block_1_21' title="bbox 2590 613 2999 658">
    <p class='ocr_par' dir='ltr' id='par_1_21' title="bbox 2590 613 2999 658">
     <span class='ocr_line' id='line_1_21' title="bbox 2590 613 2999 658; baseline 0.01 -5"><span class='ocrx_word' id='word_1_130' title='bbox 2590 613 2882 656; x_wconf 76' lang='lat' dir='ltr'><strong>ARTICULUS</strong></span> <span class='ocrx_word' id='word_1_131' title='bbox 2920 617 2999 658; x_wconf 87' lang='grc'><strong>111.</strong></span> 
     </span>
    </p>
   </div>
   <div class='ocr_carea' id='block_1_22' title="bbox 1980 684 3574 768">
    <p class='ocr_par' dir='ltr' id='par_1_22' title="bbox 1980 684 3574 768">
     <span class='ocr_line' id='line_1_22' title="bbox 1980 684 3574 768; baseline 0.013 -31"><span class='ocrx_word' id='word_1_132' title='bbox 1980 684 2183 752; x_wconf 82' lang='lat' dir='ltr'><strong>Quanta</strong></span> <span class='ocrx_word' id='word_1_133' title='bbox 2212 685 2498 743; x_wconf 85' lang='lat' dir='ltr'><strong>insulsitate</strong></span> <span class='ocrx_word' id='word_1_134' title='bbox 2538 691 2746 762; x_wconf 83' lang='lat' dir='ltr'><strong>gentiles</strong></span> <span class='ocrx_word' id='word_1_135' title='bbox 2777 693 3097 750; x_wconf 82' lang='lat' dir='ltr'><strong>venditabant</strong></span> <span class='ocrx_word' id='word_1_136' title='bbox 3139 696 3444 768; x_wconf 84' lang='lat' dir='ltr'><strong>Saturnum,</strong></span> <span class='ocrx_word' id='word_1_137' title='bbox 3471 701 3574 758; x_wconf 80' lang='lat' dir='ltr'><strong>Jo-</strong></span> 
     </span>
    </p>
   </div>
   <div class='ocr_carea' id='block_1_23' title="bbox 2049 781 3578 866">
    <p class='ocr_par' dir='ltr' id='par_1_23' title="bbox 2049 781 3578 866">
     <span class='ocr_line' id='line_1_23' title="bbox 2049 781 3578 866; baseline 0.012 -33"><span class='ocrx_word' id='word_1_138' title='bbox 2049 781 2422 853; x_wconf 86' lang='lat' dir='ltr'><strong>vem,aliosque</strong></span> <span class='ocrx_word' id='word_1_139' title='bbox 2458 783 2520 838; x_wconf 89' lang='lat' dir='ltr'><strong>ob</strong></span> <span class='ocrx_word' id='word_1_140' title='bbox 2555 785 2753 853; x_wconf 83' lang='lat' dir='ltr'><strong>merita,</strong></span> <span class='ocrx_word' id='word_1_141' title='bbox 2789 786 3135 859; x_wconf 63' lang='lat' dir='ltr'><strong>praeclaraque</strong></span> <span class='ocrx_word' id='word_1_142' title='bbox 3169 793 3433 862; x_wconf 80' lang='lat' dir='ltr'><strong>facinora,</strong></span> <span class='ocrx_word' id='word_1_143' title='bbox 3465 799 3578 866; x_wconf 85' lang='lat' dir='ltr'><strong>fac-</strong></span> 
     </span>
    </p>
   </div>
   <div class='ocr_carea' id='block_1_24' title="bbox 2049 875 3578 952">
    <p class='ocr_par' dir='ltr' id='par_1_24' title="bbox 2049 875 3578 952">
     <span class='ocr_line' id='line_1_24' title="bbox 2049 875 3578 952; baseline 0.01 -24"><span class='ocrx_word' id='word_1_144' title='bbox 2049 883 2126 929; x_wconf 85' lang='lat' dir='ltr'><strong>tos</strong></span> <span class='ocrx_word' id='word_1_145' title='bbox 2154 890 2262 930; x_wconf 85' lang='lat' dir='ltr'><strong>esse</strong></span> <span class='ocrx_word' id='word_1_146' title='bbox 2295 875 2435 939; x_wconf 88' lang='lat' dir='ltr'><strong>deos,</strong></span> <span class='ocrx_word' id='word_1_147' title='bbox 2467 885 2513 931; x_wconf 88' lang='lat' dir='ltr'><strong>et</strong></span> <span class='ocrx_word' id='word_1_148' title='bbox 2538 877 2691 946; x_wconf 89' lang='lat' dir='ltr'><strong>alios,</strong></span> <span class='ocrx_word' id='word_1_149' title='bbox 2719 880 2824 935; x_wconf 86' lang='lat' dir='ltr'><strong>illis</strong></span> <span class='ocrx_word' id='word_1_150' title='bbox 2854 883 3248 952; x_wconf 80' lang='lat' dir='ltr'><strong>prwstantiores,</strong></span> <span class='ocrx_word' id='word_1_151' title='bbox 3293 887 3491 942; x_wconf 85' lang='lat' dir='ltr'><strong>relictos</strong></span> <span class='ocrx_word' id='word_1_152' title='bbox 3519 889 3578 945; x_wconf 83' lang='lat' dir='ltr'><strong>in</strong></span> 
     </span>
    </p>
   </div>
   <div class='ocr_carea' id='block_1_25' title="bbox 2047 965 3577 1046">
    <p class='ocr_par' dir='ltr' id='par_1_25' title="bbox 2047 965 3577 1046">
     <span class='ocr_line' id='line_1_25' title="bbox 2047 965 3577 1046; baseline 0.011 -27"><span class='ocrx_word' id='word_1_153' title='bbox 2047 965 2257 1036; x_wconf 76' lang='lat' dir='ltr'><strong>inferis,</strong></span> <span class='ocrx_word' id='word_1_154' title='bbox 2283 967 2522 1023; x_wconf 82' lang='lat' dir='ltr'><strong>nimirum</strong></span> <span class='ocrx_word' id='word_1_155' title='bbox 2566 969 2874 1040; x_wconf 87' lang='lat' dir='ltr'><strong>Socratem,</strong></span> <span class='ocrx_word' id='word_1_156' title='bbox 2926 974 3201 1030; x_wconf 80' lang='lat' dir='ltr'><strong>Aristidem</strong></span> <span class='ocrx_word' id='word_1_157' title='bbox 3225 1019 3240 1046; x_wconf 94' lang='lat'><strong>,</strong></span> <span class='ocrx_word' id='word_1_158' title='bbox 3287 977 3577 1035; x_wconf 84' lang='lat' dir='ltr'><strong>Themisto-</strong></span> 
     </span>
    </p>
   </div>
   <div class='ocr_carea' id='block_1_26' title="bbox 2047 1059 3577 1142">
    <p class='ocr_par' dir='ltr' id='par_1_26' title="bbox 2047 1059 3577 1142">
     <span class='ocr_line' id='line_1_26' title="bbox 2047 1059 3577 1142; baseline 0.009 -29"><span class='ocrx_word' id='word_1_159' title='bbox 2047 1059 2196 1128; x_wconf 84' lang='lat' dir='ltr'><strong>clem,</strong></span> <span class='ocrx_word' id='word_1_160' title='bbox 2231 1060 2578 1117; x_wconf 73' lang='lat' dir='ltr'><strong>Alexandrum</strong></span> <span class='ocrx_word' id='word_1_161' title='bbox 2624 1062 2895 1136; x_wconf 80' lang='lat' dir='ltr'><strong>Magnum,</strong></span> <span class='ocrx_word' id='word_1_162' title='bbox 2942 1065 3271 1138; x_wconf 87' lang='lat' dir='ltr'><strong>Pompeium,</strong></span> <span class='ocrx_word' id='word_1_163' title='bbox 3316 1069 3577 1142; x_wconf 81' lang='lat' dir='ltr'><strong>Polycra-</strong></span> 
     </span>
    </p>
   </div>
   <div class='ocr_carea' id='block_1_27' title="bbox 2047 1153 3572 1231">
    <p class='ocr_par' dir='ltr' id='par_1_27' title="bbox 2047 1153 3572 1231">
     <span class='ocr_line' id='line_1_27' title="bbox 2047 1153 3572 1231; baseline 0.009 -24"><span class='ocrx_word' id='word_1_164' title='bbox 2047 1162 2181 1222; x_wconf 89' lang='lat' dir='ltr'><strong>tem,</strong></span> <span class='ocrx_word' id='word_1_165' title='bbox 2233 1153 2436 1226; x_wconf 81' lang='lat' dir='ltr'><strong>Syllam</strong></span> <span class='ocrx_word' id='word_1_166' title='bbox 2459 1197 2474 1224; x_wconf 93' lang='lat'><strong>,</strong></span> <span class='ocrx_word' id='word_1_167' title='bbox 2521 1154 2782 1226; x_wconf 68' lang='lat' dir='ltr'><strong>Crassum,</strong></span> <span class='ocrx_word' id='word_1_168' title='bbox 2840 1158 3114 1227; x_wconf 84' lang='lat' dir='ltr'><strong>Crassum,</strong></span> <span class='ocrx_word' id='word_1_169' title='bbox 3162 1161 3572 1231; x_wconf 83' lang='lat' dir='ltr'><strong>Demosthenem,</strong></span> 
     </span>
    </p>
   </div>
   <div class='ocr_carea' id='block_1_28' title="bbox 2047 1243 3579 1328">
    <p class='ocr_par' dir='ltr' id='par_1_28' title="bbox 2047 1243 3579 1328">
     <span class='ocr_line' id='line_1_28' title="bbox 2047 1243 3579 1328; baseline 0.008 -29"><span class='ocrx_word' id='word_1_170' title='bbox 2047 1243 2339 1300; x_wconf 84' lang='lat' dir='ltr'><strong>Ciceronem</strong></span> <span class='ocrx_word' id='word_1_171' title='bbox 2385 1256 2578 1318; x_wconf 87' lang='lat' dir='ltr'><strong>:atque</strong></span> <span class='ocrx_word' id='word_1_172' title='bbox 2621 1251 2904 1304; x_wconf 79' lang='lat' dir='ltr'><strong>ostenditur</strong></span> <span class='ocrx_word' id='word_1_173' title='bbox 2939 1251 3250 1308; x_wconf 86' lang='lat' dir='ltr'><strong>divinitatem</strong></span> <span class='ocrx_word' id='word_1_174' title='bbox 3291 1271 3324 1308; x_wconf 91' lang='lat' dir='ltr'><strong>a</strong></span> <span class='ocrx_word' id='word_1_175' title='bbox 3366 1255 3579 1328; x_wconf 86' lang='lat' dir='ltr'><strong>gentili-</strong></span> 
     </span>
    </p>
   </div>
   <div class='ocr_carea' id='block_1_29' title="bbox 2047 1336 3576 1416">
    <p class='ocr_par' dir='ltr' id='par_1_29' title="bbox 2047 1336 3576 1416">
     <span class='ocr_line' id='line_1_29' title="bbox 2047 1336 3576 1416; baseline 0.007 -24"><span class='ocrx_word' id='word_1_176' title='bbox 2047 1337 2140 1392; x_wconf 92' lang='lat' dir='ltr'><strong>bus</strong></span> <span class='ocrx_word' id='word_1_177' title='bbox 2165 1336 2362 1401; x_wconf 86' lang='lat' dir='ltr'><strong>eadem,</strong></span> <span class='ocrx_word' id='word_1_178' title='bbox 2381 1355 2481 1409; x_wconf 86' lang='lat' dir='ltr'><strong>qua</strong></span> <span class='ocrx_word' id='word_1_179' title='bbox 2525 1340 2624 1394; x_wconf 86' lang='lat' dir='ltr'><strong>diis</strong></span> <span class='ocrx_word' id='word_1_180' title='bbox 2653 1343 2781 1408; x_wconf 86' lang='lat' dir='ltr'><strong>suis,</strong></span> <span class='ocrx_word' id='word_1_181' title='bbox 2811 1344 3018 1406; x_wconf 77' lang='lat' dir='ltr'><strong>ratione</strong></span> <span class='ocrx_word' id='word_1_182' title='bbox 3034 1345 3353 1401; x_wconf 80' lang='lat' dir='ltr'><strong>tribuendam</strong></span> <span class='ocrx_word' id='word_1_183' title='bbox 3396 1346 3576 1416; x_wconf 85' lang='lat' dir='ltr'><strong>Laidi,</strong></span> 
     </span>
    </p>
   </div>
   <div class='ocr_carea' id='block_1_30' title="bbox 2048 1427 3576 1506">
    <p class='ocr_par' dir='ltr' id='par_1_30' title="bbox 2048 1427 3576 1506">
     <span class='ocr_line' id='line_1_30' title="bbox 2048 1427 3576 1506; baseline 0.009 -24"><span class='ocrx_word' id='word_1_184' title='bbox 2048 1427 2300 1500; x_wconf 82' lang='lat' dir='ltr'><strong>Phrynte,</strong></span> <span class='ocrx_word' id='word_1_185' title='bbox 2322 1428 2598 1500; x_wconf 78' lang='lat' dir='ltr'><strong>Larentite,</strong></span> <span class='ocrx_word' id='word_1_186' title='bbox 2621 1442 2770 1504; x_wconf 88' lang='lat' dir='ltr'><strong>atque</strong></span> <span class='ocrx_word' id='word_1_187' title='bbox 2798 1435 2923 1506; x_wconf 86' lang='lat' dir='ltr'><strong>ipsis</strong></span> <span class='ocrx_word' id='word_1_188' title='bbox 2947 1437 3050 1490; x_wconf 82' lang='lat' dir='ltr'><strong>sive</strong></span> <span class='ocrx_word' id='word_1_189' title='bbox 3075 1439 3286 1493; x_wconf 90' lang='lat' dir='ltr'><strong>mortuis</strong></span> <span class='ocrx_word' id='word_1_190' title='bbox 3317 1439 3420 1506; x_wconf 74' lang='lat' dir='ltr'><strong>sive</strong></span> <span class='ocrx_word' id='word_1_191' title='bbox 3451 1441 3576 1496; x_wconf 88' lang='lat' dir='ltr'><strong>vivis</strong></span> 
     </span>
    </p>
   </div>
   <div class='ocr_carea' id='block_1_31' title="bbox 2047 1519 2351 1596">
    <p class='ocr_par' dir='ltr' id='par_1_31' title="bbox 2047 1519 2351 1596">
     <span class='ocr_line' id='line_1_31' title="bbox 2047 1519 2351 1596; baseline -0.007 -20"><span class='ocrx_word' id='word_1_192' title='bbox 2047 1519 2351 1596; x_wconf 68' lang='lat' dir='ltr'><strong>Caesaribus.</strong></span> 
     </span>
    </p>
   </div>
   <div class='ocr_carea' id='block_1_32' title="bbox 2049 1613 3574 1679">
    <p class='ocr_par' dir='ltr' id='par_1_32' title="bbox 2049 1613 3574 1679">
     <span class='ocr_line' id='line_1_32' title="bbox 2049 1613 3574 1679; baseline 0.007 -11"><span class='ocrx_word' id='word_1_193' title='bbox 2049 1615 2230 1669; x_wconf 83' lang='lat' dir='ltr'><strong>Altera</strong></span> <span class='ocrx_word' id='word_1_194' title='bbox 2262 1613 2558 1672; x_wconf 63' lang='lat' dir='ltr'><strong>tribuendas:</strong></span> <span class='ocrx_word' id='word_1_195' title='bbox 2580 1618 2806 1673; x_wconf 89' lang='lat' dir='ltr'><strong>mortuis</strong></span> <span class='ocrx_word' id='word_1_196' title='bbox 2836 1617 3139 1675; x_wconf 89' lang='lat' dir='ltr'><strong>hominibus</strong></span> <span class='ocrx_word' id='word_1_197' title='bbox 3165 1621 3461 1678; x_wconf 88' lang='lat' dir='ltr'><strong>divinitatis</strong></span> <span class='ocrx_word' id='word_1_198' title='bbox 3481 1638 3574 1679; x_wconf 81' lang='lat' dir='ltr'><strong>ra-</strong></span> 
     </span>
    </p>
   </div>
   <div class='ocr_carea' id='block_1_33' title="bbox 1979 1707 3573 1771">
    <p class='ocr_par' dir='ltr' id='par_1_33' title="bbox 1979 1707 3573 1771">
     <span class='ocr_line' id='line_1_33' title="bbox 1979 1707 3573 1771; baseline 0.005 -9"><span class='ocrx_word' id='word_1_199' title='bbox 1979 1707 2053 1762; x_wconf 90' lang='lat' dir='ltr'><strong>tio</strong></span> <span class='ocrx_word' id='word_1_200' title='bbox 2076 1707 2144 1763; x_wconf 90' lang='lat' dir='ltr'><strong>ab</strong></span> <span class='ocrx_word' id='word_1_201' title='bbox 2175 1707 2403 1763; x_wconf 86' lang='lat' dir='ltr'><strong>ethnicis</strong></span> <span class='ocrx_word' id='word_1_202' title='bbox 2443 1709 2822 1765; x_wconf 86' lang='lat' dir='ltr'><strong>desumebalur</strong></span> <span class='ocrx_word' id='word_1_203' title='bbox 2853 1727 2916 1766; x_wconf 84' lang='lat' dir='ltr'><strong>ex</strong></span> <span class='ocrx_word' id='word_1_204' title='bbox 2956 1710 3167 1766; x_wconf 91' lang='lat' dir='ltr'><strong>illorum</strong></span> <span class='ocrx_word' id='word_1_205' title='bbox 3225 1714 3429 1768; x_wconf 90' lang='lat' dir='ltr'><strong>meritis</strong></span> <span class='ocrx_word' id='word_1_206' title='bbox 3457 1716 3573 1771; x_wconf 81' lang='lat' dir='ltr'><strong>fac-</strong></span> 
     </span>
    </p>
   </div>
   <div class='ocr_carea' id='block_1_34' title="bbox 270 1780 3575 1874">
    <p class='ocr_par' dir='ltr' id='par_1_34' title="bbox 270 1780 3575 1874">
     <span class='ocr_line' id='line_1_34' title="bbox 270 1780 3575 1874; baseline 0.001 -13"><span class='ocrx_word' id='word_1_207' title='bbox 270 1780 436 1861; x_wconf 83' lang='lat' dir='ltr'><strong>Poeta</strong></span> <span class='ocrx_word' id='word_1_208' title='bbox 455 1805 598 1861; x_wconf 90' lang='lat' dir='ltr'><strong>enim</strong></span> <span class='ocrx_word' id='word_1_209' title='bbox 628 1804 700 1860; x_wconf 88' lang='lat' dir='ltr'><strong>ibi</strong></span> <span class='ocrx_word' id='word_1_210' title='bbox 724 1803 794 1859; x_wconf 90' lang='lat' dir='ltr'><strong>de</strong></span> <span class='ocrx_word' id='word_1_211' title='bbox 820 1803 903 1860; x_wconf 90' lang='lat' dir='ltr'><strong>his</strong></span> <span class='ocrx_word' id='word_1_212' title='bbox 930 1803 1188 1874; x_wconf 88' lang='lat' dir='ltr'><strong>loquitur,</strong></span> <span class='ocrx_word' id='word_1_213' title='bbox 1215 1810 1332 1869; x_wconf 69' lang='lat' dir='ltr'><strong>aure</strong></span> <span class='ocrx_word' id='word_1_214' title='bbox 1351 1780 1648 1873; x_wconf 82' lang='lat' dir='ltr'><strong>aliquorum</strong></span> <span class='ocrx_word' id='word_1_215' title='bbox 1671 1780 1792 1856; x_wconf 88' lang='lat' dir='ltr'><strong>arte</strong></span> <span class='ocrx_word' id='word_1_216' title='bbox 1814 1809 1867 1856; x_wconf 87' lang='lat' dir='ltr'><strong>et</strong></span> <span class='ocrx_word' id='word_1_217' title='bbox 1897 1804 1947 1865; x_wconf 87' lang='grc' dir='ltr'><strong>Β</strong></span> <span class='ocrx_word' id='word_1_218' title='bbox 1977 1802 2146 1872; x_wconf 85' lang='lat' dir='ltr'><strong>tisque</strong></span> <span class='ocrx_word' id='word_1_219' title='bbox 2175 1803 2406 1868; x_wconf 81' lang='lat' dir='ltr'><strong>eximiis,</strong></span> <span class='ocrx_word' id='word_1_220' title='bbox 2434 1803 2627 1874; x_wconf 89' lang='lat' dir='ltr'><strong>quibus</strong></span> <span class='ocrx_word' id='word_1_221' title='bbox 2661 1819 2781 1859; x_wconf 90' lang='lat' dir='ltr'><strong>eam</strong></span> <span class='ocrx_word' id='word_1_222' title='bbox 2825 1814 3103 1862; x_wconf 86' lang='lat' dir='ltr'><strong>assecutos</strong></span> <span class='ocrx_word' id='word_1_223' title='bbox 3153 1821 3275 1863; x_wconf 90' lang='lat' dir='ltr'><strong>esse</strong></span> <span class='ocrx_word' id='word_1_224' title='bbox 3318 1808 3575 1865; x_wconf 84' lang='lat' dir='ltr'><strong>audacter</strong></span> 
     </span>
    </p>
   </div>
   <div class='ocr_carea' id='block_1_35' title="bbox 270 1897 1870 1972">
    <p class='ocr_par' dir='ltr' id='par_1_35' title="bbox 270 1897 1870 1972">
     <span class='ocr_line' id='line_1_35' title="bbox 270 1897 1870 1972; baseline -0.003 -17"><span class='ocrx_word' id='word_1_225' title='bbox 270 1901 487 1972; x_wconf 83' lang='lat' dir='ltr'><strong>ingenio</strong></span> <span class='ocrx_word' id='word_1_226' title='bbox 511 1909 726 1970; x_wconf 88' lang='lat' dir='ltr'><strong>reperta</strong></span> <span class='ocrx_word' id='word_1_227' title='bbox 755 1899 987 1956; x_wconf 81' lang='lat' dir='ltr'><strong>fuerant.</strong></span> <span class='ocrx_word' id='word_1_228' title='bbox 1015 1897 1250 1954; x_wconf 79' lang='lat' dir='ltr'><strong>Verbum</strong></span> <span class='ocrx_word' id='word_1_229' title='bbox 1279 1912 1410 1969; x_wconf 84' lang='lat' dir='ltr'><strong>ergo</strong></span> <span class='ocrx_word' id='word_1_230' title='bbox 1434 1897 1730 1961; x_wconf 87' lang='lat' dir='ltr'><strong>instituisse,</strong></span> <span class='ocrx_word' id='word_1_231' title='bbox 1761 1910 1870 1952; x_wconf 83' lang='lat' dir='ltr'><strong>non</strong></span> 
     </span>
    </p>
   </div>
   <div class='ocr_carea' id='block_1_36' title="bbox 267 1989 1869 2064">
    <p class='ocr_par' dir='ltr' id='par_1_36' title="bbox 267 1989 1869 2064">
     <span class='ocr_line' id='line_1_36' title="bbox 267 1989 1869 2064; baseline -0.004 -16"><span class='ocrx_word' id='word_1_232' title='bbox 267 1994 378 2048; x_wconf 90' lang='lat' dir='ltr'><strong>alio</strong></span> <span class='ocrx_word' id='word_1_233' title='bbox 406 2007 566 2064; x_wconf 89' lang='lat' dir='ltr'><strong>quam</strong></span> <span class='ocrx_word' id='word_1_234' title='bbox 596 1992 888 2058; x_wconf 88' lang='lat' dir='ltr'><strong>invenisse,</strong></span> <span class='ocrx_word' id='word_1_235' title='bbox 919 2006 1080 2047; x_wconf 91' lang='lat' dir='ltr'><strong>sensu</strong></span> <span class='ocrx_word' id='word_1_236' title='bbox 1107 1989 1334 2061; x_wconf 88' lang='lat' dir='ltr'><strong>accepit.</strong></span> <span class='ocrx_word' id='word_1_237' title='bbox 1363 1989 1420 2045; x_wconf 90' lang='lat' dir='ltr'><strong>Si</strong></span> <span class='ocrx_word' id='word_1_238' title='bbox 1441 1989 1562 2060; x_wconf 91' lang='lat' dir='ltr'><strong>quis</strong></span> <span class='ocrx_word' id='word_1_239' title='bbox 1585 2001 1715 2044; x_wconf 92' lang='lat' dir='ltr'><strong>vero</strong></span> <span class='ocrx_word' id='word_1_240' title='bbox 1740 2003 1869 2042; x_wconf 85' lang='lat' dir='ltr'><strong>con-</strong></span> 
     </span>
    </p>
   </div>
   <div class='ocr_carea' id='block_1_37' title="bbox 273 2072 1868 2154">
    <p class='ocr_par' dir='ltr' id='par_1_37' title="bbox 273 2072 1868 2154">
     <span class='ocr_line' id='line_1_37' title="bbox 273 2072 1868 2154; baseline -0.003 -13"><span class='ocrx_word' id='word_1_241' title='bbox 273 2085 458 2142; x_wconf 88' lang='lat' dir='ltr'><strong>tendat</strong></span> <span class='ocrx_word' id='word_1_242' title='bbox 485 2086 666 2141; x_wconf 89' lang='lat' dir='ltr'><strong>abillo</strong></span> <span class='ocrx_word' id='word_1_243' title='bbox 690 2086 969 2141; x_wconf 87' lang='lat' dir='ltr'><strong>instituisse</strong></span> <span class='ocrx_word' id='word_1_244' title='bbox 995 2081 1218 2150; x_wconf 87' lang='lat' dir='ltr'><strong>dictum,</strong></span> <span class='ocrx_word' id='word_1_245' title='bbox 1242 2085 1371 2154; x_wconf 90' lang='lat' dir='ltr'><strong>quia</strong></span> <span class='ocrx_word' id='word_1_246' title='bbox 1407 2072 1648 2138; x_wconf 84' lang='lat' dir='ltr'><strong>Bacchus</strong></span> <span class='ocrx_word' id='word_1_247' title='bbox 1667 2092 1721 2137; x_wconf 92' lang='lat' dir='ltr'><strong>et</strong></span> <span class='ocrx_word' id='word_1_248' title='bbox 1745 2081 1868 2136; x_wconf 64' lang='lat' dir='ltr'><strong>&#39;Ce-</strong></span> 
     </span>
    </p>
   </div>
   <div class='ocr_carea' id='block_1_38' title="bbox 268 2163 1871 2252">
    <p class='ocr_par' dir='ltr' id='par_1_38' title="bbox 268 2163 1871 2252">
     <span class='ocr_line' id='line_1_38' title="bbox 268 2163 1871 2252; baseline -0.005 -16"><span class='ocrx_word' id='word_1_249' title='bbox 268 2195 362 2236; x_wconf 89' lang='lat' dir='ltr'><strong>res</strong></span> <span class='ocrx_word' id='word_1_250' title='bbox 387 2180 539 2252; x_wconf 89' lang='lat' dir='ltr'><strong>panis</strong></span> <span class='ocrx_word' id='word_1_251' title='bbox 585 2195 651 2236; x_wconf 79' lang='lat' dir='ltr'><strong>ex</strong></span> <span class='ocrx_word' id='word_1_252' title='bbox 697 2178 962 2249; x_wconf 86' lang='lat' dir='ltr'><strong>frugibus,</strong></span> <span class='ocrx_word' id='word_1_253' title='bbox 1009 2163 1232 2249; x_wconf 74' lang='lat' dir='ltr'><strong>vinique</strong></span> <span class='ocrx_word' id='word_1_254' title='bbox 1273 2193 1340 2232; x_wconf 82' lang='lat' dir='ltr'><strong>ex</strong></span> <span class='ocrx_word' id='word_1_255' title='bbox 1390 2177 1508 2230; x_wconf 89' lang='lat' dir='ltr'><strong>uvis</strong></span> <span class='ocrx_word' id='word_1_256' title='bbox 1546 2173 1871 2231; x_wconf 86' lang='lat' dir='ltr'><strong>conﬁciendi</strong></span> 
     </span>
    </p>
   </div>
   <div class='ocr_carea' id='block_1_39' title="bbox 269 2265 1871 2340">
    <p class='ocr_par' dir='ltr' id='par_1_39' title="bbox 269 2265 1871 2340">
     <span class='ocr_line' id='line_1_39' title="bbox 269 2265 1871 2340; baseline -0.006 -11"><span class='ocrx_word' id='word_1_257' title='bbox 269 2272 490 2329; x_wconf 91' lang='lat' dir='ltr'><strong>modum</strong></span> <span class='ocrx_word' id='word_1_258' title='bbox 517 2272 766 2330; x_wconf 81' lang='lat' dir='ltr'><strong>docuisse</strong></span> <span class='ocrx_word' id='word_1_259' title='bbox 788 2273 1118 2339; x_wconf 90' lang='lat' dir='ltr'><strong>lerebantur,</strong></span> <span class='ocrx_word' id='word_1_260' title='bbox 1148 2285 1254 2325; x_wconf 89' lang='lat' dir='ltr'><strong>non</strong></span> <span class='ocrx_word' id='word_1_261' title='bbox 1278 2269 1505 2325; x_wconf 91' lang='lat' dir='ltr'><strong>multum</strong></span> <span class='ocrx_word' id='word_1_262' title='bbox 1545 2265 1871 2340; x_wconf 86' lang='lat' dir='ltr'><strong>repugnabi-</strong></span> 
     </span>
    </p>
   </div>
   <div class='ocr_carea' id='block_1_40' title="bbox 271 2359 1869 2434">
    <p class='ocr_par' dir='ltr' id='par_1_40' title="bbox 271 2359 1869 2434">
     <span class='ocr_line' id='line_1_40' title="bbox 271 2359 1869 2434; baseline -0.002 -16"><span class='ocrx_word' id='word_1_263' title='bbox 271 2381 414 2421; x_wconf 88' lang='lat' dir='ltr'><strong>mus.</strong></span> <span class='ocrx_word' id='word_1_264' title='bbox 443 2364 637 2420; x_wconf 80' lang='lat' dir='ltr'><strong>Verum</strong></span> <span class='ocrx_word' id='word_1_265' title='bbox 667 2364 712 2419; x_wconf 91' lang='lat' dir='ltr'><strong>is</strong></span> <span class='ocrx_word' id='word_1_266' title='bbox 742 2379 814 2419; x_wconf 91' lang='lat' dir='ltr'><strong>ne</strong></span> <span class='ocrx_word' id='word_1_267' title='bbox 843 2363 1013 2420; x_wconf 87' lang='lat' dir='ltr'><strong>hilutn</strong></span> <span class='ocrx_word' id='word_1_268' title='bbox 1057 2363 1274 2434; x_wconf 90' lang='lat' dir='ltr'><strong>quidem</strong></span> <span class='ocrx_word' id='word_1_269' title='bbox 1308 2363 1434 2418; x_wconf 91' lang='lat' dir='ltr'><strong>inde</strong></span> <span class='ocrx_word' id='word_1_270' title='bbox 1464 2360 1726 2433; x_wconf 89' lang='lat' dir='ltr'><strong>proﬁciet.</strong></span> <span class='ocrx_word' id='word_1_271' title='bbox 1758 2359 1869 2416; x_wconf 83' lang='lat' dir='ltr'><strong>No-</strong></span> 
     </span>
    </p>
   </div>
   <div class='ocr_carea' id='block_1_41' title="bbox 270 2451 1870 2530">
    <p class='ocr_par' dir='ltr' id='par_1_41' title="bbox 270 2451 1870 2530">
     <span class='ocr_line' id='line_1_41' title="bbox 270 2451 1870 2530; baseline -0.003 -20"><span class='ocrx_word' id='word_1_272' title='bbox 270 2456 357 2512; x_wconf 86' lang='lat' dir='ltr'><strong>bis</strong></span> <span class='ocrx_word' id='word_1_273' title='bbox 383 2457 525 2511; x_wconf 90' lang='lat' dir='ltr'><strong>enim</strong></span> <span class='ocrx_word' id='word_1_274' title='bbox 561 2456 717 2526; x_wconf 89' lang='lat' dir='ltr'><strong>plane</strong></span> <span class='ocrx_word' id='word_1_275' title='bbox 755 2453 954 2510; x_wconf 90' lang='lat' dir='ltr'><strong>sufﬁcit</strong></span> <span class='ocrx_word' id='word_1_276' title='bbox 977 2465 1128 2511; x_wconf 90' lang='lat' dir='ltr'><strong>certo</strong></span> <span class='ocrx_word' id='word_1_277' title='bbox 1157 2456 1357 2511; x_wconf 89' lang='lat' dir='ltr'><strong>certius</strong></span> <span class='ocrx_word' id='word_1_278' title='bbox 1389 2469 1511 2510; x_wconf 90' lang='lat' dir='ltr'><strong>esse</strong></span> <span class='ocrx_word' id='word_1_279' title='bbox 1540 2453 1714 2508; x_wconf 89' lang='lat' dir='ltr'><strong>nullas</strong></span> <span class='ocrx_word' id='word_1_280' title='bbox 1755 2451 1870 2530; x_wconf 48' lang='lat' dir='ltr'><strong>fro:</strong></span> 
     </span>
    </p>
   </div>
   <div class='ocr_carea' id='block_1_42' title="bbox 268 2528 1871 2622">
    <p class='ocr_par' dir='ltr' id='par_1_42' title="bbox 268 2528 1871 2622">
     <span class='ocr_line' id='line_1_42' title="bbox 268 2528 1871 2622; baseline -0.002 -17"><span class='ocrx_word' id='word_1_281' title='bbox 268 2565 367 2622; x_wconf 88' lang='lat' dir='ltr'><strong>ges</strong></span> <span class='ocrx_word' id='word_1_282' title='bbox 414 2565 445 2604; x_wconf 92' lang='lat' dir='ltr'><strong>a</strong></span> <span class='ocrx_word' id='word_1_283' title='bbox 494 2549 737 2618; x_wconf 65' lang='lat' dir='ltr'><strong>Baccho,</strong></span> <span class='ocrx_word' id='word_1_284' title='bbox 770 2533 993 2616; x_wconf 81' lang='lat' dir='ltr'><strong>Cerere,</strong></span> <span class='ocrx_word' id='word_1_285' title='bbox 1032 2558 1087 2606; x_wconf 92' lang='lat' dir='ltr'><strong>et</strong></span> <span class='ocrx_word' id='word_1_286' title='bbox 1131 2550 1366 2605; x_wconf 88' lang='lat' dir='ltr'><strong>Minerva</strong></span> <span class='ocrx_word' id='word_1_287' title='bbox 1408 2557 1648 2604; x_wconf 89' lang='lat' dir='ltr'><strong>creatas.</strong></span> <span class='ocrx_word' id='word_1_288' title='bbox 1700 2528 1871 2602; x_wconf 67' lang='lat' dir='ltr'><strong>Neirio</strong></span> 
     </span>
    </p>
   </div>
   <div class='ocr_carea' id='block_1_43' title="bbox 269 2640 1869 2716">
    <p class='ocr_par' dir='ltr' id='par_1_43' title="bbox 269 2640 1869 2716">
     <span class='ocr_line' id='line_1_43' title="bbox 269 2640 1869 2716; baseline -0.003 -18"><span class='ocrx_word' id='word_1_289' title='bbox 269 2645 470 2715; x_wconf 82' lang='lat' dir='ltr'><strong>quippe</strong></span> <span class='ocrx_word' id='word_1_290' title='bbox 509 2645 582 2700; x_wconf 92' lang='lat' dir='ltr'><strong>ob</strong></span> <span class='ocrx_word' id='word_1_291' title='bbox 605 2660 696 2701; x_wconf 90' lang='lat' dir='ltr'><strong>eas</strong></span> <span class='ocrx_word' id='word_1_292' title='bbox 727 2655 820 2700; x_wconf 90' lang='lat' dir='ltr'><strong>aut</strong></span> <span class='ocrx_word' id='word_1_293' title='bbox 851 2645 1131 2712; x_wconf 88' lang='lat' dir='ltr'><strong>iudicatas,</strong></span> <span class='ocrx_word' id='word_1_294' title='bbox 1163 2655 1251 2701; x_wconf 91' lang='lat' dir='ltr'><strong>aut</strong></span> <span class='ocrx_word' id='word_1_295' title='bbox 1281 2653 1544 2716; x_wconf 87' lang='lat' dir='ltr'><strong>repertas,</strong></span> <span class='ocrx_word' id='word_1_296' title='bbox 1590 2651 1680 2697; x_wconf 89' lang='lat' dir='ltr'><strong>aut</strong></span> <span class='ocrx_word' id='word_1_297' title='bbox 1729 2640 1869 2710; x_wconf 88' lang='lat' dir='ltr'><strong>ﬁeri,</strong></span> 
     </span>
    </p>
   </div>
   <div class='ocr_carea' id='block_1_44' title="bbox 271 2737 890 2808">
    <p class='ocr_par' dir='ltr' id='par_1_44' title="bbox 271 2737 890 2808">
     <span class='ocr_line' id='line_1_44' title="bbox 271 2737 890 2808; baseline 0.005 -19"><span class='ocrx_word' id='word_1_298' title='bbox 271 2746 368 2791; x_wconf 82' lang='lat' dir='ltr'><strong>aut</strong></span> <span class='ocrx_word' id='word_1_299' title='bbox 387 2751 508 2792; x_wconf 90' lang='lat' dir='ltr'><strong>esse</strong></span> <span class='ocrx_word' id='word_1_300' title='bbox 535 2737 669 2793; x_wconf 90' lang='lat' dir='ltr'><strong>deus</strong></span> <span class='ocrx_word' id='word_1_301' title='bbox 692 2745 890 2808; x_wconf 88' lang='lat' dir='ltr'><strong>potest.</strong></span> 
     </span>
    </p>
   </div>
   <div class='ocr_carea' id='block_1_45' title="bbox 346 2826 1875 2901">
    <p class='ocr_par' dir='ltr' id='par_1_45' title="bbox 346 2826 1875 2901">
     <span class='ocr_line' id='line_1_45' title="bbox 346 2826 1875 2901; baseline -0.002 -17"><span class='ocrx_word' id='word_1_302' title='bbox 346 2826 533 2900; x_wconf 84' lang='lat' dir='ltr'><strong>Neque</strong></span> <span class='ocrx_word' id='word_1_303' title='bbox 554 2830 689 2885; x_wconf 89' lang='lat' dir='ltr'><strong>alius</strong></span> <span class='ocrx_word' id='word_1_304' title='bbox 717 2831 975 2901; x_wconf 87' lang='lat' dir='ltr'><strong>deinceps</strong></span> <span class='ocrx_word' id='word_1_305' title='bbox 999 2829 1315 2894; x_wconf 88' lang='lat' dir='ltr'><strong>audiendus,</strong></span> <span class='ocrx_word' id='word_1_306' title='bbox 1358 2829 1450 2899; x_wconf 88' lang='lat' dir='ltr'><strong>qui</strong></span> <span class='ocrx_word' id='word_1_307' title='bbox 1494 2827 1731 2898; x_wconf 86' lang='lat' dir='ltr'><strong>objicere</strong></span> <span class='ocrx_word' id='word_1_308' title='bbox 1776 2842 1875 2882; x_wconf 87' lang='lat' dir='ltr'><strong>au-</strong></span> 
     </span>
    </p>
   </div>
   <div class='ocr_carea' id='block_1_46' title="bbox 271 2919 1875 2991">
    <p class='ocr_par' dir='ltr' id='par_1_46' title="bbox 271 2919 1875 2991">
     <span class='ocr_line' id='line_1_46' title="bbox 271 2919 1875 2991; baseline 0 -17"><span class='ocrx_word' id='word_1_309' title='bbox 271 2919 401 2975; x_wconf 83' lang='lat' dir='ltr'><strong>deat</strong></span> <span class='ocrx_word' id='word_1_310' title='bbox 443 2921 652 2991; x_wconf 86' lang='lat' dir='ltr'><strong>frugum</strong></span> <span class='ocrx_word' id='word_1_311' title='bbox 692 2923 1055 2978; x_wconf 87' lang='lat' dir='ltr'><strong>inventionem</strong></span> <span class='ocrx_word' id='word_1_312' title='bbox 1089 2931 1250 2978; x_wconf 75' lang='lat' dir='ltr'><strong>tanta:</strong></span> <span class='ocrx_word' id='word_1_313' title='bbox 1279 2920 1592 2976; x_wconf 86' lang='lat' dir='ltr'><strong>hominibus</strong></span> <span class='ocrx_word' id='word_1_314' title='bbox 1617 2934 1738 2974; x_wconf 90' lang='lat' dir='ltr'><strong>esse</strong></span> <span class='ocrx_word' id='word_1_315' title='bbox 1769 2919 1875 2974; x_wconf 87' lang='lat' dir='ltr'><strong>uti-</strong></span> 
     </span>
    </p>
   </div>
   <div class='ocr_carea' id='block_1_47' title="bbox 275 3013 1874 3087">
    <p class='ocr_par' dir='ltr' id='par_1_47' title="bbox 275 3013 1874 3087">
     <span class='ocr_line' id='line_1_47' title="bbox 275 3013 1874 3087; baseline 0.002 -20"><span class='ocrx_word' id='word_1_316' title='bbox 275 3013 444 3080; x_wconf 87' lang='lat' dir='ltr'><strong>litati,</strong></span> <span class='ocrx_word' id='word_1_317' title='bbox 475 3024 531 3069; x_wconf 90' lang='lat' dir='ltr'><strong>ut</strong></span> <span class='ocrx_word' id='word_1_318' title='bbox 563 3017 989 3087; x_wconf 81' lang='lat' dir='ltr'><strong>proptersolum</strong></span> <span class='ocrx_word' id='word_1_319' title='bbox 1027 3017 1128 3072; x_wconf 90' lang='lat' dir='ltr'><strong>hoc</strong></span> <span class='ocrx_word' id='word_1_320' title='bbox 1166 3015 1488 3071; x_wconf 89' lang='lat' dir='ltr'><strong>beneﬁcium</strong></span> <span class='ocrx_word' id='word_1_321' title='bbox 1518 3013 1708 3081; x_wconf 89' lang='lat' dir='ltr'><strong>Ceres,</strong></span> <span class='ocrx_word' id='word_1_322' title='bbox 1742 3013 1874 3070; x_wconf 87' lang='lat' dir='ltr'><strong>Bac-</strong></span> 
     </span>
    </p>
   </div>
   <div class='ocr_carea' id='block_1_48' title="bbox 271 3107 1876 3180">
    <p class='ocr_par' dir='ltr' id='par_1_48' title="bbox 271 3107 1876 3180">
     <span class='ocr_line' id='line_1_48' title="bbox 271 3107 1876 3180; baseline 0.002 -20"><span class='ocrx_word' id='word_1_323' title='bbox 271 3107 409 3161; x_wconf 90' lang='lat' dir='ltr'><strong>chus</strong></span> <span class='ocrx_word' id='word_1_324' title='bbox 447 3115 502 3162; x_wconf 90' lang='lat' dir='ltr'><strong>et</strong></span> <span class='ocrx_word' id='word_1_325' title='bbox 539 3107 775 3164; x_wconf 81' lang='lat' dir='ltr'><strong>Minerva</strong></span> <span class='ocrx_word' id='word_1_326' title='bbox 820 3110 872 3164; x_wconf 90' lang='lat' dir='ltr'><strong>in</strong></span> <span class='ocrx_word' id='word_1_327' title='bbox 905 3109 1127 3165; x_wconf 87' lang='lat' dir='ltr'><strong>deorum</strong></span> <span class='ocrx_word' id='word_1_328' title='bbox 1171 3125 1337 3180; x_wconf 87' lang='lat' dir='ltr'><strong>grege</strong></span> <span class='ocrx_word' id='word_1_329' title='bbox 1372 3108 1715 3163; x_wconf 87' lang='lat' dir='ltr'><strong>annumerari</strong></span> <span class='ocrx_word' id='word_1_330' title='bbox 1761 3123 1876 3163; x_wconf 88' lang='lat' dir='ltr'><strong>me—</strong></span> 
     </span>
    </p>
   </div>
   <div class='ocr_carea' id='block_1_49' title="bbox 1973 1894 3577 1972">
    <p class='ocr_par' dir='ltr' id='par_1_49' title="bbox 1973 1894 3577 1972">
     <span class='ocr_line' id='line_1_49' title="bbox 1973 1894 3577 1972; baseline 0.004 -23"><span class='ocrx_word' id='word_1_331' title='bbox 1973 1894 2344 1950; x_wconf 87' lang='lat' dir='ltr'><strong>venditabant.</strong></span> <span class='ocrx_word' id='word_1_332' title='bbox 2393 1897 2462 1950; x_wconf 90' lang='lat' dir='ltr'><strong>At</strong></span> <span class='ocrx_word' id='word_1_333' title='bbox 2491 1896 2809 1966; x_wconf 86' lang='lat' dir='ltr'><strong>quicunque</strong></span> <span class='ocrx_word' id='word_1_334' title='bbox 2856 1897 2905 1951; x_wconf 90' lang='lat' dir='ltr'><strong>id</strong></span> <span class='ocrx_word' id='word_1_335' title='bbox 2953 1899 3097 1954; x_wconf 91' lang='lat' dir='ltr'><strong>serio</strong></span> <span class='ocrx_word' id='word_1_336' title='bbox 3158 1901 3577 1972; x_wconf 79' lang='lat' dir='ltr'><strong>asseverabant,</strong></span> 
     </span>
    </p>
   </div>
   <div class='ocr_carea' id='block_1_50' title="bbox 1976 1986 3579 2064">
    <p class='ocr_par' dir='ltr' id='par_1_50' title="bbox 1976 1986 3579 2064">
     <span class='ocr_line' id='line_1_50' title="bbox 1976 1986 3579 2064; baseline 0.006 -24"><span class='ocrx_word' id='word_1_337' title='bbox 1976 1986 2052 2053; x_wconf 91' lang='lat' dir='ltr'><strong>hi,</strong></span> <span class='ocrx_word' id='word_1_338' title='bbox 2081 1995 2139 2040; x_wconf 92' lang='lat' dir='ltr'><strong>ut</strong></span> <span class='ocrx_word' id='word_1_339' title='bbox 2160 1995 2306 2042; x_wconf 89' lang='lat' dir='ltr'><strong>recte</strong></span> <span class='ocrx_word' id='word_1_340' title='bbox 2343 1986 2596 2042; x_wconf 86' lang='lat' dir='ltr'><strong>observat</strong></span> <span class='ocrx_word' id='word_1_341' title='bbox 2631 1987 3024 2057; x_wconf 89' lang='lat' dir='ltr'><strong>Tertullianus,</strong></span> <span class='ocrx_word' id='word_1_342' title='bbox 3059 1989 3212 2046; x_wconf 84' lang='lat' dir='ltr'><strong>fateri</strong></span> <span class='ocrx_word' id='word_1_343' title='bbox 3245 1994 3579 2064; x_wconf 83' lang='lat' dir='ltr'><strong>cogebantur</strong></span> 
     </span>
    </p>
   </div>
   <div class='ocr_carea' id='block_1_51' title="bbox 1974 2076 3574 2156">
    <p class='ocr_par' dir='ltr' id='par_1_51' title="bbox 1974 2076 3574 2156">
     <span class='ocr_line' id='line_1_51' title="bbox 1974 2076 3574 2156; baseline 0.005 -24"><span class='ocrx_word' id='word_1_344' title='bbox 1974 2077 2206 2150; x_wconf 86' lang='lat' dir='ltr'><strong>aliquem</strong></span> <span class='ocrx_word' id='word_1_345' title='bbox 2234 2093 2354 2134; x_wconf 86' lang='lat' dir='ltr'><strong>esse</strong></span> <span class='ocrx_word' id='word_1_346' title='bbox 2384 2076 2558 2133; x_wconf 89' lang='lat' dir='ltr'><strong>Deum</strong></span> <span class='ocrx_word' id='word_1_347' title='bbox 2606 2079 2847 2150; x_wconf 81' lang='lat' dir='ltr'><strong>deiﬁcum</strong></span> <span class='ocrx_word' id='word_1_348' title='bbox 2886 2079 3241 2151; x_wconf 63' lang='lat' dir='ltr'><strong>(Ter-tullium,</strong></span> <span class='ocrx_word' id='word_1_349' title='bbox 3280 2084 3574 2156; x_wconf 84' lang='lat' dir='ltr'><strong>Apologet.,</strong></span> 
     </span>
    </p>
   </div>
   <div class='ocr_carea' id='block_1_52' title="bbox 1976 2172 3580 2249">
    <p class='ocr_par' dir='ltr' id='par_1_52' title="bbox 1976 2172 3580 2249">
     <span class='ocr_line' id='line_1_52' title="bbox 1976 2172 3580 2249; baseline 0.006 -23"><span class='ocrx_word' id='word_1_350' title='bbox 1976 2188 2092 2243; x_wconf 89' lang='lat' dir='ltr'><strong>cap.</strong></span> <span class='ocrx_word' id='word_1_351' title='bbox 2125 2172 2210 2238; x_wconf 84' lang='grc'><strong>11,</strong></span> <span class='ocrx_word' id='word_1_352' title='bbox 2257 2189 2313 2242; x_wconf 91' lang='lat' dir='ltr'><strong>p.</strong></span> <span class='ocrx_word' id='word_1_353' title='bbox 2345 2173 2496 2242; x_wconf 80' lang='lat'><strong>555),</strong></span> <span class='ocrx_word' id='word_1_354' title='bbox 2535 2173 2585 2227; x_wconf 89' lang='lat' dir='ltr'><strong>id</strong></span> <span class='ocrx_word' id='word_1_355' title='bbox 2619 2184 2704 2229; x_wconf 87' lang='lat' dir='ltr'><strong>est</strong></span> <span class='ocrx_word' id='word_1_356' title='bbox 2747 2175 2836 2244; x_wconf 87' lang='lat' dir='ltr'><strong>qui</strong></span> <span class='ocrx_word' id='word_1_357' title='bbox 2882 2175 3018 2230; x_wconf 90' lang='lat' dir='ltr'><strong>alios</strong></span> <span class='ocrx_word' id='word_1_358' title='bbox 3047 2176 3115 2231; x_wconf 89' lang='lat' dir='ltr'><strong>ob</strong></span> <span class='ocrx_word' id='word_1_359' title='bbox 3148 2178 3389 2248; x_wconf 67' lang='lat' dir='ltr'><strong>quaedam</strong></span> <span class='ocrx_word' id='word_1_360' title='bbox 3436 2195 3580 2249; x_wconf 68' lang='lat' dir='ltr'><strong>prae-</strong></span> 
     </span>
    </p>
   </div>
   <div class='ocr_carea' id='block_1_53' title="bbox 1974 2261 3576 2338">
    <p class='ocr_par' dir='ltr' id='par_1_53' title="bbox 1974 2261 3576 2338">
     <span class='ocr_line' id='line_1_53' title="bbox 1974 2261 3576 2338; baseline 0.004 -18"><span class='ocrx_word' id='word_1_361' title='bbox 1974 2263 2117 2320; x_wconf 87' lang='lat' dir='ltr'><strong>clara</strong></span> <span class='ocrx_word' id='word_1_362' title='bbox 2142 2261 2282 2319; x_wconf 85' lang='lat' dir='ltr'><strong>facta</strong></span> <span class='ocrx_word' id='word_1_363' title='bbox 2317 2265 2448 2320; x_wconf 90' lang='lat' dir='ltr'><strong>deos</strong></span> <span class='ocrx_word' id='word_1_364' title='bbox 2481 2264 2658 2320; x_wconf 87' lang='lat' dir='ltr'><strong>faciat.</strong></span> <span class='ocrx_word' id='word_1_365' title='bbox 2696 2265 3014 2322; x_wconf 69' lang='lat' dir='ltr'><strong>Praecellens</strong></span> <span class='ocrx_word' id='word_1_366' title='bbox 3040 2283 3168 2338; x_wconf 83' lang='lat' dir='ltr'><strong>ergo</strong></span> <span class='ocrx_word' id='word_1_367' title='bbox 3194 2269 3280 2324; x_wconf 91' lang='lat' dir='ltr'><strong>ille</strong></span> <span class='ocrx_word' id='word_1_368' title='bbox 3314 2270 3452 2326; x_wconf 92' lang='lat' dir='ltr'><strong>Deus</strong></span> <span class='ocrx_word' id='word_1_369' title='bbox 3476 2272 3576 2327; x_wconf 91' lang='lat' dir='ltr'><strong>de-</strong></span> 
     </span>
    </p>
   </div>
   <div class='ocr_carea' id='block_1_54' title="bbox 1979 2357 3580 2434">
    <p class='ocr_par' dir='ltr' id='par_1_54' title="bbox 1979 2357 3580 2434">
     <span class='ocr_line' id='line_1_54' title="bbox 1979 2357 3580 2434; baseline 0.004 -22"><span class='ocrx_word' id='word_1_370' title='bbox 1979 2357 2094 2412; x_wconf 91' lang='lat' dir='ltr'><strong>buit</strong></span> <span class='ocrx_word' id='word_1_371' title='bbox 2119 2358 2422 2428; x_wconf 68' lang='lat' dir='ltr'><strong>arquissima</strong></span> <span class='ocrx_word' id='word_1_372' title='bbox 2456 2358 2678 2428; x_wconf 73' lang='lat' dir='ltr'><strong>justitim</strong></span> <span class='ocrx_word' id='word_1_373' title='bbox 2708 2359 2859 2413; x_wconf 87' lang='lat' dir='ltr'><strong>lance</strong></span> <span class='ocrx_word' id='word_1_374' title='bbox 2896 2360 3122 2414; x_wconf 89' lang='lat' dir='ltr'><strong>aliorum</strong></span> <span class='ocrx_word' id='word_1_375' title='bbox 3157 2363 3346 2416; x_wconf 88' lang='lat' dir='ltr'><strong>merita</strong></span> <span class='ocrx_word' id='word_1_376' title='bbox 3373 2363 3580 2434; x_wconf 83' lang='lat' dir='ltr'><strong>ponde-</strong></span> 
     </span>
    </p>
   </div>
   <div class='ocr_carea' id='block_1_55' title="bbox 1975 2448 3578 2521">
    <p class='ocr_par' dir='ltr' id='par_1_55' title="bbox 1975 2448 3578 2521">
     <span class='ocr_line' id='line_1_55' title="bbox 1975 2448 3578 2521; baseline 0.003 -17"><span class='ocrx_word' id='word_1_377' title='bbox 1975 2464 2120 2514; x_wconf 87' lang='lat' dir='ltr'><strong>rare,</strong></span> <span class='ocrx_word' id='word_1_378' title='bbox 2145 2459 2197 2504; x_wconf 92' lang='lat' dir='ltr'><strong>et</strong></span> <span class='ocrx_word' id='word_1_379' title='bbox 2223 2448 2620 2519; x_wconf 73' lang='lat' dir='ltr'><strong>onunipotentia</strong></span> <span class='ocrx_word' id='word_1_380' title='bbox 2649 2464 2745 2504; x_wconf 86' lang='lat' dir='ltr'><strong>sua</strong></span> <span class='ocrx_word' id='word_1_381' title='bbox 2785 2449 2903 2504; x_wconf 92' lang='lat' dir='ltr'><strong>illos</strong></span> <span class='ocrx_word' id='word_1_382' title='bbox 2930 2449 3110 2505; x_wconf 86' lang='lat' dir='ltr'><strong>debito</strong></span> <span class='ocrx_word' id='word_1_383' title='bbox 3137 2453 3359 2521; x_wconf 83' lang='lat' dir='ltr'><strong>praemio</strong></span> <span class='ocrx_word' id='word_1_384' title='bbox 3394 2469 3578 2509; x_wconf 88' lang='lat' dir='ltr'><strong>remu-</strong></span> 
     </span>
    </p>
   </div>
   <div class='ocr_carea' id='block_1_56' title="bbox 1976 2543 3581 2618">
    <p class='ocr_par' dir='ltr' id='par_1_56' title="bbox 1976 2543 3581 2618">
     <span class='ocr_line' id='line_1_56' title="bbox 1976 2543 3581 2618; baseline 0.004 -21"><span class='ocrx_word' id='word_1_385' title='bbox 1976 2543 2383 2613; x_wconf 77' lang='lat' dir='ltr'><strong>nerari..Atqui</strong></span> <span class='ocrx_word' id='word_1_386' title='bbox 2440 2543 2564 2598; x_wconf 93' lang='lat' dir='ltr'><strong>huic</strong></span> <span class='ocrx_word' id='word_1_387' title='bbox 2610 2543 2709 2599; x_wconf 90' lang='lat' dir='ltr'><strong>soli</strong></span> <span class='ocrx_word' id='word_1_388' title='bbox 2757 2545 3069 2614; x_wconf 68' lang='lat' dir='ltr'><strong>requissimo</strong></span> <span class='ocrx_word' id='word_1_389' title='bbox 3120 2555 3174 2601; x_wconf 90' lang='lat' dir='ltr'><strong>et</strong></span> <span class='ocrx_word' id='word_1_390' title='bbox 3223 2547 3581 2618; x_wconf 85' lang='lat' dir='ltr'><strong>omnipotenti</strong></span> 
     </span>
    </p>
   </div>
   <div class='ocr_carea' id='block_1_57' title="bbox 1975 2635 3572 2708">
    <p class='ocr_par' dir='ltr' id='par_1_57' title="bbox 1975 2635 3572 2708">
     <span class='ocr_line' id='line_1_57' title="bbox 1975 2635 3572 2708; baseline 0.004 -18"><span class='ocrx_word' id='word_1_391' title='bbox 1975 2635 2231 2706; x_wconf 88' lang='lat' dir='ltr'><strong>competit</strong></span> <span class='ocrx_word' id='word_1_392' title='bbox 2278 2635 2555 2704; x_wconf 85' lang='lat' dir='ltr'><strong>divinitas,</strong></span> <span class='ocrx_word' id='word_1_393' title='bbox 2585 2653 2744 2707; x_wconf 86' lang='lat' dir='ltr'><strong>quam</strong></span> <span class='ocrx_word' id='word_1_394' title='bbox 2806 2639 2936 2692; x_wconf 90' lang='lat' dir='ltr'><strong>nulli</strong></span> <span class='ocrx_word' id='word_1_395' title='bbox 2980 2639 3158 2707; x_wconf 87' lang='lat' dir='ltr'><strong>alteri,</strong></span> <span class='ocrx_word' id='word_1_396' title='bbox 3211 2649 3303 2695; x_wconf 86' lang='lat' dir='ltr'><strong>aut</strong></span> <span class='ocrx_word' id='word_1_397' title='bbox 3357 2650 3572 2708; x_wconf 89' lang='lat' dir='ltr'><strong>natura,</strong></span> 
     </span>
    </p>
   </div>
   <div class='ocr_carea' id='block_1_58' title="bbox 1975 2727 3570 2804">
    <p class='ocr_par' dir='ltr' id='par_1_58' title="bbox 1975 2727 3570 2804">
     <span class='ocr_line' id='line_1_58' title="bbox 1975 2727 3570 2804; baseline 0.004 -23"><span class='ocrx_word' id='word_1_398' title='bbox 1975 2737 2068 2782; x_wconf 88' lang='lat' dir='ltr'><strong>aut</strong></span> <span class='ocrx_word' id='word_1_399' title='bbox 2110 2727 2434 2799; x_wconf 84' lang='lat' dir='ltr'><strong>quibuslibet</strong></span> <span class='ocrx_word' id='word_1_400' title='bbox 2483 2728 2688 2784; x_wconf 86' lang='lat' dir='ltr'><strong>meritis</strong></span> <span class='ocrx_word' id='word_1_401' title='bbox 2718 2745 2748 2784; x_wconf 89' lang='lat' dir='ltr'><strong>a</strong></span> <span class='ocrx_word' id='word_1_402' title='bbox 2778 2743 2837 2785; x_wconf 91' lang='lat' dir='ltr'><strong>se</strong></span> <span class='ocrx_word' id='word_1_403' title='bbox 2889 2730 3139 2786; x_wconf 85' lang='lat' dir='ltr'><strong>distincto</strong></span> <span class='ocrx_word' id='word_1_404' title='bbox 3190 2732 3319 2788; x_wconf 90' lang='lat' dir='ltr'><strong>dare</strong></span> <span class='ocrx_word' id='word_1_405' title='bbox 3371 2743 3570 2804; x_wconf 90' lang='lat' dir='ltr'><strong>p0test.</strong></span> 
     </span>
    </p>
   </div>
   <div class='ocr_carea' id='block_1_59' title="bbox 1977 2816 3574 2894">
    <p class='ocr_par' dir='ltr' id='par_1_59' title="bbox 1977 2816 3574 2894">
     <span class='ocr_line' id='line_1_59' title="bbox 1977 2816 3574 2894; baseline 0.005 -20"><span class='ocrx_word' id='word_1_406' title='bbox 1977 2816 2238 2888; x_wconf 88' lang='lat' dir='ltr'><strong>Suprema</strong></span> <span class='ocrx_word' id='word_1_407' title='bbox 2264 2819 2405 2882; x_wconf 88' lang='lat' dir='ltr'><strong>enim</strong></span> <span class='ocrx_word' id='word_1_408' title='bbox 2443 2819 2695 2874; x_wconf 87' lang='lat' dir='ltr'><strong>divinitas</strong></span> <span class='ocrx_word' id='word_1_409' title='bbox 2723 2819 2885 2876; x_wconf 88' lang='lat' dir='ltr'><strong>dividi</strong></span> <span class='ocrx_word' id='word_1_410' title='bbox 2914 2823 3116 2892; x_wconf 86' lang='lat' dir='ltr'><strong>nequit,</strong></span> <span class='ocrx_word' id='word_1_411' title='bbox 3145 2831 3336 2894; x_wconf 89' lang='lat' dir='ltr'><strong>atque.</strong></span> <span class='ocrx_word' id='word_1_412' title='bbox 3377 2833 3434 2880; x_wconf 89' lang='lat' dir='ltr'><strong>ut</strong></span> <span class='ocrx_word' id='word_1_413' title='bbox 3460 2839 3574 2882; x_wconf 75' lang='lat' dir='ltr'><strong>sce-</strong></span> 
     </span>
    </p>
   </div>
   <div class='ocr_carea' id='block_1_60' title="bbox 1978 2911 3518 2996">
    <p class='ocr_par' dir='ltr' id='par_1_60' title="bbox 1978 2911 3518 2996">
     <span class='ocr_line' id='line_1_60' title="bbox 1978 2911 3518 2996; baseline 0.003 -30"><span class='ocrx_word' id='word_1_414' title='bbox 1978 2912 2095 2983; x_wconf 90' lang='lat' dir='ltr'><strong>pius</strong></span> <span class='ocrx_word' id='word_1_415' title='bbox 2120 2911 2374 2978; x_wconf 78' lang='lat' dir='ltr'><strong>diximus,</strong></span> <span class='ocrx_word' id='word_1_416' title='bbox 2405 2911 2549 2968; x_wconf 89' lang='lat' dir='ltr'><strong>Deus</strong></span> <span class='ocrx_word' id='word_1_417' title='bbox 2580 2915 2672 2968; x_wconf 75' lang='lat' dir='ltr'><strong>ant</strong></span> <span class='ocrx_word' id='word_1_418' title='bbox 2700 2929 2839 2970; x_wconf 91' lang='lat' dir='ltr'><strong>unus</strong></span> <span class='ocrx_word' id='word_1_419' title='bbox 2864 2922 2957 2969; x_wconf 89' lang='lat' dir='ltr'><strong>aut</strong></span> <span class='ocrx_word' id='word_1_420' title='bbox 2988 2915 3165 2970; x_wconf 89' lang='lat' dir='ltr'><strong>nullus</strong></span> <span class='ocrx_word' id='word_1_421' title='bbox 3185 2927 3288 2978; x_wconf 90' lang='lat' dir='ltr'><strong>est.</strong></span> <span class='ocrx_word' id='word_1_422' title='bbox 3509 2992 3518 2996; x_wconf 86' lang='lat'><em>_</em></span> 
     </span>
    </p>
   </div>
   <div class='ocr_carea' id='block_1_61' title="bbox 2049 2991 3584 3080">
    <p class='ocr_par' dir='ltr' id='par_1_61' title="bbox 2049 2991 3584 3080">
     <span class='ocr_line' id='line_1_61' title="bbox 2049 2991 3584 3080; baseline 0.005 -17"><span class='ocrx_word' id='word_1_423' title='bbox 2049 3006 2158 3063; x_wconf 90' lang='lat' dir='ltr'><strong>Sed</strong></span> <span class='ocrx_word' id='word_1_424' title='bbox 2194 3021 2312 3078; x_wconf 85' lang='lat' dir='ltr'><strong>age,</strong></span> <span class='ocrx_word' id='word_1_425' title='bbox 2351 3006 2544 3078; x_wconf 90' lang='lat' dir='ltr'><strong>dieque</strong></span> <span class='ocrx_word' id='word_1_426' title='bbox 2576 3007 2754 3074; x_wconf 90' lang='lat' dir='ltr'><strong>nobis,</strong></span> <span class='ocrx_word' id='word_1_427' title='bbox 2800 3008 3062 3078; x_wconf 88' lang='lat' dir='ltr'><strong>obsecro,</strong></span> <span class='ocrx_word' id='word_1_428' title='bbox 3092 3026 3337 3080; x_wconf 83' lang='lat' dir='ltr'><strong>quaenam</strong></span> <span class='ocrx_word' id='word_1_429' title='bbox 3385 2991 3584 3070; x_wconf 49' lang='lat' dir='ltr'><strong>fuerin]</strong></span> 
     </span>
    </p>
   </div>
   <div class='ocr_carea' id='block_1_62' title="bbox 1942 3101 3584 3174">
    <p class='ocr_par' dir='ltr' id='par_1_62' title="bbox 1942 3101 3584 3174">
     <span class='ocr_line' id='line_1_62' title="bbox 1942 3101 3584 3174; baseline 0.002 -15"><span class='ocrx_word' id='word_1_430' title='bbox 1942 3114 1945 3116; x_wconf 83' lang='lat'>&#39;</span> <span class='ocrx_word' id='word_1_431' title='bbox 1979 3101 2214 3168; x_wconf 76' lang='lat' dir='ltr'><strong>Saturni,</strong></span> <span class='ocrx_word' id='word_1_432' title='bbox 2245 3101 2416 3168; x_wconf 76' lang='lat' dir='ltr'><strong>lovis,</strong></span> <span class='ocrx_word' id='word_1_433' title='bbox 2441 3101 2692 3167; x_wconf 89' lang='lat' dir='ltr'><strong>Junonis,</strong></span> <span class='ocrx_word' id='word_1_434' title='bbox 2716 3102 3051 3174; x_wconf 90' lang='lat' dir='ltr'><strong>aliorumque</strong></span> <span class='ocrx_word' id='word_1_435' title='bbox 3080 3105 3328 3170; x_wconf 81' lang='lat' dir='ltr'><strong>virtutes,</strong></span> <span class='ocrx_word' id='word_1_436' title='bbox 3356 3107 3584 3162; x_wconf 84' lang='lat' dir='ltr'><strong>eximia-</strong></span> 
     </span>
    </p>
   </div>
   <div class='ocr_carea' id='block_1_63' title="bbox 274 3195 3582 3266">
    <p class='ocr_par' dir='ltr' id='par_1_63' title="bbox 274 3195 3582 3266">
     <span class='ocr_line' id='line_1_63' title="bbox 274 3195 3582 3266; baseline 0.002 -15"><span class='ocrx_word' id='word_1_437' title='bbox 274 3199 502 3252; x_wconf 84' lang='lat' dir='ltr'><strong>ruerint.</strong></span> <span class='ocrx_word' id='word_1_438' title='bbox 544 3199 662 3254; x_wconf 86' lang='lat' dir='ltr'><strong>.Iam</strong></span> <span class='ocrx_word' id='word_1_439' title='bbox 708 3202 854 3255; x_wconf 85' lang='lat' dir='ltr'><strong>enim</strong></span> <span class='ocrx_word' id='word_1_440' title='bbox 899 3201 1014 3257; x_wconf 71' lang='lat' dir='ltr'><strong>haec</strong></span> <span class='ocrx_word' id='word_1_441' title='bbox 1061 3202 1198 3257; x_wconf 84' lang='lat' dir='ltr'><strong>ratio</strong></span> <span class='ocrx_word' id='word_1_442' title='bbox 1246 3202 1382 3256; x_wconf 90' lang='lat' dir='ltr'><strong>satis</strong></span> <span class='ocrx_word' id='word_1_443' title='bbox 1429 3199 1708 3255; x_wconf 80' lang='lat' dir='ltr'><strong>confutata</strong></span> <span class='ocrx_word' id='word_1_444' title='bbox 1765 3209 1864 3254; x_wconf 91' lang='lat' dir='ltr'><strong>est.</strong></span> <span class='ocrx_word' id='word_1_445' title='bbox 1902 3198 1948 3261; x_wconf 87' lang='lat' dir='ltr'><strong>C</strong></span> <span class='ocrx_word' id='word_1_446' title='bbox 1983 3211 2087 3265; x_wconf 85' lang='lat' dir='ltr'><strong>que</strong></span> <span class='ocrx_word' id='word_1_447' title='bbox 2127 3195 2354 3260; x_wconf 90' lang='lat' dir='ltr'><strong>merita,</strong></span> <span class='ocrx_word' id='word_1_448' title='bbox 2401 3195 2596 3266; x_wconf 90' lang='lat' dir='ltr'><strong>quibus</strong></span> <span class='ocrx_word' id='word_1_449' title='bbox 2637 3197 2910 3266; x_wconf 89' lang='lat' dir='ltr'><strong>potuerint</strong></span> <span class='ocrx_word' id='word_1_450' title='bbox 2949 3197 3279 3252; x_wconf 85' lang='lat' dir='ltr'><strong>divinitatem</strong></span> <span class='ocrx_word' id='word_1_451' title='bbox 3312 3201 3582 3256; x_wconf 82' lang='lat' dir='ltr'><strong>emereri?</strong></span> 
     </span>
    </p>
   </div>
   <div class='ocr_carea' id='block_1_64' title="bbox 279 3289 1873 3362">
    <p class='ocr_par' dir='ltr' id='par_1_64' title="bbox 279 3289 1873 3362">
     <span class='ocr_line' id='line_1_64' title="bbox 279 3289 1873 3362; baseline 0.002 -19"><span class='ocrx_word' id='word_1_452' title='bbox 279 3289 484 3345; x_wconf 89' lang='lat' dir='ltr'><strong>Deinde</strong></span> <span class='ocrx_word' id='word_1_453' title='bbox 508 3306 637 3348; x_wconf 88' lang='lat' dir='ltr'><strong>vero</strong></span> <span class='ocrx_word' id='word_1_454' title='bbox 665 3295 710 3346; x_wconf 91' lang='lat' dir='ltr'><strong>si</strong></span> <span class='ocrx_word' id='word_1_455' title='bbox 749 3293 976 3362; x_wconf 89' lang='lat' dir='ltr'><strong>alicujus</strong></span> <span class='ocrx_word' id='word_1_456' title='bbox 1004 3308 1068 3348; x_wconf 89' lang='lat' dir='ltr'><strong>ea</strong></span> <span class='ocrx_word' id='word_1_457' title='bbox 1103 3301 1248 3347; x_wconf 89' lang='lat' dir='ltr'><strong>esset</strong></span> <span class='ocrx_word' id='word_1_458' title='bbox 1292 3293 1584 3355; x_wconf 89' lang='lat' dir='ltr'><strong>momenti,</strong></span> <span class='ocrx_word' id='word_1_459' title='bbox 1618 3291 1873 3347; x_wconf 91' lang='lat' dir='ltr'><strong>Lucullus</strong></span> 
     </span>
    </p>
   </div>
   <div class='ocr_carea' id='block_1_65' title="bbox 274 3379 1872 3455">
    <p class='ocr_par' dir='ltr' id='par_1_65' title="bbox 274 3379 1872 3455">
     <span class='ocr_line' id='line_1_65' title="bbox 274 3379 1872 3455; baseline 0.003 -21"><span class='ocrx_word' id='word_1_460' title='bbox 274 3379 458 3436; x_wconf 88' lang='lat' dir='ltr'><strong>debuit</strong></span> <span class='ocrx_word' id='word_1_461' title='bbox 485 3384 644 3438; x_wconf 90' lang='lat' dir='ltr'><strong>etiam</strong></span> <span class='ocrx_word' id='word_1_462' title='bbox 691 3384 823 3440; x_wconf 91' lang='lat' dir='ltr'><strong>deus</strong></span> <span class='ocrx_word' id='word_1_463' title='bbox 853 3384 990 3452; x_wconf 85' lang='lat' dir='ltr'><strong>ﬁeri,</strong></span> <span class='ocrx_word' id='word_1_464' title='bbox 1027 3385 1112 3455; x_wconf 87' lang='lat' dir='ltr'><strong>qui</strong></span> <span class='ocrx_word' id='word_1_465' title='bbox 1143 3385 1369 3453; x_wconf 90' lang='lat' dir='ltr'><strong>primus,</strong></span> <span class='ocrx_word' id='word_1_466' title='bbox 1404 3384 1476 3437; x_wconf 90' lang='lat' dir='ltr'><strong>uti</strong></span> <span class='ocrx_word' id='word_1_467' title='bbox 1511 3383 1872 3438; x_wconf 86' lang='lat' dir='ltr'><strong>Tertullianus</strong></span> 
     </span>
    </p>
   </div>
   <div class='ocr_carea' id='block_1_66' title="bbox 274 3474 1872 3550">
    <p class='ocr_par' dir='ltr' id='par_1_66' title="bbox 274 3474 1872 3550">
     <span class='ocr_line' id='line_1_66' title="bbox 274 3474 1872 3550; baseline 0.001 -21"><span class='ocrx_word' id='word_1_468' title='bbox 274 3475 349 3529; x_wconf 88' lang='lat' dir='ltr'><strong>ait</strong></span> <span class='ocrx_word' id='word_1_469' title='bbox 380 3493 556 3532; x_wconf 88' lang='lat' dir='ltr'><strong>cerasa</strong></span> <span class='ocrx_word' id='word_1_470' title='bbox 585 3477 769 3550; x_wconf 83' lang='lat' dir='ltr'><strong>(MSS.</strong></span> <span class='ocrx_word' id='word_1_471' title='bbox 802 3479 1020 3548; x_wconf 87' lang='lat' dir='ltr'><strong>cerasia)</strong></span> <span class='ocrx_word' id='word_1_472' title='bbox 1048 3494 1111 3532; x_wconf 75' lang='lat' dir='ltr'><strong>ea;</strong></span> <span class='ocrx_word' id='word_1_473' title='bbox 1140 3475 1310 3532; x_wconf 87' lang='lat' dir='ltr'><strong>Ponto</strong></span> <span class='ocrx_word' id='word_1_474' title='bbox 1346 3474 1516 3531; x_wconf 78' lang='lat' dir='ltr'><strong>Italia:</strong></span> <span class='ocrx_word' id='word_1_475' title='bbox 1531 3477 1872 3546; x_wconf 87' lang='lat' dir='ltr'><strong>promulgavit</strong></span> 
     </span>
    </p>
   </div>
   <div class='ocr_carea' id='block_1_67' title="bbox 278 3568 1870 3642">
    <p class='ocr_par' dir='ltr' id='par_1_67' title="bbox 278 3568 1870 3642">
     <span class='ocr_line' id='line_1_67' title="bbox 278 3568 1870 3642; baseline 0.001 -18"><span class='ocrx_word' id='word_1_476' title='bbox 278 3568 639 3642; x_wconf 86' lang='lat' dir='ltr'><strong>(Tertullian.,</strong></span> <span class='ocrx_word' id='word_1_477' title='bbox 669 3570 844 3640; x_wconf 63' lang='lat' dir='ltr'><strong>ibid).</strong></span> <span class='ocrx_word' id='word_1_478' title='bbox 888 3572 969 3628; x_wconf 85' lang='lat' dir='ltr'><strong>Ex</strong></span> <span class='ocrx_word' id='word_1_479' title='bbox 1009 3571 1185 3627; x_wconf 90' lang='lat' dir='ltr'><strong>Plinio</strong></span> <span class='ocrx_word' id='word_1_480' title='bbox 1213 3581 1390 3626; x_wconf 89' lang='lat' dir='ltr'><strong>autem</strong></span> <span class='ocrx_word' id='word_1_481' title='bbox 1423 3570 1681 3626; x_wconf 89' lang='lat' dir='ltr'><strong>discimus</strong></span> <span class='ocrx_word' id='word_1_482' title='bbox 1727 3585 1870 3626; x_wconf 88' lang='lat' dir='ltr'><strong>anno</strong></span> 
     </span>
    </p>
   </div>
   <div class='ocr_carea' id='block_1_68' title="bbox 279 3663 1872 3737">
    <p class='ocr_par' dir='ltr' id='par_1_68' title="bbox 279 3663 1872 3737">
     <span class='ocr_line' id='line_1_68' title="bbox 279 3663 1872 3737; baseline 0 -18"><span class='ocrx_word' id='word_1_483' title='bbox 279 3664 428 3720; x_wconf 88' lang='lat' dir='ltr'><strong>urbis</strong></span> <span class='ocrx_word' id='word_1_484' title='bbox 453 3665 684 3722; x_wconf 72' lang='lat' dir='ltr'><strong>condita:</strong></span> <span class='ocrx_word' id='word_1_485' title='bbox 714 3667 841 3732; x_wconf 83' lang='lat'><strong>680,</strong></span> <span class='ocrx_word' id='word_1_486' title='bbox 871 3674 993 3737; x_wconf 88' lang='lat' dir='ltr'><strong>post</strong></span> <span class='ocrx_word' id='word_1_487' title='bbox 1014 3665 1291 3721; x_wconf 88' lang='lat' dir='ltr'><strong>victoriam</strong></span> <span class='ocrx_word' id='word_1_488' title='bbox 1331 3663 1743 3720; x_wconf 84' lang='lat' dir='ltr'><strong>Mithridaticam</strong></span> <span class='ocrx_word' id='word_1_489' title='bbox 1775 3680 1872 3719; x_wconf 61' lang='lat' dir='ltr'><strong>ccc</strong></span> 
     </span>
    </p>
   </div>
   <div class='ocr_carea' id='block_1_69' title="bbox 277 3757 1872 3828">
    <p class='ocr_par' dir='ltr' id='par_1_69' title="bbox 277 3757 1872 3828">
     <span class='ocr_line' id='line_1_69' title="bbox 277 3757 1872 3828; baseline -0.001 -15"><span class='ocrx_word' id='word_1_490' title='bbox 277 3773 398 3813; x_wconf 91' lang='lat' dir='ltr'><strong>rasa</strong></span> <span class='ocrx_word' id='word_1_491' title='bbox 421 3758 489 3814; x_wconf 89' lang='lat' dir='ltr'><strong>ab</strong></span> <span class='ocrx_word' id='word_1_492' title='bbox 516 3758 618 3814; x_wconf 92' lang='lat' dir='ltr'><strong>hoc</strong></span> <span class='ocrx_word' id='word_1_493' title='bbox 642 3759 869 3816; x_wconf 89' lang='lat' dir='ltr'><strong>Lucullo</strong></span> <span class='ocrx_word' id='word_1_494' title='bbox 897 3767 1259 3828; x_wconf 87' lang='lat' dir='ltr'><strong>transportata</strong></span> <span class='ocrx_word' id='word_1_495' title='bbox 1283 3757 1447 3813; x_wconf 89' lang='lat' dir='ltr'><strong>fuisse</strong></span> <span class='ocrx_word' id='word_1_496' title='bbox 1489 3757 1540 3812; x_wconf 93' lang='lat' dir='ltr'><strong>in</strong></span> <span class='ocrx_word' id='word_1_497' title='bbox 1577 3757 1780 3826; x_wconf 85' lang='lat' dir='ltr'><strong>Italiam</strong></span> <span class='ocrx_word' id='word_1_498' title='bbox 1809 3773 1872 3811; x_wconf 79' lang='lat' dir='ltr'><strong>ea:</strong></span> 
     </span>
    </p>
   </div>
   <div class='ocr_carea' id='block_1_70' title="bbox 278 3849 1868 3920">
    <p class='ocr_par' dir='ltr' id='par_1_70' title="bbox 278 3849 1868 3920">
     <span class='ocr_line' id='line_1_70' title="bbox 278 3849 1868 3920; baseline -0.001 -16"><span class='ocrx_word' id='word_1_499' title='bbox 278 3849 449 3906; x_wconf 91' lang='lat' dir='ltr'><strong>Ponto</strong></span> <span class='ocrx_word' id='word_1_500' title='bbox 491 3849 688 3920; x_wconf 86' lang='lat' dir='ltr'><strong>(Plin.,</strong></span> <span class='ocrx_word' id='word_1_501' title='bbox 737 3851 826 3907; x_wconf 89' lang='lat' dir='ltr'><strong>lib.</strong></span> <span class='ocrx_word' id='word_1_502' title='bbox 863 3850 953 3906; x_wconf 73' lang='lat' dir='ltr'><strong>XV</strong></span> <span class='ocrx_word' id='word_1_503' title='bbox 996 3860 1166 3905; x_wconf 88' lang='lat' dir='ltr'><strong>natur.</strong></span> <span class='ocrx_word' id='word_1_504' title='bbox 1209 3849 1377 3916; x_wconf 84' lang='lat' dir='ltr'><strong>Hist.,</strong></span> <span class='ocrx_word' id='word_1_505' title='bbox 1414 3865 1462 3903; x_wconf 90' lang='lat' dir='ltr'><strong>c.</strong></span> <span class='ocrx_word' id='word_1_506' title='bbox 1489 3849 1582 3917; x_wconf 76' lang='lat'><strong>25,</strong></span> <span class='ocrx_word' id='word_1_507' title='bbox 1615 3867 1670 3919; x_wconf 88' lang='lat' dir='ltr'><strong>p.</strong></span> <span class='ocrx_word' id='word_1_508' title='bbox 1713 3849 1868 3920; x_wconf 84' lang='lat'><strong>207),</strong></span> 
     </span>
    </p>
   </div>
   <div class='ocr_carea' id='block_1_71' title="bbox 276 3942 1887 4026">
    <p class='ocr_par' dir='ltr' id='par_1_71' title="bbox 276 3942 1887 4026">
     <span class='ocr_line' id='line_1_71' title="bbox 276 3942 1887 4026; baseline -0.001 -27"><span class='ocrx_word' id='word_1_509' title='bbox 276 3947 390 4000; x_wconf 89' lang='lat' dir='ltr'><strong>sive</strong></span> <span class='ocrx_word' id='word_1_510' title='bbox 439 3954 497 3999; x_wconf 91' lang='lat' dir='ltr'><strong>ut</strong></span> <span class='ocrx_word' id='word_1_511' title='bbox 540 3945 611 4000; x_wconf 85' lang='lat' dir='ltr'><strong>ait</strong></span> <span class='ocrx_word' id='word_1_512' title='bbox 659 3945 1037 4017; x_wconf 82' lang='lat' dir='ltr'><strong>Hieronymus,</strong></span> <span class='ocrx_word' id='word_1_513' title='bbox 1094 3945 1156 3998; x_wconf 84' lang='lat' dir='ltr'><strong>de</strong></span> <span class='ocrx_word' id='word_1_514' title='bbox 1202 3942 1490 4014; x_wconf 84' lang='lat' dir='ltr'><strong>Ccrapunto</strong></span> <span class='ocrx_word' id='word_1_515' title='bbox 1536 3942 1887 4026; x_wconf 43' lang='lat' dir='ltr'><strong>(Hierongm.</strong></span> 
     </span>
    </p>
   </div>
   <div class='ocr_carea' id='block_1_72' title="bbox 277 4037 1872 4114">
    <p class='ocr_par' dir='ltr' id='par_1_72' title="bbox 277 4037 1872 4114">
     <span class='ocr_line' id='line_1_72' title="bbox 277 4037 1872 4114; baseline 0 -22"><span class='ocrx_word' id='word_1_516' title='bbox 277 4039 426 4110; x_wconf 83' lang='lat' dir='ltr'><strong>epist.</strong></span> <span class='ocrx_word' id='word_1_517' title='bbox 454 4039 547 4094; x_wconf 78' lang='lat'><strong>23.</strong></span> <span class='ocrx_word' id='word_1_518' title='bbox 588 4039 655 4093; x_wconf 85' lang='lat' dir='ltr'><strong>ad</strong></span> <span class='ocrx_word' id='word_1_519' title='bbox 703 4039 912 4114; x_wconf 76' lang='lat' dir='ltr'><strong>Eustoc.</strong></span> <span class='ocrx_word' id='word_1_520' title='bbox 959 4055 1080 4111; x_wconf 88' lang='lat' dir='ltr'><strong>pag.</strong></span> <span class='ocrx_word' id='word_1_521' title='bbox 1129 4037 1242 4108; x_wconf 88' lang='lat'><strong>60),</strong></span> <span class='ocrx_word' id='word_1_522' title='bbox 1285 4038 1428 4093; x_wconf 89' lang='lat' dir='ltr'><strong>unde</strong></span> <span class='ocrx_word' id='word_1_523' title='bbox 1471 4053 1667 4094; x_wconf 88' lang='lat' dir='ltr'><strong>nomen</strong></span> <span class='ocrx_word' id='word_1_524' title='bbox 1715 4053 1872 4093; x_wconf 91' lang='lat' dir='ltr'><strong>suum</strong></span> 
     </span>
    </p>
   </div>
   <div class='ocr_carea' id='block_1_73' title="bbox 279 4129 1873 4202">
    <p class='ocr_par' dir='ltr' id='par_1_73' title="bbox 279 4129 1873 4202">
     <span class='ocr_line' id='line_1_73' title="bbox 279 4129 1873 4202; baseline 0 -18"><span class='ocrx_word' id='word_1_525' title='bbox 279 4139 570 4187; x_wconf 87' lang='lat' dir='ltr'><strong>traxerunt.</strong></span> <span class='ocrx_word' id='word_1_526' title='bbox 605 4131 803 4187; x_wconf 83' lang='lat' dir='ltr'><strong>Horum</strong></span> <span class='ocrx_word' id='word_1_527' title='bbox 833 4132 1011 4202; x_wconf 89' lang='lat' dir='ltr'><strong>itaque</strong></span> <span class='ocrx_word' id='word_1_528' title='bbox 1033 4129 1399 4201; x_wconf 67' lang='lat' dir='ltr'><strong>praestantium</strong></span> <span class='ocrx_word' id='word_1_529' title='bbox 1426 4129 1664 4184; x_wconf 86' lang='lat' dir='ltr'><strong>virorum</strong></span> <span class='ocrx_word' id='word_1_530' title='bbox 1687 4139 1873 4184; x_wconf 86' lang='lat' dir='ltr'><strong>aucto-</strong></span> 
     </span>
    </p>
   </div>
   <div class='ocr_carea' id='block_1_74' title="bbox 278 4219 1872 4294">
    <p class='ocr_par' dir='ltr' id='par_1_74' title="bbox 278 4219 1872 4294">
     <span class='ocr_line' id='line_1_74' title="bbox 278 4219 1872 4294; baseline -0.001 -18"><span class='ocrx_word' id='word_1_531' title='bbox 278 4221 437 4278; x_wconf 89' lang='lat' dir='ltr'><strong>ritate</strong></span> <span class='ocrx_word' id='word_1_532' title='bbox 465 4222 812 4294; x_wconf 86' lang='lat' dir='ltr'><strong>corrigendus</strong></span> <span class='ocrx_word' id='word_1_533' title='bbox 841 4234 922 4279; x_wconf 89' lang='lat' dir='ltr'><strong>est</strong></span> <span class='ocrx_word' id='word_1_534' title='bbox 951 4223 1084 4277; x_wconf 87' lang='lat' dir='ltr'><strong>alius</strong></span> <span class='ocrx_word' id='word_1_535' title='bbox 1112 4221 1426 4278; x_wconf 87' lang='lat' dir='ltr'><strong>Tertulliani</strong></span> <span class='ocrx_word' id='word_1_536' title='bbox 1456 4220 1508 4275; x_wconf 92' lang='lat' dir='ltr'><strong>in</strong></span> <span class='ocrx_word' id='word_1_537' title='bbox 1541 4220 1779 4276; x_wconf 90' lang='lat' dir='ltr'><strong>secundo</strong></span> <span class='ocrx_word' id='word_1_538' title='bbox 1807 4219 1872 4274; x_wconf 90' lang='lat' dir='ltr'><strong>ad</strong></span> 
     </span>
    </p>
   </div>
   <div class='ocr_carea' id='block_1_75' title="bbox 279 4312 1874 4386">
    <p class='ocr_par' dir='ltr' id='par_1_75' title="bbox 279 4312 1874 4386">
     <span class='ocr_line' id='line_1_75' title="bbox 279 4312 1874 4386; baseline 0 -19"><span class='ocrx_word' id='word_1_539' title='bbox 279 4312 534 4370; x_wconf 87' lang='lat' dir='ltr'><strong>Nationes</strong></span> <span class='ocrx_word' id='word_1_540' title='bbox 560 4315 880 4383; x_wconf 88' lang='lat' dir='ltr'><strong>librolocus,</strong></span> <span class='ocrx_word' id='word_1_541' title='bbox 909 4315 998 4369; x_wconf 91' lang='lat' dir='ltr'><strong>ubi</strong></span> <span class='ocrx_word' id='word_1_542' title='bbox 1030 4315 1285 4386; x_wconf 88' lang='lat' dir='ltr'><strong>scriptum</strong></span> <span class='ocrx_word' id='word_1_543' title='bbox 1311 4315 1571 4385; x_wconf 85' lang='lat' dir='ltr'><strong>legimus:</strong></span> <span class='ocrx_word' id='word_1_544' title='bbox 1596 4312 1692 4369; x_wconf 87' lang='lat' dir='ltr'><strong>Cn.</strong></span> <span class='ocrx_word' id='word_1_545' title='bbox 1719 4312 1874 4367; x_wconf 89' lang='lat' dir='ltr'><strong>Pom-</strong></span> 
     </span>
    </p>
   </div>
   <div class='ocr_carea' id='block_1_76' title="bbox 280 4399 1875 4480">
    <p class='ocr_par' dir='ltr' id='par_1_76' title="bbox 280 4399 1875 4480">
     <span class='ocr_line' id='line_1_76' title="bbox 280 4399 1875 4480; baseline 0.001 -22"><span class='ocrx_word' id='word_1_546' title='bbox 280 4406 424 4474; x_wconf 86' lang='lat' dir='ltr'><strong>peius</strong></span> <span class='ocrx_word' id='word_1_547' title='bbox 449 4406 511 4459; x_wconf 85' lang='lat' dir='ltr'><strong>de</strong></span> <span class='ocrx_word' id='word_1_548' title='bbox 533 4404 820 4462; x_wconf 90' lang='lat' dir='ltr'><strong>Ponto.....</strong></span> <span class='ocrx_word' id='word_1_549' title='bbox 849 4404 1022 4462; x_wconf 75' lang='lat' dir='ltr'><strong>Italia:</strong></span> <span class='ocrx_word' id='word_1_550' title='bbox 1052 4399 1389 4480; x_wconf 85' lang='lat' dir='ltr'><strong>promulgavit</strong></span> <span class='ocrx_word' id='word_1_551' title='bbox 1420 4405 1659 4478; x_wconf 88' lang='lat' dir='ltr'><strong>(Tertull.</strong></span> <span class='ocrx_word' id='word_1_552' title='bbox 1713 4407 1800 4460; x_wconf 88' lang='lat' dir='ltr'><strong>lib.</strong></span> <span class='ocrx_word' id='word_1_553' title='bbox 1830 4405 1875 4460; x_wconf 92' lang='lat' dir='ltr'><strong>ll</strong></span> 
     </span>
    </p>
   </div>
   <div class='ocr_carea' id='block_1_77' title="bbox 278 4494 1372 4569">
    <p class='ocr_par' dir='ltr' id='par_1_77' title="bbox 278 4494 1372 4569">
     <span class='ocr_line' id='line_1_77' title="bbox 278 4494 1372 4569; baseline 0.007 -22"><span class='ocrx_word' id='word_1_554' title='bbox 278 4495 348 4548; x_wconf 82' lang='lat' dir='ltr'><strong>ad</strong></span> <span class='ocrx_word' id='word_1_555' title='bbox 379 4494 506 4551; x_wconf 87' lang='lat' dir='ltr'><strong>Nat.</strong></span> <span class='ocrx_word' id='word_1_556' title='bbox 538 4512 656 4567; x_wconf 90' lang='lat' dir='ltr'><strong>cap.</strong></span> <span class='ocrx_word' id='word_1_557' title='bbox 689 4496 804 4569; x_wconf 86' lang='grc'><strong>16).</strong></span> <span class='ocrx_word' id='word_1_558' title='bbox 1369 4503 1372 4506; x_wconf 81' lang='grc'><em>’</em></span> 
     </span>
    </p>
   </div>
   <div class='ocr_carea' id='block_1_78' title="bbox 1979 3288 3583 3364">
    <p class='ocr_par' dir='ltr' id='par_1_78' title="bbox 1979 3288 3583 3364">
     <span class='ocr_line' id='line_1_78' title="bbox 1979 3288 3583 3364; baseline 0.004 -20"><span class='ocrx_word' id='word_1_559' title='bbox 1979 3288 2169 3344; x_wconf 89' lang='lat' dir='ltr'><strong>Nonne</strong></span> <span class='ocrx_word' id='word_1_560' title='bbox 2211 3288 2440 3360; x_wconf 86' lang='lat' dir='ltr'><strong>gentiles</strong></span> <span class='ocrx_word' id='word_1_561' title='bbox 2488 3289 2664 3360; x_wconf 89' lang='lat' dir='ltr'><strong>palam</strong></span> <span class='ocrx_word' id='word_1_562' title='bbox 2729 3289 3122 3360; x_wconf 83' lang='lat' dir='ltr'><strong>praedicabant,</strong></span> <span class='ocrx_word' id='word_1_563' title='bbox 3181 3292 3583 3364; x_wconf 82' lang='lat' dir='ltr'><strong>insolenterque</strong></span> 
     </span>
    </p>
   </div>
   <div class='ocr_carea' id='block_1_79' title="bbox 1977 3381 3578 3454">
    <p class='ocr_par' dir='ltr' id='par_1_79' title="bbox 1977 3381 3578 3454">
     <span class='ocr_line' id='line_1_79' title="bbox 1977 3381 3578 3454; baseline 0.004 -18"><span class='ocrx_word' id='word_1_564' title='bbox 1977 3381 2342 3454; x_wconf 80' lang='lat' dir='ltr'><strong>gloriabantur</strong></span> <span class='ocrx_word' id='word_1_565' title='bbox 2369 3381 2489 3437; x_wconf 90' lang='lat' dir='ltr'><strong>illos</strong></span> <span class='ocrx_word' id='word_1_566' title='bbox 2514 3383 2677 3436; x_wconf 87' lang='lat' dir='ltr'><strong>vitam</strong></span> <span class='ocrx_word' id='word_1_567' title='bbox 2707 3381 2903 3436; x_wconf 78' lang='lat' dir='ltr'><strong>vixisse</strong></span> <span class='ocrx_word' id='word_1_568' title='bbox 2932 3382 3152 3451; x_wconf 85' lang='lat' dir='ltr'><strong>stupris,</strong></span> <span class='ocrx_word' id='word_1_569' title='bbox 3185 3382 3482 3453; x_wconf 88' lang='lat' dir='ltr'><strong>adulteriis,</strong></span> <span class='ocrx_word' id='word_1_570' title='bbox 3508 3399 3578 3442; x_wconf 85' lang='lat' dir='ltr'><strong>ac</strong></span> 
     </span>
    </p>
   </div>
   <div class='ocr_carea' id='block_1_80' title="bbox 1977 3472 3584 3545">
    <p class='ocr_par' dir='ltr' id='par_1_80' title="bbox 1977 3472 3584 3545">
     <span class='ocr_line' id='line_1_80' title="bbox 1977 3472 3584 3545; baseline 0.003 -18"><span class='ocrx_word' id='word_1_571' title='bbox 1977 3473 2324 3545; x_wconf 89' lang='lat' dir='ltr'><strong>quibuslibet,</strong></span> <span class='ocrx_word' id='word_1_572' title='bbox 2375 3484 2434 3528; x_wconf 89' lang='lat' dir='ltr'><strong>ut</strong></span> <span class='ocrx_word' id='word_1_573' title='bbox 2483 3473 2609 3529; x_wconf 91' lang='lat' dir='ltr'><strong>alibi</strong></span> <span class='ocrx_word' id='word_1_574' title='bbox 2663 3473 2997 3528; x_wconf 89' lang='lat' dir='ltr'><strong>ostendimus</strong></span> <span class='ocrx_word' id='word_1_575' title='bbox 3051 3472 3349 3542; x_wconf 84' lang='lat' dir='ltr'><strong>(Dissertat.</strong></span> <span class='ocrx_word' id='word_1_576' title='bbox 3389 3478 3440 3531; x_wconf 89' lang='lat' dir='ltr'><strong>in</strong></span> <span class='ocrx_word' id='word_1_577' title='bbox 3485 3478 3584 3532; x_wconf 87' lang='lat' dir='ltr'><strong>Ar-</strong></span> 
     </span>
    </p>
   </div>
   <div class='ocr_carea' id='block_1_81' title="bbox 1975 3567 3583 3639">
    <p class='ocr_par' dir='ltr' id='par_1_81' title="bbox 1975 3567 3583 3639">
     <span class='ocr_line' id='line_1_81' title="bbox 1975 3567 3583 3639; baseline 0.004 -17"><span class='ocrx_word' id='word_1_578' title='bbox 1975 3569 2093 3623; x_wconf 87' lang='lat' dir='ltr'><strong>nob.</strong></span> <span class='ocrx_word' id='word_1_579' title='bbox 2137 3584 2254 3639; x_wconf 86' lang='lat' dir='ltr'><strong>cap.</strong></span> <span class='ocrx_word' id='word_1_580' title='bbox 2305 3567 2395 3634; x_wconf 91' lang='grc'><strong>12,</strong></span> <span class='ocrx_word' id='word_1_581' title='bbox 2441 3569 2574 3623; x_wconf 75' lang='lat' dir='ltr'><strong>arti</strong></span> <span class='ocrx_word' id='word_1_582' title='bbox 2615 3577 2660 3622; x_wconf 88' lang='lat' dir='ltr'><strong>et</strong></span> <span class='ocrx_word' id='word_1_583' title='bbox 2700 3569 2888 3638; x_wconf 84' lang='lat' dir='ltr'><strong>seqq.),</strong></span> <span class='ocrx_word' id='word_1_584' title='bbox 2918 3568 3164 3623; x_wconf 80' lang='lat' dir='ltr'><strong>maximis</strong></span> <span class='ocrx_word' id='word_1_585' title='bbox 3203 3571 3494 3628; x_wconf 88' lang='lat' dir='ltr'><strong>sceleribus</strong></span> <span class='ocrx_word' id='word_1_586' title='bbox 3522 3580 3583 3629; x_wconf 83' lang='lat' dir='ltr'><strong>et</strong></span> 
     </span>
    </p>
   </div>
   <div class='ocr_carea' id='block_1_82' title="bbox 1974 3660 3584 3732">
    <p class='ocr_par' dir='ltr' id='par_1_82' title="bbox 1974 3660 3584 3732">
     <span class='ocr_line' id='line_1_82' title="bbox 1974 3660 3584 3732; baseline 0.002 -15"><span class='ocrx_word' id='word_1_587' title='bbox 1974 3661 2188 3732; x_wconf 83' lang='lat' dir='ltr'><strong>ﬂagitiis</strong></span> <span class='ocrx_word' id='word_1_588' title='bbox 2221 3660 2496 3727; x_wconf 81' lang='lat' dir='ltr'><strong>infamem,</strong></span> <span class='ocrx_word' id='word_1_589' title='bbox 2538 3675 2601 3715; x_wconf 88' lang='lat' dir='ltr'><strong>ac</strong></span> <span class='ocrx_word' id='word_1_590' title='bbox 2638 3661 3094 3717; x_wconf 84' lang='lat' dir='ltr'><strong>contaminatam?</strong></span> <span class='ocrx_word' id='word_1_591' title='bbox 3124 3662 3232 3718; x_wconf 84' lang='lat' dir='ltr'><strong>Fac</strong></span> <span class='ocrx_word' id='word_1_592' title='bbox 3277 3671 3453 3720; x_wconf 87' lang='lat' dir='ltr'><strong>tamen</strong></span> <span class='ocrx_word' id='word_1_593' title='bbox 3483 3678 3584 3722; x_wconf 80' lang='lat' dir='ltr'><strong>eos</strong></span> 
     </span>
    </p>
   </div>
   <div class='ocr_carea' id='block_1_83' title="bbox 1977 3753 3583 3830">
    <p class='ocr_par' dir='ltr' id='par_1_83' title="bbox 1977 3753 3583 3830">
     <span class='ocr_line' id='line_1_83' title="bbox 1977 3753 3583 3830; baseline -0.003 -21"><span class='ocrx_word' id='word_1_594' title='bbox 1977 3763 2055 3810; x_wconf 88' lang='lat' dir='ltr'><strong>tot</strong></span> <span class='ocrx_word' id='word_1_595' title='bbox 2085 3754 2350 3824; x_wconf 89' lang='lat' dir='ltr'><strong>tantisque</strong></span> <span class='ocrx_word' id='word_1_596' title='bbox 2390 3753 2675 3808; x_wconf 89' lang='lat' dir='ltr'><strong>virtutibus</strong></span> <span class='ocrx_word' id='word_1_597' title='bbox 2705 3755 3006 3810; x_wconf 88' lang='lat' dir='ltr'><strong>cumulalos</strong></span> <span class='ocrx_word' id='word_1_598' title='bbox 3034 3754 3222 3825; x_wconf 81' lang='lat' dir='ltr'><strong>fuisse,</strong></span> <span class='ocrx_word' id='word_1_599' title='bbox 3251 3767 3383 3828; x_wconf 84' lang='lat' dir='ltr'><strong>quot</strong></span> <span class='ocrx_word' id='word_1_600' title='bbox 3407 3774 3583 3830; x_wconf 79' lang='lat' dir='ltr'><strong>quan.</strong></span> 
     </span>
    </p>
   </div>
   <div class='ocr_carea' id='block_1_84' title="bbox 1975 3847 3585 3921">
    <p class='ocr_par' dir='ltr' id='par_1_84' title="bbox 1975 3847 3585 3921">
     <span class='ocr_line' id='line_1_84' title="bbox 1975 3847 3585 3921; baseline 0.004 -17"><span class='ocrx_word' id='word_1_601' title='bbox 1975 3849 2149 3921; x_wconf 87' lang='lat' dir='ltr'><strong>tisque</strong></span> <span class='ocrx_word' id='word_1_602' title='bbox 2177 3847 2319 3903; x_wconf 91' lang='lat' dir='ltr'><strong>vitiis</strong></span> <span class='ocrx_word' id='word_1_603' title='bbox 2342 3847 2842 3918; x_wconf 87' lang='lat' dir='ltr'><strong>coinquinabantur;</strong></span> <span class='ocrx_word' id='word_1_604' title='bbox 2862 3862 2958 3903; x_wconf 88' lang='lat' dir='ltr'><strong>cur</strong></span> <span class='ocrx_word' id='word_1_605' title='bbox 2983 3864 3112 3919; x_wconf 87' lang='lat' dir='ltr'><strong>ergo</strong></span> <span class='ocrx_word' id='word_1_606' title='bbox 3139 3849 3246 3918; x_wconf 85' lang='lat' dir='ltr'><strong>his,</strong></span> <span class='ocrx_word' id='word_1_607' title='bbox 3266 3851 3339 3905; x_wconf 82' lang='lat' dir='ltr'><strong>ait</strong></span> <span class='ocrx_word' id='word_1_608' title='bbox 3363 3850 3585 3910; x_wconf 80' lang='lat' dir='ltr'><strong>Tertul-</strong></span> 
     </span>
    </p>
   </div>
   <div class='ocr_carea' id='block_1_85' title="bbox 1976 3939 3584 4010">
    <p class='ocr_par' dir='ltr' id='par_1_85' title="bbox 1976 3939 3584 4010">
     <span class='ocr_line' id='line_1_85' title="bbox 1976 3939 3584 4010; baseline 0.002 -14"><span class='ocrx_word' id='word_1_609' title='bbox 1976 3942 2170 4010; x_wconf 90' lang='lat' dir='ltr'><strong>lianus,</strong></span> <span class='ocrx_word' id='word_1_610' title='bbox 2205 3941 2257 3994; x_wconf 90' lang='lat' dir='ltr'><strong>in</strong></span> <span class='ocrx_word' id='word_1_611' title='bbox 2297 3939 2492 3996; x_wconf 69' lang='lat' dir='ltr'><strong>coelum</strong></span> <span class='ocrx_word' id='word_1_612' title='bbox 2535 3939 2779 4006; x_wconf 87' lang='lat' dir='ltr'><strong>sublatis,</strong></span> <span class='ocrx_word' id='word_1_613' title='bbox 2803 3954 2867 3996; x_wconf 92' lang='lat' dir='ltr'><strong>ac</strong></span> <span class='ocrx_word' id='word_1_614' title='bbox 2895 3939 3173 3997; x_wconf 84' lang='lat' dir='ltr'><strong>divinitate</strong></span> <span class='ocrx_word' id='word_1_615' title='bbox 3217 3941 3450 4009; x_wconf 88' lang='lat' dir='ltr'><strong>donatis,</strong></span> <span class='ocrx_word' id='word_1_616' title='bbox 3487 3945 3584 4001; x_wconf 88' lang='lat' dir='ltr'><strong>alii</strong></span> 
     </span>
    </p>
   </div>
   <div class='ocr_carea' id='block_1_86' title="bbox 1977 4035 3579 4110">
    <p class='ocr_par' dir='ltr' id='par_1_86' title="bbox 1977 4035 3579 4110">
     <span class='ocr_line' id='line_1_86' title="bbox 1977 4035 3579 4110; baseline 0.003 -22"><span class='ocrx_word' id='word_1_617' title='bbox 1977 4035 2172 4090; x_wconf 88' lang='lat' dir='ltr'><strong>virtute</strong></span> <span class='ocrx_word' id='word_1_618' title='bbox 2199 4049 2371 4104; x_wconf 88' lang='lat' dir='ltr'><strong>pares,</strong></span> <span class='ocrx_word' id='word_1_619' title='bbox 2403 4043 2563 4105; x_wconf 87' lang='lat' dir='ltr'><strong>atque</strong></span> <span class='ocrx_word' id='word_1_620' title='bbox 2585 4036 2746 4089; x_wconf 88' lang='lat' dir='ltr'><strong>etiam</strong></span> <span class='ocrx_word' id='word_1_621' title='bbox 2789 4036 3192 4105; x_wconf 72' lang='lat' dir='ltr'><strong>praestantiores</strong></span> <span class='ocrx_word' id='word_1_622' title='bbox 3214 4077 3228 4101; x_wconf 91' lang='lat'><strong>,</strong></span> <span class='ocrx_word' id='word_1_623' title='bbox 3257 4038 3398 4106; x_wconf 88' lang='lat' dir='ltr'><strong>apud</strong></span> <span class='ocrx_word' id='word_1_624' title='bbox 3440 4040 3579 4110; x_wconf 84' lang='lat' dir='ltr'><strong>infe-</strong></span> 
     </span>
    </p>
   </div>
   <div class='ocr_carea' id='block_1_87' title="bbox 1978 4125 3578 4199">
    <p class='ocr_par' dir='ltr' id='par_1_87' title="bbox 1978 4125 3578 4199">
     <span class='ocr_line' id='line_1_87' title="bbox 1978 4125 3578 4199; baseline 0.001 -16"><span class='ocrx_word' id='word_1_625' title='bbox 1978 4146 2060 4184; x_wconf 87' lang='lat' dir='ltr'><strong>ros</strong></span> <span class='ocrx_word' id='word_1_626' title='bbox 2100 4128 2271 4184; x_wconf 90' lang='lat' dir='ltr'><strong>relicti</strong></span> <span class='ocrx_word' id='word_1_627' title='bbox 2309 4136 2434 4182; x_wconf 88' lang='lat' dir='ltr'><strong>sunt</strong></span> <span class='ocrx_word' id='word_1_628' title='bbox 2473 4126 2711 4198; x_wconf 82' lang='lat' dir='ltr'><strong>(Tertull.</strong></span> <span class='ocrx_word' id='word_1_629' title='bbox 2744 4125 2930 4197; x_wconf 84' lang='lat' dir='ltr'><strong>ibid.)?</strong></span> <span class='ocrx_word' id='word_1_630' title='bbox 2955 4126 3144 4183; x_wconf 91' lang='lat' dir='ltr'><strong>Nullus</strong></span> <span class='ocrx_word' id='word_1_631' title='bbox 3172 4129 3314 4183; x_wconf 89' lang='lat' dir='ltr'><strong>enim</strong></span> <span class='ocrx_word' id='word_1_632' title='bbox 3361 4131 3578 4199; x_wconf 87' lang='lat' dir='ltr'><strong>gentilis</strong></span> 
     </span>
    </p>
   </div>
   <div class='ocr_carea' id='block_1_88' title="bbox 1977 4220 3579 4297">
    <p class='ocr_par' dir='ltr' id='par_1_88' title="bbox 1977 4220 3579 4297">
     <span class='ocr_line' id='line_1_88' title="bbox 1977 4220 3579 4297; baseline 0 -19"><span class='ocrx_word' id='word_1_633' title='bbox 1977 4223 2317 4297; x_wconf 86' lang='lat' dir='ltr'><strong>quantumvis</strong></span> <span class='ocrx_word' id='word_1_634' title='bbox 2343 4221 2409 4277; x_wconf 88' lang='lat' dir='ltr'><strong>ad</strong></span> <span class='ocrx_word' id='word_1_635' title='bbox 2440 4220 2745 4276; x_wconf 88' lang='lat' dir='ltr'><strong>audendum</strong></span> <span class='ocrx_word' id='word_1_636' title='bbox 2787 4221 3080 4290; x_wconf 82' lang='lat' dir='ltr'><strong>projectus,</strong></span> <span class='ocrx_word' id='word_1_637' title='bbox 3108 4220 3158 4275; x_wconf 88' lang='lat' dir='ltr'><strong>id</strong></span> <span class='ocrx_word' id='word_1_638' title='bbox 3187 4237 3382 4292; x_wconf 89' lang='lat' dir='ltr'><strong>negare</strong></span> <span class='ocrx_word' id='word_1_639' title='bbox 3424 4231 3579 4292; x_wconf 84' lang='lat' dir='ltr'><strong>pote-</strong></span> 
     </span>
    </p>
   </div>
   <div class='ocr_carea' id='block_1_89' title="bbox 1978 4314 3580 4388">
    <p class='ocr_par' dir='ltr' id='par_1_89' title="bbox 1978 4314 3580 4388">
     <span class='ocr_line' id='line_1_89' title="bbox 1978 4314 3580 4388; baseline 0 -16"><span class='ocrx_word' id='word_1_640' title='bbox 1978 4327 2084 4382; x_wconf 89' lang='lat' dir='ltr'><strong>rat,</strong></span> <span class='ocrx_word' id='word_1_641' title='bbox 2109 4315 2249 4388; x_wconf 91' lang='lat' dir='ltr'><strong>quod</strong></span> <span class='ocrx_word' id='word_1_642' title='bbox 2270 4314 2709 4370; x_wconf 88' lang='lat' dir='ltr'><strong>manifestissime</strong></span> <span class='ocrx_word' id='word_1_643' title='bbox 2732 4317 2987 4384; x_wconf 87' lang='lat' dir='ltr'><strong>probatur</strong></span> <span class='ocrx_word' id='word_1_644' title='bbox 3005 4314 3287 4371; x_wconf 90' lang='lat' dir='ltr'><strong>illustrium</strong></span> <span class='ocrx_word' id='word_1_645' title='bbox 3315 4317 3580 4385; x_wconf 81' lang='lat' dir='ltr'><strong>exemplis</strong></span> 
     </span>
    </p>
   </div>
   <div class='ocr_carea' id='block_1_90' title="bbox 1979 4405 3578 4479">
    <p class='ocr_par' dir='ltr' id='par_1_90' title="bbox 1979 4405 3578 4479">
     <span class='ocr_line' id='line_1_90' title="bbox 1979 4405 3578 4479; baseline 0 -16"><span class='ocrx_word' id='word_1_646' title='bbox 1979 4411 2216 4465; x_wconf 90' lang='lat' dir='ltr'><strong>virorum</strong></span> <span class='ocrx_word' id='word_1_647' title='bbox 2259 4421 2485 4479; x_wconf 80' lang='lat' dir='ltr'><strong>quarunt</strong></span> <span class='ocrx_word' id='word_1_648' title='bbox 2521 4407 2762 4477; x_wconf 83' lang='lat' dir='ltr'><strong>egregias</strong></span> <span class='ocrx_word' id='word_1_649' title='bbox 2799 4405 3204 4477; x_wconf 87' lang='lat' dir='ltr'><strong>singularesque</strong></span> <span class='ocrx_word' id='word_1_650' title='bbox 3242 4407 3465 4463; x_wconf 88' lang='lat' dir='ltr'><strong>virtutes</strong></span> <span class='ocrx_word' id='word_1_651' title='bbox 3491 4408 3578 4479; x_wconf 88' lang='lat' dir='ltr'><strong>ip-</strong></span> 
     </span>
    </p>
   </div>
   <div class='ocr_carea' id='block_1_91' title="bbox 1981 4499 3249 4558">
    <p class='ocr_par' dir='ltr' id='par_1_91' title="bbox 1981 4499 3249 4558">
     <span class='ocr_line' id='line_1_91' title="bbox 1981 4499 3249 4558; baseline -0.002 0"><span class='ocrx_word' id='word_1_652' title='bbox 1981 4504 2138 4558; x_wconf 90' lang='lat' dir='ltr'><strong>simet</strong></span> <span class='ocrx_word' id='word_1_653' title='bbox 2171 4501 2368 4557; x_wconf 89' lang='lat' dir='ltr'><strong>ethnici</strong></span> <span class='ocrx_word' id='word_1_654' title='bbox 2395 4500 2619 4556; x_wconf 81' lang='lat' dir='ltr'><strong>suminis</strong></span> <span class='ocrx_word' id='word_1_655' title='bbox 2647 4499 2953 4555; x_wconf 81' lang='lat' dir='ltr'><strong>extulerunt</strong></span> <span class='ocrx_word' id='word_1_656' title='bbox 2984 4499 3249 4555; x_wconf 84' lang='lat' dir='ltr'><strong>laudibus.</strong></span> 
     </span>
    </p>
   </div>
   <div class='ocr_carea' id='block_1_92' title="bbox 356 4587 3579 4667">
    <p class='ocr_par' dir='ltr' id='par_1_92' title="bbox 356 4587 3579 4667">
     <span class='ocr_line' id='line_1_92' title="bbox 356 4587 3579 4667; baseline 0.003 -25"><span class='ocrx_word' id='word_1_657' title='bbox 356 4587 519 4642; x_wconf 87' lang='lat' dir='ltr'><strong>Instat</strong></span> <span class='ocrx_word' id='word_1_658' title='bbox 574 4587 665 4644; x_wconf 91' lang='lat' dir='ltr'><strong>ille</strong></span> <span class='ocrx_word' id='word_1_659' title='bbox 726 4590 884 4645; x_wconf 90' lang='lat' dir='ltr'><strong>ﬁcum</strong></span> <span class='ocrx_word' id='word_1_660' title='bbox 925 4589 1150 4646; x_wconf 86' lang='lat' dir='ltr'><strong>viridem</strong></span> <span class='ocrx_word' id='word_1_661' title='bbox 1203 4591 1389 4646; x_wconf 60' lang='lat' dir='ltr'><strong>Romae</strong></span> <span class='ocrx_word' id='word_1_662' title='bbox 1443 4591 1709 4660; x_wconf 86' lang='lat' dir='ltr'><strong>cognitam</strong></span> <span class='ocrx_word' id='word_1_663' title='bbox 1768 4591 1954 4654; x_wconf 91' lang='lat' dir='ltr'><strong>nonD</strong></span> <span class='ocrx_word' id='word_1_664' title='bbox 2052 4594 2182 4650; x_wconf 90' lang='lat' dir='ltr'><strong>Nam</strong></span> <span class='ocrx_word' id='word_1_665' title='bbox 2224 4602 2282 4648; x_wconf 86' lang='lat' dir='ltr'><strong>ut</strong></span> <span class='ocrx_word' id='word_1_666' title='bbox 2323 4593 2591 4663; x_wconf 88' lang='lat' dir='ltr'><strong>proposita</strong></span> <span class='ocrx_word' id='word_1_667' title='bbox 2645 4607 2673 4646; x_wconf 92' lang='lat' dir='ltr'><strong>a</strong></span> <span class='ocrx_word' id='word_1_668' title='bbox 2716 4591 3042 4648; x_wconf 86' lang='lat' dir='ltr'><strong>Tertulliauo</strong></span> <span class='ocrx_word' id='word_1_669' title='bbox 3091 4592 3280 4664; x_wconf 68' lang='lat' dir='ltr'><strong>(Ibid)</strong></span> <span class='ocrx_word' id='word_1_670' title='bbox 3330 4594 3579 4667; x_wconf 75' lang='lat' dir='ltr'><strong>exempla</strong></span> 
     </span>
    </p>
   </div>
   <div class='ocr_carea' id='block_1_93' title="bbox 281 4679 1878 4758">
    <p class='ocr_par' dir='ltr' id='par_1_93' title="bbox 281 4679 1878 4758">
     <span class='ocr_line' id='line_1_93' title="bbox 281 4679 1878 4758; baseline 0.003 -25"><span class='ocrx_word' id='word_1_671' title='bbox 281 4679 467 4745; x_wconf 85' lang='lat' dir='ltr'><strong>fuisse,</strong></span> <span class='ocrx_word' id='word_1_672' title='bbox 489 4690 773 4752; x_wconf 88' lang='lat' dir='ltr'><strong>antequam</strong></span> <span class='ocrx_word' id='word_1_673' title='bbox 802 4680 927 4736; x_wconf 84' lang='lat' dir='ltr'><strong>Cato</strong></span> <span class='ocrx_word' id='word_1_674' title='bbox 947 4698 1064 4738; x_wconf 89' lang='lat' dir='ltr'><strong>eam</strong></span> <span class='ocrx_word' id='word_1_675' title='bbox 1094 4684 1300 4739; x_wconf 90' lang='lat' dir='ltr'><strong>senatui</strong></span> <span class='ocrx_word' id='word_1_676' title='bbox 1323 4682 1717 4758; x_wconf 73' lang='lat' dir='ltr'><strong>intulit(ibid.).</strong></span> <span class='ocrx_word' id='word_1_677' title='bbox 1745 4682 1878 4738; x_wconf 91' lang='lat' dir='ltr'><strong>Tota</strong></span> 
     </span>
    </p>
   </div>
   <div class='ocr_carea' id='block_1_94' title="bbox 282 4772 1880 4844">
    <p class='ocr_par' dir='ltr' id='par_1_94' title="bbox 282 4772 1880 4844">
     <span class='ocr_line' id='line_1_94' title="bbox 282 4772 1880 4844; baseline 0.003 -19"><span class='ocrx_word' id='word_1_678' title='bbox 282 4781 459 4827; x_wconf 90' lang='lat' dir='ltr'><strong>autem</strong></span> <span class='ocrx_word' id='word_1_679' title='bbox 520 4772 635 4828; x_wconf 78' lang='lat' dir='ltr'><strong>haec</strong></span> <span class='ocrx_word' id='word_1_680' title='bbox 703 4773 923 4828; x_wconf 86' lang='lat' dir='ltr'><strong>historia</strong></span> <span class='ocrx_word' id='word_1_681' title='bbox 988 4791 1017 4828; x_wconf 90' lang='lat' dir='ltr'><strong>a</strong></span> <span class='ocrx_word' id='word_1_682' title='bbox 1075 4774 1246 4829; x_wconf 87' lang='lat' dir='ltr'><strong>Plinio</strong></span> <span class='ocrx_word' id='word_1_683' title='bbox 1293 4774 1402 4844; x_wconf 87' lang='lat' dir='ltr'><strong>jam</strong></span> <span class='ocrx_word' id='word_1_684' title='bbox 1460 4775 1624 4830; x_wconf 89' lang='lat' dir='ltr'><strong>citato</strong></span> <span class='ocrx_word' id='word_1_685' title='bbox 1673 4774 1880 4832; x_wconf 88' lang='lat' dir='ltr'><strong>descri-</strong></span> 
     </span>
    </p>
   </div>
   <div class='ocr_carea' id='block_1_95' title="bbox 285 4865 1875 4941">
    <p class='ocr_par' dir='ltr' id='par_1_95' title="bbox 285 4865 1875 4941">
     <span class='ocr_line' id='line_1_95' title="bbox 285 4865 1875 4941; baseline 0.002 -20"><span class='ocrx_word' id='word_1_686' title='bbox 285 4873 374 4936; x_wconf 87' lang='lat' dir='ltr'><strong>pta</strong></span> <span class='ocrx_word' id='word_1_687' title='bbox 403 4875 486 4922; x_wconf 90' lang='lat' dir='ltr'><strong>est</strong></span> <span class='ocrx_word' id='word_1_688' title='bbox 506 4865 804 4936; x_wconf 85' lang='lat' dir='ltr'><strong>(Plin.,lib.</strong></span> <span class='ocrx_word' id='word_1_689' title='bbox 832 4867 923 4922; x_wconf 83' lang='lat' dir='ltr'><strong>XV</strong></span> <span class='ocrx_word' id='word_1_690' title='bbox 945 4879 1113 4923; x_wconf 89' lang='lat' dir='ltr'><strong>natur.</strong></span> <span class='ocrx_word' id='word_1_691' title='bbox 1147 4867 1440 4937; x_wconf 79' lang='lat' dir='ltr'><strong>Hist.,cup.</strong></span> <span class='ocrx_word' id='word_1_692' title='bbox 1469 4868 1556 4933; x_wconf 88' lang='grc'><strong>18,</strong></span> <span class='ocrx_word' id='word_1_693' title='bbox 1575 4885 1696 4941; x_wconf 88' lang='lat' dir='ltr'><strong>pag.</strong></span> <span class='ocrx_word' id='word_1_694' title='bbox 1725 4867 1875 4939; x_wconf 89' lang='grc'><strong>198),</strong></span> 
     </span>
    </p>
   </div>
   <div class='ocr_carea' id='block_1_96' title="bbox 284 4949 1883 5032">
    <p class='ocr_par' dir='ltr' id='par_1_96' title="bbox 284 4949 1883 5032">
     <span class='ocr_line' id='line_1_96' title="bbox 284 4949 1883 5032; baseline 0.001 -18"><span class='ocrx_word' id='word_1_695' title='bbox 284 4969 341 5014; x_wconf 91' lang='lat' dir='ltr'><strong>et</strong></span> <span class='ocrx_word' id='word_1_696' title='bbox 382 4976 448 5014; x_wconf 79' lang='lat' dir='ltr'><strong>ex</strong></span> <span class='ocrx_word' id='word_1_697' title='bbox 478 4960 589 5026; x_wconf 90' lang='lat' dir='ltr'><strong>illa,</strong></span> <span class='ocrx_word' id='word_1_698' title='bbox 635 4961 775 5015; x_wconf 91' lang='lat' dir='ltr'><strong>sicut</strong></span> <span class='ocrx_word' id='word_1_699' title='bbox 801 4976 866 5016; x_wconf 78' lang='lat' dir='ltr'><strong>ex</strong></span> <span class='ocrx_word' id='word_1_700' title='bbox 897 4949 1179 5032; x_wconf 85' lang='lat' dir='ltr'><strong>superiori,</strong></span> <span class='ocrx_word' id='word_1_701' title='bbox 1213 4960 1574 5017; x_wconf 87' lang='lat' dir='ltr'><strong>Tertullianus</strong></span> <span class='ocrx_word' id='word_1_702' title='bbox 1612 4961 1883 5017; x_wconf 88' lang='lat' dir='ltr'><strong>concludit</strong></span> 
     </span>
    </p>
   </div>
   <div class='ocr_carea' id='block_1_97' title="bbox 268 5051 1881 5125">
    <p class='ocr_par' dir='ltr' id='par_1_97' title="bbox 268 5051 1881 5125">
     <span class='ocr_line' id='line_1_97' title="bbox 268 5051 1881 5125; baseline 0.001 -21"><span class='ocrx_word' id='word_1_703' title='bbox 268 5051 496 5123; x_wconf 71' lang='lat' dir='ltr'><strong>iniquos</strong></span> <span class='ocrx_word' id='word_1_704' title='bbox 538 5067 658 5108; x_wconf 91' lang='lat' dir='ltr'><strong>esse</strong></span> <span class='ocrx_word' id='word_1_705' title='bbox 682 5055 941 5124; x_wconf 85' lang='lat' dir='ltr'><strong>gentiles,</strong></span> <span class='ocrx_word' id='word_1_706' title='bbox 973 5055 1062 5125; x_wconf 90' lang='lat' dir='ltr'><strong>qui</strong></span> <span class='ocrx_word' id='word_1_707' title='bbox 1091 5053 1360 5118; x_wconf 85' lang='lat' dir='ltr'><strong>Cererem,</strong></span> <span class='ocrx_word' id='word_1_708' title='bbox 1391 5053 1683 5120; x_wconf 86' lang='lat' dir='ltr'><strong>Bacchum,</strong></span> <span class='ocrx_word' id='word_1_709' title='bbox 1703 5062 1757 5109; x_wconf 92' lang='lat' dir='ltr'><strong>et</strong></span> <span class='ocrx_word' id='word_1_710' title='bbox 1779 5053 1881 5108; x_wconf 85' lang='lat' dir='ltr'><strong>Mi.-</strong></span> 
     </span>
    </p>
   </div>
   <div class='ocr_carea' id='block_1_98' title="bbox 288 5145 1882 5218">
    <p class='ocr_par' dir='ltr' id='par_1_98' title="bbox 288 5145 1882 5218">
     <span class='ocr_line' id='line_1_98' title="bbox 288 5145 1882 5218; baseline 0.003 -20"><span class='ocrx_word' id='word_1_711' title='bbox 288 5159 505 5199; x_wconf 87' lang='lat' dir='ltr'><strong>nervam</strong></span> <span class='ocrx_word' id='word_1_712' title='bbox 543 5145 612 5199; x_wconf 92' lang='lat' dir='ltr'><strong>ob</strong></span> <span class='ocrx_word' id='word_1_713' title='bbox 641 5145 816 5215; x_wconf 80' lang='lat' dir='ltr'><strong>fruges</strong></span> <span class='ocrx_word' id='word_1_714' title='bbox 845 5147 1088 5201; x_wconf 85' lang='lat' dir='ltr'><strong>inventas</strong></span> <span class='ocrx_word' id='word_1_715' title='bbox 1120 5147 1170 5201; x_wconf 93' lang='lat' dir='ltr'><strong>in</strong></span> <span class='ocrx_word' id='word_1_716' title='bbox 1202 5147 1423 5202; x_wconf 91' lang='lat' dir='ltr'><strong>deorum</strong></span> <span class='ocrx_word' id='word_1_717' title='bbox 1457 5161 1675 5201; x_wconf 90' lang='lat' dir='ltr'><strong>suorum</strong></span> <span class='ocrx_word' id='word_1_718' title='bbox 1723 5161 1882 5218; x_wconf 84' lang='lat' dir='ltr'><strong>repo-</strong></span> 
     </span>
    </p>
   </div>
   <div class='ocr_carea' id='block_1_99' title="bbox 288 5231 1882 5310">
    <p class='ocr_par' dir='ltr' id='par_1_99' title="bbox 288 5231 1882 5310">
     <span class='ocr_line' id='line_1_99' title="bbox 288 5231 1882 5310; baseline 0.002 -19"><span class='ocrx_word' id='word_1_719' title='bbox 288 5252 446 5293; x_wconf 90' lang='lat' dir='ltr'><strong>suere</strong></span> <span class='ocrx_word' id='word_1_720' title='bbox 477 5252 720 5301; x_wconf 88' lang='lat' dir='ltr'><strong>numero,</strong></span> <span class='ocrx_word' id='word_1_721' title='bbox 748 5250 802 5293; x_wconf 88' lang='lat' dir='ltr'><strong>et</strong></span> <span class='ocrx_word' id='word_1_722' title='bbox 843 5239 1124 5295; x_wconf 89' lang='lat' dir='ltr'><strong>Lucullum</strong></span> <span class='ocrx_word' id='word_1_723' title='bbox 1171 5255 1235 5295; x_wconf 91' lang='lat' dir='ltr'><strong>ac</strong></span> <span class='ocrx_word' id='word_1_724' title='bbox 1289 5241 1568 5306; x_wconf 89' lang='lat' dir='ltr'><strong>Catonem,</strong></span> <span class='ocrx_word' id='word_1_725' title='bbox 1616 5231 1718 5310; x_wconf 41' lang='lat' dir='ltr'><strong>qoi‘</strong></span> <span class='ocrx_word' id='word_1_726' title='bbox 1749 5239 1882 5295; x_wconf 86' lang='lat' dir='ltr'><strong>alias</strong></span> 
     </span>
    </p>
   </div>
   <div class='ocr_carea' id='block_1_100' title="bbox 291 5329 1881 5403">
    <p class='ocr_par' dir='ltr' id='par_1_100' title="bbox 291 5329 1881 5403">
     <span class='ocr_line' id='line_1_100' title="bbox 291 5329 1881 5403; baseline 0.003 -20"><span class='ocrx_word' id='word_1_727' title='bbox 291 5329 547 5386; x_wconf 88' lang='lat' dir='ltr'><strong>hactenus</strong></span> <span class='ocrx_word' id='word_1_728' title='bbox 577 5332 868 5403; x_wconf 83' lang='lat' dir='ltr'><strong>incognitas</strong></span> <span class='ocrx_word' id='word_1_729' title='bbox 894 5333 944 5387; x_wconf 90' lang='lat' dir='ltr'><strong>in</strong></span> <span class='ocrx_word' id='word_1_730' title='bbox 970 5333 1170 5387; x_wconf 87' lang='lat' dir='ltr'><strong>Italiam</strong></span> <span class='ocrx_word' id='word_1_731' title='bbox 1200 5333 1532 5401; x_wconf 88' lang='lat' dir='ltr'><strong>Romamque</strong></span> <span class='ocrx_word' id='word_1_732' title='bbox 1571 5333 1881 5402; x_wconf 88' lang='lat' dir='ltr'><strong>attulerant,</strong></span> 
     </span>
    </p>
   </div>
   <div class='ocr_carea' id='block_1_101' title="bbox 289 5422 1883 5495">
    <p class='ocr_par' dir='ltr' id='par_1_101' title="bbox 289 5422 1883 5495">
     <span class='ocr_line' id='line_1_101' title="bbox 289 5422 1883 5495; baseline 0.002 -19"><span class='ocrx_word' id='word_1_733' title='bbox 289 5422 432 5492; x_wconf 90' lang='lat' dir='ltr'><strong>apud</strong></span> <span class='ocrx_word' id='word_1_734' title='bbox 479 5423 670 5495; x_wconf 76' lang='lat' dir='ltr'><strong>inferos</strong></span> <span class='ocrx_word' id='word_1_735' title='bbox 713 5425 1040 5493; x_wconf 87' lang='lat' dir='ltr'><strong>reliquerunt.</strong></span> <span class='ocrx_word' id='word_1_736' title='bbox 1083 5425 1190 5480; x_wconf 89' lang='lat' dir='ltr'><strong>Sed</strong></span> <span class='ocrx_word' id='word_1_737' title='bbox 1239 5425 1354 5480; x_wconf 64' lang='lat' dir='ltr'><strong>haec</strong></span> <span class='ocrx_word' id='word_1_738' title='bbox 1398 5424 1568 5481; x_wconf 84' lang='lat' dir='ltr'><strong>fusius</strong></span> <span class='ocrx_word' id='word_1_739' title='bbox 1617 5426 1883 5495; x_wconf 89' lang='lat' dir='ltr'><strong>prosecuti</strong></span> 
     </span>
    </p>
   </div>
   <div class='ocr_carea' id='block_1_102' title="bbox 289 5517 1886 5593">
    <p class='ocr_par' dir='ltr' id='par_1_102' title="bbox 289 5517 1886 5593">
     <span class='ocr_line' id='line_1_102' title="bbox 289 5517 1886 5593; baseline 0.003 -23"><span class='ocrx_word' id='word_1_740' title='bbox 289 5532 475 5572; x_wconf 86' lang='lat' dir='ltr'><strong>sumus</strong></span> <span class='ocrx_word' id='word_1_741' title='bbox 517 5517 570 5572; x_wconf 90' lang='lat' dir='ltr'><strong>in</strong></span> <span class='ocrx_word' id='word_1_742' title='bbox 608 5518 729 5573; x_wconf 89' lang='lat' dir='ltr'><strong>aliis</strong></span> <span class='ocrx_word' id='word_1_743' title='bbox 771 5519 968 5574; x_wconf 91' lang='lat' dir='ltr'><strong>nostris</strong></span> <span class='ocrx_word' id='word_1_744' title='bbox 1011 5517 1472 5576; x_wconf 86' lang='lat' dir='ltr'><strong>dissertationibus</strong></span> <span class='ocrx_word' id='word_1_745' title='bbox 1503 5519 1798 5593; x_wconf 86' lang='lat' dir='ltr'><strong>(Dissertat.</strong></span> <span class='ocrx_word' id='word_1_746' title='bbox 1832 5521 1886 5576; x_wconf 88' lang='lat' dir='ltr'><strong>in</strong></span> 
     </span>
    </p>
   </div>
   <div class='ocr_carea' id='block_1_103' title="bbox 296 5606 1882 5682">
    <p class='ocr_par' dir='ltr' id='par_1_103' title="bbox 296 5606 1882 5682">
     <span class='ocr_line' id='line_1_103' title="bbox 296 5606 1882 5682; baseline 0.003 -20"><span class='ocrx_word' id='word_1_747' title='bbox 296 5606 484 5664; x_wconf 68' lang='grc' dir='ltr'><strong>Μίνωι.</strong></span> <span class='ocrx_word' id='word_1_748' title='bbox 517 5609 653 5675; x_wconf 90' lang='lat' dir='ltr'><strong>0ct.,</strong></span> <span class='ocrx_word' id='word_1_749' title='bbox 685 5627 800 5679; x_wconf 88' lang='lat' dir='ltr'><strong>cap.</strong></span> <span class='ocrx_word' id='word_1_750' title='bbox 832 5611 919 5677; x_wconf 76' lang='lat' dir='ltr'><strong>H,</strong></span> <span class='ocrx_word' id='word_1_751' title='bbox 949 5620 1048 5664; x_wconf 88' lang='lat' dir='ltr'><strong>art.</strong></span> <span class='ocrx_word' id='word_1_752' title='bbox 1069 5611 1124 5670; x_wconf 89' lang='lat'><strong>2.</strong></span> <span class='ocrx_word' id='word_1_753' title='bbox 1152 5611 1205 5665; x_wconf 91' lang='lat' dir='ltr'><strong>in</strong></span> <span class='ocrx_word' id='word_1_754' title='bbox 1231 5612 1448 5676; x_wconf 83' lang='lat' dir='ltr'><strong>Arnob.,</strong></span> <span class='ocrx_word' id='word_1_755' title='bbox 1475 5629 1590 5682; x_wconf 87' lang='lat' dir='ltr'><strong>cap.</strong></span> <span class='ocrx_word' id='word_1_756' title='bbox 1623 5612 1678 5678; x_wconf 92' lang='lat'><strong>9,</strong></span> <span class='ocrx_word' id='word_1_757' title='bbox 1708 5621 1806 5667; x_wconf 85' lang='lat' dir='ltr'><strong>art.</strong></span> <span class='ocrx_word' id='word_1_758' title='bbox 1825 5613 1882 5680; x_wconf 83' lang='lat'><strong>2,</strong></span> 
     </span>
    </p>
   </div>
   <div class='ocr_carea' id='block_1_104' title="bbox 291 5700 1883 5772">
    <p class='ocr_par' dir='ltr' id='par_1_104' title="bbox 291 5700 1883 5772">
     <span class='ocr_line' id='line_1_104' title="bbox 291 5700 1883 5772; baseline 0.004 -19"><span class='ocrx_word' id='word_1_759' title='bbox 291 5709 336 5754; x_wconf 84' lang='lat' dir='ltr'><strong>et</strong></span> <span class='ocrx_word' id='word_1_760' title='bbox 360 5702 557 5756; x_wconf 87' lang='lat' dir='ltr'><strong>dissert.</strong></span> <span class='ocrx_word' id='word_1_761' title='bbox 584 5703 637 5756; x_wconf 89' lang='lat' dir='ltr'><strong>in</strong></span> <span class='ocrx_word' id='word_1_762' title='bbox 667 5700 896 5756; x_wconf 86' lang='lat' dir='ltr'><strong>Lactant.</strong></span> <span class='ocrx_word' id='word_1_763' title='bbox 931 5719 1046 5772; x_wconf 87' lang='lat' dir='ltr'><strong>cap.</strong></span> <span class='ocrx_word' id='word_1_764' title='bbox 1075 5702 1167 5767; x_wconf 78' lang='lat'><strong>50,</strong></span> <span class='ocrx_word' id='word_1_765' title='bbox 1208 5713 1306 5758; x_wconf 87' lang='lat' dir='ltr'><strong>art.</strong></span> <span class='ocrx_word' id='word_1_766' title='bbox 1351 5705 1432 5772; x_wconf 83' lang='lat'><strong>5),</strong></span> <span class='ocrx_word' id='word_1_767' title='bbox 1467 5705 1552 5758; x_wconf 90' lang='lat' dir='ltr'><strong>ubi</strong></span> <span class='ocrx_word' id='word_1_768' title='bbox 1587 5704 1883 5768; x_wconf 80' lang='lat' dir='ltr'><strong>refellimus</strong></span> 
     </span>
    </p>
   </div>
   <div class='ocr_carea' id='block_1_105' title="bbox 293 5793 1878 5867">
    <p class='ocr_par' dir='ltr' id='par_1_105' title="bbox 293 5793 1878 5867">
     <span class='ocr_line' id='line_1_105' title="bbox 293 5793 1878 5867; baseline 0.004 -17"><span class='ocrx_word' id='word_1_769' title='bbox 293 5793 511 5850; x_wconf 87' lang='lat' dir='ltr'><strong>eosdem</strong></span> <span class='ocrx_word' id='word_1_770' title='bbox 535 5795 783 5867; x_wconf 85' lang='lat' dir='ltr'><strong>gentiles,</strong></span> <span class='ocrx_word' id='word_1_771' title='bbox 811 5796 900 5866; x_wconf 91' lang='lat' dir='ltr'><strong>qui</strong></span> <span class='ocrx_word' id='word_1_772' title='bbox 927 5795 1191 5866; x_wconf 83' lang='lat' dir='ltr'><strong>homines,</strong></span> <span class='ocrx_word' id='word_1_773' title='bbox 1219 5796 1290 5854; x_wconf 93' lang='lat' dir='ltr'><strong>ob</strong></span> <span class='ocrx_word' id='word_1_774' title='bbox 1315 5797 1513 5854; x_wconf 89' lang='lat' dir='ltr'><strong>collata</strong></span> <span class='ocrx_word' id='word_1_775' title='bbox 1541 5798 1661 5855; x_wconf 89' lang='lat' dir='ltr'><strong>aliis</strong></span> <span class='ocrx_word' id='word_1_776' title='bbox 1702 5798 1878 5856; x_wconf 89' lang='lat' dir='ltr'><strong>homi-</strong></span> 
     </span>
    </p>
   </div>
   <div class='ocr_carea' id='block_1_106' title="bbox 575 5889 1097 5952">
    <p class='ocr_par' dir='ltr' id='par_1_106' title="bbox 575 5889 1097 5952">
     <span class='ocr_line' id='line_1_106' title="bbox 575 5889 1097 5952; baseline 0 -2"><span class='ocrx_word' id='word_1_777' title='bbox 575 5889 1011 5952; x_wconf 75' lang='lat' dir='ltr'><strong>TEBTULLIANI</strong></span> <span class='ocrx_word' id='word_1_778' title='bbox 1046 5889 1097 5952; x_wconf 88' lang='grc'><strong>1.</strong></span> 
     </span>
    </p>
   </div>
   <div class='ocr_carea' id='block_1_107' title="bbox 1985 4685 3577 4759">
    <p class='ocr_par' dir='ltr' id='par_1_107' title="bbox 1985 4685 3577 4759">
     <span class='ocr_line' id='line_1_107' title="bbox 1985 4685 3577 4759; baseline 0.003 -17"><span class='ocrx_word' id='word_1_779' title='bbox 1985 4701 2381 4759; x_wconf 89' lang='lat' dir='ltr'><strong>percurramus,</strong></span> <span class='ocrx_word' id='word_1_780' title='bbox 2413 4685 2532 4756; x_wconf 89' lang='lat' dir='ltr'><strong>quis</strong></span> <span class='ocrx_word' id='word_1_781' title='bbox 2556 4685 2836 4757; x_wconf 87' lang='lat' dir='ltr'><strong>gentilium</strong></span> <span class='ocrx_word' id='word_1_782' title='bbox 2858 4685 2992 4741; x_wconf 90' lang='lat' dir='ltr'><strong>deus</strong></span> <span class='ocrx_word' id='word_1_783' title='bbox 3013 4687 3305 4756; x_wconf 86' lang='lat' dir='ltr'><strong>sapientior</strong></span> <span class='ocrx_word' id='word_1_784' title='bbox 3330 4687 3577 4759; x_wconf 89' lang='lat' dir='ltr'><strong>Socrate,</strong></span> 
     </span>
    </p>
   </div>
   <div class='ocr_carea' id='block_1_108' title="bbox 1983 4779 3581 4852">
    <p class='ocr_par' dir='ltr' id='par_1_108' title="bbox 1983 4779 3581 4852">
     <span class='ocr_line' id='line_1_108' title="bbox 1983 4779 3581 4852; baseline 0.002 -17"><span class='ocrx_word' id='word_1_785' title='bbox 1983 4781 2075 4852; x_wconf 92' lang='lat' dir='ltr'><strong>qui</strong></span> <span class='ocrx_word' id='word_1_786' title='bbox 2102 4779 2363 4850; x_wconf 85' lang='lat' dir='ltr'><strong>Apollinis</strong></span> <span class='ocrx_word' id='word_1_787' title='bbox 2392 4779 2629 4846; x_wconf 87' lang='lat' dir='ltr'><strong>oraculo,</strong></span> <span class='ocrx_word' id='word_1_788' title='bbox 2660 4796 2689 4834; x_wconf 89' lang='lat' dir='ltr'><strong>a</strong></span> <span class='ocrx_word' id='word_1_789' title='bbox 2715 4781 2874 4835; x_wconf 90' lang='lat' dir='ltr'><strong>nobis</strong></span> <span class='ocrx_word' id='word_1_790' title='bbox 2903 4781 3027 4834; x_wconf 90' lang='lat' dir='ltr'><strong>alibi</strong></span> <span class='ocrx_word' id='word_1_791' title='bbox 3055 4781 3220 4836; x_wconf 86' lang='lat' dir='ltr'><strong>citato</strong></span> <span class='ocrx_word' id='word_1_792' title='bbox 3251 4781 3488 4851; x_wconf 87' lang='lat' dir='ltr'><strong>(Dissert.</strong></span> <span class='ocrx_word' id='word_1_793' title='bbox 3522 4785 3581 4838; x_wconf 85' lang='lat' dir='ltr'><strong>in</strong></span> 
     </span>
    </p>
   </div>
   <div class='ocr_carea' id='block_1_109' title="bbox 1986 4870 3581 4944">
    <p class='ocr_par' dir='ltr' id='par_1_109' title="bbox 1986 4870 3581 4944">
     <span class='ocr_line' id='line_1_109' title="bbox 1986 4870 3581 4944; baseline 0.002 -16"><span class='ocrx_word' id='word_1_794' title='bbox 1986 4873 2173 4928; x_wconf 76' lang='lat' dir='ltr'><strong>Minut.</strong></span> <span class='ocrx_word' id='word_1_795' title='bbox 2205 4870 2404 4939; x_wconf 87' lang='lat' dir='ltr'><strong>Octav.,</strong></span> <span class='ocrx_word' id='word_1_796' title='bbox 2438 4889 2555 4944; x_wconf 90' lang='lat' dir='ltr'><strong>cap.</strong></span> <span class='ocrx_word' id='word_1_797' title='bbox 2579 4873 2633 4938; x_wconf 79' lang='lat'><strong>5,</strong></span> <span class='ocrx_word' id='word_1_798' title='bbox 2668 4881 2767 4926; x_wconf 92' lang='lat' dir='ltr'><strong>art.</strong></span> <span class='ocrx_word' id='word_1_799' title='bbox 2792 4872 2873 4943; x_wconf 89' lang='lat'><strong>2),</strong></span> <span class='ocrx_word' id='word_1_800' title='bbox 2901 4872 3204 4927; x_wconf 85' lang='lat' dir='ltr'><strong>mortalium</strong></span> <span class='ocrx_word' id='word_1_801' title='bbox 3227 4875 3462 4929; x_wconf 87' lang='lat' dir='ltr'><strong>omnium</strong></span> <span class='ocrx_word' id='word_1_802' title='bbox 3488 4890 3581 4931; x_wconf 85' lang='lat' dir='ltr'><strong>sa-</strong></span> 
     </span>
    </p>
   </div>
   <div class='ocr_carea' id='block_1_110' title="bbox 1985 4965 3645 5040">
    <p class='ocr_par' dir='ltr' id='par_1_110' title="bbox 1985 4965 3645 5040">
     <span class='ocr_line' id='line_1_110' title="bbox 1985 4965 3645 5040; baseline 0.001 -18"><span class='ocrx_word' id='word_1_803' title='bbox 1985 4967 2346 5039; x_wconf 89' lang='lat' dir='ltr'><strong>pientissimus</strong></span> <span class='ocrx_word' id='word_1_804' title='bbox 2393 4965 2730 5022; x_wconf 89' lang='lat' dir='ltr'><strong>renuntiatus</strong></span> <span class='ocrx_word' id='word_1_805' title='bbox 2779 4965 2895 5021; x_wconf 89' lang='lat' dir='ltr'><strong>est?</strong></span> <span class='ocrx_word' id='word_1_806' title='bbox 2941 4966 3005 5018; x_wconf 80' lang='lat' dir='ltr'><strong>At</strong></span> <span class='ocrx_word' id='word_1_807' title='bbox 3050 4973 3254 5019; x_wconf 88' lang='lat' dir='ltr'><strong>tantum</strong></span> <span class='ocrx_word' id='word_1_808' title='bbox 3300 4966 3472 5032; x_wconf 90' lang='lat' dir='ltr'><strong>abest,</strong></span> <span class='ocrx_word' id='word_1_809' title='bbox 3518 4976 3583 5024; x_wconf 85' lang='lat' dir='ltr'><strong>ut</strong></span> <span class='ocrx_word' id='word_1_810' title='bbox 3642 5037 3645 5040; x_wconf 23' lang='grc' dir='ltr'><strong><em>ι</em></strong></span> 
     </span>
    </p>
   </div>
   <div class='ocr_carea' id='block_1_111' title="bbox 1985 5055 3584 5127">
    <p class='ocr_par' dir='ltr' id='par_1_111' title="bbox 1985 5055 3584 5127">
     <span class='ocr_line' id='line_1_111' title="bbox 1985 5055 3584 5127; baseline 0.001 -13"><span class='ocrx_word' id='word_1_811' title='bbox 1985 5058 2117 5114; x_wconf 90' lang='lat' dir='ltr'><strong>deus</strong></span> <span class='ocrx_word' id='word_1_812' title='bbox 2160 5057 2334 5113; x_wconf 87' lang='lat' dir='ltr'><strong>dictus</strong></span> <span class='ocrx_word' id='word_1_813' title='bbox 2384 5057 2476 5122; x_wconf 92' lang='lat' dir='ltr'><strong>sit,</strong></span> <span class='ocrx_word' id='word_1_814' title='bbox 2523 5057 2650 5127; x_wconf 89' lang='lat' dir='ltr'><strong>quin</strong></span> <span class='ocrx_word' id='word_1_815' title='bbox 2705 5055 3111 5110; x_wconf 85' lang='lat' dir='ltr'><strong>Atheniensium</strong></span> <span class='ocrx_word' id='word_1_816' title='bbox 3166 5055 3366 5126; x_wconf 91' lang='lat' dir='ltr'><strong>judicio</strong></span> <span class='ocrx_word' id='word_1_817' title='bbox 3420 5058 3584 5116; x_wconf 84' lang='lat' dir='ltr'><strong>fuerit</strong></span> 
     </span>
    </p>
   </div>
   <div class='ocr_carea' id='block_1_112' title="bbox 1985 5147 3584 5220">
    <p class='ocr_par' dir='ltr' id='par_1_112' title="bbox 1985 5147 3584 5220">
     <span class='ocr_line' id='line_1_112' title="bbox 1985 5147 3584 5220; baseline -0.001 -13"><span class='ocrx_word' id='word_1_818' title='bbox 1985 5150 2394 5214; x_wconf 87' lang='lat' dir='ltr'><strong>condemnatus,</strong></span> <span class='ocrx_word' id='word_1_819' title='bbox 2432 5163 2496 5204; x_wconf 89' lang='lat' dir='ltr'><strong>ac</strong></span> <span class='ocrx_word' id='word_1_820' title='bbox 2533 5151 2679 5220; x_wconf 88' lang='lat' dir='ltr'><strong>cujus</strong></span> <span class='ocrx_word' id='word_1_821' title='bbox 2709 5148 2879 5210; x_wconf 90' lang='lat' dir='ltr'><strong>morti,</strong></span> <span class='ocrx_word' id='word_1_822' title='bbox 2911 5147 3182 5217; x_wconf 88' lang='lat' dir='ltr'><strong>inquiebat</strong></span> <span class='ocrx_word' id='word_1_823' title='bbox 3219 5147 3427 5216; x_wconf 85' lang='lat' dir='ltr'><strong>Cicero,</strong></span> <span class='ocrx_word' id='word_1_824' title='bbox 3457 5152 3584 5206; x_wconf 86' lang='lat' dir='ltr'><strong>illa-</strong></span> 
     </span>
    </p>
   </div>
   <div class='ocr_carea' id='block_1_113' title="bbox 1987 5237 3582 5314">
    <p class='ocr_par' dir='ltr' id='par_1_113' title="bbox 1987 5237 3582 5314">
     <span class='ocr_line' id='line_1_113' title="bbox 1987 5237 3582 5314; baseline 0.001 -18"><span class='ocrx_word' id='word_1_825' title='bbox 1987 5242 2208 5314; x_wconf 82' lang='lat' dir='ltr'><strong>crymari</strong></span> <span class='ocrx_word' id='word_1_826' title='bbox 2236 5241 2391 5308; x_wconf 87' lang='lat' dir='ltr'><strong>soleo,</strong></span> <span class='ocrx_word' id='word_1_827' title='bbox 2413 5238 2680 5294; x_wconf 82' lang='lat' dir='ltr'><strong>Platonem</strong></span> <span class='ocrx_word' id='word_1_828' title='bbox 2702 5239 2869 5309; x_wconf 86' lang='lat' dir='ltr'><strong>legens</strong></span> <span class='ocrx_word' id='word_1_829' title='bbox 2891 5237 3102 5309; x_wconf 58' lang='lat' dir='ltr'><strong>(Cicera,</strong></span> <span class='ocrx_word' id='word_1_830' title='bbox 3147 5239 3234 5294; x_wconf 89' lang='lat' dir='ltr'><strong>lib.</strong></span> <span class='ocrx_word' id='word_1_831' title='bbox 3268 5239 3333 5293; x_wconf 89' lang='lat' dir='ltr'><strong>lll</strong></span> <span class='ocrx_word' id='word_1_832' title='bbox 3358 5242 3420 5295; x_wconf 82' lang='lat' dir='ltr'><strong>de</strong></span> <span class='ocrx_word' id='word_1_833' title='bbox 3449 5240 3582 5297; x_wconf 85' lang='lat' dir='ltr'><strong>Nat.</strong></span> 
     </span>
    </p>
   </div>
   <div class='ocr_carea' id='block_1_114' title="bbox 1988 5330 3585 5403">
    <p class='ocr_par' dir='ltr' id='par_1_114' title="bbox 1988 5330 3585 5403">
     <span class='ocr_line' id='line_1_114' title="bbox 1988 5330 3585 5403; baseline 0.001 -15"><span class='ocrx_word' id='word_1_834' title='bbox 1988 5336 2126 5390; x_wconf 86' lang='lat' dir='ltr'><strong>deor.</strong></span> <span class='ocrx_word' id='word_1_835' title='bbox 2152 5351 2206 5403; x_wconf 87' lang='lat' dir='ltr'><strong>p.</strong></span> <span class='ocrx_word' id='word_1_836' title='bbox 2234 5332 2362 5397; x_wconf 84' lang='grc'><strong>252,</strong></span> <span class='ocrx_word' id='word_1_837' title='bbox 2391 5333 2483 5387; x_wconf 89' lang='lat' dir='ltr'><strong>lin.</strong></span> <span class='ocrx_word' id='word_1_838' title='bbox 2523 5330 2641 5401; x_wconf 84' lang='lat'><strong>29).</strong></span> <span class='ocrx_word' id='word_1_839' title='bbox 2676 5331 2752 5386; x_wconf 91' lang='lat' dir='ltr'><strong>De</strong></span> <span class='ocrx_word' id='word_1_840' title='bbox 2780 5331 2866 5385; x_wconf 88' lang='lat' dir='ltr'><strong>illa</strong></span> <span class='ocrx_word' id='word_1_841' title='bbox 2899 5340 3079 5387; x_wconf 88' lang='lat' dir='ltr'><strong>autem</strong></span> <span class='ocrx_word' id='word_1_842' title='bbox 3120 5332 3360 5388; x_wconf 88' lang='lat' dir='ltr'><strong>Socratis</strong></span> <span class='ocrx_word' id='word_1_843' title='bbox 3407 5343 3585 5391; x_wconf 89' lang='lat' dir='ltr'><strong>morte</strong></span> 
     </span>
    </p>
   </div>
   <div class='ocr_carea' id='block_1_115' title="bbox 1986 5422 3581 5496">
    <p class='ocr_par' dir='ltr' id='par_1_115' title="bbox 1986 5422 3581 5496">
     <span class='ocr_line' id='line_1_115' title="bbox 1986 5422 3581 5496; baseline -0.001 -15"><span class='ocrx_word' id='word_1_844' title='bbox 1986 5425 2376 5496; x_wconf 88' lang='lat' dir='ltr'><strong>disputavimus</strong></span> <span class='ocrx_word' id='word_1_845' title='bbox 2423 5423 2475 5478; x_wconf 92' lang='lat' dir='ltr'><strong>in</strong></span> <span class='ocrx_word' id='word_1_846' title='bbox 2522 5422 2887 5494; x_wconf 87' lang='lat' dir='ltr'><strong>superioribus</strong></span> <span class='ocrx_word' id='word_1_847' title='bbox 2941 5423 3141 5479; x_wconf 89' lang='lat' dir='ltr'><strong>nostris</strong></span> <span class='ocrx_word' id='word_1_848' title='bbox 3187 5423 3581 5481; x_wconf 86' lang='lat' dir='ltr'><strong>dissertationi-</strong></span> 
     </span>
    </p>
   </div>
   <div class='ocr_carea' id='block_1_116' title="bbox 1988 5517 3586 5592">
    <p class='ocr_par' dir='ltr' id='par_1_116' title="bbox 1988 5517 3586 5592">
     <span class='ocr_line' id='line_1_116' title="bbox 1988 5517 3586 5592; baseline 0.001 -17"><span class='ocrx_word' id='word_1_849' title='bbox 1988 5521 2088 5589; x_wconf 82' lang='lat' dir='ltr'><strong>bus</strong></span> <span class='ocrx_word' id='word_1_850' title='bbox 2115 5519 2407 5592; x_wconf 83' lang='lat' dir='ltr'><strong>(Dissertat.</strong></span> <span class='ocrx_word' id='word_1_851' title='bbox 2434 5519 2486 5572; x_wconf 88' lang='lat' dir='ltr'><strong>in</strong></span> <span class='ocrx_word' id='word_1_852' title='bbox 2514 5517 2727 5584; x_wconf 58' lang='grc' dir='ltr'><strong>Μίνωι,</strong></span> <span class='ocrx_word' id='word_1_853' title='bbox 2760 5534 2806 5572; x_wconf 90' lang='lat' dir='ltr'><strong>c.</strong></span> <span class='ocrx_word' id='word_1_854' title='bbox 2838 5520 2871 5574; x_wconf 81' lang='grc'><strong>5</strong></span> <span class='ocrx_word' id='word_1_855' title='bbox 2889 5561 2902 5584; x_wconf 92' lang='grc'><strong>,</strong></span> <span class='ocrx_word' id='word_1_856' title='bbox 2930 5528 3028 5573; x_wconf 89' lang='lat' dir='ltr'><strong>art.</strong></span> <span class='ocrx_word' id='word_1_857' title='bbox 3056 5520 3112 5583; x_wconf 84' lang='lat'><strong>2,</strong></span> <span class='ocrx_word' id='word_1_858' title='bbox 3161 5529 3207 5574; x_wconf 84' lang='lat' dir='ltr'><strong>et</strong></span> <span class='ocrx_word' id='word_1_859' title='bbox 3243 5520 3294 5574; x_wconf 89' lang='lat' dir='ltr'><strong>in</strong></span> <span class='ocrx_word' id='word_1_860' title='bbox 3325 5519 3586 5591; x_wconf 86' lang='lat' dir='ltr'><strong>Laclanl.&#39;,</strong></span> 
     </span>
    </p>
   </div>
   <div class='ocr_carea' id='block_1_117' title="bbox 1991 5611 3594 5684">
    <p class='ocr_par' dir='ltr' id='par_1_117' title="bbox 1991 5611 3594 5684">
     <span class='ocr_line' id='line_1_117' title="bbox 1991 5611 3594 5684; baseline 0.002 -17"><span class='ocrx_word' id='word_1_861' title='bbox 1991 5631 2106 5684; x_wconf 85' lang='lat' dir='ltr'><strong>cap.</strong></span> <span class='ocrx_word' id='word_1_862' title='bbox 2138 5612 2226 5675; x_wconf 67' lang='lat' dir='ltr'><strong>l4,</strong></span> <span class='ocrx_word' id='word_1_863' title='bbox 2264 5621 2364 5665; x_wconf 87' lang='lat' dir='ltr'><strong>art.</strong></span> <span class='ocrx_word' id='word_1_864' title='bbox 2398 5613 2470 5679; x_wconf 91' lang='grc'><strong>1),</strong></span> <span class='ocrx_word' id='word_1_865' title='bbox 2514 5620 2568 5666; x_wconf 90' lang='lat' dir='ltr'><strong>et</strong></span> <span class='ocrx_word' id='word_1_866' title='bbox 2603 5611 2760 5681; x_wconf 81' lang='lat' dir='ltr'><strong>paulo</strong></span> <span class='ocrx_word' id='word_1_867' title='bbox 2805 5622 2925 5682; x_wconf 90' lang='lat' dir='ltr'><strong>post</strong></span> <span class='ocrx_word' id='word_1_868' title='bbox 2967 5611 3143 5666; x_wconf 90' lang='lat' dir='ltr'><strong>adhuc</strong></span> <span class='ocrx_word' id='word_1_869' title='bbox 3180 5613 3380 5684; x_wconf 89' lang='lat' dir='ltr'><strong>aliquid</strong></span> <span class='ocrx_word' id='word_1_870' title='bbox 3406 5613 3594 5670; x_wconf 82' lang='lat' dir='ltr'><strong>dicen-</strong></span> 
     </span>
    </p>
   </div>
   <div class='ocr_carea' id='block_1_118' title="bbox 1990 5700 2801 5774">
    <p class='ocr_par' dir='ltr' id='par_1_118' title="bbox 1990 5700 2801 5774">
     <span class='ocr_line' id='line_1_118' title="bbox 1990 5700 2801 5774; baseline -0.009 -13"><span class='ocrx_word' id='word_1_871' title='bbox 1990 5705 2116 5761; x_wconf 89' lang='lat' dir='ltr'><strong>dum</strong></span> <span class='ocrx_word' id='word_1_872' title='bbox 2146 5701 2308 5774; x_wconf 77' lang='lat' dir='ltr'><strong>(Infr.</strong></span> <span class='ocrx_word' id='word_1_873' title='bbox 2339 5718 2456 5772; x_wconf 88' lang='lat' dir='ltr'><strong>cap.</strong></span> <span class='ocrx_word' id='word_1_874' title='bbox 2483 5701 2573 5768; x_wconf 84' lang='lat'><strong>26,</strong></span> <span class='ocrx_word' id='word_1_875' title='bbox 2603 5712 2702 5755; x_wconf 87' lang='lat' dir='ltr'><strong>art.</strong></span> <span class='ocrx_word' id='word_1_876' title='bbox 2726 5700 2801 5772; x_wconf 72' lang='lat' dir='ltr'><strong>ll).</strong></span> 
     </span>
    </p>
   </div>
   <div class='ocr_carea' id='block_1_119' title="bbox 1989 5794 3600 5869">
    <p class='ocr_par' dir='ltr' id='par_1_119' title="bbox 1989 5794 3600 5869">
     <span class='ocr_line' id='line_1_119' title="bbox 1989 5794 3600 5869; baseline 0.01 -24"><span class='ocrx_word' id='word_1_877' title='bbox 1989 5840 1997 5845; x_wconf 86' lang='lat'><em>_</em></span> <span class='ocrx_word' id='word_1_878' title='bbox 2061 5797 2194 5867; x_wconf 83' lang='lat' dir='ltr'><strong>Quis</strong></span> <span class='ocrx_word' id='word_1_879' title='bbox 2245 5795 2518 5869; x_wconf 83' lang='lat' dir='ltr'><strong>gentilium</strong></span> <span class='ocrx_word' id='word_1_880' title='bbox 2573 5795 2704 5852; x_wconf 90' lang='lat' dir='ltr'><strong>deus</strong></span> <span class='ocrx_word' id='word_1_881' title='bbox 2735 5795 2930 5867; x_wconf 86' lang='lat' dir='ltr'><strong>justior</strong></span> <span class='ocrx_word' id='word_1_882' title='bbox 2984 5794 3218 5851; x_wconf 82' lang='lat' dir='ltr'><strong>Aristide</strong></span> <span class='ocrx_word' id='word_1_883' title='bbox 3259 5796 3600 5868; x_wconf 84' lang='lat' dir='ltr'><strong>(Tertullian.</strong></span> 
     </span>
    </p>
   </div>
   <div class='ocr_carea' id='block_1_120' title="bbox 2823 5886 3301 5972">
    <p class='ocr_par' dir='ltr' id='par_1_120' title="bbox 2823 5886 3301 5972">
     <span class='ocr_line' id='line_1_120' title="bbox 2823 5886 3301 5972; baseline -0.004 -20"><span class='ocrx_word' id='word_1_884' title='bbox 2823 5886 3301 5972; x_wconf 84' lang='lat' dir='ltr'><strong>(Trente-cinq.)</strong></span> 
     </span>
    </p>
   </div>
  </div>
