4076 6356
474 318 619 380 1090

477 436 745 509 Apologet.
776 442 892 497 cap.
921 424 1009 487 ll,
1045 436 1101 491 p.
1121 414 1276 486 556),
1302 424 1402 484 quo
2000 395 2078 509 ait
2102 393 2153 459 Α

477 489 723 586 ἧζιίετῖυε
739 489 1242 585 Μαέίιηιιςάιιειίιὶα
1269 512 1498 561 censetur
1515 497 1667 573 (Val.
1694 496 1865 560 Mam,
1882 492 1976 547 lib.
2000 489 2068 559 γ,

1639 750 1916 851 Apustius

476 864 615 961 item
639 864 1254 968 cognominatur—(Plut.
1288 890 1412 935 tom.
1444 877 1491 943 l,
1522 891 1576 947 p.
1606 872 1826 968 518,-“
1859 864 2076 968 tantuli,

474 957 1122 1065 p.1C6).vVerumtamen
1153 973 1352 1032 ethnici
1393 984 1502 1028 non
1536 967 1711 1023 solum
1740 963 1921 1065 datam
1960 957 2081 1065 aliis

471 1051 826 1154 iniquissimis
849 1074 1188 1133 divinitatem
1216 1068 1267 1123 ei
1293 1068 1648 1135 negaverunt,
1676 1055 1774 1112 sed
1804 1051 2079 1123 improbo-

472 1194 596 1236 rum
624 1176 885 1237 factione,
910 1178 969 1224 ut
989 1167 1132 1223 idem
1159 1160 1403 1219 Valerius
1424 1154 1687 1212 Ilaximua
1716 1156 1964 1213 testatur,
1987 1161 2079 1214 pa-

472 1275 573 1326 tria
601 1268 839 1325 excedere
856 1267 1038 1336 jussus
1066 1268 1159 1314 est.
1186 1254 1538 1311 Coutincnler
1555 1261 1684 1303 vero
1710 1242 1911 1336 adjecit
1922 1257 1946 1336 -ι
1970 1237 2079 1293 Fe-

472 1364 593 1420 lices
622 1333 881 1423 Athenas,
910 1370 1025 1427 quis
1051 1361 1164 1424 post
1198 1348 1336 1403 illius
1355 1344 1568 1401 exilium
1605 1338 1827 1393 invenire
1860 1333 2081 1402 aliquem

473 1454 745 1530 potuerunt
769 1458 856 1504 aut
877 1449 1038 1503 uirum
1072 1446 1257 1499 bonum
1278 1481 1292 1505 ,
1321 1448 1409 1493 aut
1428 1443 1682 1491 amantem
1707 1431 1808 1491 sui,
1839 1443 1954 1483 cum
1981 1440 2079 1496 quo

475 1522 595 1602 tunc
620 1547 733 1615 ipsa
745 1541 987 1597 sanctitas
1005 1534 1239 1607 migravit
1265 1533 1283 1605 (
1301 1529 1414 1585 Val.
1448 1527 1501 1583 Μ
1509 1543 1594 1582 ax.
1629 1526 1708 1579 loc
1726 1522 1864 1592 cit.).

552 1640 687 1709 Quis
712 1654 777 1693 ex
798 1632 1070 1693 bellicosis
1094 1631 1197 1685 diis
1230 1624 1448 1683 militari
1505 1620 1673 1693 gloria
1703 1616 1875 1687 magis
1915 1626 2079 1709 quam

472 1706 868 1794 Themistocles
892 1721 1469 1798 claruit('l‘ert'ullian.,
1529 1714 1749 1786 Apolog.
1807 1726 1925 1779 cap.
1987 1706 2077 1771 ll,

471 1845 526 1899 p.
556 1825 725 1897 556)?
753 1828 820 1879 At
849 1822 940 1876 ille
970 1817 1319 1874 nihilominus
1346 1812 1551 1879 multis,
1584 1823 1703 1880 quae
1729 1800 2077 1875 Thucydides
2107 1799 2154 1859 Β

476 1895 722 1990 (Thucid.
750 1959 765 1984 ,
802 1916 893 1972 lib.
920 1914 942 1968 Ι
1002 1911 1164 1977 Hist.,
1192 1928 1245 1980 p.
1272 1908 1345 1965 62
1375 1917 1419 1962 et
1434 1905 1631 1975 seqq.),
1662 1910 1714 1958 et
1762 1895 2080 1956 Plutarchus

472 2012 769 2084 (Plutarch.
793 2010 846 2065 in
886 2008 988 2063 Vit.
1014 2004 1321 2060 Themistoc.
1353 2018 1404 2072 p.
1456 1999 1560 2055 115
1586 2005 1635 2052 et
1684 1990 1849 2064 seqq.)
1877 2002 2081 2045 memo-

473 2107 573 2163 riae
604 2102 974 2177 prodiderunt,
1012 2098 1154 2153 bello
1181 2093 1439 2167 prteclare
1473 2089 1666 2162 gestis,
1697 2100 1833 2177 cum,
1858 2084 2079 2177 patriam

469 2175 689 2264 clm-ant,
729 2193 1055 2256 incolumem,
1092 2198 1153 2245 ut
1192 2188 1267 2244 ait
1293 2185 1467 2242 adhuc
1499 2179 1748 2237 Valerius
1791 2175 2076 2241 Maximus,

472 2293 784 2365 apulentam,
830 2287 1112 2360 principem
1142 2281 1356 2338 Gracia:
1381 2276 1684 2334 reddidisset
1722 2270 1872 2345 (Val.
1902 2267 2076 2336 Μαι,

476 2387 565 2441 tib.
594 2384 662 2451 γ,
695 2400 813 2453 cap.
843 2382 880 2437 3
906 2423 921 2447 ,
950 2388 1108 2434 eater.
1137 2375 1168 2449 ᾗ
1198 2374 1277 2446 3),
1319 2373 1477 2444 plane
1521 2370 1783 2440 ingratam
1823 2368 2081 2432 expertus

469 2488 572 2535 est.
594 2473 919 2533 Proditionis
942 2471 1086 2529 enim
1109 2469 1247 2525 falso
1272 2472 1551 2522 accusatus
1583 2503 1597 2527 ,
1621 2459 1850 2532 primum
1881 2458 2075 2526 Argos,

476 2570 605 2626 inde
623 2568 934 2639 Corcyram,
966 2570 1151 2633 postea
1181 2559 1247 2615 ad
1278 2556 1588 2620 Admetum,
1610 2551 1956 2608 Colossorum
1984 2561 2076 2603 re-

470 2679 616 2733 gem,
648 2677 712 2717 ac
736 2658 932 2715 deinde
968 2657 1035 2713 ad
1063 2656 1437 2718 Artaxerxem,
1469 2649 1637 2704 lilium
1666 2644 1863 2701 Xerxis
1888 2640 2080 2698 confu-

472 2755 571 2826 git;
595 2752 717 2810 exul
747 2750 984 2816 tandem,
1017 2748 1207 2802 hausto
1250 2742 1510 2814 sanguine
1541 2739 1727 2805 bovis,
1772 2745 1833 2792 ut
1861 2734 2079 2805 quidam

472 2851 684 2915 putant,
713 2842 828 2896 sive
870 2850 929 2896 ut
955 2840 1045 2894 alii
1075 2837 1258 2908 plures
1301 2840 1544 2897 narrant,
1583 2842 1814 2893 veneno,
1843 2841 1909 2881 ex
1951 2840 2078 2881 cor-

469 2935 619 3007 poris
683 2931 912 2989 vinculis
959 2940 1214 3002 tanquam
1278 2942 1345 2983 ex
1396 2922 1632 2995 quodam
1685 2919 1919 2977 evolavit
1960 2932 2079 2974 car-

472 3042 619 3085 cere.

490 3126 493 3127 ⁷
541 3120 673 3190 Quis
691 3119 967 3191 gentilium
995 3116 1154 3181 deus,
1188 3112 1363 3183 pergit
1384 3111 1588 3166 Auctor
1611 3115 1813 3175 noster,
1840 3105 2075 3161 Alexan-

471 3214 570 3272 dro
623 3222 680 3270 ot
717 3212 977 3283 Pompeio
1019 3206 1337 3266 sublimior?
1374 3204 1604 3274 Utrique
1651 3201 1797 3258 enim
1846 3213 1933 3255 res
1967 3213 2072 3252 ar-

472 3310 578 3366 mis
642 3308 890 3378 belloque
922 3312 1087 3377 gestae
1141 3314 1445 3373 cognomen
1468 3296 1661 3371 magni
1726 3299 2073 3366 pepererunt.

473 3404 645 3472 Quam
672 3411 851 3457 autem
892 3397 1090 3455 infelici
1124 3397 1270 3452 exitu
1294 3393 1455 3448 ambo
1486 3404 1552 3447 ex
1595 3388 1696 3443 hac
1722 3388 1831 3442 vita
1874 3386 2073 3457 migra-

469 3497 667 3562 verint,
725 3509 888 3551 nemo
938 3500 1085 3547 certe
1132 3489 1382 3557 ignorare
1440 3489 1637 3554 potest,
1687 3479 1777 3551 qui
1833 3478 2001 3534 libros
2043 3492 2076 3534 a

471 3588 671 3656 Quinto
705 3586 890 3643 Curtio
932 3594 987 3640 et
1018 3580 1307 3639 Plutarcho
1344 3577 1415 3632 de
1451 3576 1662 3630 illorum
1694 3573 1800 3628 vita
1838 3569 2078 3629 conscri-

471 3688 596 3750 ptos
619 3679 725 3734 levi
769 3692 929 3732 manu
971 3671 1246 3745 attigerit?
1292 3669 1412 3725 Non
1458 3668 1636 3722 minus
1682 3676 1885 3732 tamen,
1914 3676 2077 3739 rurant

473 3771 653 3839 Mars,
682 3770 942 3827 Romulus
976 3776 1033 3825 et
1058 3766 1151 3821 alii
1186 3806 1201 3832 ,
1231 3761 1527 3819 divinitatis
1555 3759 1837 3832 prtemium
1863 3757 2077 3814 eximiis

474 3862 639 3918 rebus
653 3862 819 3933 gestis
845 3864 1175 3915 meruerant.
1624 3909 1631 3914 _

545 3953 678 4022 Quis
708 3960 963 4024 praeterea
1003 3949 1287 4021 gentilium
1327 3944 1462 4000 deus
1493 3957 1670 4014 grzeco
1696 3942 1996 4013 Polycrate,
2020 3950 2081 3995 et

468 4045 616 4118 Sylla
637 4044 879 4101 Romano
916 4043 1122 4098 felicior
1156 4038 1482 4114 (Tertullian.
1514 4034 1612 4090 loc.
1647 4034 1801 4105 cit.)?
1830 4033 1975 4089 Multi
2004 4034 2076 4088 si-

470 4141 695 4214 quidem,
726 4150 785 4195 ut
807 4140 883 4194 ait
910 4138 1219 4204 Sallustius,
1246 4135 1624 4191 dubitaverunt
1651 4132 1832 4202 fortior
1856 4147 1923 4184 an
1948 4128 2087 4200 fctio.

470 4237 578 4291 cior
603 4244 732 4290 esset
759 4233 902 4305 Sylla
936 4230 1260 4305 (Sallustius,
1294 4234 1357 4283 de
1379 4227 1510 4282 bello
1532 4224 1779 4298 Jugurtlt.
1808 4240 1924 4292 cap.
1956 4221 2072 4295 i7).

468 4327 744 4384 Testatum
775 4327 996 4395 insuper
1036 4321 1356 4378 Plutarchus
1420 4319 1549 4376 facit
1591 4320 1760 4387 illum,
1806 4327 2077 4374 transacto

470 4419 764 4492 triumpho,
796 4433 917 4473 cum
966 4406 1064 4487 pro
1102 4416 1363 4471 concione
1390 4428 1478 4470 res
1520 4427 1552 4469 a
1598 4429 1658 4468 se
1684 4421 1790 4468 tam
1830 4410 2074 4483 fortiter,

471 4528 632 4587 quam
656 4510 880 4568 feliciter
908 4517 1086 4579 gestas
1112 4508 1492 4573 recensuisset,
1530 4506 1759 4577 iussisse
1777 4520 1838 4561 se
1862 4504 2075 4561 felicem

1555 290 1623 348 IN
1661 276 2126 346 TEBTULLIANI
2158 261 2689 332 Ανοιοςετιεωί

3645 230 3795 294 “00

2179 389 2209 463 ς
2239 386 2310 444 59
2334 395 2382 441 et
2401 383 2567 456 seqq.)
2591 421 2606 446 ,
2635 386 2691 435 et
2718 375 2853 431 alios
2881 365 3247 442 quamplures.
3279 359 3352 417 At
3379 362 3455 463 tot
3482 361 3793 462 tantarum-

2183 445 2288 554 que
2310 445 2731 552 prosperitatum
2758 480 2972 524 cursum
3004 476 3112 519 non
3141 463 3363 527 accepto
3388 449 3689 509 divinitatis
3722 445 3797 501 ti-

2061 548 2082 624 ξ
2181 548 2329 640 Iulo,
2362 570 2457 628 sed
2507 569 2586 626 uti
2633 564 2881 621 Valerius
2935 556 3200 614 Maximus
3256 548 3432 609 adhuc
3488 550 3794 612 memorat,

2060 722 2077 750 ,
2182 666 2359 723 crucis
2384 662 2647 733 supplicio
2672 653 2924 713 absolvit.

2183 765 2192 825 ε
2252 758 2391 827 Quid
2423 732 2608 826 plura?
2635 752 2825 809 Nullus
2853 749 2952 805 fuit
2974 747 3112 805 deus
3151 739 3369 815 gentilis
3397 737 3586 794 Crmso
3620 732 3797 827 Cras—

2183 825 2866 923 soqueditiorﬂert-itiau.
2888 840 3159 914 Apologet.
3184 851 3304 907 cap.
3330 834 3420 899 11,
3446 848 3507 903 p.
3535 826 3689 899 337).
3714 825 3801 885 De

2184 944 2359 1015 primo
2397 954 2630 1009 namque
2650 936 2871 994 Ovidius
2894 932 3089 991 cecinit
3114 950 3129 986 :

2308 1034 2485 1085 Divitis
2497 1032 2661 1087 audita
2678 1038 2757 1083 est
2777 1030 2856 1081 cui
2874 1039 2972 1079 non
2990 1024 3244 1090 opulentia
3267 1019 3445 1074 Caesi?

2480 1110 2485 1123 ‘
3047 1106 3209 1174 (Ovid.
3230 1104 3315 1157 [ευ.
3342 1112 3390 1166 4,
3415 1105 3479 1155 dc
3500 1101 3666 1166 Pent.)

2185 1203 2262 1261 De
2287 1201 2481 1259 Crasso
2494 1210 2680 1258 autem
2710 1199 2916 1257 Tullius
2946 1214 2959 1251 :
2992 1194 3249 1267 Negabat,
3276 1189 3486 1262 inquit,
3514 1187 3679 1241 ullam
3704 1201 3798 1239 sa-

2183 1297 2247 1351 tis
2276 1312 2515 1368 magnam
2555 1295 2823 1365 pecuniam
2869 1307 2974 1347 esse
3008 1289 3075 1356 ei,
3116 1287 3285 1358 quiin
3336 1282 3600 1355 republica
3644 1279 3801 1350 prin-

2183 1406 2300 1462 ceps
2331 1406 2437 1446 esse
2464 1388 2638 1455 vellet,
2666 1388 2752 1460 qui
2776 1386 2881 1441 suis
2907 1382 3154 1455 fructibus
3193 1379 3466 1435 exercitum
3514 1374 3653 1428 alere
3690 1387 3801 1426 non

2184 1492 2353 1554 posset
2398 1480 2584 1551 (Cicer.
2620 1479 2707 1535 lib.
2736 1477 2780 1544 Ι,
2810 1479 2874 1533 de
2914 1475 3057 1549 ofﬁc.
3100 1491 3156 1546 p.
3204 1472 3333 1538 ⁸554.
3373 1470 3465 1526 lin.
3496 1468 3580 1541 5).
3612 1467 3802 1536 Atque

2184 1584 2362 1631 ortum
2392 1574 2516 1629 inde
2549 1573 2677 1628 illud
2704 1571 2953 1643 adagium
2984 1588 2996 1624 :
3026 1568 3199 1625 Crasso
3218 1576 3269 1621 et
3298 1564 3487 1623 Crasso
3516 1563 3695 1627 ditior,
3723 1560 3799 1616 de

2182 1683 2291 1740 quo
2345 1669 2494 1738 plura
2535 1665 2679 1739 apud
2728 1663 3013 1720 Erasmum
3062 1661 3242 1733 legere
3287 1657 3487 1740 poteris
3526 1654 3793 1728 (Erusm.,

2183 1736 2504 1832 ᾱααςζειιίι.
2531 1736 2584 1827 l,
2621 1755 2827 1813 Centur.
2876 1753 2929 1823 6,
2972 1755 3126 1826 adag.
3159 1750 3273 1825 rt).
3300 1736 3491 1832 victus
3536 1757 3724 1803 tamen
3764 1761 3802 1801 τι

2183 1854 2323 1926 Cyro
2363 1863 2656 1923 captusque
2693 1850 2912 1906 Croesus
2939 1824 3278 1911 servitutem,
3300 1824 3667 1915 postremum,
3702 1841 3797 1895 in-

2182 1946 2300 2018 quit
2341 1942 2566 2012 Cicero,
2594 1943 2857 1998 malorum
2897 1942 3159 2007 omnium,
3207 1938 3283 1993 illi
3322 1937 3527 1994 servire
3567 1944 3798 1990 coactus

2181 2045 2266 2094 est
2291 2020 2503 2110 (Cicera,
2526 2034 2757 2107 Philipp.
2786 2034 2851 2101 ll,
2879 2052 2933 2105 ρ.
2955 2032 3096 2098 606,
3120 2032 3213 2086 lin.
3244 2027 3354 2104 ts).
3375 2026 3588 2085 Videsis
3608 2025 3795 2081 uero-

2182 2130 2366 2187 dotum
2386 2128 2661 2203 (Herodot.
2686 2170 2703 2196 ,
2731 2127 2818 2182 lib.
2854 2124 2895 2196 1,
2926 2124 2954 2199 §
2978 2124 3049 2181 86
3087 2134 3132 2180 et
3156 2123 3344 2197 seqq.),
3391 2118 3795 2193 Thucydidem,

2182 2226 2451 2284 Justinum
2482 2224 2793 2281 historicum
2820 2233 2876 2279 et
2911 2222 3064 2278 alios.
3100 2221 3230 2289 Quis
3267 2218 3427 2273 etiam
3456 2216 3669 2288 ignorat
3702 2215 3793 2269 in-

2181 2321 2393 2379 felicem
2426 2320 2607 2379 Crassi
2653 2319 2879 2383 catdem,
2904 2319 2996 2391 qui
3035 2326 3317 2389 postquam
3353 2329 3383 2368 a
3414 2310 3627 2369 Parthis
3662 2326 3796 2367 cum

2184 2416 2386 2488 majore
2414 2415 2645 2472 Romani
2671 2404 2944 2471 eiercitus
2990 2422 3141 2483 parte
3182 2409 3331 2465 fusus
3378 2422 3441 2463 ac
3471 2404 3796 2477 proﬂigatae

2181 2510 2390 2575 fuisset,
2434 2510 2538 2581 ipsi
2583 2494 2857 2580 amputato
2902 2494 3076 2577 capite
3117 2501 3487 2560 illusumest?
3511 2500 3675 2555 Multa
3722 2499 3799 2554 de

2184 2604 2277 2660 illo
2306 2604 2626 2662 Plutarchus
2676 2604 2728 2659 in
2774 2602 2890 2674 ejus
2918 2603 3022 2656 vita
3054 2597 3344 2672 (Plutarch.
3378 2597 3431 2651 in
3458 2595 3559 2651 vita
3587 2592 3795 2650 Crassi.

2182 2706 2303 2752 tom.
2331 2698 2384 2760 l,
2413 2714 2466 2768 p.
2496 2696 2603 2752 564
2648 2706 2697 2750 et
2742 2695 2931 2765 seqq.),
2975 2707 3133 2765 quem
3180 2691 3336 2748 sicuti
3384 2688 3624 2755 Florum,
3657 2684 3795 2743 νει-

2182 2789 2345 2846 leium
2402 2787 2764 2854 Paterculum,
2823 2785 3090 2843 Iustinum
3147 2781 3479 2849 historicum,
3539 2779 3798 2851 aliosque

2181 2879 2441 2935 Romana:
2468 2878 2707 2936 historice
2736 2877 3025 2949 scriptores
3050 2873 3198 2930 adire
3234 2873 3456 2945 poteris.

2252 2970 2384 3040 Quis
2408 2986 2570 3042 porro
2613 2971 2889 3043 gentilium
2916 2968 3050 3024 deus
3078 2981 3311 3039 graecum
3340 2962 3795 3034 Demosthenem,

2182 3064 2501 3123 Ciceronem
2543 3065 2791 3134 latinum,
2818 3061 3143 3134 eloquentia,
3172 3059 3248 3114 ait
3272 3056 3655 3124 Tertullianus,
3688 3073 3800 3113 un-

2101 3195 2151 3258 Ο
2181 3175 2341 3232 quam
2373 3158 2684 3230 superavit?
2710 3157 2815 3215 Sed
2844 3158 2998 3229 quale
3026 3155 3118 3211 fuit
3149 3162 3305 3210 tantae
3335 3167 3545 3223 grzecte,
3571 3151 3799 3208 latinae-

2180 3270 2287 3325 que
2314 3254 2657 3325 eloquentiae,
2686 3252 2884 3308 nemini
2914 3264 3134 3322 prorsus
3163 3247 3444 3318 incognita:
3473 3245 3797 3317 praemium?

2180 3346 2298 3404 Non
2345 3345 2597 3401 divinitas
2634 3359 2785 3408 sane,
2830 3343 2924 3400 sed
2973 3339 3363 3401 infelicissimus
3407 3337 3611 3395 crudeli
3650 3354 3800 3396 nece

2182 3440 2475 3497 interitus?
2507 3438 2709 3496 Verum
2750 3440 2864 3495 lucc
2888 3435 3136 3493 clunibus
3177 3434 3306 3489 satis
3330 3441 3630 3504 comperta,
3672 3433 3798 3504 jam

2184 3534 2446 3606 probasse
2485 3533 2716 3591 sufficiat
2753 3533 2988 3603 quinque
3035 3526 3306 3585 Iuvenalis
3329 3568 3345 3594 ,
3378 3532 3499 3596 post
3522 3524 3799 3582 decanta-

2182 3636 2269 3685 tos
2295 3628 2545 3683 Crassum
2568 3637 2621 3683 et
2651 3625 2988 3695 Pompeium,
3022 3622 3169 3678 hisce
3196 3616 3518 3675 carminibus
3547 3636 3561 3673 :

2306 3719 2570 3784 Eloquium
2590 3731 2648 3768 ac
2671 3716 2842 3768 famam
2866 3713 3220 3784 Demosthenis
3228 3720 3319 3784 aut
3346 3708 3594 3784 Ciceronis

2306 3773 2484 3844 Incipit
2505 3787 2699 3843 optare,
2726 3787 2785 3829 et
2808 3779 2921 3828 totis
2941 3773 3318 3844 quinquatribus
3336 3777 3489 3844 optat,

2314 3835 2551 3907 Quisquis
2570 3835 2727 3894 adhuc
2749 3854 2849 3893 uno
2870 3835 3057 3905 pariam
3074 3835 3187 3889 colit
3203 3848 3315 3886 asse
3336 3835 3623 3897 Minervam,

2312 3945 2325 3955 ο
2427 3945 2441 3964 ο
2542 3940 2556 3955 ο
2657 3941 2669 3953 ο
2772 3940 2785 3954 ο
2887 3941 2899 3953 ο
3001 3939 3013 3950 ο
3115 3937 3129 3951 ο
3229 3935 3241 3947 ο
3339 3930 3354 3947 ο

2306 3962 2535 4033 ξιοιιὶιὶο,
2561 3966 2651 4017 sed
2676 3972 2894 4033 uterque
2917 3967 3044 4033 perit
3060 3962 3531 4033 pr_ator,utrumque

2307 4020 2501 4095 Largus
2524 4020 2578 4083 et
2600 4020 2859 4082 exundans
2880 4020 3021 4078 letho
3042 4026 3181 4077 dedit
3197 4020 3524 4088 ingeniifons.

2637 4113 2883 4178 (Juvenal.
2909 4109 3061 4164 Satir.
3084 4112 3160 4171 lo,
3185 4121 3226 4161 υ.
3253 4110 3363 4171 115,
3384 4115 3431 4159 et
3450 4106 3610 4173 seqq.)

2254 4219 2500 4277 Ethnicis
2546 4235 2709 4292 ergo,
2741 4221 2914 4292 arguit
2957 4218 3333 4285 Tertullianus,
3364 4217 3484 4289 quis
3512 4229 3620 4272 non
3651 4231 3796 4277 suc-

2182 4321 2421 4382 censeat,
2448 4314 2538 4384 qui
2567 4328 2691 4369 cum
2720 4321 2797 4368 tot
2823 4314 2969 4368 viros
2993 4313 3191 4369 virtute
3209 4320 3264 4369 et
3292 4294 3497 4367 meritis
3521 4311 3663 4367 adeo
3686 4327 3799 4371 ex-

2183 4407 2441 4464 cellentes
2478 4408 2531 4462 in
2562 4406 2749 4463 inferis
2776 4406 3127 4478 reliquerunt,
3157 4421 3220 4461 ae
3255 4415 3331 4461 tot
3358 4404 3492 4461 alios
3518 4404 3798 4463 scelestos

2182 4508 2237 4554 et
2285 4500 2711 4571 improbissimos
2758 4508 2878 4570 post
2927 4514 3111 4556 eorum
3159 4508 3385 4555 mortem
3425 4498 3494 4555 ob
3531 4498 3796 4570 quaedam

469 4604 837 4679 cognominari
879 4601 1199 4676 (Plutarch.,
1228 4602 1284 4655 in
1337 4598 1455 4655 Vita
1482 4600 1667 4670 Sylla,
1698 4608 1738 4653 t.
1785 4598 1840 4663 l,
1888 4614 1943 4669 p.
1972 4595 2162 4657 455D
2188 4594 2402 4665 egregia
2453 4594 2689 4650 facinora
2742 4592 2875 4649 deos
2931 4593 3265 4649 renuntiatos
3310 4605 3431 4648 esse
3467 4590 3793 4663 garriebant

473 4708 522 4755 et
545 4699 730 4770 ssqq.).
763 4696 869 4753 Sed
895 4696 1010 4751 haec
1036 4694 1197 4750 illum
1214 4694 1279 4748 ad
1311 4693 1643 4749 divinitatem
1671 4706 1776 4746 non
1809 4690 2075 4761 perduxe-

469 4800 618 4847 runt.
648 4788 864 4844 Deliciis
905 4787 1049 4843 enim
1073 4794 1380 4855 corruptus,
1433 4781 1725 4853 pediculari
1764 4782 1953 4836 morbo
1989 4781 2072 4836 vi-

470 4891 582 4937 tam
613 4880 799 4936 finivit.
825 4879 1126 4952 Polycratis
1162 4891 1292 4934 vero
1338 4876 1565 4932 felicitas
1606 4865 1918 4945 hisvalerii
1960 4873 2072 4930 Ma-

468 4976 601 5031 ximi
630 4973 953 5031 describitur
991 4974 1170 5029 verbis
1199 4988 1213 5027 '.
1245 4971 1435 5026 Comes
1458 4979 1674 5024 conatus
1715 4970 1829 5036 eius
1868 4969 2075 5040 placido

469 5065 850 5135 accipiebantur
871 5066 1085 5128 itinere;
1124 5079 1242 5133 spes
1289 5071 1487 5116 certum
1505 5062 1693 5131 cupita:
1734 5060 1813 5113 rei
1847 5060 2073 5130 fructum

466 5149 1050 5223 appreltendcbant,vota
1065 5146 1663 5217 nuncupabanturmimul
1676 5145 2073 5215 etsolrebantur,

464 5244 596 5301 pelle
615 5260 675 5298 ac
687 5257 908 5313 parteex
932 5258 1078 5313 requa
1112 5243 1333 5314 positum
1353 5251 1463 5295 erat
1485 5240 1632 5311 (Val.
1658 5239 1830 5308 Μαι,
1855 5242 1945 5297 lib.
1972 5242 2064 5309 Vl,

469 5344 589 5408 cap.
612 5337 668 5404 8,
701 5335 732 5409 ᾗ
762 5337 817 5392 5.
846 5335 1101 5407 Extern.).
1136 5337 1201 5390 Et
1223 5350 1355 5391 vero
1379 5334 1636 5391 secundis
1658 5335 1823 5391 rebus
1848 5336 1918 5393 ita
1955 5346 2071 5393 ute-

463 5432 624 5489 batur
642 5470 659 5496 ,
690 5437 748 5485 ut
768 5428 987 5484 maximi
1020 5429 1179 5499 pretii
1199 5429 1478 5498 annulum,
1505 5445 1628 5485 cum
1656 5430 1708 5485 in
1727 5444 1876 5486 mare
1903 5429 1971 5486 ad
1995 5431 2075 5488 fe-

460 5520 682 5578 licitatis
715 5534 827 5575 sua:
856 5518 1288 5590 experimentum
1319 5523 1652 5591 profecisset,
1688 5523 1740 5579 in
1781 5533 1939 5595 capto
1971 5538 2066 5593 po-

461 5622 577 5670 stea
607 5612 757 5684 pisce
792 5620 1045 5681 repertus
1068 5610 1250 5668 fuerit.
1282 5613 1496 5669 Testem
1530 5615 1691 5686 hujus
1728 5614 2062 5688 aliarumque

2179 4685 2511 4759 (Tertullian.
2544 4687 2815 4760 Apologet.
2845 4703 2963 4759 cap.
2991 4689 3079 4754 ll,
3114 4703 3168 4759 p.
3201 4684 3376 4759 537)?

2253 4776 2419 4850 Urget
2445 4777 2619 4835 adhuc
2644 4779 2733 4835 ille
2760 4779 2922 4849 (Ibid.
2952 4796 3066 4850 cap.
3112 4780 3199 4845 15,
3226 4795 3282 4850 p.
3312 4776 3459 4849 347),
3490 4788 3590 4833 θσπς
3619 4775 3787 4848 Qum,

2177 4872 2387 4944 inquit,
2438 4871 2808 4943 fueruntLdea:
2853 4873 3153 4930 Larentina:
3202 4873 3425 4928 virtutes
3453 4879 3509 4928 et
3544 4872 3792 4930 merita?

2178 4964 2370 5021 Nonne
2396 4966 2657 5039 publicum
2680 4977 2902 5021 scortum
2931 4967 3079 5022 erat?
3103 4964 3245 5022 Satis
3268 4965 3527 5039 fprol'ecto
3556 4963 3606 5021 id
3646 4964 3789 5024 alibi

2180 5058 2525 5130 probavimus
2557 5059 2850 5133 (Dissertat.
2893 5060 2949 5113 in
2978 5057 3199 5125 Μίνωα,
3236 5076 3353 5131 cap.
3385 5060 3475 5127 18,
3506 5066 3605 5114 art.
3641 5057 3694 5126 l,
3725 5071 3788 5121 et

2176 5156 2234 5210 in
2254 5154 2489 5239 Lactant.
2535 5140 2781 5227 capf52,
2814 5163 2914 5208 art.
2964 5153 3037 5226 Ι).
3079 5152 3357 5226 Numquid
3390 5161 3565 5209 autem
3602 5153 3791 5224 magis

2178 5246 2401 5319 pudicas
2442 5247 2641 5303 dixeris
2689 5245 2948 5315 Iunones,
2990 5244 3232 5313 Cereres,
3281 5260 3343 5303 ac
3370 5245 3625 5316 (Dianas?
3666 5244 3790 5305 Sed

2177 5340 2397 5410 ipsimet
2423 5340 2651 5412 gentiles
2670 5383 2684 5409 ,
2718 5338 2873 5396 sicuti
2904 5340 2957 5396 in
2988 5338 3353 5412 superioribus
3375 5338 3786 5397 dissertationi-

2176 5433 2280 5489 bus
2304 5434 2660 5503 ostendimus,
2693 5432 3022 5490 effrzenatam
3054 5433 3267 5490 illarum
3294 5432 3567 5489 libidinem
3592 5442 3646 5488 et
3671 5432 3790 5488 im.

2176 5527 2487 5598 pudicitiam
2521 5527 3035 5601 promulgaverunt?
3055 5527 3412 5607 Quamobrem
3435 5528 3635 5585 Auctor
3664 5541 3782 5584 no-

2175 5628 2288 5676 ster
2336 5621 2576 5677 insanam
2630 5620 2908 5692 gentilium
2961 5622 3310 5695 impietatem,
3355 5620 3444 5694 qui
3493 5618 3592 5676 has
3639 5617 3784 5678 deas

636 5703 1086 5812 prosperitalt‘lﬂ‘
1106 5704 1275 5812 bibes
1305 5704 1640 5812 ‘Strabone‘m
1678 5707 1917 5812 (Chai,
2124 5694 2140 5711 ’
2166 5715 2484 5785 adorabunt,
2517 5719 2594 5775 sic
2614 5716 2837 5775 irridet:
2872 5694 3051 5775 Velim,
3071 5719 3247 5774 saltem
3274 5715 3484 5772 Laidem
3508 5730 3568 5771 ac
3594 5712 3785 5789 Phry-

461 5791 605 5865 XIV,
633 5792 820 5867 Geogr.
869 5810 925 5865 p.
961 5793 1111 5865 657),
1141 5793 1470 5855 Herodotum
1525 5796 1802 5869 (Herodot.
1841 5802 1932 5859 lib.
1959 5802 2049 5874 lli,
2162 5820 2259 5863 neu
2286 5807 2416 5866 inter
2431 5808 2682 5879 Iunones,
2711 5821 2761 5867 et
2790 5809 3029 5882 Cereres,
3055 5810 3115 5866 et
3142 5809 3334 5867 Dianas
3364 5806 3584 5866 adoretis
3622 5802 3781 5879 (Ter-
