  <div class='ocr_page' id='page_1' title='image "/cluster/home/n/w/nwhite01/storage/ocr_20150623/1/hvd.32044015466733/576.png"; bbox 0 0 4076 6356; ppageno 0'>
   <div class='ocr_carea' id='block_1_1' title="bbox 319 322 454 383">
    <p class='ocr_par' dir='ltr' id='par_1_1' title="bbox 319 322 454 383">
     <span class='ocr_line' id='line_1_1' title="bbox 319 322 454 383; baseline 0 0"><span class='ocrx_word' id='word_1_1' title='bbox 319 322 454 383; x_wconf 76' lang='lat' dir='ltr'><strong>“Ol</strong></span> 
     </span>
    </p>
   </div>
   <div class='ocr_carea' id='block_1_2' title="bbox 1454 312 2476 399">
    <p class='ocr_par' dir='ltr' id='par_1_2' title="bbox 1454 312 2476 399">
     <span class='ocr_line' id='line_1_2' title="bbox 1454 312 2476 399; baseline 0.008 -8"><span class='ocrx_word' id='word_1_2' title='bbox 1454 330 1903 398; x_wconf 78' lang='lat' dir='ltr'><strong>DlSSERTATlO</strong></span> <span class='ocrx_word' id='word_1_3' title='bbox 1940 333 2005 392; x_wconf 82' lang='grc' dir='ltr'><strong>ι).</strong></span> <span class='ocrx_word' id='word_1_4' title='bbox 2046 333 2134 395; x_wconf 83' lang='lat' dir='ltr'><strong>LE</strong></span> <span class='ocrx_word' id='word_1_5' title='bbox 2173 312 2476 399; x_wconf 72' lang='lat' dir='ltr'><strong>nonnav.</strong></span> 
     </span>
    </p>
   </div>
   <div class='ocr_carea' id='block_1_3' title="bbox 3487 356 3627 415">
    <p class='ocr_par' dir='ltr' id='par_1_3' title="bbox 3487 356 3627 415">
     <span class='ocr_line' id='line_1_3' title="bbox 3487 356 3627 415; baseline -0.021 -1"><span class='ocrx_word' id='word_1_6' title='bbox 3487 356 3627 415; x_wconf 71' lang='lat'><strong>“02</strong></span> 
     </span>
    </p>
   </div>
   <div class='ocr_carea' id='block_1_4' title="bbox 318 443 3623 549">
    <p class='ocr_par' dir='ltr' id='par_1_4' title="bbox 318 443 3623 549">
     <span class='ocr_line' id='line_1_4' title="bbox 318 443 3623 549; baseline 0.01 -50"><span class='ocrx_word' id='word_1_7' title='bbox 318 443 546 506; x_wconf 65' lang='lat' dir='ltr'><strong>tullium,</strong></span> <span class='ocrx_word' id='word_1_8' title='bbox 574 444 843 519; x_wconf 78' lang='lat' dir='ltr'><strong>Apolaget.</strong></span> <span class='ocrx_word' id='word_1_9' title='bbox 869 463 983 518; x_wconf 83' lang='lat' dir='ltr'><strong>cap.</strong></span> <span class='ocrx_word' id='word_1_10' title='bbox 1018 449 1108 514; x_wconf 77' lang='lat' dir='ltr'><strong>l3,</strong></span> <span class='ocrx_word' id='word_1_11' title='bbox 1135 467 1190 522; x_wconf 92' lang='lat' dir='ltr'><strong>p.</strong></span> <span class='ocrx_word' id='word_1_12' title='bbox 1219 451 1373 523; x_wconf 66' lang='grc'><strong>547).</strong></span> <span class='ocrx_word' id='word_1_13' title='bbox 1404 451 1757 511; x_wconf 81' lang='lat' dir='ltr'><strong>Merelriciam</strong></span> <span class='ocrx_word' id='word_1_14' title='bbox 1782 468 1909 510; x_wconf 78' lang='lat' dir='ltr'><strong>vero</strong></span> <span class='ocrx_word' id='word_1_15' title='bbox 1932 454 1991 518; x_wconf 78' lang='grc' dir='ltr'><strong>Α</strong></span> <span class='ocrx_word' id='word_1_16' title='bbox 2014 470 2108 514; x_wconf 85' lang='lat' dir='ltr'><strong>seu</strong></span> <span class='ocrx_word' id='word_1_17' title='bbox 2160 458 2381 517; x_wconf 88' lang='lat' dir='ltr'><strong>deorum</strong></span> <span class='ocrx_word' id='word_1_18' title='bbox 2426 478 2623 534; x_wconf 86' lang='lat' dir='ltr'><strong>genus;</strong></span> <span class='ocrx_word' id='word_1_19' title='bbox 2657 474 2711 523; x_wconf 89' lang='lat' dir='ltr'><strong>et</strong></span> <span class='ocrx_word' id='word_1_20' title='bbox 2761 467 2993 537; x_wconf 84' lang='lat' dir='ltr'><strong>primum</strong></span> <span class='ocrx_word' id='word_1_21' title='bbox 3053 471 3274 543; x_wconf 79' lang='lat' dir='ltr'><strong>quidem</strong></span> <span class='ocrx_word' id='word_1_22' title='bbox 3314 471 3623 549; x_wconf 66' lang='lat' dir='ltr'><strong>physicum;</strong></span> 
     </span>
    </p>
   </div>
   <div class='ocr_carea' id='block_1_5' title="bbox 314 538 1917 620">
    <p class='ocr_par' dir='ltr' id='par_1_5' title="bbox 314 538 1917 620">
     <span class='ocr_line' id='line_1_5' title="bbox 314 538 1917 620; baseline 0.007 -27"><span class='ocrx_word' id='word_1_23' title='bbox 314 547 486 594; x_wconf 83' lang='lat' dir='ltr'><strong>artem</strong></span> <span class='ocrx_word' id='word_1_24' title='bbox 529 538 655 594; x_wconf 85' lang='lat' dir='ltr'><strong>Lais</strong></span> <span class='ocrx_word' id='word_1_25' title='bbox 690 541 903 612; x_wconf 78' lang='lat' dir='ltr'><strong>publice</strong></span> <span class='ocrx_word' id='word_1_26' title='bbox 936 545 1252 611; x_wconf 81' lang='lat' dir='ltr'><strong>exercebat,</strong></span> <span class='ocrx_word' id='word_1_27' title='bbox 1280 546 1358 601; x_wconf 90' lang='lat' dir='ltr'><strong>.de</strong></span> <span class='ocrx_word' id='word_1_28' title='bbox 1407 562 1511 618; x_wconf 86' lang='lat' dir='ltr'><strong>qua</strong></span> <span class='ocrx_word' id='word_1_29' title='bbox 1563 547 1917 620; x_wconf 71' lang='lat' dir='ltr'><strong>Propertius:</strong></span> 
     </span>
    </p>
   </div>
   <div class='ocr_carea' id='block_1_6' title="bbox 471 651 1590 720">
    <p class='ocr_par' dir='ltr' id='par_1_6' title="bbox 471 651 1590 720">
     <span class='ocr_line' id='line_1_6' title="bbox 471 651 1590 720; baseline 0.008 -16"><span class='ocrx_word' id='word_1_30' title='bbox 471 651 577 720; x_wconf 83' lang='lat' dir='ltr'><strong>Non</strong></span> <span class='ocrx_word' id='word_1_31' title='bbox 592 654 670 720; x_wconf 71' lang='lat' dir='ltr'><strong>ita</strong></span> <span class='ocrx_word' id='word_1_32' title='bbox 686 654 1007 720; x_wconf 71' lang='lat' dir='ltr'><strong>complebant</strong></span> <span class='ocrx_word' id='word_1_33' title='bbox 1030 657 1255 720; x_wconf 65' lang='lat' dir='ltr'><strong>Ephiree</strong></span> <span class='ocrx_word' id='word_1_34' title='bbox 1274 657 1440 710; x_wconf 76' lang='lat' dir='ltr'><strong>Loidis</strong></span> <span class='ocrx_word' id='word_1_35' title='bbox 1455 661 1590 713; x_wconf 67' lang='lat' dir='ltr'><strong>edes</strong></span> 
     </span>
    </p>
   </div>
   <div class='ocr_carea' id='block_1_7' title="bbox 531 714 1452 781">
    <p class='ocr_par' dir='ltr' id='par_1_7' title="bbox 531 714 1452 781">
     <span class='ocr_line' id='line_1_7' title="bbox 531 714 1452 781; baseline 0.01 -16"><span class='ocrx_word' id='word_1_36' title='bbox 531 714 607 765; x_wconf 87' lang='lat' dir='ltr'><strong>Ad</strong></span> <span class='ocrx_word' id='word_1_37' title='bbox 630 714 767 781; x_wconf 75' lang='lat' dir='ltr'><strong>cujus</strong></span> <span class='ocrx_word' id='word_1_38' title='bbox 783 714 934 781; x_wconf 73' lang='lat' dir='ltr'><strong>jacuit</strong></span> <span class='ocrx_word' id='word_1_39' title='bbox 957 714 1143 781; x_wconf 76' lang='lat' dir='ltr'><strong>Graecia</strong></span> <span class='ocrx_word' id='word_1_40' title='bbox 1170 728 1268 771; x_wconf 88' lang='lat' dir='ltr'><strong>tota</strong></span> <span class='ocrx_word' id='word_1_41' title='bbox 1302 720 1452 773; x_wconf 84' lang='lat' dir='ltr'><strong>fores.</strong></span> 
     </span>
    </p>
   </div>
   <div class='ocr_carea' id='block_1_8' title="bbox 813 778 1760 848">
    <p class='ocr_par' dir='ltr' id='par_1_8' title="bbox 813 778 1760 848">
     <span class='ocr_line' id='line_1_8' title="bbox 813 778 1760 848; baseline 0.005 -19"><span class='ocrx_word' id='word_1_42' title='bbox 813 778 1064 846; x_wconf 87' lang='lat' dir='ltr'><strong>(Propert.</strong></span> <span class='ocrx_word' id='word_1_43' title='bbox 1087 780 1171 833; x_wconf 84' lang='lat' dir='ltr'><strong>lib.</strong></span> <span class='ocrx_word' id='word_1_44' title='bbox 1200 789 1252 833; x_wconf 85' lang='lat' dir='ltr'><strong>tt.</strong></span> <span class='ocrx_word' id='word_1_45' title='bbox 1269 782 1474 848; x_wconf 56' lang='lat' dir='ltr'><strong>Etegfa,</strong></span> <span class='ocrx_word' id='word_1_46' title='bbox 1502 798 1549 837; x_wconf 75' lang='grc' dir='ltr'><strong>υ.</strong></span> <span class='ocrx_word' id='word_1_47' title='bbox 1572 785 1760 848; x_wconf 66' lang='lat' dir='ltr'><strong>me.)</strong></span> 
     </span>
    </p>
   </div>
   <div class='ocr_carea' id='block_1_9' title="bbox 312 856 1913 941">
    <p class='ocr_par' dir='ltr' id='par_1_9' title="bbox 312 856 1913 941">
     <span class='ocr_line' id='line_1_9' title="bbox 312 856 1913 941; baseline 0.006 -27"><span class='ocrx_word' id='word_1_48' title='bbox 312 856 525 915; x_wconf 79' lang='lat' dir='ltr'><strong>Nullum</strong></span> <span class='ocrx_word' id='word_1_49' title='bbox 576 870 755 919; x_wconf 86' lang='lat' dir='ltr'><strong>autem</strong></span> <span class='ocrx_word' id='word_1_50' title='bbox 803 862 892 919; x_wconf 88' lang='lat' dir='ltr'><strong>illa</strong></span> <span class='ocrx_word' id='word_1_51' title='bbox 943 866 1277 935; x_wconf 69' lang='lat' dir='ltr'><strong>admittebat,</strong></span> <span class='ocrx_word' id='word_1_52' title='bbox 1312 870 1423 925; x_wconf 83' lang='lat' dir='ltr'><strong>nisi</strong></span> <span class='ocrx_word' id='word_1_53' title='bbox 1466 881 1711 941; x_wconf 86' lang='lat' dir='ltr'><strong>accepta,</strong></span> <span class='ocrx_word' id='word_1_54' title='bbox 1746 883 1913 941; x_wconf 80' lang='lat' dir='ltr'><strong>quam</strong></span> 
     </span>
    </p>
   </div>
   <div class='ocr_carea' id='block_1_10' title="bbox 304 953 1914 1030">
    <p class='ocr_par' dir='ltr' id='par_1_10' title="bbox 304 953 1914 1030">
     <span class='ocr_line' id='line_1_10' title="bbox 304 953 1914 1030; baseline 0.008 -23"><span class='ocrx_word' id='word_1_55' title='bbox 304 953 594 1025; x_wconf 79' lang='lat' dir='ltr'><strong>poscebat,</strong></span> <span class='ocrx_word' id='word_1_56' title='bbox 623 956 865 1027; x_wconf 69' lang='lat' dir='ltr'><strong>pecunia:</strong></span> <span class='ocrx_word' id='word_1_57' title='bbox 910 960 1298 1030; x_wconf 57' lang='lat' dir='ltr'><strong>summasQuia</strong></span> <span class='ocrx_word' id='word_1_58' title='bbox 1318 976 1455 1019; x_wconf 61' lang='lat' dir='ltr'><strong>mero</strong></span> <span class='ocrx_word' id='word_1_59' title='bbox 1486 962 1740 1019; x_wconf 68' lang='lat' dir='ltr'><strong>Corinthi</strong></span> <span class='ocrx_word' id='word_1_60' title='bbox 1765 978 1914 1020; x_wconf 87' lang='lat' dir='ltr'><strong>com-</strong></span> 
     </span>
    </p>
   </div>
   <div class='ocr_carea' id='block_1_11' title="bbox 310 1047 1912 1128">
    <p class='ocr_par' dir='ltr' id='par_1_11' title="bbox 310 1047 1912 1128">
     <span class='ocr_line' id='line_1_11' title="bbox 310 1047 1912 1128; baseline 0.008 -26"><span class='ocrx_word' id='word_1_61' title='bbox 310 1047 642 1113; x_wconf 80' lang='lat' dir='ltr'><strong>morabatur,</strong></span> <span class='ocrx_word' id='word_1_62' title='bbox 672 1049 797 1106; x_wconf 90' lang='lat' dir='ltr'><strong>inde</strong></span> <span class='ocrx_word' id='word_1_63' title='bbox 838 1050 1042 1108; x_wconf 83' lang='lat' dir='ltr'><strong>factum</strong></span> <span class='ocrx_word' id='word_1_64' title='bbox 1090 1052 1223 1110; x_wconf 84' lang='lat' dir='ltr'><strong>illud</strong></span> <span class='ocrx_word' id='word_1_65' title='bbox 1264 1056 1536 1128; x_wconf 77' lang='lat' dir='ltr'><strong>adagium,</strong></span> <span class='ocrx_word' id='word_1_66' title='bbox 1585 1056 1794 1114; x_wconf 75' lang='lat' dir='ltr'><strong>Horatii</strong></span> <span class='ocrx_word' id='word_1_67' title='bbox 1817 1073 1912 1115; x_wconf 76' lang='lat' dir='ltr'><strong>ex-</strong></span> 
     </span>
    </p>
   </div>
   <div class='ocr_carea' id='block_1_12' title="bbox 313 1140 880 1209">
    <p class='ocr_par' dir='ltr' id='par_1_12' title="bbox 313 1140 880 1209">
     <span class='ocr_line' id='line_1_12' title="bbox 313 1140 880 1209; baseline 0.005 -17"><span class='ocrx_word' id='word_1_68' title='bbox 313 1149 558 1209; x_wconf 86' lang='lat' dir='ltr'><strong>pressum</strong></span> <span class='ocrx_word' id='word_1_69' title='bbox 589 1140 830 1198; x_wconf 85' lang='lat' dir='ltr'><strong>carmine</strong></span> <span class='ocrx_word' id='word_1_70' title='bbox 866 1158 880 1195; x_wconf 94' lang='lat'><strong>:</strong></span> 
     </span>
    </p>
   </div>
   <div class='ocr_carea' id='block_1_13' title="bbox 348 1233 1687 1295">
    <p class='ocr_par' dir='ltr' id='par_1_13' title="bbox 348 1233 1687 1295">
     <span class='ocr_line' id='line_1_13' title="bbox 348 1233 1687 1295; baseline 0.008 -11"><span class='ocrx_word' id='word_1_71' title='bbox 348 1245 357 1251; x_wconf 84' lang='lat'><strong><em>&#39;</em></strong></span> <span class='ocrx_word' id='word_1_72' title='bbox 411 1242 433 1251; x_wconf 79' lang='lat'>&quot;</span> <span class='ocrx_word' id='word_1_73' title='bbox 458 1233 574 1286; x_wconf 61' lang='lat' dir='ltr'><strong>&quot;Non</strong></span> <span class='ocrx_word' id='word_1_74' title='bbox 598 1236 750 1287; x_wconf 87' lang='lat' dir='ltr'><strong>cuivis</strong></span> <span class='ocrx_word' id='word_1_75' title='bbox 770 1237 953 1289; x_wconf 85' lang='lat' dir='ltr'><strong>homini</strong></span> <span class='ocrx_word' id='word_1_76' title='bbox 974 1242 1210 1295; x_wconf 60' lang='lat' dir='ltr'><strong>contingit</strong></span> <span class='ocrx_word' id='word_1_77' title='bbox 1224 1242 1369 1293; x_wconf 79' lang='lat' dir='ltr'><strong>adire</strong></span> <span class='ocrx_word' id='word_1_78' title='bbox 1382 1241 1687 1295; x_wconf 71' lang='lat' dir='ltr'><strong>Corimhmn.</strong></span> 
     </span>
    </p>
   </div>
   <div class='ocr_carea' id='block_1_14' title="bbox 809 1301 1657 1371">
    <p class='ocr_par' dir='ltr' id='par_1_14' title="bbox 809 1301 1657 1371">
     <span class='ocr_line' id='line_1_14' title="bbox 809 1301 1657 1371; baseline 0.009 -19"><span class='ocrx_word' id='word_1_79' title='bbox 809 1301 1111 1362; x_wconf 55' lang='lat' dir='ltr'><strong>(omne.</strong></span> <span class='ocrx_word' id='word_1_80' title='bbox 1136 1301 1186 1365; x_wconf 70' lang='grc' dir='ltr'><strong>ι,</strong></span> <span class='ocrx_word' id='word_1_81' title='bbox 1211 1302 1351 1370; x_wconf 75' lang='lat' dir='ltr'><strong>epist.</strong></span> <span class='ocrx_word' id='word_1_82' title='bbox 1377 1307 1456 1366; x_wconf 73' lang='lat'><strong>17.</strong></span> <span class='ocrx_word' id='word_1_83' title='bbox 1470 1319 1527 1358; x_wconf 68' lang='grc' dir='ltr'><strong>ω.</strong></span> <span class='ocrx_word' id='word_1_84' title='bbox 1550 1308 1657 1371; x_wconf 72' lang='lat' dir='ltr'><strong>se.)</strong></span> 
     </span>
    </p>
   </div>
   <div class='ocr_carea' id='block_1_15' title="bbox 308 1379 1906 1464">
    <p class='ocr_par' dir='ltr' id='par_1_15' title="bbox 308 1379 1906 1464">
     <span class='ocr_line' id='line_1_15' title="bbox 308 1379 1906 1464; baseline 0.007 -27"><span class='ocrx_word' id='word_1_85' title='bbox 308 1379 494 1438; x_wconf 81' lang='lat' dir='ltr'><strong>Sotion</strong></span> <span class='ocrx_word' id='word_1_86' title='bbox 527 1398 712 1453; x_wconf 89' lang='lat' dir='ltr'><strong>porro,</strong></span> <span class='ocrx_word' id='word_1_87' title='bbox 744 1385 813 1441; x_wconf 89' lang='lat' dir='ltr'><strong>ab</strong></span> <span class='ocrx_word' id='word_1_88' title='bbox 841 1389 906 1443; x_wconf 88' lang='lat' dir='ltr'><strong>A.</strong></span> <span class='ocrx_word' id='word_1_89' title='bbox 936 1388 1111 1445; x_wconf 86' lang='lat' dir='ltr'><strong>Gellio</strong></span> <span class='ocrx_word' id='word_1_90' title='bbox 1140 1392 1334 1447; x_wconf 90' lang='lat' dir='ltr'><strong>citatus</strong></span> <span class='ocrx_word' id='word_1_91' title='bbox 1356 1389 1519 1464; x_wconf 77' lang='lat' dir='ltr'><strong>(Gell.</strong></span> <span class='ocrx_word' id='word_1_92' title='bbox 1541 1392 1640 1448; x_wconf 68' lang='lat' dir='ltr'><strong>dib.</strong></span> <span class='ocrx_word' id='word_1_93' title='bbox 1664 1391 1715 1458; x_wconf 66' lang='grc' dir='ltr'><strong>Ι,</strong></span> <span class='ocrx_word' id='word_1_94' title='bbox 1748 1391 1906 1449; x_wconf 85' lang='lat' dir='ltr'><strong>Noct.</strong></span> 
     </span>
    </p>
   </div>
   <div class='ocr_carea' id='block_1_16' title="bbox 304 1475 1907 1556">
    <p class='ocr_par' dir='ltr' id='par_1_16' title="bbox 304 1475 1907 1556">
     <span class='ocr_line' id='line_1_16' title="bbox 304 1475 1907 1556; baseline 0.006 -26"><span class='ocrx_word' id='word_1_95' title='bbox 304 1475 435 1530; x_wconf 61' lang='lat' dir='ltr'><strong>alui.</strong></span> <span class='ocrx_word' id='word_1_96' title='bbox 464 1492 581 1546; x_wconf 76' lang='lat' dir='ltr'><strong>cap.</strong></span> <span class='ocrx_word' id='word_1_97' title='bbox 605 1479 741 1546; x_wconf 60' lang='lat' dir='ltr'><strong>8,.p.</strong></span> <span class='ocrx_word' id='word_1_98' title='bbox 764 1479 879 1550; x_wconf 73' lang='lat'><strong>37),</strong></span> <span class='ocrx_word' id='word_1_99' title='bbox 910 1491 1095 1537; x_wconf 76' lang='lat' dir='ltr'><strong>narrat</strong></span> <span class='ocrx_word' id='word_1_100' title='bbox 1117 1481 1532 1542; x_wconf 72' lang='lat' dir='ltr'><strong>Demosthenem</strong></span> <span class='ocrx_word' id='word_1_101' title='bbox 1562 1483 1907 1556; x_wconf 65' lang='lat' dir='ltr'><strong>respondisse</strong></span> 
     </span>
    </p>
   </div>
   <div class='ocr_carea' id='block_1_17' title="bbox 304 1566 1896 1647">
    <p class='ocr_par' dir='ltr' id='par_1_17' title="bbox 304 1566 1896 1647">
     <span class='ocr_line' id='line_1_17' title="bbox 304 1566 1896 1647; baseline 0.006 -25"><span class='ocrx_word' id='word_1_102' title='bbox 304 1566 529 1623; x_wconf 62' lang='grc' dir='ltr'><strong>εοωῆ</strong></span> <span class='ocrx_word' id='word_1_103' title='bbox 569 1582 676 1623; x_wconf 79' lang='lat' dir='ltr'><strong>non</strong></span> <span class='ocrx_word' id='word_1_104' title='bbox 717 1583 901 1627; x_wconf 83' lang='lat' dir='ltr'><strong>emere</strong></span> <span class='ocrx_word' id='word_1_105' title='bbox 942 1573 1335 1643; x_wconf 64' lang='lat' dir='ltr'><strong>pmoiteotiam.</strong></span> <span class='ocrx_word' id='word_1_106' title='bbox 1364 1575 1525 1632; x_wconf 82' lang='lat' dir='ltr'><strong>Deea</strong></span> <span class='ocrx_word' id='word_1_107' title='bbox 1554 1590 1654 1633; x_wconf 80' lang='lat' dir='ltr'><strong>nos</strong></span> <span class='ocrx_word' id='word_1_108' title='bbox 1692 1575 1896 1647; x_wconf 77' lang='lat' dir='ltr'><strong>aliquid</strong></span> 
     </span>
    </p>
   </div>
   <div class='ocr_carea' id='block_1_18' title="bbox 298 1660 1909 1741">
    <p class='ocr_par' dir='ltr' id='par_1_18' title="bbox 298 1660 1909 1741">
     <span class='ocr_line' id='line_1_18' title="bbox 298 1660 1909 1741; baseline 0.008 -27"><span class='ocrx_word' id='word_1_109' title='bbox 298 1660 435 1716; x_wconf 66' lang='lat' dir='ltr'><strong>alibi</strong></span> <span class='ocrx_word' id='word_1_110' title='bbox 476 1664 863 1720; x_wconf 76' lang='lat' dir='ltr'><strong>.atmotavimus</strong></span> <span class='ocrx_word' id='word_1_111' title='bbox 904 1665 1083 1737; x_wconf 69' lang='lat' dir='ltr'><strong>(Tom.</strong></span> <span class='ocrx_word' id='word_1_112' title='bbox 1134 1665 1438 1740; x_wconf 74' lang='lat' dir='ltr'><strong>lAppamt.</strong></span> <span class='ocrx_word' id='word_1_113' title='bbox 1497 1688 1554 1739; x_wconf 74' lang='grc' dir='ltr'><strong>ρ.</strong></span> <span class='ocrx_word' id='word_1_114' title='bbox 1608 1669 1797 1741; x_wconf 67' lang='lat' dir='ltr'><strong>42M),</strong></span> <span class='ocrx_word' id='word_1_115' title='bbox 1838 1685 1909 1727; x_wconf 84' lang='lat' dir='ltr'><strong>ac</strong></span> 
     </span>
    </p>
   </div>
   <div class='ocr_carea' id='block_1_19' title="bbox 302 1753 1904 1835">
    <p class='ocr_par' dir='ltr' id='par_1_19' title="bbox 302 1753 1904 1835">
     <span class='ocr_line' id='line_1_19' title="bbox 302 1753 1904 1835; baseline 0.007 -28"><span class='ocrx_word' id='word_1_116' title='bbox 302 1753 459 1824; x_wconf 75' lang='lat' dir='ltr'><strong>plura</strong></span> <span class='ocrx_word' id='word_1_117' title='bbox 498 1753 551 1811; x_wconf 74' lang='lat' dir='ltr'><strong>si</strong></span> <span class='ocrx_word' id='word_1_118' title='bbox 584 1756 737 1823; x_wconf 82' lang='lat' dir='ltr'><strong>velis,</strong></span> <span class='ocrx_word' id='word_1_119' title='bbox 763 1758 850 1813; x_wconf 83' lang='lat' dir='ltr'><strong>adi</strong></span> <span class='ocrx_word' id='word_1_120' title='bbox 881 1758 1194 1816; x_wconf 76' lang='lat' dir='ltr'><strong>Pausaniam</strong></span> <span class='ocrx_word' id='word_1_121' title='bbox 1223 1761 1476 1832; x_wconf 79' lang='lat' dir='ltr'><strong>(I’ausau.</strong></span> <span class='ocrx_word' id='word_1_122' title='bbox 1507 1762 1596 1817; x_wconf 77' lang='lat' dir='ltr'><strong>lib.</strong></span> <span class='ocrx_word' id='word_1_123' title='bbox 1617 1761 1683 1825; x_wconf 82' lang='lat' dir='ltr'><strong>ll.</strong></span> <span class='ocrx_word' id='word_1_124' title='bbox 1709 1780 1765 1833; x_wconf 78' lang='grc' dir='ltr'><strong>ρ.</strong></span> <span class='ocrx_word' id='word_1_125' title='bbox 1787 1762 1904 1835; x_wconf 66' lang='grc'><strong>62),</strong></span> 
     </span>
    </p>
   </div>
   <div class='ocr_carea' id='block_1_20' title="bbox 2012 548 3617 636">
    <p class='ocr_par' dir='ltr' id='par_1_20' title="bbox 2012 548 3617 636">
     <span class='ocr_line' id='line_1_20' title="bbox 2012 548 3617 636; baseline 0.013 -29"><span class='ocrx_word' id='word_1_126' title='bbox 2012 548 2133 607; x_wconf 82' lang='lat' dir='ltr'><strong>sive</strong></span> <span class='ocrx_word' id='word_1_127' title='bbox 2178 555 2441 619; x_wconf 82' lang='lat' dir='ltr'><strong>naturale,</strong></span> <span class='ocrx_word' id='word_1_128' title='bbox 2489 558 2631 628; x_wconf 84' lang='lat' dir='ltr'><strong>quod</strong></span> <span class='ocrx_word' id='word_1_129' title='bbox 2678 560 2987 634; x_wconf 71' lang='lat' dir='ltr'><strong>philosophi</strong></span> <span class='ocrx_word' id='word_1_130' title='bbox 3037 567 3263 636; x_wconf 83' lang='lat' dir='ltr'><strong>gentiles</strong></span> <span class='ocrx_word' id='word_1_131' title='bbox 3312 568 3366 624; x_wconf 92' lang='lat' dir='ltr'><strong>in</strong></span> <span class='ocrx_word' id='word_1_132' title='bbox 3400 548 3617 628; x_wconf 85' lang='lat' dir='ltr'><strong>scholis</strong></span> 
     </span>
    </p>
   </div>
   <div class='ocr_carea' id='block_1_21' title="bbox 1964 636 3622 721">
    <p class='ocr_par' dir='ltr' id='par_1_21' title="bbox 1964 636 3622 721">
     <span class='ocr_line' id='line_1_21' title="bbox 1964 636 3622 721; baseline 0.013 -23"><span class='ocrx_word' id='word_1_133' title='bbox 1964 636 1977 641; x_wconf 72' lang='grc'><em>’</em></span> <span class='ocrx_word' id='word_1_134' title='bbox 2016 643 2150 707; x_wconf 85' lang='lat' dir='ltr'><strong>suis,</strong></span> <span class='ocrx_word' id='word_1_135' title='bbox 2170 643 2570 719; x_wconf 84' lang='lat' dir='ltr'><strong>innumerisque</strong></span> <span class='ocrx_word' id='word_1_136' title='bbox 2583 652 2785 721; x_wconf 84' lang='lat' dir='ltr'><strong>peneia</strong></span> <span class='ocrx_word' id='word_1_137' title='bbox 2807 658 3348 716; x_wconf 77' lang='lat' dir='ltr'><strong>commentationibus</strong></span> <span class='ocrx_word' id='word_1_138' title='bbox 3375 675 3622 720; x_wconf 83' lang='lat' dir='ltr'><strong>asserere</strong></span> 
     </span>
    </p>
   </div>
   <div class='ocr_carea' id='block_1_22' title="bbox 2017 731 3623 821">
    <p class='ocr_par' dir='ltr' id='par_1_22' title="bbox 2017 731 3623 821">
     <span class='ocr_line' id='line_1_22' title="bbox 2017 731 3623 821; baseline 0.016 -33"><span class='ocrx_word' id='word_1_139' title='bbox 2017 731 2214 790; x_wconf 76' lang='lat' dir='ltr'><strong>frustra</strong></span> <span class='ocrx_word' id='word_1_140' title='bbox 2247 740 2425 795; x_wconf 82' lang='lat' dir='ltr'><strong>conati</strong></span> <span class='ocrx_word' id='word_1_141' title='bbox 2454 749 2600 796; x_wconf 88' lang='lat' dir='ltr'><strong>sunt.</strong></span> <span class='ocrx_word' id='word_1_142' title='bbox 2633 742 2766 799; x_wconf 85' lang='lat' dir='ltr'><strong>Nam</strong></span> <span class='ocrx_word' id='word_1_143' title='bbox 2798 746 2913 802; x_wconf 78' lang='lat' dir='ltr'><strong>lucc</strong></span> <span class='ocrx_word' id='word_1_144' title='bbox 2954 748 3078 803; x_wconf 85' lang='lat' dir='ltr'><strong>sunt</strong></span> <span class='ocrx_word' id='word_1_145' title='bbox 3117 750 3337 821; x_wconf 86' lang='lat' dir='ltr'><strong>hujusce</strong></span> <span class='ocrx_word' id='word_1_146' title='bbox 3362 751 3623 815; x_wconf 83' lang='lat' dir='ltr'><strong>Varronis</strong></span> 
     </span>
    </p>
   </div>
   <div class='ocr_carea' id='block_1_23' title="bbox 2016 826 3623 918">
    <p class='ocr_par' dir='ltr' id='par_1_23' title="bbox 2016 826 3623 918">
     <span class='ocr_line' id='line_1_23' title="bbox 2016 826 3623 918; baseline 0.014 -37"><span class='ocrx_word' id='word_1_147' title='bbox 2016 826 2184 884; x_wconf 89' lang='lat' dir='ltr'><strong>citata</strong></span> <span class='ocrx_word' id='word_1_148' title='bbox 2213 830 2280 886; x_wconf 88' lang='lat' dir='ltr'><strong>ab</strong></span> <span class='ocrx_word' id='word_1_149' title='bbox 2329 833 2631 905; x_wconf 81' lang='lat' dir='ltr'><strong>Augustino</strong></span> <span class='ocrx_word' id='word_1_150' title='bbox 2671 838 2830 896; x_wconf 83' lang='lat' dir='ltr'><strong>verba</strong></span> <span class='ocrx_word' id='word_1_151' title='bbox 2862 858 2875 894; x_wconf 90' lang='lat'><strong>:</strong></span> <span class='ocrx_word' id='word_1_152' title='bbox 2910 840 3106 899; x_wconf 78' lang='lat' dir='ltr'><strong>Multos</strong></span> <span class='ocrx_word' id='word_1_153' title='bbox 3142 844 3298 902; x_wconf 86' lang='lat' dir='ltr'><strong>libros</strong></span> <span class='ocrx_word' id='word_1_154' title='bbox 3327 848 3623 918; x_wconf 82' lang='lat' dir='ltr'><strong>philosophi</strong></span> 
     </span>
    </p>
   </div>
   <div class='ocr_carea' id='block_1_24' title="bbox 2016 921 3620 1015">
    <p class='ocr_par' dir='ltr' id='par_1_24' title="bbox 2016 921 3620 1015">
     <span class='ocr_line' id='line_1_24' title="bbox 2016 921 3620 1015; baseline 0.015 -40"><span class='ocrx_word' id='word_1_155' title='bbox 2016 921 2346 993; x_wconf 85' lang='lat' dir='ltr'><strong>reliquerunt,</strong></span> <span class='ocrx_word' id='word_1_156' title='bbox 2378 928 2428 982; x_wconf 85' lang='lat' dir='ltr'><strong>in</strong></span> <span class='ocrx_word' id='word_1_157' title='bbox 2450 930 2630 1000; x_wconf 78' lang='lat' dir='ltr'><strong>quibus</strong></span> <span class='ocrx_word' id='word_1_158' title='bbox 2674 942 2747 988; x_wconf 86' lang='lat' dir='ltr'><strong>est</strong></span> <span class='ocrx_word' id='word_1_159' title='bbox 2770 951 2789 988; x_wconf 90' lang='lat'><strong><em>:</em></strong></span> <span class='ocrx_word' id='word_1_160' title='bbox 2816 933 2904 988; x_wconf 82' lang='lat' dir='ltr'><strong>Dii</strong></span> <span class='ocrx_word' id='word_1_161' title='bbox 2936 937 3022 1007; x_wconf 82' lang='lat' dir='ltr'><strong>qui</strong></span> <span class='ocrx_word' id='word_1_162' title='bbox 3046 938 3147 993; x_wconf 85' lang='lat' dir='ltr'><strong>sint</strong></span> <span class='ocrx_word' id='word_1_163' title='bbox 3166 980 3181 1006; x_wconf 90' lang='lat'><strong>,</strong></span> <span class='ocrx_word' id='word_1_164' title='bbox 3208 939 3295 994; x_wconf 82' lang='lat' dir='ltr'><strong>ubi</strong></span> <span class='ocrx_word' id='word_1_165' title='bbox 3330 942 3453 1009; x_wconf 84' lang='lat' dir='ltr'><strong>sint,</strong></span> <span class='ocrx_word' id='word_1_166' title='bbox 3479 945 3620 1015; x_wconf 86' lang='lat' dir='ltr'><strong>quod</strong></span> 
     </span>
    </p>
   </div>
   <div class='ocr_carea' id='block_1_25' title="bbox 2013 1020 3620 1107">
    <p class='ocr_par' dir='ltr' id='par_1_25' title="bbox 2013 1020 3620 1107">
     <span class='ocr_line' id='line_1_25' title="bbox 2013 1020 3620 1107; baseline 0.015 -40"><span class='ocrx_word' id='word_1_167' title='bbox 2013 1028 2192 1084; x_wconf 80' lang='lat' dir='ltr'><strong>genus,</strong></span> <span class='ocrx_word' id='word_1_168' title='bbox 2246 1020 2427 1088; x_wconf 80' lang='lat' dir='ltr'><strong>quale,</strong></span> <span class='ocrx_word' id='word_1_169' title='bbox 2483 1038 2515 1075; x_wconf 83' lang='grc' dir='ltr'><em>α</em></span> <span class='ocrx_word' id='word_1_170' title='bbox 2575 1040 2796 1093; x_wconf 89' lang='lat' dir='ltr'><strong>quonam</strong></span> <span class='ocrx_word' id='word_1_171' title='bbox 2872 1037 3116 1099; x_wconf 73' lang='lat' dir='ltr'><strong>(corpore,</strong></span> <span class='ocrx_word' id='word_1_172' title='bbox 3158 1047 3225 1085; x_wconf 87' lang='lat' dir='ltr'><strong>an</strong></span> <span class='ocrx_word' id='word_1_173' title='bbox 3287 1048 3321 1085; x_wconf 89' lang='lat' dir='ltr'><strong>a</strong></span> <span class='ocrx_word' id='word_1_174' title='bbox 3355 1036 3620 1107; x_wconf 85' lang='lat' dir='ltr'><strong>sempiter-</strong></span> 
     </span>
    </p>
   </div>
   <div class='ocr_carea' id='block_1_26' title="bbox 2014 1110 3620 1195">
    <p class='ocr_par' dir='ltr' id='par_1_26' title="bbox 2014 1110 3620 1195">
     <span class='ocr_line' id='line_1_26' title="bbox 2014 1110 3620 1195; baseline 0.015 -35"><span class='ocrx_word' id='word_1_175' title='bbox 2014 1122 2080 1161; x_wconf 89' lang='lat' dir='ltr'><strong>no</strong></span> <span class='ocrx_word' id='word_1_176' title='bbox 2119 1110 2344 1180; x_wconf 77' lang='lat' dir='ltr'><strong>fuerint,</strong></span> <span class='ocrx_word' id='word_1_177' title='bbox 2390 1130 2457 1168; x_wconf 88' lang='lat' dir='ltr'><strong>an</strong></span> <span class='ocrx_word' id='word_1_178' title='bbox 2498 1132 2560 1170; x_wconf 81' lang='lat' dir='ltr'><strong>ea:</strong></span> <span class='ocrx_word' id='word_1_179' title='bbox 2598 1119 2713 1188; x_wconf 86' lang='lat' dir='ltr'><strong>igne</strong></span> <span class='ocrx_word' id='word_1_180' title='bbox 2738 1120 2857 1185; x_wconf 85' lang='lat' dir='ltr'><strong>sint,</strong></span> <span class='ocrx_word' id='word_1_181' title='bbox 2904 1130 2957 1175; x_wconf 86' lang='lat' dir='ltr'><strong>ut</strong></span> <span class='ocrx_word' id='word_1_182' title='bbox 3000 1122 3158 1177; x_wconf 79' lang='lat' dir='ltr'><strong>credit</strong></span> <span class='ocrx_word' id='word_1_183' title='bbox 3208 1124 3620 1195; x_wconf 85' lang='lat' dir='ltr'><strong>Heraclitus;an</strong></span> 
     </span>
    </p>
   </div>
   <div class='ocr_carea' id='block_1_27' title="bbox 2013 1203 3623 1292">
    <p class='ocr_par' dir='ltr' id='par_1_27' title="bbox 2013 1203 3623 1292">
     <span class='ocr_line' id='line_1_27' title="bbox 2013 1203 3623 1292; baseline 0.016 -41"><span class='ocrx_word' id='word_1_184' title='bbox 2013 1213 2077 1252; x_wconf 76' lang='lat' dir='ltr'><strong>ea:</strong></span> <span class='ocrx_word' id='word_1_185' title='bbox 2101 1203 2345 1270; x_wconf 80' lang='lat' dir='ltr'><strong>numeris,</strong></span> <span class='ocrx_word' id='word_1_186' title='bbox 2399 1215 2457 1259; x_wconf 82' lang='lat' dir='ltr'><strong>ut</strong></span> <span class='ocrx_word' id='word_1_187' title='bbox 2503 1205 2868 1281; x_wconf 77' lang='lat' dir='ltr'><strong>Pythagoras;</strong></span> <span class='ocrx_word' id='word_1_188' title='bbox 2906 1229 2972 1267; x_wconf 85' lang='lat' dir='ltr'><strong>an</strong></span> <span class='ocrx_word' id='word_1_189' title='bbox 3003 1230 3065 1269; x_wconf 79' lang='lat' dir='ltr'><strong>ex</strong></span> <span class='ocrx_word' id='word_1_190' title='bbox 3101 1217 3302 1285; x_wconf 82' lang='lat' dir='ltr'><strong>atomis,</strong></span> <span class='ocrx_word' id='word_1_191' title='bbox 3346 1229 3402 1275; x_wconf 86' lang='lat' dir='ltr'><strong>ut</strong></span> <span class='ocrx_word' id='word_1_192' title='bbox 3432 1219 3623 1292; x_wconf 81' lang='lat' dir='ltr'><strong>Epicu-</strong></span> 
     </span>
    </p>
   </div>
   <div class='ocr_carea' id='block_1_28' title="bbox 2012 1294 3618 1384">
    <p class='ocr_par' dir='ltr' id='par_1_28' title="bbox 2012 1294 3618 1384">
     <span class='ocr_line' id='line_1_28' title="bbox 2012 1294 3618 1384; baseline 0.016 -39"><span class='ocrx_word' id='word_1_193' title='bbox 2012 1306 2119 1357; x_wconf 83' lang='lat' dir='ltr'><strong>rus,</strong></span> <span class='ocrx_word' id='word_1_194' title='bbox 2143 1294 2215 1349; x_wconf 80' lang='lat' dir='ltr'><strong>sic</strong></span> <span class='ocrx_word' id='word_1_195' title='bbox 2235 1296 2338 1351; x_wconf 85' lang='lat' dir='ltr'><strong>alia</strong></span> <span class='ocrx_word' id='word_1_196' title='bbox 2366 1314 2478 1367; x_wconf 77' lang='lat' dir='ltr'><strong>qua:</strong></span> <span class='ocrx_word' id='word_1_197' title='bbox 2504 1302 2710 1372; x_wconf 84' lang='lat' dir='ltr'><strong>facilius</strong></span> <span class='ocrx_word' id='word_1_198' title='bbox 2732 1305 2869 1359; x_wconf 84' lang='lat' dir='ltr'><strong>intra</strong></span> <span class='ocrx_word' id='word_1_199' title='bbox 2909 1308 3121 1377; x_wconf 75' lang='lat' dir='ltr'><strong>parietes</strong></span> <span class='ocrx_word' id='word_1_200' title='bbox 3146 1310 3199 1363; x_wconf 84' lang='lat' dir='ltr'><strong>in</strong></span> <span class='ocrx_word' id='word_1_201' title='bbox 3234 1312 3431 1380; x_wconf 79' lang='lat' dir='ltr'><strong>schola,</strong></span> <span class='ocrx_word' id='word_1_202' title='bbox 3463 1331 3618 1384; x_wconf 83' lang='lat' dir='ltr'><strong>quam</strong></span> 
     </span>
    </p>
   </div>
   <div class='ocr_carea' id='block_1_29' title="bbox 2012 1388 3619 1472">
    <p class='ocr_par' dir='ltr' id='par_1_29' title="bbox 2012 1388 3619 1472">
     <span class='ocr_line' id='line_1_29' title="bbox 2012 1388 3619 1472; baseline 0.014 -32"><span class='ocrx_word' id='word_1_203' title='bbox 2012 1388 2231 1469; x_wconf 69' lang='lat' dir='ltr'><strong>castrain</strong></span> <span class='ocrx_word' id='word_1_204' title='bbox 2259 1391 2373 1459; x_wconf 72' lang='lat' dir='ltr'><strong>foro</strong></span> <span class='ocrx_word' id='word_1_205' title='bbox 2395 1394 2527 1461; x_wconf 80' lang='lat' dir='ltr'><strong>ferre</strong></span> <span class='ocrx_word' id='word_1_206' title='bbox 2550 1409 2758 1464; x_wconf 84' lang='lat' dir='ltr'><strong>possunt</strong></span> <span class='ocrx_word' id='word_1_207' title='bbox 2782 1415 2927 1455; x_wconf 82' lang='lat' dir='ltr'><strong>aures</strong></span> <span class='ocrx_word' id='word_1_208' title='bbox 2957 1402 3311 1472; x_wconf 49' lang='lat' dir='ltr'><strong>(Augustglib.</strong></span> <span class='ocrx_word' id='word_1_209' title='bbox 3339 1404 3423 1471; x_wconf 81' lang='lat' dir='ltr'><strong>VI,</strong></span> <span class='ocrx_word' id='word_1_210' title='bbox 3453 1407 3516 1461; x_wconf 86' lang='lat' dir='ltr'><strong>de</strong></span> <span class='ocrx_word' id='word_1_211' title='bbox 3543 1409 3619 1461; x_wconf 82' lang='lat' dir='ltr'><strong>ci-</strong></span> 
     </span>
    </p>
   </div>
   <div class='ocr_carea' id='block_1_30' title="bbox 2010 1478 3620 1564">
    <p class='ocr_par' dir='ltr' id='par_1_30' title="bbox 2010 1478 3620 1564">
     <span class='ocr_line' id='line_1_30' title="bbox 2010 1478 3620 1564; baseline 0.016 -34"><span class='ocrx_word' id='word_1_212' title='bbox 2010 1478 2100 1530; x_wconf 77' lang='lat' dir='ltr'><strong>vit.</strong></span> <span class='ocrx_word' id='word_1_213' title='bbox 2124 1494 2240 1548; x_wconf 89' lang='lat' dir='ltr'><strong>cap.</strong></span> <span class='ocrx_word' id='word_1_214' title='bbox 2275 1480 2411 1554; x_wconf 61' lang='lat'><strong>5,1).</strong></span> <span class='ocrx_word' id='word_1_215' title='bbox 2450 1484 2599 1552; x_wconf 79' lang='grc'><strong>150).</strong></span> <span class='ocrx_word' id='word_1_216' title='bbox 2652 1487 2757 1545; x_wconf 91' lang='lat' dir='ltr'><strong>Sed</strong></span> <span class='ocrx_word' id='word_1_217' title='bbox 2788 1487 2873 1545; x_wconf 70' lang='lat' dir='ltr'><strong>hm</strong></span> <span class='ocrx_word' id='word_1_218' title='bbox 2914 1491 3361 1564; x_wconf 86' lang='lat' dir='ltr'><strong>philosophorum</strong></span> <span class='ocrx_word' id='word_1_219' title='bbox 3400 1496 3469 1554; x_wconf 92' lang='lat' dir='ltr'><strong>de</strong></span> <span class='ocrx_word' id='word_1_220' title='bbox 3517 1500 3620 1556; x_wconf 87' lang='lat' dir='ltr'><strong>diis</strong></span> 
     </span>
    </p>
   </div>
   <div class='ocr_carea' id='block_1_31' title="bbox 2012 1566 3619 1654">
    <p class='ocr_par' dir='ltr' id='par_1_31' title="bbox 2012 1566 3619 1654">
     <span class='ocr_line' id='line_1_31' title="bbox 2012 1566 3619 1654; baseline 0.016 -33"><span class='ocrx_word' id='word_1_221' title='bbox 2012 1566 2382 1628; x_wconf 87' lang='lat' dir='ltr'><strong>dissensiones</strong></span> <span class='ocrx_word' id='word_1_222' title='bbox 2447 1584 2501 1630; x_wconf 84' lang='lat' dir='ltr'><strong>et</strong></span> <span class='ocrx_word' id='word_1_223' title='bbox 2548 1583 2936 1637; x_wconf 76' lang='lat' dir='ltr'><strong>controversiae</strong></span> <span class='ocrx_word' id='word_1_224' title='bbox 3003 1586 3342 1654; x_wconf 83' lang='lat' dir='ltr'><strong>apertissime</strong></span> <span class='ocrx_word' id='word_1_225' title='bbox 3393 1587 3619 1646; x_wconf 90' lang='lat' dir='ltr'><strong>demon-</strong></span> 
     </span>
    </p>
   </div>
   <div class='ocr_carea' id='block_1_32' title="bbox 2010 1664 3616 1760">
    <p class='ocr_par' dir='ltr' id='par_1_32' title="bbox 2010 1664 3616 1760">
     <span class='ocr_line' id='line_1_32' title="bbox 2010 1664 3616 1760; baseline 0.017 -46"><span class='ocrx_word' id='word_1_226' title='bbox 2010 1667 2182 1717; x_wconf 80' lang='lat' dir='ltr'><strong>strant</strong></span> <span class='ocrx_word' id='word_1_227' title='bbox 2226 1664 2393 1747; x_wconf 72' lang='lat' dir='ltr'><strong>falsas</strong></span> <span class='ocrx_word' id='word_1_228' title='bbox 2433 1669 2799 1760; x_wconf 71' lang='lat' dir='ltr'><strong>absurdasque</strong></span> <span class='ocrx_word' id='word_1_229' title='bbox 2843 1676 3055 1747; x_wconf 82' lang='lat' dir='ltr'><strong>penitus</strong></span> <span class='ocrx_word' id='word_1_230' title='bbox 3109 1677 3275 1736; x_wconf 90' lang='lat' dir='ltr'><strong>fuisse</strong></span> <span class='ocrx_word' id='word_1_231' title='bbox 3306 1680 3515 1737; x_wconf 85' lang='lat' dir='ltr'><strong>illorum</strong></span> <span class='ocrx_word' id='word_1_232' title='bbox 3547 1684 3616 1742; x_wconf 88' lang='lat' dir='ltr'><strong>de</strong></span> 
     </span>
    </p>
   </div>
   <div class='ocr_carea' id='block_1_33' title="bbox 2011 1755 2587 1832">
    <p class='ocr_par' dir='ltr' id='par_1_33' title="bbox 2011 1755 2587 1832">
     <span class='ocr_line' id='line_1_33' title="bbox 2011 1755 2587 1832; baseline 0.017 -23"><span class='ocrx_word' id='word_1_233' title='bbox 2011 1755 2113 1810; x_wconf 89' lang='lat' dir='ltr'><strong>diis</strong></span> <span class='ocrx_word' id='word_1_234' title='bbox 2144 1758 2253 1813; x_wconf 88' lang='lat' dir='ltr'><strong>suis</strong></span> <span class='ocrx_word' id='word_1_235' title='bbox 2282 1755 2587 1832; x_wconf 76' lang='lat' dir='ltr'><strong>opiniones.</strong></span> 
     </span>
    </p>
   </div>
   <div class='ocr_carea' id='block_1_34' title="bbox 294 1844 3615 1949">
    <p class='ocr_par' dir='ltr' id='par_1_34' title="bbox 294 1844 3615 1949">
     <span class='ocr_line' id='line_1_34' title="bbox 294 1844 3615 1949; baseline 0.011 -58"><span class='ocrx_word' id='word_1_236' title='bbox 294 1844 622 1901; x_wconf 45' lang='lat' dir='ltr'><strong>Athenaeum</strong></span> <span class='ocrx_word' id='word_1_237' title='bbox 654 1845 860 1918; x_wconf 72' lang='lat' dir='ltr'><strong>(Athan.</strong></span> <span class='ocrx_word' id='word_1_238' title='bbox 882 1849 971 1904; x_wconf 86' lang='lat' dir='ltr'><strong>lib.</strong></span> <span class='ocrx_word' id='word_1_239' title='bbox 1002 1849 1142 1916; x_wconf 78' lang='lat' dir='ltr'><strong>Xlll,</strong></span> <span class='ocrx_word' id='word_1_240' title='bbox 1163 1852 1359 1924; x_wconf 77' lang='lat' dir='ltr'><strong>cap.~6,</strong></span> <span class='ocrx_word' id='word_1_241' title='bbox 1389 1871 1443 1924; x_wconf 84' lang='lat' dir='ltr'><strong>p.</strong></span> <span class='ocrx_word' id='word_1_242' title='bbox 1476 1853 1630 1925; x_wconf 78' lang='lat'><strong>587),</strong></span> <span class='ocrx_word' id='word_1_243' title='bbox 1658 1853 1906 1911; x_wconf 75' lang='lat' dir='ltr'><strong>Ovidium</strong></span> <span class='ocrx_word' id='word_1_244' title='bbox 1932 1854 1984 1917; x_wconf 83' lang='grc' dir='ltr'>Β</span> <span class='ocrx_word' id='word_1_245' title='bbox 2016 1939 2037 1949; x_wconf 62' lang='lat'><strong>_</strong></span> <span class='ocrx_word' id='word_1_246' title='bbox 2068 1848 2390 1949; x_wconf 54' lang='lat' dir='ltr'><strong>_Secundnm</strong></span> <span class='ocrx_word' id='word_1_247' title='bbox 2439 1855 2662 1949; x_wconf 66' lang='lat' dir='ltr'><strong>deorum</strong></span> <span class='ocrx_word' id='word_1_248' title='bbox 2711 1854 2879 1930; x_wconf 83' lang='lat' dir='ltr'><strong>genus</strong></span> <span class='ocrx_word' id='word_1_249' title='bbox 2927 1861 3099 1918; x_wconf 87' lang='lat' dir='ltr'><strong>Varro</strong></span> <span class='ocrx_word' id='word_1_250' title='bbox 3152 1865 3468 1937; x_wconf 86' lang='lat' dir='ltr'><strong>mythicum,</strong></span> <span class='ocrx_word' id='word_1_251' title='bbox 3516 1885 3615 1949; x_wconf 89' lang='lat' dir='ltr'><strong>seu</strong></span> 
     </span>
    </p>
   </div>
   <div class='ocr_carea' id='block_1_35' title="bbox 310 1934 1904 2017">
    <p class='ocr_par' dir='ltr' id='par_1_35' title="bbox 310 1934 1904 2017">
     <span class='ocr_line' id='line_1_35' title="bbox 310 1934 1904 2017; baseline 0.007 -27"><span class='ocrx_word' id='word_1_252' title='bbox 310 1934 514 2008; x_wconf 60' lang='lat' dir='ltr'><strong>(om,</strong></span> <span class='ocrx_word' id='word_1_253' title='bbox 538 1936 628 1993; x_wconf 87' lang='lat' dir='ltr'><strong>lib.</strong></span> <span class='ocrx_word' id='word_1_254' title='bbox 675 1936 719 2005; x_wconf 84' lang='lat'><strong>1,</strong></span> <span class='ocrx_word' id='word_1_255' title='bbox 763 1942 939 1995; x_wconf 77' lang='lat' dir='ltr'><strong>Amor.</strong></span> <span class='ocrx_word' id='word_1_256' title='bbox 968 1940 1118 2014; x_wconf 81' lang='lat' dir='ltr'><strong>Eleg.</strong></span> <span class='ocrx_word' id='word_1_257' title='bbox 1144 1943 1201 2010; x_wconf 81' lang='lat'><strong>5,</strong></span> <span class='ocrx_word' id='word_1_258' title='bbox 1233 1959 1286 1998; x_wconf 88' lang='lat' dir='ltr'><strong>v.</strong></span> <span class='ocrx_word' id='word_1_259' title='bbox 1317 1942 1408 2016; x_wconf 74' lang='lat' dir='ltr'><strong>te)</strong></span> <span class='ocrx_word' id='word_1_260' title='bbox 1448 1944 1713 2017; x_wconf 86' lang='lat' dir='ltr'><strong>aliosque.</strong></span> <span class='ocrx_word' id='word_1_261' title='bbox 1742 1946 1904 2002; x_wconf 80' lang='lat' dir='ltr'><strong>Calli-</strong></span> 
     </span>
    </p>
   </div>
   <div class='ocr_carea' id='block_1_36' title="bbox 291 2031 1904 2103">
    <p class='ocr_par' dir='ltr' id='par_1_36' title="bbox 291 2031 1904 2103">
     <span class='ocr_line' id='line_1_36' title="bbox 291 2031 1904 2103; baseline 0.008 -21"><span class='ocrx_word' id='word_1_262' title='bbox 291 2035 507 2084; x_wconf 65' lang='lat' dir='ltr'><strong>stratus</strong></span> <span class='ocrx_word' id='word_1_263' title='bbox 553 2044 682 2085; x_wconf 87' lang='lat' dir='ltr'><strong>vero</strong></span> <span class='ocrx_word' id='word_1_264' title='bbox 724 2031 793 2085; x_wconf 90' lang='lat' dir='ltr'><strong>ab</strong></span> <span class='ocrx_word' id='word_1_265' title='bbox 839 2032 1029 2088; x_wconf 87' lang='lat' dir='ltr'><strong>eodem</strong></span> <span class='ocrx_word' id='word_1_266' title='bbox 1075 2034 1340 2091; x_wconf 56' lang='lat' dir='ltr'><strong>Athenaeo</strong></span> <span class='ocrx_word' id='word_1_267' title='bbox 1366 2035 1633 2103; x_wconf 85' lang='lat' dir='ltr'><strong>laudatus,</strong></span> <span class='ocrx_word' id='word_1_268' title='bbox 1661 2052 1760 2093; x_wconf 85' lang='lat' dir='ltr'><strong>nos</strong></span> <span class='ocrx_word' id='word_1_269' title='bbox 1802 2038 1904 2094; x_wconf 83' lang='lat' dir='ltr'><strong>ad-</strong></span> 
     </span>
    </p>
   </div>
   <div class='ocr_carea' id='block_1_37' title="bbox 301 2120 1903 2202">
    <p class='ocr_par' dir='ltr' id='par_1_37' title="bbox 301 2120 1903 2202">
     <span class='ocr_line' id='line_1_37' title="bbox 301 2120 1903 2202; baseline 0.009 -29"><span class='ocrx_word' id='word_1_270' title='bbox 301 2120 512 2175; x_wconf 77' lang='lat' dir='ltr'><strong>monuit</strong></span> <span class='ocrx_word' id='word_1_271' title='bbox 548 2132 910 2179; x_wconf 75' lang='lat' dir='ltr'><strong>memoratam</strong></span> <span class='ocrx_word' id='word_1_272' title='bbox 954 2123 1130 2181; x_wconf 87' lang='lat' dir='ltr'><strong>adhuc</strong></span> <span class='ocrx_word' id='word_1_273' title='bbox 1174 2141 1209 2181; x_wconf 85' lang='lat' dir='ltr'><strong>a</strong></span> <span class='ocrx_word' id='word_1_274' title='bbox 1257 2125 1591 2184; x_wconf 85' lang='lat' dir='ltr'><strong>Tertulliano</strong></span> <span class='ocrx_word' id='word_1_275' title='bbox 1651 2128 1903 2202; x_wconf 82' lang='lat' dir='ltr'><strong>Phrynen</strong></span> 
     </span>
    </p>
   </div>
   <div class='ocr_carea' id='block_1_38' title="bbox 301 2209 1902 2288">
    <p class='ocr_par' dir='ltr' id='par_1_38' title="bbox 301 2209 1902 2288">
     <span class='ocr_line' id='line_1_38' title="bbox 301 2209 1902 2288; baseline 0.007 -22"><span class='ocrx_word' id='word_1_276' title='bbox 301 2209 440 2267; x_wconf 83' lang='lat' dir='ltr'><strong>adeo</strong></span> <span class='ocrx_word' id='word_1_277' title='bbox 469 2211 642 2269; x_wconf 68' lang='lat' dir='ltr'><strong>.l‘nisse</strong></span> <span class='ocrx_word' id='word_1_278' title='bbox 689 2214 943 2284; x_wconf 75' lang='lat' dir='ltr'><strong>divitem,</strong></span> <span class='ocrx_word' id='word_1_279' title='bbox 992 2224 1050 2272; x_wconf 92' lang='lat' dir='ltr'><strong>ut</strong></span> <span class='ocrx_word' id='word_1_280' title='bbox 1098 2217 1333 2288; x_wconf 86' lang='lat' dir='ltr'><strong>pollicita</strong></span> <span class='ocrx_word' id='word_1_281' title='bbox 1377 2219 1446 2274; x_wconf 88' lang='lat' dir='ltr'><strong>sit</strong></span> <span class='ocrx_word' id='word_1_282' title='bbox 1480 2218 1551 2275; x_wconf 90' lang='lat' dir='ltr'><strong>&#39;se</strong></span> <span class='ocrx_word' id='word_1_283' title='bbox 1596 2219 1902 2278; x_wconf 80' lang='lat' dir='ltr'><strong>Thebarum</strong></span> 
     </span>
    </p>
   </div>
   <div class='ocr_carea' id='block_1_39' title="bbox 290 2304 1901 2385">
    <p class='ocr_par' dir='ltr' id='par_1_39' title="bbox 290 2304 1901 2385">
     <span class='ocr_line' id='line_1_39' title="bbox 290 2304 1901 2385; baseline 0.006 -26"><span class='ocrx_word' id='word_1_284' title='bbox 290 2304 971 2374; x_wconf 70' lang='lat' dir='ltr'><strong>muiaconstructuram,</strong></span> <span class='ocrx_word' id='word_1_285' title='bbox 995 2308 1040 2363; x_wconf 90' lang='lat' dir='ltr'><strong>si</strong></span> <span class='ocrx_word' id='word_1_286' title='bbox 1069 2310 1440 2365; x_wconf 75' lang='lat' dir='ltr'><strong>adscriberetur</strong></span> <span class='ocrx_word' id='word_1_287' title='bbox 1468 2305 1788 2385; x_wconf 71' lang='grc' dir='ltr'><strong>εᾹλιεωδρδς</strong></span> <span class='ocrx_word' id='word_1_288' title='bbox 1815 2324 1901 2385; x_wconf 73' lang='grc' dir='ltr'><strong>μὲν</strong></span> 
     </span>
    </p>
   </div>
   <div class='ocr_carea' id='block_1_40' title="bbox 288 2401 1901 2478">
    <p class='ocr_par' dir='ltr' id='par_1_40' title="bbox 288 2401 1901 2478">
     <span class='ocr_line' id='line_1_40' title="bbox 288 2401 1901 2478; baseline 0.011 -32"><span class='ocrx_word' id='word_1_289' title='bbox 288 2403 590 2464; x_wconf 53' lang='lat' dir='ltr'><strong>mitigas!”</strong></span> <span class='ocrx_word' id='word_1_290' title='bbox 608 2438 622 2462; x_wconf 83' lang='lat'><strong>,</strong></span> <span class='ocrx_word' id='word_1_291' title='bbox 653 2401 879 2462; x_wconf 69' lang='grc' dir='ltr'><strong>ἀνίστησι</strong></span> <span class='ocrx_word' id='word_1_292' title='bbox 922 2404 972 2454; x_wconf 69' lang='grc' dir='ltr'><strong>δὲ</strong></span> <span class='ocrx_word' id='word_1_293' title='bbox 1000 2409 1152 2473; x_wconf 58' lang='grc' dir='ltr'><strong>Φρυγὶ</strong></span> <span class='ocrx_word' id='word_1_294' title='bbox 1183 2411 1213 2463; x_wconf 77' lang='grc' dir='ltr'>ἡ</span> <span class='ocrx_word' id='word_1_295' title='bbox 1239 2408 1430 2475; x_wconf 62' lang='lat' dir='ltr'><strong>inrupta.</strong></span> <span class='ocrx_word' id='word_1_296' title='bbox 1459 2404 1747 2461; x_wconf 72' lang='lat' dir='ltr'><strong>Alexander</strong></span> <span class='ocrx_word' id='word_1_297' title='bbox 1782 2408 1901 2478; x_wconf 10' lang='lat' dir='ltr'><strong>nqui-</strong></span> 
     </span>
    </p>
   </div>
   <div class='ocr_carea' id='block_1_41' title="bbox 292 2485 1899 2572">
    <p class='ocr_par' dir='ltr' id='par_1_41' title="bbox 292 2485 1899 2572">
     <span class='ocr_line' id='line_1_41' title="bbox 292 2485 1899 2572; baseline 0.012 -32"><span class='ocrx_word' id='word_1_298' title='bbox 292 2485 414 2563; x_wconf 72' lang='lat' dir='ltr'><strong>dem</strong></span> <span class='ocrx_word' id='word_1_299' title='bbox 432 2489 581 2561; x_wconf 71' lang='lat' dir='ltr'><strong>fecit,</strong></span> <span class='ocrx_word' id='word_1_300' title='bbox 604 2488 818 2562; x_wconf 80' lang='lat' dir='ltr'><strong>Phryne</strong></span> <span class='ocrx_word' id='word_1_301' title='bbox 843 2500 1008 2549; x_wconf 81' lang='lat' dir='ltr'><strong>autem</strong></span> <span class='ocrx_word' id='word_1_302' title='bbox 1045 2503 1266 2550; x_wconf 76' lang='lat' dir='ltr'><strong>scortum</strong></span> <span class='ocrx_word' id='word_1_303' title='bbox 1294 2497 1469 2566; x_wconf 78' lang='lat' dir='ltr'><strong>refecit</strong></span> <span class='ocrx_word' id='word_1_304' title='bbox 1505 2497 1761 2572; x_wconf 68' lang='lat' dir='ltr'><strong>(Athan).</strong></span> <span class='ocrx_word' id='word_1_305' title='bbox 1792 2501 1899 2559; x_wconf 85' lang='lat' dir='ltr'><strong>Sed</strong></span> 
     </span>
    </p>
   </div>
   <div class='ocr_carea' id='block_1_42' title="bbox 290 2578 1896 2664">
    <p class='ocr_par' dir='ltr' id='par_1_42' title="bbox 290 2578 1896 2664">
     <span class='ocr_line' id='line_1_42' title="bbox 290 2578 1896 2664; baseline 0.007 -29"><span class='ocrx_word' id='word_1_306' title='bbox 290 2578 377 2636; x_wconf 80' lang='lat' dir='ltr'><strong>de</strong></span> <span class='ocrx_word' id='word_1_307' title='bbox 398 2579 488 2638; x_wconf 87' lang='lat' dir='ltr'><strong>illa</strong></span> <span class='ocrx_word' id='word_1_308' title='bbox 514 2597 623 2637; x_wconf 71' lang='lat' dir='ltr'><strong>.nos</strong></span> <span class='ocrx_word' id='word_1_309' title='bbox 650 2584 803 2653; x_wconf 87' lang='lat' dir='ltr'><strong>plura</strong></span> <span class='ocrx_word' id='word_1_310' title='bbox 836 2584 963 2641; x_wconf 89' lang='lat' dir='ltr'><strong>alibi</strong></span> <span class='ocrx_word' id='word_1_311' title='bbox 990 2586 1397 2644; x_wconf 81' lang='lat' dir='ltr'><strong>observavimus</strong></span> <span class='ocrx_word' id='word_1_312' title='bbox 1419 2586 1595 2659; x_wconf 86' lang='lat' dir='ltr'><strong>(Tom.</strong></span> <span class='ocrx_word' id='word_1_313' title='bbox 1633 2591 1686 2646; x_wconf 85' lang='grc'><strong>1.</strong></span> <span class='ocrx_word' id='word_1_314' title='bbox 1718 2591 1896 2664; x_wconf 78' lang='lat' dir='ltr'><strong>Appa-</strong></span> 
     </span>
    </p>
   </div>
   <div class='ocr_carea' id='block_1_43' title="bbox 294 2675 1897 2756">
    <p class='ocr_par' dir='ltr' id='par_1_43' title="bbox 294 2675 1897 2756">
     <span class='ocr_line' id='line_1_43' title="bbox 294 2675 1897 2756; baseline 0.008 -25"><span class='ocrx_word' id='word_1_315' title='bbox 294 2683 480 2744; x_wconf 72' lang='lat' dir='ltr'><strong>rat..p.</strong></span> <span class='ocrx_word' id='word_1_316' title='bbox 502 2675 633 2745; x_wconf 70' lang='lat'><strong>550,</strong></span> <span class='ocrx_word' id='word_1_317' title='bbox 651 2688 697 2732; x_wconf 85' lang='lat' dir='ltr'><strong>et</strong></span> <span class='ocrx_word' id='word_1_318' title='bbox 743 2678 866 2733; x_wconf 71' lang='grc'><strong>744.</strong></span> <span class='ocrx_word' id='word_1_319' title='bbox 894 2688 941 2735; x_wconf 84' lang='lat' dir='ltr'><strong>et</strong></span> <span class='ocrx_word' id='word_1_320' title='bbox 965 2678 1183 2737; x_wconf 80' lang='lat' dir='ltr'><strong>Dissert.</strong></span> <span class='ocrx_word' id='word_1_321' title='bbox 1206 2683 1260 2736; x_wconf 82' lang='lat' dir='ltr'><strong>in</strong></span> <span class='ocrx_word' id='word_1_322' title='bbox 1277 2681 1468 2738; x_wconf 80' lang='lat' dir='ltr'><strong>Arnob.</strong></span> <span class='ocrx_word' id='word_1_323' title='bbox 1492 2700 1539 2738; x_wconf 90' lang='lat' dir='ltr'><strong>c.</strong></span> <span class='ocrx_word' id='word_1_324' title='bbox 1564 2683 1658 2752; x_wconf 72' lang='lat'><strong>9.2,</strong></span> <span class='ocrx_word' id='word_1_325' title='bbox 1679 2695 1780 2740; x_wconf 83' lang='lat' dir='ltr'><strong>art.</strong></span> <span class='ocrx_word' id='word_1_326' title='bbox 1813 2687 1897 2756; x_wconf 72' lang='lat'><strong>5).</strong></span> 
     </span>
    </p>
   </div>
   <div class='ocr_carea' id='block_1_44' title="bbox 367 2767 1894 2858">
    <p class='ocr_par' dir='ltr' id='par_1_44' title="bbox 367 2767 1894 2858">
     <span class='ocr_line' id='line_1_44' title="bbox 367 2767 1894 2858; baseline 0.009 -36"><span class='ocrx_word' id='word_1_327' title='bbox 367 2767 607 2838; x_wconf 87' lang='lat' dir='ltr'><strong>Denique</strong></span> <span class='ocrx_word' id='word_1_328' title='bbox 637 2770 835 2827; x_wconf 84' lang='lat' dir='ltr'><strong>Auctor</strong></span> <span class='ocrx_word' id='word_1_329' title='bbox 879 2781 1080 2839; x_wconf 87' lang='lat' dir='ltr'><strong>noster,</strong></span> <span class='ocrx_word' id='word_1_330' title='bbox 1134 2783 1192 2830; x_wconf 91' lang='lat' dir='ltr'><strong>ut</strong></span> <span class='ocrx_word' id='word_1_331' title='bbox 1217 2776 1409 2831; x_wconf 90' lang='lat' dir='ltr'><strong>acriori</strong></span> <span class='ocrx_word' id='word_1_332' title='bbox 1450 2777 1670 2858; x_wconf 85' lang='lat' dir='ltr'><strong>stimulo</strong></span> <span class='ocrx_word' id='word_1_333' title='bbox 1704 2778 1894 2836; x_wconf 84' lang='lat' dir='ltr'><strong>confo-</strong></span> 
     </span>
    </p>
   </div>
   <div class='ocr_carea' id='block_1_45' title="bbox 284 2857 1898 2941">
    <p class='ocr_par' dir='ltr' id='par_1_45' title="bbox 284 2857 1898 2941">
     <span class='ocr_line' id='line_1_45' title="bbox 284 2857 1898 2941; baseline 0.007 -26"><span class='ocrx_word' id='word_1_334' title='bbox 284 2857 411 2915; x_wconf 43' lang='lat' dir='ltr'><strong>tdiat</strong></span> <span class='ocrx_word' id='word_1_335' title='bbox 435 2860 699 2928; x_wconf 86' lang='lat' dir='ltr'><strong>etlmicos,</strong></span> <span class='ocrx_word' id='word_1_336' title='bbox 732 2863 800 2918; x_wconf 88' lang='lat' dir='ltr'><strong>ab</strong></span> <span class='ocrx_word' id='word_1_337' title='bbox 838 2865 920 2921; x_wconf 88' lang='lat' dir='ltr'><strong>eis</strong></span> <span class='ocrx_word' id='word_1_338' title='bbox 963 2866 1267 2924; x_wconf 86' lang='lat' dir='ltr'><strong>sciscitatur</strong></span> <span class='ocrx_word' id='word_1_339' title='bbox 1309 2884 1406 2925; x_wconf 90' lang='lat' dir='ltr'><strong>cur</strong></span> <span class='ocrx_word' id='word_1_340' title='bbox 1434 2870 1701 2941; x_wconf 83' lang='lat' dir='ltr'><strong>pessimos</strong></span> <span class='ocrx_word' id='word_1_341' title='bbox 1721 2869 1898 2927; x_wconf 86' lang='lat' dir='ltr'><strong>homi-</strong></span> 
     </span>
    </p>
   </div>
   <div class='ocr_carea' id='block_1_46' title="bbox 286 2955 1894 3039">
    <p class='ocr_par' dir='ltr' id='par_1_46' title="bbox 286 2955 1894 3039">
     <span class='ocr_line' id='line_1_46' title="bbox 286 2955 1894 3039; baseline 0.009 -30"><span class='ocrx_word' id='word_1_342' title='bbox 286 2968 410 3021; x_wconf 73' lang='lat' dir='ltr'><strong>nes,</strong></span> <span class='ocrx_word' id='word_1_343' title='bbox 438 2964 493 3011; x_wconf 89' lang='lat' dir='ltr'><strong>et</strong></span> <span class='ocrx_word' id='word_1_344' title='bbox 513 2955 653 3025; x_wconf 84' lang='lat' dir='ltr'><strong>aliis,</strong></span> <span class='ocrx_word' id='word_1_345' title='bbox 676 2972 811 3030; x_wconf 89' lang='lat' dir='ltr'><strong>quos</strong></span> <span class='ocrx_word' id='word_1_346' title='bbox 837 2962 1231 3028; x_wconf 88' lang='lat' dir='ltr'><strong>recensuimus,</strong></span> <span class='ocrx_word' id='word_1_347' title='bbox 1254 2963 1553 3022; x_wconf 85' lang='lat' dir='ltr'><strong>illustribus</strong></span> <span class='ocrx_word' id='word_1_348' title='bbox 1580 2964 1710 3023; x_wconf 88' lang='lat' dir='ltr'><strong>viris</strong></span> <span class='ocrx_word' id='word_1_349' title='bbox 1730 2966 1894 3039; x_wconf 75' lang='lat' dir='ltr'><strong>longe</strong></span> 
     </span>
    </p>
   </div>
   <div class='ocr_carea' id='block_1_47' title="bbox 198 3045 1888 3128">
    <p class='ocr_par' dir='ltr' id='par_1_47' title="bbox 198 3045 1888 3128">
     <span class='ocr_line' id='line_1_47' title="bbox 198 3045 1888 3128; baseline 0.009 -28"><span class='ocrx_word' id='word_1_350' title='bbox 198 3056 209 3069; x_wconf 84' lang='lat'><strong><em>&#39;</em></strong></span> <span class='ocrx_word' id='word_1_351' title='bbox 283 3045 526 3115; x_wconf 72' lang='lat' dir='ltr'><strong>pejores,</strong></span> <span class='ocrx_word' id='word_1_352' title='bbox 557 3048 687 3106; x_wconf 88' lang='lat' dir='ltr'><strong>deos</strong></span> <span class='ocrx_word' id='word_1_353' title='bbox 730 3049 975 3108; x_wconf 85' lang='lat' dir='ltr'><strong>fecerint.</strong></span> <span class='ocrx_word' id='word_1_354' title='bbox 1002 3052 1272 3125; x_wconf 81' lang='lat' dir='ltr'><strong>Numquid</strong></span> <span class='ocrx_word' id='word_1_355' title='bbox 1311 3055 1603 3128; x_wconf 85' lang='lat' dir='ltr'><strong>aliquando</strong></span> <span class='ocrx_word' id='word_1_356' title='bbox 1623 3057 1888 3127; x_wconf 78' lang='lat' dir='ltr'><strong>clausum,</strong></span> 
     </span>
    </p>
   </div>
   <div class='ocr_carea' id='block_1_48' title="bbox 278 3140 1896 3224">
    <p class='ocr_par' dir='ltr' id='par_1_48' title="bbox 278 3140 1896 3224">
     <span class='ocr_line' id='line_1_48' title="bbox 278 3140 1896 3224; baseline 0.009 -28"><span class='ocrx_word' id='word_1_357' title='bbox 278 3140 483 3211; x_wconf 75' lang='lat' dir='ltr'><strong>inquit,</strong></span> <span class='ocrx_word' id='word_1_358' title='bbox 505 3143 605 3199; x_wconf 89' lang='lat' dir='ltr'><strong>fuit</strong></span> <span class='ocrx_word' id='word_1_359' title='bbox 630 3146 849 3214; x_wconf 70' lang='lat' dir='ltr'><strong>omium,</strong></span> <span class='ocrx_word' id='word_1_360' title='bbox 876 3157 938 3203; x_wconf 85' lang='lat' dir='ltr'><strong>ut</strong></span> <span class='ocrx_word' id='word_1_361' title='bbox 966 3148 1094 3204; x_wconf 89' lang='lat' dir='ltr'><strong>illud</strong></span> <span class='ocrx_word' id='word_1_362' title='bbox 1112 3150 1314 3221; x_wconf 74' lang='grc' dir='ltr'>ιοριίιηὶ</span> <span class='ocrx_word' id='word_1_363' title='bbox 1343 3151 1440 3206; x_wconf 86' lang='lat' dir='ltr'><strong>viri</strong></span> <span class='ocrx_word' id='word_1_364' title='bbox 1469 3166 1578 3209; x_wconf 87' lang='lat' dir='ltr'><strong>non</strong></span> <span class='ocrx_word' id='word_1_365' title='bbox 1607 3154 1896 3224; x_wconf 65' lang='lat' dir='ltr'><strong>Tpotuerint</strong></span> 
     </span>
    </p>
   </div>
   <div class='ocr_carea' id='block_1_49' title="bbox 2011 1932 3611 2030">
    <p class='ocr_par' dir='ltr' id='par_1_49' title="bbox 2011 1932 3611 2030">
     <span class='ocr_line' id='line_1_49' title="bbox 2011 1932 3611 2030; baseline 0.014 -34"><span class='ocrx_word' id='word_1_366' title='bbox 2011 1939 2313 1999; x_wconf 84' lang='lat' dir='ltr'><strong>fabulosum</strong></span> <span class='ocrx_word' id='word_1_367' title='bbox 2371 1932 2582 2003; x_wconf 79' lang='lat' dir='ltr'><strong>vocavit</strong></span> <span class='ocrx_word' id='word_1_368' title='bbox 2614 1967 2627 2003; x_wconf 91' lang='lat'>:</span> <span class='ocrx_word' id='word_1_369' title='bbox 2662 1950 2705 2004; x_wconf 88' lang='grc' dir='ltr'><em>Α</em></span> <span class='ocrx_word' id='word_1_370' title='bbox 2734 1952 2921 2022; x_wconf 78' lang='lat' dir='ltr'><strong>fabulis</strong></span> <span class='ocrx_word' id='word_1_371' title='bbox 2956 1956 3112 2023; x_wconf 88' lang='lat' dir='ltr'><strong>enim,</strong></span> <span class='ocrx_word' id='word_1_372' title='bbox 3142 1932 3225 2011; x_wconf 23' lang='lat' dir='ltr'><strong>ait:</strong></span> <span class='ocrx_word' id='word_1_373' title='bbox 3259 1932 3611 2030; x_wconf 60' lang='lat' dir='ltr'><strong>Augustinus,</strong></span> 
     </span>
    </p>
   </div>
   <div class='ocr_carea' id='block_1_50' title="bbox 2006 2034 3613 2120">
    <p class='ocr_par' dir='ltr' id='par_1_50' title="bbox 2006 2034 3613 2120">
     <span class='ocr_line' id='line_1_50' title="bbox 2006 2034 3613 2120; baseline 0.014 -34"><span class='ocrx_word' id='word_1_374' title='bbox 2006 2034 2263 2106; x_wconf 74' lang='lat' dir='ltr'><strong>mythicon</strong></span> <span class='ocrx_word' id='word_1_375' title='bbox 2292 2036 2482 2093; x_wconf 86' lang='lat' dir='ltr'><strong>dictum</strong></span> <span class='ocrx_word' id='word_1_376' title='bbox 2509 2050 2617 2106; x_wconf 85' lang='lat' dir='ltr'><strong>est;</strong></span> <span class='ocrx_word' id='word_1_377' title='bbox 2659 2044 2898 2113; x_wconf 83' lang='lat' dir='ltr'><strong>quoniam</strong></span> <span class='ocrx_word' id='word_1_378' title='bbox 2922 2049 3067 2114; x_wconf 72' lang='grc' dir='ltr'><strong>μῦθος</strong></span> <span class='ocrx_word' id='word_1_379' title='bbox 3093 2064 3262 2118; x_wconf 71' lang='lat' dir='ltr'><strong>grtrce</strong></span> <span class='ocrx_word' id='word_1_380' title='bbox 3284 2049 3459 2120; x_wconf 80' lang='lat' dir='ltr'><strong>fabula</strong></span> <span class='ocrx_word' id='word_1_381' title='bbox 3483 2053 3613 2108; x_wconf 84' lang='lat' dir='ltr'><strong>dici-</strong></span> 
     </span>
    </p>
   </div>
   <div class='ocr_carea' id='block_1_51' title="bbox 2006 2125 3613 2213">
    <p class='ocr_par' dir='ltr' id='par_1_51' title="bbox 2006 2125 3613 2213">
     <span class='ocr_line' id='line_1_51' title="bbox 2006 2125 3613 2213; baseline 0.014 -34"><span class='ocrx_word' id='word_1_382' title='bbox 2006 2125 2326 2198; x_wconf 85' lang='lat' dir='ltr'><strong>tur(lbid.).</strong></span> <span class='ocrx_word' id='word_1_383' title='bbox 2372 2131 2440 2185; x_wconf 91' lang='lat' dir='ltr'><strong>At</strong></span> <span class='ocrx_word' id='word_1_384' title='bbox 2468 2130 2647 2187; x_wconf 81' lang='lat' dir='ltr'><strong>ﬁctum</strong></span> <span class='ocrx_word' id='word_1_385' title='bbox 2681 2132 2808 2190; x_wconf 89' lang='lat' dir='ltr'><strong>illud</strong></span> <span class='ocrx_word' id='word_1_386' title='bbox 2839 2135 3010 2191; x_wconf 85' lang='lat' dir='ltr'><strong>fuerat</strong></span> <span class='ocrx_word' id='word_1_387' title='bbox 3034 2153 3065 2192; x_wconf 89' lang='lat' dir='ltr'><strong>a</strong></span> <span class='ocrx_word' id='word_1_388' title='bbox 3113 2140 3318 2209; x_wconf 85' lang='lat' dir='ltr'><strong>poetis,</strong></span> <span class='ocrx_word' id='word_1_389' title='bbox 3346 2143 3436 2213; x_wconf 90' lang='lat' dir='ltr'><strong>qui</strong></span> <span class='ocrx_word' id='word_1_390' title='bbox 3484 2143 3613 2201; x_wconf 87' lang='lat' dir='ltr'><strong>deo-</strong></span> 
     </span>
    </p>
   </div>
   <div class='ocr_carea' id='block_1_52' title="bbox 2008 2220 3610 2301">
    <p class='ocr_par' dir='ltr' id='par_1_52' title="bbox 2008 2220 3610 2301">
     <span class='ocr_line' id='line_1_52' title="bbox 2008 2220 3610 2301; baseline 0.012 -30"><span class='ocrx_word' id='word_1_391' title='bbox 2008 2232 2128 2272; x_wconf 88' lang='lat' dir='ltr'><strong>rum</strong></span> <span class='ocrx_word' id='word_1_392' title='bbox 2153 2220 2556 2290; x_wconf 78' lang='lat' dir='ltr'><strong>generationes,</strong></span> <span class='ocrx_word' id='word_1_393' title='bbox 2580 2233 2788 2295; x_wconf 86' lang='lat' dir='ltr'><strong>stupra,</strong></span> <span class='ocrx_word' id='word_1_394' title='bbox 2816 2226 3099 2294; x_wconf 89' lang='lat' dir='ltr'><strong>adulteria,</strong></span> <span class='ocrx_word' id='word_1_395' title='bbox 3126 2244 3190 2284; x_wconf 88' lang='lat' dir='ltr'><strong>ac</strong></span> <span class='ocrx_word' id='word_1_396' title='bbox 3229 2231 3481 2301; x_wconf 60' lang='lat' dir='ltr'><strong>qualibet</strong></span> <span class='ocrx_word' id='word_1_397' title='bbox 3502 2236 3610 2291; x_wconf 81' lang='lat' dir='ltr'><strong>alia</strong></span> 
     </span>
    </p>
   </div>
   <div class='ocr_carea' id='block_1_53' title="bbox 2006 2307 3611 2396">
    <p class='ocr_par' dir='ltr' id='par_1_53' title="bbox 2006 2307 3611 2396">
     <span class='ocr_line' id='line_1_53' title="bbox 2006 2307 3611 2396; baseline 0.012 -33"><span class='ocrx_word' id='word_1_398' title='bbox 2006 2307 2233 2366; x_wconf 82' lang='lat' dir='ltr'><strong>nefanda</strong></span> <span class='ocrx_word' id='word_1_399' title='bbox 2306 2308 2544 2369; x_wconf 82' lang='lat' dir='ltr'><strong>lacinora</strong></span> <span class='ocrx_word' id='word_1_400' title='bbox 2614 2314 2988 2375; x_wconf 87' lang='lat' dir='ltr'><strong>decantavere.</strong></span> <span class='ocrx_word' id='word_1_401' title='bbox 3050 2320 3429 2380; x_wconf 74' lang='lat' dir='ltr'><strong>Verumtamen</strong></span> <span class='ocrx_word' id='word_1_402' title='bbox 3494 2326 3611 2396; x_wconf 87' lang='lat' dir='ltr'><strong>ipse</strong></span> 
     </span>
    </p>
   </div>
   <div class='ocr_carea' id='block_1_54' title="bbox 2005 2398 3606 2487">
    <p class='ocr_par' dir='ltr' id='par_1_54' title="bbox 2005 2398 3606 2487">
     <span class='ocr_line' id='line_1_54' title="bbox 2005 2398 3606 2487; baseline 0.01 -31"><span class='ocrx_word' id='word_1_403' title='bbox 2005 2398 2195 2468; x_wconf 81' lang='lat' dir='ltr'><strong>Varro,</strong></span> <span class='ocrx_word' id='word_1_404' title='bbox 2229 2411 2363 2459; x_wconf 88' lang='lat' dir='ltr'><strong>teste</strong></span> <span class='ocrx_word' id='word_1_405' title='bbox 2392 2404 2568 2463; x_wconf 89' lang='lat' dir='ltr'><strong>adhuc</strong></span> <span class='ocrx_word' id='word_1_406' title='bbox 2589 2406 2889 2479; x_wconf 79' lang='lat' dir='ltr'><strong>Augustino</strong></span> <span class='ocrx_word' id='word_1_407' title='bbox 2922 2408 3113 2482; x_wconf 86' lang='lat' dir='ltr'><strong>(Idem.</strong></span> <span class='ocrx_word' id='word_1_408' title='bbox 3150 2412 3240 2467; x_wconf 87' lang='lat' dir='ltr'><strong>lib.</strong></span> <span class='ocrx_word' id='word_1_409' title='bbox 3264 2411 3352 2480; x_wconf 86' lang='lat' dir='ltr'><strong>IV,</strong></span> <span class='ocrx_word' id='word_1_410' title='bbox 3379 2431 3495 2487; x_wconf 86' lang='lat' dir='ltr'><strong>cap.</strong></span> <span class='ocrx_word' id='word_1_411' title='bbox 3514 2415 3606 2486; x_wconf 78' lang='lat'><strong>52,</strong></span> 
     </span>
    </p>
   </div>
   <div class='ocr_carea' id='block_1_55' title="bbox 2003 2494 3606 2576">
    <p class='ocr_par' dir='ltr' id='par_1_55' title="bbox 2003 2494 3606 2576">
     <span class='ocr_line' id='line_1_55' title="bbox 2003 2494 3606 2576; baseline 0.012 -28"><span class='ocrx_word' id='word_1_412' title='bbox 2003 2494 2241 2568; x_wconf 68' lang='lat' dir='ltr'><strong>p.112),</strong></span> <span class='ocrx_word' id='word_1_413' title='bbox 2285 2497 2458 2568; x_wconf 82' lang='lat' dir='ltr'><strong>palam</strong></span> <span class='ocrx_word' id='word_1_414' title='bbox 2502 2498 2782 2557; x_wconf 87' lang='lat' dir='ltr'><strong>confessus</strong></span> <span class='ocrx_word' id='word_1_415' title='bbox 2829 2513 2911 2559; x_wconf 91' lang='lat' dir='ltr'><strong>est</strong></span> <span class='ocrx_word' id='word_1_416' title='bbox 2969 2504 3203 2576; x_wconf 87' lang='lat' dir='ltr'><strong>majores</strong></span> <span class='ocrx_word' id='word_1_417' title='bbox 3246 2522 3343 2565; x_wconf 89' lang='lat' dir='ltr'><strong>seu</strong></span> <span class='ocrx_word' id='word_1_418' title='bbox 3394 2519 3606 2567; x_wconf 87' lang='lat' dir='ltr'><strong>veteres</strong></span> 
     </span>
    </p>
   </div>
   <div class='ocr_carea' id='block_1_56' title="bbox 1999 2586 3602 2672">
    <p class='ocr_par' dir='ltr' id='par_1_56' title="bbox 1999 2586 3602 2672">
     <span class='ocr_line' id='line_1_56' title="bbox 1999 2586 3602 2672; baseline 0.01 -27"><span class='ocrx_word' id='word_1_419' title='bbox 1999 2586 2273 2647; x_wconf 80' lang='lat' dir='ltr'><strong>Romanos</strong></span> <span class='ocrx_word' id='word_1_420' title='bbox 2315 2592 2441 2658; x_wconf 87' lang='lat' dir='ltr'><strong>illis,</strong></span> <span class='ocrx_word' id='word_1_421' title='bbox 2471 2592 2737 2652; x_wconf 85' lang='lat' dir='ltr'><strong>horrenda</strong></span> <span class='ocrx_word' id='word_1_422' title='bbox 2770 2596 2857 2652; x_wconf 91' lang='lat' dir='ltr'><strong>illa</strong></span> <span class='ocrx_word' id='word_1_423' title='bbox 2886 2597 3110 2654; x_wconf 89' lang='lat' dir='ltr'><strong>deorum</strong></span> <span class='ocrx_word' id='word_1_424' title='bbox 3141 2600 3337 2672; x_wconf 83' lang='lat' dir='ltr'><strong>ﬂagitia</strong></span> <span class='ocrx_word' id='word_1_425' title='bbox 3362 2618 3426 2660; x_wconf 89' lang='lat' dir='ltr'><strong>ac</strong></span> <span class='ocrx_word' id='word_1_426' title='bbox 3467 2620 3602 2660; x_wconf 86' lang='lat' dir='ltr'><strong>con-</strong></span> 
     </span>
    </p>
   </div>
   <div class='ocr_carea' id='block_1_57' title="bbox 1996 2680 3623 2767">
    <p class='ocr_par' dir='ltr' id='par_1_57' title="bbox 1996 2680 3623 2767">
     <span class='ocr_line' id='line_1_57' title="bbox 1996 2680 3623 2767; baseline 0.012 -34"><span class='ocrx_word' id='word_1_427' title='bbox 1996 2680 2139 2751; x_wconf 69' lang='lat' dir='ltr'><strong>jugis</strong></span> <span class='ocrx_word' id='word_1_428' title='bbox 2182 2682 2602 2753; x_wconf 83' lang='lat' dir='ltr'><strong>venditantibus,</strong></span> <span class='ocrx_word' id='word_1_429' title='bbox 2647 2685 2807 2759; x_wconf 85' lang='lat' dir='ltr'><strong>fidem</strong></span> <span class='ocrx_word' id='word_1_430' title='bbox 2848 2687 3137 2760; x_wconf 88' lang='lat' dir='ltr'><strong>habuisse;</strong></span> <span class='ocrx_word' id='word_1_431' title='bbox 3169 2694 3295 2765; x_wconf 84' lang='lat' dir='ltr'><strong>quia</strong></span> <span class='ocrx_word' id='word_1_432' title='bbox 3342 2695 3623 2767; x_wconf 72' lang='lat' dir='ltr'><strong>imperitae-</strong></span> 
     </span>
    </p>
   </div>
   <div class='ocr_carea' id='block_1_58' title="bbox 2001 2772 3603 2858">
    <p class='ocr_par' dir='ltr' id='par_1_58' title="bbox 2001 2772 3603 2858">
     <span class='ocr_line' id='line_1_58' title="bbox 2001 2772 3603 2858; baseline 0.011 -31"><span class='ocrx_word' id='word_1_433' title='bbox 2001 2772 2173 2843; x_wconf 85' lang='lat' dir='ltr'><strong>plebis</strong></span> <span class='ocrx_word' id='word_1_434' title='bbox 2216 2775 2502 2841; x_wconf 84' lang='lat' dir='ltr'><strong>multitudo</strong></span> <span class='ocrx_word' id='word_1_435' title='bbox 2528 2777 2594 2833; x_wconf 91' lang='lat' dir='ltr'><strong>ad</strong></span> <span class='ocrx_word' id='word_1_436' title='bbox 2638 2778 2736 2835; x_wconf 91' lang='lat' dir='ltr'><strong>hos</strong></span> <span class='ocrx_word' id='word_1_437' title='bbox 2788 2791 2972 2851; x_wconf 90' lang='lat' dir='ltr'><strong>poetas</strong></span> <span class='ocrx_word' id='word_1_438' title='bbox 3022 2784 3189 2856; x_wconf 84' lang='lat' dir='ltr'><strong>magis</strong></span> <span class='ocrx_word' id='word_1_439' title='bbox 3214 2784 3603 2858; x_wconf 81' lang='lat' dir='ltr'><strong>inclinabatur,</strong></span> 
     </span>
    </p>
   </div>
   <div class='ocr_carea' id='block_1_59' title="bbox 1999 2868 3601 2952">
    <p class='ocr_par' dir='ltr' id='par_1_59' title="bbox 1999 2868 3601 2952">
     <span class='ocr_line' id='line_1_59' title="bbox 1999 2868 3601 2952; baseline 0.011 -31"><span class='ocrx_word' id='word_1_440' title='bbox 1999 2881 2158 2937; x_wconf 84' lang='lat' dir='ltr'><strong>quam</strong></span> <span class='ocrx_word' id='word_1_441' title='bbox 2204 2868 2271 2924; x_wconf 89' lang='lat' dir='ltr'><strong>ad</strong></span> <span class='ocrx_word' id='word_1_442' title='bbox 2313 2869 2586 2942; x_wconf 87' lang='lat' dir='ltr'><strong>physicos.</strong></span> <span class='ocrx_word' id='word_1_443' title='bbox 2623 2871 2753 2942; x_wconf 88' lang='lat' dir='ltr'><strong>Quis</strong></span> <span class='ocrx_word' id='word_1_444' title='bbox 2796 2882 2973 2930; x_wconf 88' lang='lat' dir='ltr'><strong>autem</strong></span> <span class='ocrx_word' id='word_1_445' title='bbox 3024 2878 3309 2934; x_wconf 83' lang='lat' dir='ltr'><strong>maximam</strong></span> <span class='ocrx_word' id='word_1_446' title='bbox 3359 2880 3601 2952; x_wconf 88' lang='lat' dir='ltr'><strong>profecto</strong></span> 
     </span>
    </p>
   </div>
   <div class='ocr_carea' id='block_1_60' title="bbox 2000 2963 3607 3047">
    <p class='ocr_par' dir='ltr' id='par_1_60' title="bbox 2000 2963 3607 3047">
     <span class='ocr_line' id='line_1_60' title="bbox 2000 2963 3607 3047; baseline 0.011 -32"><span class='ocrx_word' id='word_1_447' title='bbox 2000 2969 2279 3032; x_wconf 87' lang='lat' dir='ltr'><strong>utramque</strong></span> <span class='ocrx_word' id='word_1_448' title='bbox 2320 2963 2649 3034; x_wconf 79' lang='lat' dir='ltr'><strong>impietatem</strong></span> <span class='ocrx_word' id='word_1_449' title='bbox 2704 2980 2816 3023; x_wconf 88' lang='lat' dir='ltr'><strong>non</strong></span> <span class='ocrx_word' id='word_1_450' title='bbox 2864 2968 3200 3026; x_wconf 86' lang='lat' dir='ltr'><strong>detestetur?</strong></span> <span class='ocrx_word' id='word_1_451' title='bbox 3239 2972 3371 3029; x_wconf 86' lang='lat' dir='ltr'><strong>Nam</strong></span> <span class='ocrx_word' id='word_1_452' title='bbox 3416 2975 3607 3047; x_wconf 89' lang='lat' dir='ltr'><strong>populi</strong></span> 
     </span>
    </p>
   </div>
   <div class='ocr_carea' id='block_1_61' title="bbox 1990 3053 3606 3133">
    <p class='ocr_par' dir='ltr' id='par_1_61' title="bbox 1990 3053 3606 3133">
     <span class='ocr_line' id='line_1_61' title="bbox 1990 3053 3606 3133; baseline 0.009 -24"><span class='ocrx_word' id='word_1_453' title='bbox 1990 3053 2099 3111; x_wconf 64' lang='lat' dir='ltr'><strong>.hos</strong></span> <span class='ocrx_word' id='word_1_454' title='bbox 2133 3058 2473 3127; x_wconf 77' lang='lat' dir='ltr'><strong>quantumvis</strong></span> <span class='ocrx_word' id='word_1_455' title='bbox 2504 3059 2726 3116; x_wconf 75' lang='lat' dir='ltr'><strong>infames</strong></span> <span class='ocrx_word' id='word_1_456' title='bbox 2771 3061 3133 3133; x_wconf 78' lang='lat' dir='ltr'><strong>ridicuIOSque</strong></span> <span class='ocrx_word' id='word_1_457' title='bbox 3161 3063 3294 3121; x_wconf 89' lang='lat' dir='ltr'><strong>deos</strong></span> <span class='ocrx_word' id='word_1_458' title='bbox 3343 3067 3487 3122; x_wconf 86' lang='lat' dir='ltr'><strong>serio</strong></span> <span class='ocrx_word' id='word_1_459' title='bbox 3513 3082 3606 3124; x_wconf 78' lang='lat' dir='ltr'><strong>co-</strong></span> 
     </span>
    </p>
   </div>
   <div class='ocr_carea' id='block_1_62' title="bbox 1997 3148 3604 3225">
    <p class='ocr_par' dir='ltr' id='par_1_62' title="bbox 1997 3148 3604 3225">
     <span class='ocr_line' id='line_1_62' title="bbox 1997 3148 3604 3225; baseline 0.007 -22"><span class='ocrx_word' id='word_1_460' title='bbox 1997 3148 2200 3204; x_wconf 86' lang='lat' dir='ltr'><strong>lebant.</strong></span> <span class='ocrx_word' id='word_1_461' title='bbox 2241 3149 2346 3205; x_wconf 86' lang='lat' dir='ltr'><strong>Alii</strong></span> <span class='ocrx_word' id='word_1_462' title='bbox 2389 3166 2519 3207; x_wconf 86' lang='lat' dir='ltr'><strong>vero</strong></span> <span class='ocrx_word' id='word_1_463' title='bbox 2572 3152 2636 3208; x_wconf 94' lang='lat' dir='ltr'><strong>iis</strong></span> <span class='ocrx_word' id='word_1_464' title='bbox 2684 3153 3058 3225; x_wconf 74' lang='lat' dir='ltr'><strong>sapientiores,</strong></span> <span class='ocrx_word' id='word_1_465' title='bbox 3108 3156 3261 3212; x_wconf 88' lang='lat' dir='ltr'><strong>malis</strong></span> <span class='ocrx_word' id='word_1_466' title='bbox 3296 3157 3604 3215; x_wconf 67' lang='lat' dir='ltr'><strong>daemonum</strong></span> 
     </span>
    </p>
   </div>
   <div class='ocr_carea' id='block_1_63' title="bbox 286 3230 3601 3329">
    <p class='ocr_par' dir='ltr' id='par_1_63' title="bbox 286 3230 3601 3329">
     <span class='ocr_line' id='line_1_63' title="bbox 286 3230 3601 3329; baseline 0.006 -42"><span class='ocrx_word' id='word_1_467' title='bbox 286 3230 545 3304; x_wconf 65' lang='lat' dir='ltr'><strong>deinwps</strong></span> <span class='ocrx_word' id='word_1_468' title='bbox 578 3237 818 3308; x_wconf 75' lang='lat' dir='ltr'><strong>ingredi?</strong></span> <span class='ocrx_word' id='word_1_469' title='bbox 839 3238 948 3296; x_wconf 84' lang='lat' dir='ltr'><strong>Cur</strong></span> <span class='ocrx_word' id='word_1_470' title='bbox 978 3256 1119 3313; x_wconf 67' lang='lat' dir='ltr'><strong>ergo</strong></span> <span class='ocrx_word' id='word_1_471' title='bbox 1165 3242 1295 3298; x_wconf 76' lang='lat' dir='ltr'><strong>illud</strong></span> <span class='ocrx_word' id='word_1_472' title='bbox 1325 3252 1512 3329; x_wconf 44' lang='lat' dir='ltr'><strong>postea</strong></span> <span class='ocrx_word' id='word_1_473' title='bbox 1552 3252 1958 3316; x_wconf 50' lang='lat' dir='ltr'><strong>sperum-uate</strong></span> <span class='ocrx_word' id='word_1_474' title='bbox 1997 3241 2137 3299; x_wconf 88' lang='lat' dir='ltr'><strong>dolis</strong></span> <span class='ocrx_word' id='word_1_475' title='bbox 2172 3258 2239 3300; x_wconf 90' lang='lat' dir='ltr'><strong>ac</strong></span> <span class='ocrx_word' id='word_1_476' title='bbox 2264 3242 2543 3302; x_wconf 83' lang='lat' dir='ltr'><strong>fraudibus</strong></span> <span class='ocrx_word' id='word_1_477' title='bbox 2574 3246 2813 3314; x_wconf 88' lang='lat' dir='ltr'><strong>incitati,</strong></span> <span class='ocrx_word' id='word_1_478' title='bbox 2856 3249 3101 3305; x_wconf 83' lang='lat' dir='ltr'><strong>incautos</strong></span> <span class='ocrx_word' id='word_1_479' title='bbox 3145 3250 3285 3322; x_wconf 84' lang='lat' dir='ltr'><strong>vulgi</strong></span> <span class='ocrx_word' id='word_1_480' title='bbox 3312 3252 3522 3309; x_wconf 89' lang='lat' dir='ltr'><strong>animos</strong></span> <span class='ocrx_word' id='word_1_481' title='bbox 3546 3255 3601 3308; x_wconf 91' lang='lat' dir='ltr'><strong>in</strong></span> 
     </span>
    </p>
   </div>
   <div class='ocr_carea' id='block_1_64' title="bbox 292 3323 1889 3403">
    <p class='ocr_par' dir='ltr' id='par_1_64' title="bbox 292 3323 1889 3403">
     <span class='ocr_line' id='line_1_64' title="bbox 292 3323 1889 3403; baseline 0.012 -26"><span class='ocrx_word' id='word_1_482' title='bbox 292 3323 408 3380; x_wconf 87' lang='lat' dir='ltr'><strong>suis</strong></span> <span class='ocrx_word' id='word_1_483' title='bbox 427 3323 750 3396; x_wconf 67' lang='lat' dir='ltr'><strong>Cresaribus,</strong></span> <span class='ocrx_word' id='word_1_484' title='bbox 777 3346 886 3387; x_wconf 86' lang='lat' dir='ltr'><strong>non</strong></span> <span class='ocrx_word' id='word_1_485' title='bbox 915 3332 1077 3389; x_wconf 89' lang='lat' dir='ltr'><strong>modo</strong></span> <span class='ocrx_word' id='word_1_486' title='bbox 1102 3336 1350 3403; x_wconf 88' lang='lat' dir='ltr'><strong>mortuis,</strong></span> <span class='ocrx_word' id='word_1_487' title='bbox 1381 3323 1475 3393; x_wconf 79' lang='lat' dir='ltr'><strong>sed</strong></span> <span class='ocrx_word' id='word_1_488' title='bbox 1502 3338 1663 3394; x_wconf 86' lang='lat' dir='ltr'><strong>etiam</strong></span> <span class='ocrx_word' id='word_1_489' title='bbox 1705 3340 1889 3396; x_wconf 86' lang='lat' dir='ltr'><strong>viven—</strong></span> 
     </span>
    </p>
   </div>
   <div class='ocr_carea' id='block_1_65' title="bbox 168 3414 1887 3499">
    <p class='ocr_par' dir='ltr' id='par_1_65' title="bbox 168 3414 1887 3499">
     <span class='ocr_line' id='line_1_65' title="bbox 168 3414 1887 3499; baseline 0.01 -28"><span class='ocrx_word' id='word_1_490' title='bbox 168 3422 176 3431; x_wconf 88' lang='lat'>’</span> <span class='ocrx_word' id='word_1_491' title='bbox 280 3414 455 3484; x_wconf 64' lang='lat' dir='ltr'><strong>«tibus,</strong></span> <span class='ocrx_word' id='word_1_492' title='bbox 486 3420 739 3492; x_wconf 70' lang='lat' dir='ltr'><strong>omnique</strong></span> <span class='ocrx_word' id='word_1_493' title='bbox 768 3423 1090 3495; x_wconf 78' lang='lat' dir='ltr'><strong>flagitiorum</strong></span> <span class='ocrx_word' id='word_1_494' title='bbox 1122 3441 1324 3499; x_wconf 86' lang='lat' dir='ltr'><strong>genere</strong></span> <span class='ocrx_word' id='word_1_495' title='bbox 1350 3429 1575 3499; x_wconf 83' lang='lat' dir='ltr'><strong>perditis</strong></span> <span class='ocrx_word' id='word_1_496' title='bbox 1602 3445 1668 3499; x_wconf 75' lang='lat' dir='ltr'><strong>ac</strong></span> <span class='ocrx_word' id='word_1_497' title='bbox 1709 3431 1887 3488; x_wconf 84' lang='lat' dir='ltr'><strong>disso-</strong></span> 
     </span>
    </p>
   </div>
   <div class='ocr_carea' id='block_1_66' title="bbox 282 3508 1889 3596">
    <p class='ocr_par' dir='ltr' id='par_1_66' title="bbox 282 3508 1889 3596">
     <span class='ocr_line' id='line_1_66' title="bbox 282 3508 1889 3596; baseline 0.011 -32"><span class='ocrx_word' id='word_1_498' title='bbox 282 3508 756 3584; x_wconf 81' lang='lat' dir='ltr'><strong>lutis?Numquid,</strong></span> <span class='ocrx_word' id='word_1_499' title='bbox 788 3518 960 3590; x_wconf 83' lang='lat' dir='ltr'><strong>pergit</strong></span> <span class='ocrx_word' id='word_1_500' title='bbox 978 3518 1112 3587; x_wconf 75' lang='lat' dir='ltr'><strong>_ille,</strong></span> <span class='ocrx_word' id='word_1_501' title='bbox 1137 3519 1315 3587; x_wconf 86' lang='lat' dir='ltr'><strong>vobis,</strong></span> <span class='ocrx_word' id='word_1_502' title='bbox 1342 3534 1377 3576; x_wconf 85' lang='lat'><strong>0</strong></span> <span class='ocrx_word' id='word_1_503' title='bbox 1418 3521 1641 3590; x_wconf 83' lang='lat' dir='ltr'><strong>ethnici,</strong></span> <span class='ocrx_word' id='word_1_504' title='bbox 1679 3534 1889 3596; x_wconf 83' lang='lat' dir='ltr'><strong>accepto</strong></span> 
     </span>
    </p>
   </div>
   <div class='ocr_carea' id='block_1_67' title="bbox 280 3602 1890 3687">
    <p class='ocr_par' dir='ltr' id='par_1_67' title="bbox 280 3602 1890 3687">
     <span class='ocr_line' id='line_1_67' title="bbox 280 3602 1890 3687; baseline 0.009 -27"><span class='ocrx_word' id='word_1_505' title='bbox 280 3602 453 3674; x_wconf 53' lang='lat' dir='ltr'><strong>darent</strong></span> <span class='ocrx_word' id='word_1_506' title='bbox 481 3605 556 3659; x_wconf 83' lang='lat' dir='ltr'><strong>dii</strong></span> <span class='ocrx_word' id='word_1_507' title='bbox 598 3609 778 3677; x_wconf 82' lang='lat' dir='ltr'><strong>vestri,</strong></span> <span class='ocrx_word' id='word_1_508' title='bbox 809 3611 909 3666; x_wconf 85' lang='lat' dir='ltr'><strong>imo</strong></span> <span class='ocrx_word' id='word_1_509' title='bbox 951 3611 1344 3684; x_wconf 79' lang='lat' dir='ltr'><strong>gratulabuntur</strong></span> <span class='ocrx_word' id='word_1_510' title='bbox 1355 3618 1378 3682; x_wconf 82' lang='lat'><strong>&#39;,</strong></span> <span class='ocrx_word' id='word_1_511' title='bbox 1407 3615 1546 3687; x_wconf 82' lang='lat' dir='ltr'><strong>quod</strong></span> <span class='ocrx_word' id='word_1_512' title='bbox 1589 3632 1738 3686; x_wconf 86' lang='lat' dir='ltr'><strong>pares</strong></span> <span class='ocrx_word' id='word_1_513' title='bbox 1756 3616 1890 3687; x_wconf 76' lang='lat' dir='ltr'><strong>ﬁant</strong></span> 
     </span>
    </p>
   </div>
   <div class='ocr_carea' id='block_1_68' title="bbox 278 3696 1891 3779">
    <p class='ocr_par' dir='ltr' id='par_1_68' title="bbox 278 3696 1891 3779">
     <span class='ocr_line' id='line_1_68' title="bbox 278 3696 1891 3779; baseline 0.009 -30"><span class='ocrx_word' id='word_1_514' title='bbox 278 3696 361 3750; x_wconf 80' lang='lat' dir='ltr'><strong>eis</strong></span> <span class='ocrx_word' id='word_1_515' title='bbox 388 3697 583 3753; x_wconf 78' lang='lat' dir='ltr'><strong>domini</strong></span> <span class='ocrx_word' id='word_1_516' title='bbox 603 3700 684 3755; x_wconf 82' lang='lat' dir='ltr'><strong>sui</strong></span> <span class='ocrx_word' id='word_1_517' title='bbox 711 3699 1043 3772; x_wconf 85' lang='lat' dir='ltr'><strong>(Tertullian.</strong></span> <span class='ocrx_word' id='word_1_518' title='bbox 1072 3703 1341 3777; x_wconf 80' lang='lat' dir='ltr'><strong>Apologet.</strong></span> <span class='ocrx_word' id='word_1_519' title='bbox 1365 3721 1482 3776; x_wconf 85' lang='lat' dir='ltr'><strong>cap.</strong></span> <span class='ocrx_word' id='word_1_520' title='bbox 1512 3707 1601 3772; x_wconf 67' lang='lat'><strong>15,</strong></span> <span class='ocrx_word' id='word_1_521' title='bbox 1633 3724 1689 3778; x_wconf 79' lang='grc' dir='ltr'><strong>ρ.</strong></span> <span class='ocrx_word' id='word_1_522' title='bbox 1721 3700 1891 3779; x_wconf 65' lang='lat'><strong>347)?</strong></span> 
     </span>
    </p>
   </div>
   <div class='ocr_carea' id='block_1_69' title="bbox 280 3784 1891 3869">
    <p class='ocr_par' dir='ltr' id='par_1_69' title="bbox 280 3784 1891 3869">
     <span class='ocr_line' id='line_1_69' title="bbox 280 3784 1891 3869; baseline 0.009 -26"><span class='ocrx_word' id='word_1_523' title='bbox 280 3784 466 3844; x_wconf 68' lang='lat' dir='ltr'><strong>locari</strong></span> <span class='ocrx_word' id='word_1_524' title='bbox 504 3806 629 3847; x_wconf 87' lang='lat' dir='ltr'><strong>eum</strong></span> <span class='ocrx_word' id='word_1_525' title='bbox 660 3794 904 3865; x_wconf 88' lang='lat' dir='ltr'><strong>profecto</strong></span> <span class='ocrx_word' id='word_1_526' title='bbox 949 3797 1137 3864; x_wconf 88' lang='lat' dir='ltr'><strong>sentis,</strong></span> <span class='ocrx_word' id='word_1_527' title='bbox 1189 3807 1245 3853; x_wconf 90' lang='lat' dir='ltr'><strong>et</strong></span> <span class='ocrx_word' id='word_1_528' title='bbox 1287 3797 1644 3869; x_wconf 85' lang='lat' dir='ltr'><strong>imperatores</strong></span> <span class='ocrx_word' id='word_1_529' title='bbox 1688 3800 1759 3856; x_wconf 87' lang='lat' dir='ltr'><strong>ab</strong></span> <span class='ocrx_word' id='word_1_530' title='bbox 1797 3801 1891 3858; x_wconf 91' lang='lat' dir='ltr'><strong>illo</strong></span> 
     </span>
    </p>
   </div>
   <div class='ocr_carea' id='block_1_70' title="bbox 284 3878 1891 3964">
    <p class='ocr_par' dir='ltr' id='par_1_70' title="bbox 284 3878 1891 3964">
     <span class='ocr_line' id='line_1_70' title="bbox 284 3878 1891 3964; baseline 0.007 -26"><span class='ocrx_word' id='word_1_531' title='bbox 284 3878 514 3939; x_wconf 80' lang='lat' dir='ltr'><strong>deorum</strong></span> <span class='ocrx_word' id='word_1_532' title='bbox 533 3884 782 3942; x_wconf 88' lang='lat' dir='ltr'><strong>dominos</strong></span> <span class='ocrx_word' id='word_1_533' title='bbox 797 3888 1048 3959; x_wconf 83' lang='lat' dir='ltr'><strong>appellari</strong></span> <span class='ocrx_word' id='word_1_534' title='bbox 1082 3906 1097 3946; x_wconf 89' lang='lat'><strong>:</strong></span> <span class='ocrx_word' id='word_1_535' title='bbox 1120 3889 1243 3962; x_wconf 86' lang='lat' dir='ltr'><strong>quia</strong></span> <span class='ocrx_word' id='word_1_536' title='bbox 1256 3890 1310 3945; x_wconf 89' lang='lat' dir='ltr'><strong>in</strong></span> <span class='ocrx_word' id='word_1_537' title='bbox 1323 3906 1531 3958; x_wconf 89' lang='lat' dir='ltr'><strong>eorum,</strong></span> <span class='ocrx_word' id='word_1_538' title='bbox 1556 3901 1613 3947; x_wconf 90' lang='lat' dir='ltr'><strong>ut</strong></span> <span class='ocrx_word' id='word_1_539' title='bbox 1626 3891 1737 3964; x_wconf 67' lang='lat' dir='ltr'><strong>iam</strong></span> <span class='ocrx_word' id='word_1_540' title='bbox 1758 3891 1891 3950; x_wconf 82' lang='lat' dir='ltr'><strong>dixi-</strong></span> 
     </span>
    </p>
   </div>
   <div class='ocr_carea' id='block_1_71' title="bbox 276 3985 1888 4059">
    <p class='ocr_par' dir='ltr' id='par_1_71' title="bbox 276 3985 1888 4059">
     <span class='ocr_line' id='line_1_71' title="bbox 276 3985 1888 4059; baseline 0.01 -31"><span class='ocrx_word' id='word_1_541' title='bbox 276 3988 428 4040; x_wconf 78' lang='lat' dir='ltr'><strong>mus,</strong></span> <span class='ocrx_word' id='word_1_542' title='bbox 454 3986 721 4048; x_wconf 73' lang='lat' dir='ltr'><strong>potesute</strong></span> <span class='ocrx_word' id='word_1_543' title='bbox 758 3989 876 4037; x_wconf 83' lang='lat' dir='ltr'><strong>erat</strong></span> <span class='ocrx_word' id='word_1_544' title='bbox 916 3991 1014 4039; x_wconf 87' lang='lat' dir='ltr'><strong>aut</strong></span> <span class='ocrx_word' id='word_1_545' title='bbox 1038 3998 1206 4039; x_wconf 83' lang='lat' dir='ltr'><strong>novos</strong></span> <span class='ocrx_word' id='word_1_546' title='bbox 1248 3986 1428 4042; x_wconf 81' lang='lat' dir='ltr'><strong>facere</strong></span> <span class='ocrx_word' id='word_1_547' title='bbox 1448 3985 1583 4043; x_wconf 88' lang='lat' dir='ltr'><strong>deos</strong></span> <span class='ocrx_word' id='word_1_548' title='bbox 1611 4027 1629 4054; x_wconf 92' lang='lat'><strong>,</strong></span> <span class='ocrx_word' id='word_1_549' title='bbox 1663 3996 1756 4043; x_wconf 89' lang='lat' dir='ltr'><strong>aut</strong></span> <span class='ocrx_word' id='word_1_550' title='bbox 1775 3988 1888 4059; x_wconf 86' lang='lat' dir='ltr'><strong>jam</strong></span> 
     </span>
    </p>
   </div>
   <div class='ocr_carea' id='block_1_72' title="bbox 282 4063 1892 4149">
    <p class='ocr_par' dir='ltr' id='par_1_72' title="bbox 282 4063 1892 4149">
     <span class='ocr_line' id='line_1_72' title="bbox 282 4063 1892 4149; baseline 0.008 -27"><span class='ocrx_word' id='word_1_551' title='bbox 282 4063 460 4123; x_wconf 71' lang='lat' dir='ltr'><strong>factos</strong></span> <span class='ocrx_word' id='word_1_552' title='bbox 500 4072 696 4128; x_wconf 84' lang='lat' dir='ltr'><strong>tollere</strong></span> <span class='ocrx_word' id='word_1_553' title='bbox 734 4073 803 4129; x_wconf 87' lang='lat' dir='ltr'><strong>de</strong></span> <span class='ocrx_word' id='word_1_554' title='bbox 829 4074 1030 4132; x_wconf 84' lang='lat' dir='ltr'><strong>medio.</strong></span> <span class='ocrx_word' id='word_1_555' title='bbox 1064 4074 1182 4133; x_wconf 76' lang='lat' dir='ltr'><strong>Nec</strong></span> <span class='ocrx_word' id='word_1_556' title='bbox 1211 4076 1391 4133; x_wconf 85' lang='lat' dir='ltr'><strong>minus</strong></span> <span class='ocrx_word' id='word_1_557' title='bbox 1419 4078 1769 4149; x_wconf 87' lang='lat' dir='ltr'><strong>perspicuum</strong></span> <span class='ocrx_word' id='word_1_558' title='bbox 1807 4087 1892 4137; x_wconf 91' lang='lat' dir='ltr'><strong>est</strong></span> 
     </span>
    </p>
   </div>
   <div class='ocr_carea' id='block_1_73' title="bbox 286 4162 1891 4237">
    <p class='ocr_par' dir='ltr' id='par_1_73' title="bbox 286 4162 1891 4237">
     <span class='ocr_line' id='line_1_73' title="bbox 286 4162 1891 4237; baseline 0.008 -22"><span class='ocrx_word' id='word_1_559' title='bbox 286 4172 449 4229; x_wconf 79' lang='lat' dir='ltr'><strong>quam</strong></span> <span class='ocrx_word' id='word_1_560' title='bbox 478 4162 671 4220; x_wconf 79' lang='lat' dir='ltr'><strong>validis</strong></span> <span class='ocrx_word' id='word_1_561' title='bbox 694 4166 784 4222; x_wconf 90' lang='lat' dir='ltr'><strong>ille</strong></span> <span class='ocrx_word' id='word_1_562' title='bbox 810 4167 1106 4226; x_wconf 84' lang='lat' dir='ltr'><strong>rationibus</strong></span> <span class='ocrx_word' id='word_1_563' title='bbox 1128 4164 1468 4227; x_wconf 74' lang='lat' dir='ltr'><strong>demonstret</strong></span> <span class='ocrx_word' id='word_1_564' title='bbox 1501 4170 1634 4226; x_wconf 88' lang='lat' dir='ltr'><strong>nihil</strong></span> <span class='ocrx_word' id='word_1_565' title='bbox 1674 4171 1891 4237; x_wconf 66' lang='lat' dir='ltr'><strong>ab,eth-</strong></span> 
     </span>
    </p>
   </div>
   <div class='ocr_carea' id='block_1_74' title="bbox 276 4252 1891 4336">
    <p class='ocr_par' dir='ltr' id='par_1_74' title="bbox 276 4252 1891 4336">
     <span class='ocr_line' id='line_1_74' title="bbox 276 4252 1891 4336; baseline 0.01 -29"><span class='ocrx_word' id='word_1_566' title='bbox 276 4252 424 4309; x_wconf 72' lang='lat' dir='ltr'><strong>nisis</strong></span> <span class='ocrx_word' id='word_1_567' title='bbox 472 4254 598 4328; x_wconf 83' lang='lat' dir='ltr'><strong>tingi</strong></span> <span class='ocrx_word' id='word_1_568' title='bbox 655 4261 893 4329; x_wconf 85' lang='lat' dir='ltr'><strong>potuisse</strong></span> <span class='ocrx_word' id='word_1_569' title='bbox 945 4262 1233 4333; x_wconf 83' lang='lat' dir='ltr'><strong>insulsius,</strong></span> <span class='ocrx_word' id='word_1_570' title='bbox 1304 4280 1463 4336; x_wconf 82' lang='lat' dir='ltr'><strong>quam</strong></span> <span class='ocrx_word' id='word_1_571' title='bbox 1522 4265 1772 4322; x_wconf 85' lang='lat' dir='ltr'><strong>homines</strong></span> <span class='ocrx_word' id='word_1_572' title='bbox 1816 4267 1891 4336; x_wconf 84' lang='lat' dir='ltr'><strong>oh</strong></span> 
     </span>
    </p>
   </div>
   <div class='ocr_carea' id='block_1_75' title="bbox 286 4345 1891 4422">
    <p class='ocr_par' dir='ltr' id='par_1_75' title="bbox 286 4345 1891 4422">
     <span class='ocr_line' id='line_1_75' title="bbox 286 4345 1891 4422; baseline 0.009 -21"><span class='ocrx_word' id='word_1_573' title='bbox 286 4345 531 4414; x_wconf 73' lang='lat' dir='ltr'><strong>quaedam</strong></span> <span class='ocrx_word' id='word_1_574' title='bbox 556 4352 776 4422; x_wconf 86' lang='lat' dir='ltr'><strong>merita,</strong></span> <span class='ocrx_word' id='word_1_575' title='bbox 824 4362 918 4410; x_wconf 84' lang='lat' dir='ltr'><strong>aut</strong></span> <span class='ocrx_word' id='word_1_576' title='bbox 953 4355 1209 4411; x_wconf 88' lang='lat' dir='ltr'><strong>nonnulla</strong></span> <span class='ocrx_word' id='word_1_577' title='bbox 1235 4356 1433 4414; x_wconf 72' lang='lat' dir='ltr'><strong>eximia</strong></span> <span class='ocrx_word' id='word_1_578' title='bbox 1462 4355 1695 4415; x_wconf 75' lang='lat' dir='ltr'><strong>facinora</strong></span> <span class='ocrx_word' id='word_1_579' title='bbox 1723 4355 1891 4415; x_wconf 82' lang='lat' dir='ltr'><strong>factos</strong></span> 
     </span>
    </p>
   </div>
   <div class='ocr_carea' id='block_1_76' title="bbox 276 4439 588 4499">
    <p class='ocr_par' dir='ltr' id='par_1_76' title="bbox 276 4439 588 4499">
     <span class='ocr_line' id='line_1_76' title="bbox 276 4439 588 4499; baseline 0.013 -4"><span class='ocrx_word' id='word_1_580' title='bbox 276 4439 588 4499; x_wconf 78' lang='lat' dir='ltr'><strong>eosedeos.</strong></span> 
     </span>
    </p>
   </div>
   <div class='ocr_carea' id='block_1_77' title="bbox 762 4548 1283 4600">
    <p class='ocr_par' dir='ltr' id='par_1_77' title="bbox 762 4548 1283 4600">
     <span class='ocr_line' id='line_1_77' title="bbox 762 4548 1283 4600; baseline 0.004 -3"><span class='ocrx_word' id='word_1_581' title='bbox 762 4548 777 4555; x_wconf 87' lang='lat'>‘</span> <span class='ocrx_word' id='word_1_582' title='bbox 878 4556 1183 4599; x_wconf 58' lang='lat' dir='ltr'><strong>nuncusos</strong></span> <span class='ocrx_word' id='word_1_583' title='bbox 1211 4559 1283 4600; x_wconf 87' lang='lat' dir='ltr'><strong>tv.</strong></span> 
     </span>
    </p>
   </div>
   <div class='ocr_carea' id='block_1_78' title="bbox 1993 3337 3596 3419">
    <p class='ocr_par' dir='ltr' id='par_1_78' title="bbox 1993 3337 3596 3419">
     <span class='ocr_line' id='line_1_78' title="bbox 1993 3337 3596 3419; baseline 0.009 -28"><span class='ocrx_word' id='word_1_584' title='bbox 1993 3351 2088 3392; x_wconf 88' lang='lat' dir='ltr'><strong>sua</strong></span> <span class='ocrx_word' id='word_1_585' title='bbox 2117 3337 2230 3406; x_wconf 85' lang='lat' dir='ltr'><strong>ipsa</strong></span> <span class='ocrx_word' id='word_1_586' title='bbox 2262 3337 2546 3410; x_wconf 79' lang='lat' dir='ltr'><strong>religione,</strong></span> <span class='ocrx_word' id='word_1_587' title='bbox 2573 3355 2691 3411; x_wconf 74' lang='lat' dir='ltr'><strong>quce</strong></span> <span class='ocrx_word' id='word_1_588' title='bbox 2736 3357 2944 3398; x_wconf 89' lang='lat' dir='ltr'><strong>summa</strong></span> <span class='ocrx_word' id='word_1_589' title='bbox 2986 3359 3165 3400; x_wconf 85' lang='lat' dir='ltr'><strong>rerum</strong></span> <span class='ocrx_word' id='word_1_590' title='bbox 3195 3355 3299 3415; x_wconf 87' lang='lat' dir='ltr'><strong>est,</strong></span> <span class='ocrx_word' id='word_1_591' title='bbox 3312 3345 3596 3419; x_wconf 71' lang='lat' dir='ltr'><strong>fallebant,</strong></span> 
     </span>
    </p>
   </div>
   <div class='ocr_carea' id='block_1_79' title="bbox 1991 3428 2610 3500">
    <p class='ocr_par' dir='ltr' id='par_1_79' title="bbox 1991 3428 2610 3500">
     <span class='ocr_line' id='line_1_79' title="bbox 1991 3428 2610 3500; baseline 0.002 -16"><span class='ocrx_word' id='word_1_592' title='bbox 1991 3436 2085 3484; x_wconf 88' lang='lat' dir='ltr'><strong>aut</strong></span> <span class='ocrx_word' id='word_1_593' title='bbox 2111 3428 2217 3484; x_wconf 87' lang='lat' dir='ltr'><strong>lalli</strong></span> <span class='ocrx_word' id='word_1_594' title='bbox 2246 3430 2610 3500; x_wconf 88' lang='lat' dir='ltr'><strong>patiebantur.</strong></span> 
     </span>
    </p>
   </div>
   <div class='ocr_carea' id='block_1_80' title="bbox 2064 3518 3599 3603">
    <p class='ocr_par' dir='ltr' id='par_1_80' title="bbox 2064 3518 3599 3603">
     <span class='ocr_line' id='line_1_80' title="bbox 2064 3518 3599 3603; baseline 0.007 -27"><span class='ocrx_word' id='word_1_595' title='bbox 2064 3518 2301 3577; x_wconf 86' lang='lat' dir='ltr'><strong>Tertium</strong></span> <span class='ocrx_word' id='word_1_596' title='bbox 2312 3537 2479 3593; x_wconf 87' lang='lat' dir='ltr'><strong>porro</strong></span> <span class='ocrx_word' id='word_1_597' title='bbox 2502 3523 2783 3597; x_wconf 68' lang='lat' dir='ltr'><strong>theologia:</strong></span> <span class='ocrx_word' id='word_1_598' title='bbox 2804 3539 2899 3582; x_wconf 90' lang='lat' dir='ltr'><strong>seu</strong></span> <span class='ocrx_word' id='word_1_599' title='bbox 2918 3524 3142 3583; x_wconf 86' lang='lat' dir='ltr'><strong>deorum</strong></span> <span class='ocrx_word' id='word_1_600' title='bbox 3161 3542 3334 3601; x_wconf 86' lang='lat' dir='ltr'><strong>genus</strong></span> <span class='ocrx_word' id='word_1_601' title='bbox 3359 3530 3599 3603; x_wconf 86' lang='lat' dir='ltr'><strong>appella-</strong></span> 
     </span>
    </p>
   </div>
   <div class='ocr_carea' id='block_1_81' title="bbox 1995 3613 3598 3691">
    <p class='ocr_par' dir='ltr' id='par_1_81' title="bbox 1995 3613 3598 3691">
     <span class='ocr_line' id='line_1_81' title="bbox 1995 3613 3598 3691; baseline 0.007 -24"><span class='ocrx_word' id='word_1_602' title='bbox 1995 3620 2079 3667; x_wconf 90' lang='lat' dir='ltr'><strong>tur</strong></span> <span class='ocrx_word' id='word_1_603' title='bbox 2103 3613 2280 3682; x_wconf 82' lang='lat' dir='ltr'><strong>civile,</strong></span> <span class='ocrx_word' id='word_1_604' title='bbox 2313 3628 2409 3671; x_wconf 92' lang='lat' dir='ltr'><strong>seu</strong></span> <span class='ocrx_word' id='word_1_605' title='bbox 2444 3615 2642 3672; x_wconf 86' lang='lat' dir='ltr'><strong>civium</strong></span> <span class='ocrx_word' id='word_1_606' title='bbox 2684 3625 2740 3672; x_wconf 90' lang='lat' dir='ltr'><strong>et</strong></span> <span class='ocrx_word' id='word_1_607' title='bbox 2783 3618 3125 3690; x_wconf 89' lang='lat' dir='ltr'><strong>populorum,</strong></span> <span class='ocrx_word' id='word_1_608' title='bbox 3160 3620 3209 3675; x_wconf 88' lang='lat' dir='ltr'><strong>id</strong></span> <span class='ocrx_word' id='word_1_609' title='bbox 3241 3631 3343 3691; x_wconf 89' lang='lat' dir='ltr'><strong>est,</strong></span> <span class='ocrx_word' id='word_1_610' title='bbox 3382 3623 3598 3679; x_wconf 92' lang='lat' dir='ltr'><strong>illorum</strong></span> 
     </span>
    </p>
   </div>
   <div class='ocr_carea' id='block_1_82' title="bbox 1993 3703 3598 3780">
    <p class='ocr_par' dir='ltr' id='par_1_82' title="bbox 1993 3703 3598 3780">
     <span class='ocr_line' id='line_1_82' title="bbox 1993 3703 3598 3780; baseline 0.009 -21"><span class='ocrx_word' id='word_1_611' title='bbox 1993 3703 2253 3774; x_wconf 87' lang='lat' dir='ltr'><strong>deorum,</strong></span> <span class='ocrx_word' id='word_1_612' title='bbox 2304 3722 2439 3778; x_wconf 91' lang='lat' dir='ltr'><strong>quos</strong></span> <span class='ocrx_word' id='word_1_613' title='bbox 2490 3706 2670 3780; x_wconf 87' lang='lat' dir='ltr'><strong>populi</strong></span> <span class='ocrx_word' id='word_1_614' title='bbox 2715 3708 2818 3764; x_wconf 89' lang='lat' dir='ltr'><strong>sibi</strong></span> <span class='ocrx_word' id='word_1_615' title='bbox 2867 3726 2964 3780; x_wconf 89' lang='lat' dir='ltr'><strong>pro</strong></span> <span class='ocrx_word' id='word_1_616' title='bbox 3006 3711 3230 3769; x_wconf 87' lang='lat' dir='ltr'><strong>arbitrio</strong></span> <span class='ocrx_word' id='word_1_617' title='bbox 3277 3723 3331 3770; x_wconf 88' lang='lat' dir='ltr'><strong>ct</strong></span> <span class='ocrx_word' id='word_1_618' title='bbox 3375 3712 3598 3774; x_wconf 87' lang='lat' dir='ltr'><strong>libidine</strong></span> 
     </span>
    </p>
   </div>
   <div class='ocr_carea' id='block_1_83' title="bbox 1993 3797 3593 3876">
    <p class='ocr_par' dir='ltr' id='par_1_83' title="bbox 1993 3797 3593 3876">
     <span class='ocr_line' id='line_1_83' title="bbox 1993 3797 3593 3876; baseline 0.008 -22"><span class='ocrx_word' id='word_1_619' title='bbox 1993 3797 2399 3869; x_wconf 83' lang='lat' dir='ltr'><strong>adoptaverant.</strong></span> <span class='ocrx_word' id='word_1_620' title='bbox 2447 3800 2968 3872; x_wconf 39' lang='lat' dir='ltr'><strong>Sed’practerquam</strong></span> <span class='ocrx_word' id='word_1_621' title='bbox 3023 3805 3164 3876; x_wconf 91' lang='lat' dir='ltr'><strong>quod</strong></span> <span class='ocrx_word' id='word_1_622' title='bbox 3209 3806 3312 3864; x_wconf 89' lang='lat' dir='ltr'><strong>hoc</strong></span> <span class='ocrx_word' id='word_1_623' title='bbox 3367 3809 3593 3866; x_wconf 88' lang='lat' dir='ltr'><strong>deorum</strong></span> 
     </span>
    </p>
   </div>
   <div class='ocr_carea' id='block_1_84' title="bbox 1986 3891 3594 3970">
    <p class='ocr_par' dir='ltr' id='par_1_84' title="bbox 1986 3891 3594 3970">
     <span class='ocr_line' id='line_1_84' title="bbox 1986 3891 3594 3970; baseline 0.008 -22"><span class='ocrx_word' id='word_1_624' title='bbox 1986 3906 2161 3963; x_wconf 84' lang='lat' dir='ltr'><strong>genus</strong></span> <span class='ocrx_word' id='word_1_625' title='bbox 2188 3891 2254 3947; x_wconf 90' lang='lat' dir='ltr'><strong>ad</strong></span> <span class='ocrx_word' id='word_1_626' title='bbox 2279 3893 2571 3949; x_wconf 88' lang='lat' dir='ltr'><strong>secundum</strong></span> <span class='ocrx_word' id='word_1_627' title='bbox 2595 3904 2649 3951; x_wconf 90' lang='lat' dir='ltr'><strong>et</strong></span> <span class='ocrx_word' id='word_1_628' title='bbox 2688 3894 3013 3965; x_wconf 89' lang='lat' dir='ltr'><strong>fabulosum,</strong></span> <span class='ocrx_word' id='word_1_629' title='bbox 3058 3900 3130 3954; x_wconf 90' lang='lat' dir='ltr'><strong>uti</strong></span> <span class='ocrx_word' id='word_1_630' title='bbox 3151 3900 3261 3970; x_wconf 85' lang='lat' dir='ltr'><strong>jam</strong></span> <span class='ocrx_word' id='word_1_631' title='bbox 3290 3902 3532 3960; x_wconf 89' lang='lat' dir='ltr'><strong>laudatus</strong></span> <span class='ocrx_word' id='word_1_632' title='bbox 3561 3921 3594 3960; x_wconf 87' lang='lat' dir='ltr'><strong>a</strong></span> 
     </span>
    </p>
   </div>
   <div class='ocr_carea' id='block_1_85' title="bbox 1992 3984 3581 4069">
    <p class='ocr_par' dir='ltr' id='par_1_85' title="bbox 1992 3984 3581 4069">
     <span class='ocr_line' id='line_1_85' title="bbox 1992 3984 3581 4069; baseline 0.008 -30"><span class='ocrx_word' id='word_1_633' title='bbox 1992 3984 2148 4039; x_wconf 84' lang='lat' dir='ltr'><strong>nobis</strong></span> <span class='ocrx_word' id='word_1_634' title='bbox 2171 3984 2502 4057; x_wconf 77' lang='lat' dir='ltr'><strong>Augustinus</strong></span> <span class='ocrx_word' id='word_1_635' title='bbox 2531 3985 2689 4044; x_wconf 89' lang='lat' dir='ltr'><strong>docet</strong></span> <span class='ocrx_word' id='word_1_636' title='bbox 2734 3988 2755 4060; x_wconf 94' lang='lat'>(</span> <span class='ocrx_word' id='word_1_637' title='bbox 2783 3985 2947 4054; x_wconf 88' lang='lat' dir='ltr'><strong>Idem,</strong></span> <span class='ocrx_word' id='word_1_638' title='bbox 2973 3990 3061 4046; x_wconf 83' lang='lat' dir='ltr'><strong>tib.</strong></span> <span class='ocrx_word' id='word_1_639' title='bbox 3102 3992 3182 4057; x_wconf 85' lang='lat' dir='ltr'><strong>Vl,</strong></span> <span class='ocrx_word' id='word_1_640' title='bbox 3218 4011 3333 4065; x_wconf 85' lang='lat' dir='ltr'><strong>cap.</strong></span> <span class='ocrx_word' id='word_1_641' title='bbox 3376 3996 3430 4062; x_wconf 78' lang='lat'><strong>7,</strong></span> <span class='ocrx_word' id='word_1_642' title='bbox 3456 4013 3581 4069; x_wconf 85' lang='lat' dir='ltr'><strong>pag.</strong></span> 
     </span>
    </p>
   </div>
   <div class='ocr_carea' id='block_1_86' title="bbox 1995 4073 3589 4155">
    <p class='ocr_par' dir='ltr' id='par_1_86' title="bbox 1995 4073 3589 4155">
     <span class='ocr_line' id='line_1_86' title="bbox 1995 4073 3589 4155; baseline 0.009 -23"><span class='ocrx_word' id='word_1_643' title='bbox 1995 4073 2144 4148; x_wconf 79' lang='grc'><strong>155),</strong></span> <span class='ocrx_word' id='word_1_644' title='bbox 2179 4076 2332 4148; x_wconf 87' lang='lat' dir='ltr'><strong>plane</strong></span> <span class='ocrx_word' id='word_1_645' title='bbox 2359 4079 2611 4147; x_wconf 78' lang='lat' dir='ltr'><strong>refertur,</strong></span> <span class='ocrx_word' id='word_1_646' title='bbox 2637 4079 2763 4151; x_wconf 83' lang='lat' dir='ltr'><strong>quid</strong></span> <span class='ocrx_word' id='word_1_647' title='bbox 2790 4080 3076 4139; x_wconf 81' lang='lat' dir='ltr'><strong>absurdius</strong></span> <span class='ocrx_word' id='word_1_648' title='bbox 3117 4101 3280 4155; x_wconf 88' lang='lat' dir='ltr'><strong>quam</strong></span> <span class='ocrx_word' id='word_1_649' title='bbox 3308 4086 3440 4144; x_wconf 87' lang='lat' dir='ltr'><strong>deos</strong></span> <span class='ocrx_word' id='word_1_650' title='bbox 3459 4088 3589 4146; x_wconf 85' lang='lat' dir='ltr'><strong>illos</strong></span> 
     </span>
    </p>
   </div>
   <div class='ocr_carea' id='block_1_87' title="bbox 1994 4169 3592 4250">
    <p class='ocr_par' dir='ltr' id='par_1_87' title="bbox 1994 4169 3592 4250">
     <span class='ocr_line' id='line_1_87' title="bbox 1994 4169 3592 4250; baseline 0.009 -25"><span class='ocrx_word' id='word_1_651' title='bbox 1994 4169 2238 4238; x_wconf 88' lang='lat' dir='ltr'><strong>credere,</strong></span> <span class='ocrx_word' id='word_1_652' title='bbox 2271 4187 2406 4244; x_wconf 92' lang='lat' dir='ltr'><strong>quos</strong></span> <span class='ocrx_word' id='word_1_653' title='bbox 2435 4187 2636 4228; x_wconf 70' lang='lat' dir='ltr'><strong>caacum</strong></span> <span class='ocrx_word' id='word_1_654' title='bbox 2688 4173 3043 4248; x_wconf 80' lang='lat' dir='ltr'><strong>insanumque</strong></span> <span class='ocrx_word' id='word_1_655' title='bbox 3071 4178 3277 4250; x_wconf 85' lang='lat' dir='ltr'><strong>vulgus,</strong></span> <span class='ocrx_word' id='word_1_656' title='bbox 3314 4189 3434 4250; x_wconf 87' lang='lat' dir='ltr'><strong>post</strong></span> <span class='ocrx_word' id='word_1_657' title='bbox 3461 4182 3592 4239; x_wconf 70' lang='lat' dir='ltr'><strong>vita:</strong></span> 
     </span>
    </p>
   </div>
   <div class='ocr_carea' id='block_1_88' title="bbox 1993 4261 3591 4344">
    <p class='ocr_par' dir='ltr' id='par_1_88' title="bbox 1993 4261 3591 4344">
     <span class='ocr_line' id='line_1_88' title="bbox 1993 4261 3591 4344; baseline 0.009 -26"><span class='ocrx_word' id='word_1_658' title='bbox 1993 4261 2153 4335; x_wconf 85' lang='lat' dir='ltr'><strong>hujus</strong></span> <span class='ocrx_word' id='word_1_659' title='bbox 2206 4265 2447 4321; x_wconf 75' lang='lat' dir='ltr'><strong>mortalis</strong></span> <span class='ocrx_word' id='word_1_660' title='bbox 2498 4275 2707 4337; x_wconf 88' lang='lat' dir='ltr'><strong>tempus</strong></span> <span class='ocrx_word' id='word_1_661' title='bbox 2754 4269 2899 4323; x_wconf 91' lang='lat' dir='ltr'><strong>omni</strong></span> <span class='ocrx_word' id='word_1_662' title='bbox 2955 4269 3220 4327; x_wconf 90' lang='lat' dir='ltr'><strong>scelerum</strong></span> <span class='ocrx_word' id='word_1_663' title='bbox 3257 4287 3476 4344; x_wconf 81' lang='lat' dir='ltr'><strong>genere,</strong></span> <span class='ocrx_word' id='word_1_664' title='bbox 3509 4275 3591 4332; x_wconf 87' lang='lat' dir='ltr'><strong>uti</strong></span> 
     </span>
    </p>
   </div>
   <div class='ocr_carea' id='block_1_89' title="bbox 1994 4357 3592 4430">
    <p class='ocr_par' dir='ltr' id='par_1_89' title="bbox 1994 4357 3592 4430">
     <span class='ocr_line' id='line_1_89' title="bbox 1994 4357 3592 4430; baseline 0.009 -17"><span class='ocrx_word' id='word_1_665' title='bbox 1994 4357 2191 4428; x_wconf 78' lang='lat' dir='ltr'><strong>saepius</strong></span> <span class='ocrx_word' id='word_1_666' title='bbox 2212 4358 2465 4427; x_wconf 83' lang='lat' dir='ltr'><strong>diximus,</strong></span> <span class='ocrx_word' id='word_1_667' title='bbox 2493 4359 2801 4430; x_wconf 80' lang='lat' dir='ltr'><strong>decursum,</strong></span> <span class='ocrx_word' id='word_1_668' title='bbox 2829 4378 3054 4420; x_wconf 89' lang='lat' dir='ltr'><strong>numero</strong></span> <span class='ocrx_word' id='word_1_669' title='bbox 3091 4364 3313 4424; x_wconf 87' lang='lat' dir='ltr'><strong>deorum</strong></span> <span class='ocrx_word' id='word_1_670' title='bbox 3357 4369 3592 4428; x_wconf 87' lang='lat' dir='ltr'><strong>adscribi</strong></span> 
     </span>
    </p>
   </div>
   <div class='ocr_carea' id='block_1_90' title="bbox 1994 4450 3579 4523">
    <p class='ocr_par' dir='ltr' id='par_1_90' title="bbox 1994 4450 3579 4523">
     <span class='ocr_line' id='line_1_90' title="bbox 1994 4450 3579 4523; baseline 0.009 -18"><span class='ocrx_word' id='word_1_671' title='bbox 1994 4450 2307 4523; x_wconf 17' lang='lat' dir='ltr'><strong>ﬁnxerantig</strong></span> <span class='ocrx_word' id='word_1_672' title='bbox 3576 4464 3579 4469; x_wconf 81' lang='grc'><em>’</em></span> 
     </span>
    </p>
   </div>
   <div class='ocr_carea' id='block_1_91' title="bbox 2067 4542 3589 4621">
    <p class='ocr_par' dir='ltr' id='par_1_91' title="bbox 2067 4542 3589 4621">
     <span class='ocr_line' id='line_1_91' title="bbox 2067 4542 3589 4621; baseline 0.007 -22"><span class='ocrx_word' id='word_1_673' title='bbox 2067 4542 2285 4614; x_wconf 80' lang='lat' dir='ltr'><strong>Triplex</strong></span> <span class='ocrx_word' id='word_1_674' title='bbox 2333 4553 2516 4600; x_wconf 89' lang='lat' dir='ltr'><strong>autem</strong></span> <span class='ocrx_word' id='word_1_675' title='bbox 2565 4544 2695 4602; x_wconf 89' lang='lat' dir='ltr'><strong>illud</strong></span> <span class='ocrx_word' id='word_1_676' title='bbox 2738 4546 2964 4604; x_wconf 91' lang='lat' dir='ltr'><strong>deorum</strong></span> <span class='ocrx_word' id='word_1_677' title='bbox 3012 4564 3185 4621; x_wconf 84' lang='lat' dir='ltr'><strong>genus</strong></span> <span class='ocrx_word' id='word_1_678' title='bbox 3228 4551 3589 4610; x_wconf 88' lang='lat' dir='ltr'><strong>Tertullianus</strong></span> 
     </span>
    </p>
   </div>
   <div class='ocr_carea' id='block_1_92' title="bbox 284 4623 3589 4717">
    <p class='ocr_par' dir='ltr' id='par_1_92' title="bbox 284 4623 3589 4717">
     <span class='ocr_line' id='line_1_92' title="bbox 284 4623 3589 4717; baseline 0.005 -33"><span class='ocrx_word' id='word_1_679' title='bbox 284 4623 563 4701; x_wconf 65' lang='lat' dir='ltr'><strong>Refellitur</strong></span> <span class='ocrx_word' id='word_1_680' title='bbox 591 4632 767 4700; x_wconf 75' lang='lat' dir='ltr'><strong>ﬁctum</strong></span> <span class='ocrx_word' id='word_1_681' title='bbox 795 4649 826 4687; x_wconf 92' lang='lat' dir='ltr'><strong>a</strong></span> <span class='ocrx_word' id='word_1_682' title='bbox 856 4631 1084 4691; x_wconf 78' lang='lat' dir='ltr'><strong>Varrone</strong></span> <span class='ocrx_word' id='word_1_683' title='bbox 1111 4636 1299 4707; x_wconf 66' lang='lat' dir='ltr'><strong>triplex</strong></span> <span class='ocrx_word' id='word_1_684' title='bbox 1311 4635 1521 4692; x_wconf 82' lang='lat' dir='ltr'><strong>deorum</strong></span> <span class='ocrx_word' id='word_1_685' title='bbox 1532 4652 1693 4708; x_wconf 83' lang='lat' dir='ltr'><strong>genus</strong></span> <span class='ocrx_word' id='word_1_686' title='bbox 1716 4653 1739 4694; x_wconf 89' lang='lat'><strong><em>:</em></strong></span> <span class='ocrx_word' id='word_1_687' title='bbox 1760 4639 1892 4712; x_wconf 78' lang='lat' dir='ltr'><strong>phy-</strong></span> <span class='ocrx_word' id='word_1_688' title='bbox 1914 4649 1969 4712; x_wconf 81' lang='grc' dir='ltr'><strong>Ι)</strong></span> <span class='ocrx_word' id='word_1_689' title='bbox 1996 4645 2177 4692; x_wconf 91' lang='lat' dir='ltr'><strong>noster</strong></span> <span class='ocrx_word' id='word_1_690' title='bbox 2204 4636 2367 4692; x_wconf 83' lang='lat' dir='ltr'><strong>variis</strong></span> <span class='ocrx_word' id='word_1_691' title='bbox 2386 4638 2649 4694; x_wconf 79' lang='lat' dir='ltr'><strong>rationum</strong></span> <span class='ocrx_word' id='word_1_692' title='bbox 2673 4641 2985 4708; x_wconf 90' lang='lat' dir='ltr'><strong>momentis,</strong></span> <span class='ocrx_word' id='word_1_693' title='bbox 3029 4657 3093 4698; x_wconf 90' lang='lat' dir='ltr'><strong>ac</strong></span> <span class='ocrx_word' id='word_1_694' title='bbox 3119 4653 3304 4714; x_wconf 87' lang='lat' dir='ltr'><strong>postea</strong></span> <span class='ocrx_word' id='word_1_695' title='bbox 3330 4643 3589 4717; x_wconf 84' lang='lat' dir='ltr'><strong>Augusti-</strong></span> 
     </span>
    </p>
   </div>
   <div class='ocr_carea' id='block_1_93' title="bbox 356 4724 1888 4802">
    <p class='ocr_par' dir='ltr' id='par_1_93' title="bbox 356 4724 1888 4802">
     <span class='ocr_line' id='line_1_93' title="bbox 356 4724 1888 4802; baseline 0.007 -23"><span class='ocrx_word' id='word_1_696' title='bbox 356 4724 540 4794; x_wconf 81' lang='lat' dir='ltr'><strong>sicum,</strong></span> <span class='ocrx_word' id='word_1_697' title='bbox 569 4743 657 4782; x_wconf 82' lang='lat' dir='ltr'><strong>seu</strong></span> <span class='ocrx_word' id='word_1_698' title='bbox 695 4728 962 4800; x_wconf 77' lang='lat' dir='ltr'><strong>naturale;</strong></span> <span class='ocrx_word' id='word_1_699' title='bbox 984 4730 1283 4801; x_wconf 75' lang='lat' dir='ltr'><strong>mythicam,</strong></span> <span class='ocrx_word' id='word_1_700' title='bbox 1331 4730 1433 4786; x_wconf 78' lang='lat' dir='ltr'><strong>sive</strong></span> <span class='ocrx_word' id='word_1_701' title='bbox 1472 4729 1800 4802; x_wconf 53' lang='lat' dir='ltr'><strong>lobulosum;</strong></span> <span class='ocrx_word' id='word_1_702' title='bbox 1836 4742 1888 4790; x_wconf 77' lang='lat' dir='ltr'><strong>st</strong></span> 
     </span>
    </p>
   </div>
   <div class='ocr_carea' id='block_1_94' title="bbox 358 4819 1884 4915">
    <p class='ocr_par' dir='ltr' id='par_1_94' title="bbox 358 4819 1884 4915">
     <span class='ocr_line' id='line_1_94' title="bbox 358 4819 1884 4915; baseline 0.005 -43"><span class='ocrx_word' id='word_1_703' title='bbox 358 4819 565 4891; x_wconf 85' lang='lat' dir='ltr'><strong>gentile,</strong></span> <span class='ocrx_word' id='word_1_704' title='bbox 593 4820 699 4875; x_wconf 83' lang='lat' dir='ltr'><strong>sive</strong></span> <span class='ocrx_word' id='word_1_705' title='bbox 725 4821 869 4899; x_wconf 73' lang='lat' dir='ltr'><strong>civile</strong></span> <span class='ocrx_word' id='word_1_706' title='bbox 897 4831 943 4878; x_wconf 85' lang='lat' dir='ltr'><strong>et</strong></span> <span class='ocrx_word' id='word_1_707' title='bbox 960 4823 1236 4894; x_wconf 78' lang='lat' dir='ltr'><strong>populare.</strong></span> <span class='ocrx_word' id='word_1_708' title='bbox 1878 4906 1884 4915; x_wconf 24' lang='grc' dir='ltr'><em>ο</em></span> 
     </span>
    </p>
   </div>
   <div class='ocr_carea' id='block_1_95' title="bbox 345 4910 1887 4989">
    <p class='ocr_par' dir='ltr' id='par_1_95' title="bbox 345 4910 1887 4989">
     <span class='ocr_line' id='line_1_95' title="bbox 345 4910 1887 4989; baseline 0.012 -21"><span class='ocrx_word' id='word_1_709' title='bbox 345 4910 648 4970; x_wconf 70' lang='lat' dir='ltr'><strong>Gentilium</strong></span> <span class='ocrx_word' id='word_1_710' title='bbox 678 4914 747 4971; x_wconf 92' lang='lat' dir='ltr'><strong>de</strong></span> <span class='ocrx_word' id='word_1_711' title='bbox 782 4915 889 4974; x_wconf 87' lang='lat' dir='ltr'><strong>diis</strong></span> <span class='ocrx_word' id='word_1_712' title='bbox 914 4918 1024 4972; x_wconf 89' lang='lat' dir='ltr'><strong>suis</strong></span> <span class='ocrx_word' id='word_1_713' title='bbox 1053 4932 1287 4989; x_wconf 87' lang='lat' dir='ltr'><strong>errores,</strong></span> <span class='ocrx_word' id='word_1_714' title='bbox 1320 4926 1381 4975; x_wconf 80' lang='lat' dir='ltr'><strong>ut</strong></span> <span class='ocrx_word' id='word_1_715' title='bbox 1406 4918 1775 4985; x_wconf 84' lang='lat' dir='ltr'><strong>Tertullianus</strong></span> <span class='ocrx_word' id='word_1_716' title='bbox 1801 4910 1887 4987; x_wconf 47' lang='lat' dir='ltr'><strong>ra;</strong></span> 
     </span>
    </p>
   </div>
   <div class='ocr_carea' id='block_1_96' title="bbox 285 5000 1888 5091">
    <p class='ocr_par' dir='ltr' id='par_1_96' title="bbox 285 5000 1888 5091">
     <span class='ocr_line' id='line_1_96' title="bbox 285 5000 1888 5091; baseline 0.012 -33"><span class='ocrx_word' id='word_1_717' title='bbox 285 5000 715 5072; x_wconf 23' lang='lat' dir='ltr'><strong>dicitus‘eveilat,</strong></span> <span class='ocrx_word' id='word_1_718' title='bbox 742 5007 799 5063; x_wconf 91' lang='lat' dir='ltr'><strong>in</strong></span> <span class='ocrx_word' id='word_1_719' title='bbox 818 5010 1057 5066; x_wconf 85' lang='lat' dir='ltr'><strong>secundo</strong></span> <span class='ocrx_word' id='word_1_720' title='bbox 1078 5024 1179 5066; x_wconf 85' lang='lat' dir='ltr'><strong>suo</strong></span> <span class='ocrx_word' id='word_1_721' title='bbox 1202 5009 1270 5068; x_wconf 88' lang='lat' dir='ltr'><strong>ad</strong></span> <span class='ocrx_word' id='word_1_722' title='bbox 1286 5011 1558 5073; x_wconf 65' lang='lat' dir='ltr'><strong>&#39;Nationes</strong></span> <span class='ocrx_word' id='word_1_723' title='bbox 1582 5017 1720 5076; x_wconf 68' lang='lat' dir='ltr'><strong>Ebro</strong></span> <span class='ocrx_word' id='word_1_724' title='bbox 1747 5018 1888 5091; x_wconf 84' lang='lat' dir='ltr'><strong>(Ter-</strong></span> 
     </span>
    </p>
   </div>
   <div class='ocr_carea' id='block_1_97' title="bbox 278 5097 1886 5185">
    <p class='ocr_par' dir='ltr' id='par_1_97' title="bbox 278 5097 1886 5185">
     <span class='ocr_line' id='line_1_97' title="bbox 278 5097 1886 5185; baseline 0.013 -34"><span class='ocrx_word' id='word_1_725' title='bbox 278 5097 403 5152; x_wconf 70' lang='lat' dir='ltr'><strong>tull.</strong></span> <span class='ocrx_word' id='word_1_726' title='bbox 433 5099 523 5156; x_wconf 87' lang='lat' dir='ltr'><strong>lib.</strong></span> <span class='ocrx_word' id='word_1_727' title='bbox 566 5098 609 5155; x_wconf 82' lang='lat' dir='ltr'><strong>ll</strong></span> <span class='ocrx_word' id='word_1_728' title='bbox 652 5104 724 5156; x_wconf 83' lang='lat' dir='ltr'><strong>ad</strong></span> <span class='ocrx_word' id='word_1_729' title='bbox 752 5102 1044 5177; x_wconf 72' lang='lat' dir='ltr'><strong>Nati.~cap.</strong></span> <span class='ocrx_word' id='word_1_730' title='bbox 1071 5108 1095 5161; x_wconf 79' lang='lat' dir='ltr'><strong>l</strong></span> <span class='ocrx_word' id='word_1_731' title='bbox 1120 5118 1175 5163; x_wconf 78' lang='lat' dir='ltr'><strong>et</strong></span> <span class='ocrx_word' id='word_1_732' title='bbox 1196 5124 1355 5181; x_wconf 60' lang='grc' dir='ltr'><strong>ωας..</strong></span> <span class='ocrx_word' id='word_1_733' title='bbox 1385 5127 1444 5182; x_wconf 82' lang='lat' dir='ltr'><strong>p.</strong></span> <span class='ocrx_word' id='word_1_734' title='bbox 1471 5111 1542 5168; x_wconf 78' lang='grc'><strong>64</strong></span> <span class='ocrx_word' id='word_1_735' title='bbox 1564 5122 1610 5169; x_wconf 86' lang='lat' dir='ltr'><strong>et</strong></span> <span class='ocrx_word' id='word_1_736' title='bbox 1628 5115 1791 5185; x_wconf 85' lang='lat' dir='ltr'><strong>seqq.)</strong></span> <span class='ocrx_word' id='word_1_737' title='bbox 1821 5130 1886 5172; x_wconf 84' lang='lat' dir='ltr'><strong>ea</strong></span> 
     </span>
    </p>
   </div>
   <div class='ocr_carea' id='block_1_98' title="bbox 278 5190 1943 5265">
    <p class='ocr_par' dir='ltr' id='par_1_98' title="bbox 278 5190 1943 5265">
     <span class='ocr_line' id='line_1_98' title="bbox 278 5190 1943 5265; baseline 0.014 -22"><span class='ocrx_word' id='word_1_738' title='bbox 278 5190 466 5244; x_wconf 83' lang='lat' dir='ltr'><strong>omnia</strong></span> <span class='ocrx_word' id='word_1_739' title='bbox 509 5191 727 5261; x_wconf 84' lang='lat' dir='ltr'><strong>refellit,</strong></span> <span class='ocrx_word' id='word_1_740' title='bbox 753 5210 873 5265; x_wconf 71' lang='lat' dir='ltr'><strong>quae</strong></span> <span class='ocrx_word' id='word_1_741' title='bbox 918 5199 985 5254; x_wconf 88' lang='lat' dir='ltr'><strong>de</strong></span> <span class='ocrx_word' id='word_1_742' title='bbox 1010 5198 1118 5256; x_wconf 85' lang='lat' dir='ltr'><strong>illis</strong></span> <span class='ocrx_word' id='word_1_743' title='bbox 1146 5214 1179 5254; x_wconf 88' lang='lat' dir='ltr'><strong>a</strong></span> <span class='ocrx_word' id='word_1_744' title='bbox 1208 5200 1454 5260; x_wconf 75' lang='lat' dir='ltr'><strong>Varrone</strong></span> <span class='ocrx_word' id='word_1_745' title='bbox 1498 5203 1551 5260; x_wconf 80' lang='lat' dir='ltr'><strong>in</strong></span> <span class='ocrx_word' id='word_1_746' title='bbox 1597 5206 1778 5263; x_wconf 86' lang='lat' dir='ltr'><strong>citatis</strong></span> <span class='ocrx_word' id='word_1_747' title='bbox 1817 5207 1887 5265; x_wconf 83' lang='lat' dir='ltr'><strong>ab</strong></span> <span class='ocrx_word' id='word_1_748' title='bbox 1938 5252 1943 5259; x_wconf 60' lang='lat'><strong>.</strong></span> 
     </span>
    </p>
   </div>
   <div class='ocr_carea' id='block_1_99' title="bbox 287 5281 1887 5359">
    <p class='ocr_par' dir='ltr' id='par_1_99' title="bbox 287 5281 1887 5359">
     <span class='ocr_line' id='line_1_99' title="bbox 287 5281 1887 5359; baseline 0.015 -24"><span class='ocrx_word' id='word_1_749' title='bbox 287 5281 587 5353; x_wconf 66' lang='lat' dir='ltr'><strong>Augustino</strong></span> <span class='ocrx_word' id='word_1_750' title='bbox 633 5285 906 5343; x_wconf 68' lang='lat' dir='ltr'><strong>sexdecim</strong></span> <span class='ocrx_word' id='word_1_751' title='bbox 955 5290 1023 5346; x_wconf 87' lang='lat' dir='ltr'><strong>de</strong></span> <span class='ocrx_word' id='word_1_752' title='bbox 1065 5291 1264 5349; x_wconf 83' lang='lat' dir='ltr'><strong>divinis</strong></span> <span class='ocrx_word' id='word_1_753' title='bbox 1313 5295 1475 5352; x_wconf 87' lang='lat' dir='ltr'><strong>rebus</strong></span> <span class='ocrx_word' id='word_1_754' title='bbox 1504 5296 1655 5354; x_wconf 80' lang='lat' dir='ltr'><strong>libris</strong></span> <span class='ocrx_word' id='word_1_755' title='bbox 1693 5298 1887 5359; x_wconf 83' lang='lat' dir='ltr'><strong>tradita</strong></span> 
     </span>
    </p>
   </div>
   <div class='ocr_carea' id='block_1_100' title="bbox 278 5375 1885 5465">
    <p class='ocr_par' dir='ltr' id='par_1_100' title="bbox 278 5375 1885 5465">
     <span class='ocr_line' id='line_1_100' title="bbox 278 5375 1885 5465; baseline 0.015 -37"><span class='ocrx_word' id='word_1_756' title='bbox 278 5375 496 5465; x_wconf 58' lang='lat' dir='ltr'><strong>(want</strong></span> <span class='ocrx_word' id='word_1_757' title='bbox 520 5376 787 5449; x_wconf 33' lang='lat' dir='ltr'><strong>(Augusta</strong></span> <span class='ocrx_word' id='word_1_758' title='bbox 828 5381 915 5436; x_wconf 79' lang='lat' dir='ltr'><strong>lib.</strong></span> <span class='ocrx_word' id='word_1_759' title='bbox 956 5381 1052 5450; x_wconf 74' lang='lat' dir='ltr'><strong>IV,</strong></span> <span class='ocrx_word' id='word_1_760' title='bbox 1105 5386 1168 5440; x_wconf 85' lang='lat' dir='ltr'><strong>de</strong></span> <span class='ocrx_word' id='word_1_761' title='bbox 1214 5387 1352 5442; x_wconf 74' lang='lat' dir='ltr'><strong>civit.</strong></span> <span class='ocrx_word' id='word_1_762' title='bbox 1401 5405 1522 5461; x_wconf 87' lang='lat' dir='ltr'><strong>cap.</strong></span> <span class='ocrx_word' id='word_1_763' title='bbox 1548 5389 1605 5461; x_wconf 77' lang='grc'><strong>2,</strong></span> <span class='ocrx_word' id='word_1_764' title='bbox 1633 5409 1690 5464; x_wconf 79' lang='lat' dir='ltr'><strong>p.</strong></span> <span class='ocrx_word' id='word_1_765' title='bbox 1732 5392 1885 5465; x_wconf 73' lang='grc'><strong>147).</strong></span> 
     </span>
    </p>
   </div>
   <div class='ocr_carea' id='block_1_101' title="bbox 278 5464 1888 5543">
    <p class='ocr_par' dir='ltr' id='par_1_101' title="bbox 278 5464 1888 5543">
     <span class='ocr_line' id='line_1_101' title="bbox 278 5464 1888 5543; baseline 0.014 -22"><span class='ocrx_word' id='word_1_766' title='bbox 278 5464 439 5522; x_wconf 59' lang='lat' dir='ltr'><strong>illum</strong></span> <span class='ocrx_word' id='word_1_767' title='bbox 460 5477 647 5525; x_wconf 66' lang='lat' dir='ltr'><strong>autem</strong></span> <span class='ocrx_word' id='word_1_768' title='bbox 672 5471 987 5529; x_wconf 68' lang='lat' dir='ltr'><strong>nominatim</strong></span> <span class='ocrx_word' id='word_1_769' title='bbox 1002 5469 1401 5537; x_wconf 76' lang='lat' dir='ltr'><strong>confutandum</strong></span> <span class='ocrx_word' id='word_1_770' title='bbox 1428 5497 1557 5539; x_wconf 83' lang='lat' dir='ltr'><strong>esse</strong></span> <span class='ocrx_word' id='word_1_771' title='bbox 1594 5485 1888 5543; x_wconf 66' lang='lat' dir='ltr'><strong>anliitratus</strong></span> 
     </span>
    </p>
   </div>
   <div class='ocr_carea' id='block_1_102' title="bbox 284 5565 1889 5641">
    <p class='ocr_par' dir='ltr' id='par_1_102' title="bbox 284 5565 1889 5641">
     <span class='ocr_line' id='line_1_102' title="bbox 284 5565 1889 5641; baseline 0.012 -24"><span class='ocrx_word' id='word_1_772' title='bbox 284 5565 552 5634; x_wconf 52' lang='lat' dir='ltr'><strong>estpquia</strong></span> <span class='ocrx_word' id='word_1_773' title='bbox 594 5566 836 5622; x_wconf 74' lang='lat' dir='ltr'><strong>omnium</strong></span> <span class='ocrx_word' id='word_1_774' title='bbox 875 5570 1222 5641; x_wconf 64' lang='lat' dir='ltr'><strong>scriptorum,</strong></span> <span class='ocrx_word' id='word_1_775' title='bbox 1244 5582 1312 5629; x_wconf 72' lang='lat' dir='ltr'><strong>at</strong></span> <span class='ocrx_word' id='word_1_776' title='bbox 1335 5589 1436 5631; x_wconf 87' lang='lat' dir='ltr'><strong>suo</strong></span> <span class='ocrx_word' id='word_1_777' title='bbox 1481 5576 1603 5634; x_wconf 86' lang='lat' dir='ltr'><strong>loco</strong></span> <span class='ocrx_word' id='word_1_778' title='bbox 1644 5580 1889 5637; x_wconf 78' lang='lat' dir='ltr'><strong>ostendi-</strong></span> 
     </span>
    </p>
   </div>
   <div class='ocr_carea' id='block_1_103' title="bbox 284 5658 1886 5747">
    <p class='ocr_par' dir='ltr' id='par_1_103' title="bbox 284 5658 1886 5747">
     <span class='ocr_line' id='line_1_103' title="bbox 284 5658 1886 5747; baseline 0.013 -35"><span class='ocrx_word' id='word_1_779' title='bbox 284 5671 406 5713; x_wconf 87' lang='lat' dir='ltr'><strong>mus</strong></span> <span class='ocrx_word' id='word_1_780' title='bbox 434 5658 728 5729; x_wconf 87' lang='lat' dir='ltr'><strong>(Dissertat.</strong></span> <span class='ocrx_word' id='word_1_781' title='bbox 772 5663 828 5716; x_wconf 87' lang='lat' dir='ltr'><strong>in</strong></span> <span class='ocrx_word' id='word_1_782' title='bbox 870 5661 1113 5721; x_wconf 84' lang='lat' dir='ltr'><strong>Lactant.</strong></span> <span class='ocrx_word' id='word_1_783' title='bbox 1143 5682 1267 5739; x_wconf 88' lang='lat' dir='ltr'><strong>cap.</strong></span> <span class='ocrx_word' id='word_1_784' title='bbox 1297 5669 1421 5739; x_wconf 69' lang='lat' dir='ltr'><strong>ulL,</strong></span> <span class='ocrx_word' id='word_1_785' title='bbox 1447 5680 1549 5727; x_wconf 81' lang='lat' dir='ltr'><strong>art.</strong></span> <span class='ocrx_word' id='word_1_786' title='bbox 1586 5670 1667 5747; x_wconf 68' lang='grc' dir='ltr'><strong>ὅ),</strong></span> <span class='ocrx_word' id='word_1_787' title='bbox 1695 5674 1886 5733; x_wconf 82' lang='lat' dir='ltr'><strong>acutis—</strong></span> 
     </span>
    </p>
   </div>
   <div class='ocr_carea' id='block_1_104' title="bbox 283 5751 1389 5829">
    <p class='ocr_par' dir='ltr' id='par_1_104' title="bbox 283 5751 1389 5829">
     <span class='ocr_line' id='line_1_104' title="bbox 283 5751 1389 5829; baseline 0.009 -20"><span class='ocrx_word' id='word_1_788' title='bbox 283 5751 453 5809; x_wconf 81' lang='lat' dir='ltr'><strong>simus</strong></span> <span class='ocrx_word' id='word_1_789' title='bbox 476 5755 924 5829; x_wconf 84' lang='lat' dir='ltr'><strong>doctissimusque</strong></span> <span class='ocrx_word' id='word_1_790' title='bbox 948 5759 1389 5819; x_wconf 79' lang='lat' dir='ltr'><strong>existimabatur.</strong></span> 
     </span>
    </p>
   </div>
   <div class='ocr_carea' id='block_1_105' title="bbox 354 5840 1884 5937">
    <p class='ocr_par' dir='ltr' id='par_1_105' title="bbox 354 5840 1884 5937">
     <span class='ocr_line' id='line_1_105' title="bbox 354 5840 1884 5937; baseline 0.011 -32"><span class='ocrx_word' id='word_1_791' title='bbox 354 5840 572 5923; x_wconf 72' lang='lat' dir='ltr'><strong>Triplei</strong></span> <span class='ocrx_word' id='word_1_792' title='bbox 606 5862 794 5910; x_wconf 79' lang='lat' dir='ltr'><strong>autem</strong></span> <span class='ocrx_word' id='word_1_793' title='bbox 838 5852 925 5912; x_wconf 90' lang='lat' dir='ltr'><strong>ille</strong></span> <span class='ocrx_word' id='word_1_794' title='bbox 960 5852 1284 5914; x_wconf 77' lang='lat' dir='ltr'><strong>distimerat</strong></span> <span class='ocrx_word' id='word_1_795' title='bbox 1322 5858 1540 5930; x_wconf 75' lang='lat' dir='ltr'><strong>gentilis</strong></span> <span class='ocrx_word' id='word_1_796' title='bbox 1573 5860 1884 5937; x_wconf 62' lang='lat' dir='ltr'><strong>theologia,</strong></span> 
     </span>
    </p>
   </div>
   <div class='ocr_carea' id='block_1_106' title="bbox 1990 4728 3677 4814">
    <p class='ocr_par' dir='ltr' id='par_1_106' title="bbox 1990 4728 3677 4814">
     <span class='ocr_line' id='line_1_106' title="bbox 1990 4728 3677 4814; baseline 0.006 -28"><span class='ocrx_word' id='word_1_797' title='bbox 1990 4744 2092 4786; x_wconf 89' lang='lat' dir='ltr'><strong>nus</strong></span> <span class='ocrx_word' id='word_1_798' title='bbox 2111 4728 2351 4787; x_wconf 89' lang='lat' dir='ltr'><strong>funditus</strong></span> <span class='ocrx_word' id='word_1_799' title='bbox 2389 4731 2857 4805; x_wconf 76' lang='lat' dir='ltr'><strong>evertuntUdem,</strong></span> <span class='ocrx_word' id='word_1_800' title='bbox 2880 4735 2970 4790; x_wconf 88' lang='lat' dir='ltr'><strong>lib.</strong></span> <span class='ocrx_word' id='word_1_801' title='bbox 3000 4735 3084 4802; x_wconf 86' lang='lat' dir='ltr'><strong>VI,</strong></span> <span class='ocrx_word' id='word_1_802' title='bbox 3126 4752 3239 4809; x_wconf 87' lang='lat' dir='ltr'><strong>cap.</strong></span> <span class='ocrx_word' id='word_1_803' title='bbox 3275 4738 3309 4793; x_wconf 85' lang='lat'><strong>5</strong></span> <span class='ocrx_word' id='word_1_804' title='bbox 3335 4747 3383 4794; x_wconf 88' lang='lat' dir='ltr'><strong>et</strong></span> <span class='ocrx_word' id='word_1_805' title='bbox 3419 4755 3585 4814; x_wconf 61' lang='grc' dir='ltr'><strong>θείη,</strong></span> <span class='ocrx_word' id='word_1_806' title='bbox 3674 4776 3677 4779; x_wconf 96' lang='grc'><strong><em>-</em></strong></span> 
     </span>
    </p>
   </div>
   <div class='ocr_carea' id='block_1_107' title="bbox 1988 4823 3588 4905">
    <p class='ocr_par' dir='ltr' id='par_1_107' title="bbox 1988 4823 3588 4905">
     <span class='ocr_line' id='line_1_107' title="bbox 1988 4823 3588 4905; baseline 0.008 -28"><span class='ocrx_word' id='word_1_807' title='bbox 1988 4840 2109 4896; x_wconf 84' lang='lat' dir='ltr'><strong>pag.</strong></span> <span class='ocrx_word' id='word_1_808' title='bbox 2139 4823 2245 4881; x_wconf 76' lang='grc'><strong>150</strong></span> <span class='ocrx_word' id='word_1_809' title='bbox 2271 4833 2317 4879; x_wconf 87' lang='lat' dir='ltr'><strong>et</strong></span> <span class='ocrx_word' id='word_1_810' title='bbox 2344 4823 2527 4898; x_wconf 69' lang='lat' dir='ltr'><strong>seqq).</strong></span> <span class='ocrx_word' id='word_1_811' title='bbox 2561 4825 2791 4883; x_wconf 86' lang='lat' dir='ltr'><strong>Necesse</strong></span> <span class='ocrx_word' id='word_1_812' title='bbox 2818 4828 2977 4900; x_wconf 78' lang='lat' dir='ltr'><strong>igitur</strong></span> <span class='ocrx_word' id='word_1_813' title='bbox 2999 4843 3105 4884; x_wconf 90' lang='lat' dir='ltr'><strong>non</strong></span> <span class='ocrx_word' id='word_1_814' title='bbox 3137 4838 3240 4898; x_wconf 91' lang='lat' dir='ltr'><strong>est,</strong></span> <span class='ocrx_word' id='word_1_815' title='bbox 3271 4840 3328 4886; x_wconf 90' lang='lat' dir='ltr'><strong>ut</strong></span> <span class='ocrx_word' id='word_1_816' title='bbox 3373 4847 3435 4888; x_wconf 90' lang='lat' dir='ltr'><strong>ea</strong></span> <span class='ocrx_word' id='word_1_817' title='bbox 3465 4849 3588 4905; x_wconf 63' lang='lat' dir='ltr'><strong>quae</strong></span> 
     </span>
    </p>
   </div>
   <div class='ocr_carea' id='block_1_108' title="bbox 1988 4916 3590 4996">
    <p class='ocr_par' dir='ltr' id='par_1_108' title="bbox 1988 4916 3590 4996">
     <span class='ocr_line' id='line_1_108' title="bbox 1988 4916 3590 4996; baseline 0.007 -25"><span class='ocrx_word' id='word_1_818' title='bbox 1988 4917 2059 4971; x_wconf 88' lang='lat' dir='ltr'><strong>ab</strong></span> <span class='ocrx_word' id='word_1_819' title='bbox 2100 4916 2207 4973; x_wconf 91' lang='lat' dir='ltr'><strong>hoc</strong></span> <span class='ocrx_word' id='word_1_820' title='bbox 2248 4926 2397 4973; x_wconf 89' lang='lat' dir='ltr'><strong>tanto</strong></span> <span class='ocrx_word' id='word_1_821' title='bbox 2436 4918 2659 4976; x_wconf 89' lang='lat' dir='ltr'><strong>doctore</strong></span> <span class='ocrx_word' id='word_1_822' title='bbox 2695 4921 3000 4978; x_wconf 82' lang='lat' dir='ltr'><strong>examinata</strong></span> <span class='ocrx_word' id='word_1_823' title='bbox 3039 4923 3422 4996; x_wconf 73' lang='lat' dir='ltr'><strong>enucleateque</strong></span> <span class='ocrx_word' id='word_1_824' title='bbox 3460 4935 3590 4982; x_wconf 86' lang='lat' dir='ltr'><strong>sunt</strong></span> 
     </span>
    </p>
   </div>
   <div class='ocr_carea' id='block_1_109' title="bbox 1991 5009 3588 5091">
    <p class='ocr_par' dir='ltr' id='par_1_109' title="bbox 1991 5009 3588 5091">
     <span class='ocr_line' id='line_1_109' title="bbox 1991 5009 3588 5091; baseline 0.008 -25"><span class='ocrx_word' id='word_1_825' title='bbox 1991 5009 2185 5083; x_wconf 83' lang='lat' dir='ltr'><strong>(Idem,</strong></span> <span class='ocrx_word' id='word_1_826' title='bbox 2209 5010 2299 5068; x_wconf 79' lang='lat' dir='ltr'><strong>lib.</strong></span> <span class='ocrx_word' id='word_1_827' title='bbox 2338 5010 2429 5077; x_wconf 86' lang='lat' dir='ltr'><strong>IV,</strong></span> <span class='ocrx_word' id='word_1_828' title='bbox 2452 5029 2567 5086; x_wconf 88' lang='lat' dir='ltr'><strong>cap.</strong></span> <span class='ocrx_word' id='word_1_829' title='bbox 2597 5014 2660 5071; x_wconf 77' lang='grc'><strong>51</strong></span> <span class='ocrx_word' id='word_1_830' title='bbox 2688 5024 2734 5069; x_wconf 89' lang='lat' dir='ltr'><strong>et</strong></span> <span class='ocrx_word' id='word_1_831' title='bbox 2758 5031 2918 5085; x_wconf 84' lang='lat' dir='ltr'><strong>seqq.,</strong></span> <span class='ocrx_word' id='word_1_832' title='bbox 2942 5023 2992 5070; x_wconf 88' lang='lat' dir='ltr'><strong>et</strong></span> <span class='ocrx_word' id='word_1_833' title='bbox 3037 5014 3125 5070; x_wconf 86' lang='lat' dir='ltr'><strong>lib.</strong></span> <span class='ocrx_word' id='word_1_834' title='bbox 3148 5014 3284 5083; x_wconf 82' lang='lat' dir='ltr'><strong>VIII,</strong></span> <span class='ocrx_word' id='word_1_835' title='bbox 3326 5035 3440 5091; x_wconf 85' lang='lat' dir='ltr'><strong>cap.</strong></span> <span class='ocrx_word' id='word_1_836' title='bbox 3485 5021 3512 5076; x_wconf 75' lang='grc'><strong>1</strong></span> <span class='ocrx_word' id='word_1_837' title='bbox 3538 5031 3588 5078; x_wconf 84' lang='lat' dir='ltr'><strong>et</strong></span> 
     </span>
    </p>
   </div>
   <div class='ocr_carea' id='block_1_110' title="bbox 1989 5106 3587 5179">
    <p class='ocr_par' dir='ltr' id='par_1_110' title="bbox 1989 5106 3587 5179">
     <span class='ocr_line' id='line_1_110' title="bbox 1989 5106 3587 5179; baseline 0.007 -19"><span class='ocrx_word' id='word_1_838' title='bbox 1989 5122 2150 5178; x_wconf 80' lang='lat' dir='ltr'><strong>seqq.,</strong></span> <span class='ocrx_word' id='word_1_839' title='bbox 2179 5123 2299 5179; x_wconf 87' lang='lat' dir='ltr'><strong>pag.</strong></span> <span class='ocrx_word' id='word_1_840' title='bbox 2349 5106 2453 5164; x_wconf 74' lang='grc'><strong>162</strong></span> <span class='ocrx_word' id='word_1_841' title='bbox 2499 5118 2544 5162; x_wconf 86' lang='lat' dir='ltr'><strong>et</strong></span> <span class='ocrx_word' id='word_1_842' title='bbox 2572 5107 2757 5178; x_wconf 85' lang='lat' dir='ltr'><strong>scqq.),</strong></span> <span class='ocrx_word' id='word_1_843' title='bbox 2802 5108 3110 5179; x_wconf 80' lang='lat' dir='ltr'><strong>singillatim</strong></span> <span class='ocrx_word' id='word_1_844' title='bbox 3155 5124 3185 5164; x_wconf 87' lang='lat' dir='ltr'><strong>a</strong></span> <span class='ocrx_word' id='word_1_845' title='bbox 3234 5112 3391 5168; x_wconf 85' lang='lat' dir='ltr'><strong>nobis</strong></span> <span class='ocrx_word' id='word_1_846' title='bbox 3441 5130 3587 5170; x_wconf 89' lang='lat' dir='ltr'><strong>nunc</strong></span> 
     </span>
    </p>
   </div>
   <div class='ocr_carea' id='block_1_111' title="bbox 1991 5184 3769 5279">
    <p class='ocr_par' dir='ltr' id='par_1_111' title="bbox 1991 5184 3769 5279">
     <span class='ocr_line' id='line_1_111' title="bbox 1991 5184 3769 5279; baseline 0.004 -23"><span class='ocrx_word' id='word_1_847' title='bbox 1991 5202 2345 5272; x_wconf 85' lang='lat' dir='ltr'><strong>explicentur.</strong></span> <span class='ocrx_word' id='word_1_848' title='bbox 2379 5200 2580 5257; x_wconf 88' lang='lat' dir='ltr'><strong>Deinde</strong></span> <span class='ocrx_word' id='word_1_849' title='bbox 2607 5215 2736 5256; x_wconf 89' lang='lat' dir='ltr'><strong>vero</strong></span> <span class='ocrx_word' id='word_1_850' title='bbox 2781 5201 2827 5255; x_wconf 90' lang='lat' dir='ltr'><strong>si</strong></span> <span class='ocrx_word' id='word_1_851' title='bbox 2875 5200 3002 5272; x_wconf 90' lang='lat' dir='ltr'><strong>quid</strong></span> <span class='ocrx_word' id='word_1_852' title='bbox 3034 5202 3087 5257; x_wconf 90' lang='lat' dir='ltr'><strong>in</strong></span> <span class='ocrx_word' id='word_1_853' title='bbox 3133 5202 3213 5259; x_wconf 88' lang='lat' dir='ltr'><strong>eis</strong></span> <span class='ocrx_word' id='word_1_854' title='bbox 3252 5194 3587 5263; x_wconf 77' lang='lat' dir='ltr'><strong>difficultatis</strong></span> <span class='ocrx_word' id='word_1_855' title='bbox 3704 5272 3709 5279; x_wconf 25' lang='grc' dir='ltr'><strong>η</strong></span> <span class='ocrx_word' id='word_1_856' title='bbox 3756 5184 3769 5191; x_wconf 49' lang='grc'><em>’</em></span> 
     </span>
    </p>
   </div>
   <div class='ocr_carea' id='block_1_112' title="bbox 1982 5282 3588 5367">
    <p class='ocr_par' dir='ltr' id='par_1_112' title="bbox 1982 5282 3588 5367">
     <span class='ocr_line' id='line_1_112' title="bbox 1982 5282 3588 5367; baseline 0.004 -13"><span class='ocrx_word' id='word_1_857' title='bbox 1982 5296 2243 5364; x_wconf 87' lang='lat' dir='ltr'><strong>occurrit,</strong></span> <span class='ocrx_word' id='word_1_858' title='bbox 2277 5296 2328 5352; x_wconf 82' lang='lat' dir='ltr'><strong>id</strong></span> <span class='ocrx_word' id='word_1_859' title='bbox 2354 5296 2409 5353; x_wconf 89' lang='lat' dir='ltr'><strong>in</strong></span> <span class='ocrx_word' id='word_1_860' title='bbox 2456 5296 2559 5353; x_wconf 88' lang='lat' dir='ltr'><strong>hac</strong></span> <span class='ocrx_word' id='word_1_861' title='bbox 2600 5296 2830 5367; x_wconf 86' lang='lat' dir='ltr'><strong>aliisque</strong></span> <span class='ocrx_word' id='word_1_862' title='bbox 2873 5297 3071 5351; x_wconf 89' lang='lat' dir='ltr'><strong>nostris</strong></span> <span class='ocrx_word' id='word_1_863' title='bbox 3120 5282 3588 5361; x_wconf 73' lang='lat' dir='ltr'><strong>dissertationibus</strong></span> 
     </span>
    </p>
   </div>
   <div class='ocr_carea' id='block_1_113' title="bbox 1986 5387 3195 5467">
    <p class='ocr_par' dir='ltr' id='par_1_113' title="bbox 1986 5387 3195 5467">
     <span class='ocr_line' id='line_1_113' title="bbox 1986 5387 3195 5467; baseline 0.001 -22"><span class='ocrx_word' id='word_1_864' title='bbox 1986 5404 2089 5463; x_wconf 78' lang='lat' dir='ltr'><strong>pne</strong></span> <span class='ocrx_word' id='word_1_865' title='bbox 2119 5389 2258 5445; x_wconf 72' lang='lat' dir='ltr'><strong>uirili</strong></span> <span class='ocrx_word' id='word_1_866' title='bbox 2290 5399 2440 5462; x_wconf 87' lang='lat' dir='ltr'><strong>parte</strong></span> <span class='ocrx_word' id='word_1_867' title='bbox 2465 5396 2648 5467; x_wconf 84' lang='lat' dir='ltr'><strong>nostra</strong></span> <span class='ocrx_word' id='word_1_868' title='bbox 2676 5387 3075 5459; x_wconf 87' lang='lat' dir='ltr'><strong>complanatum</strong></span> <span class='ocrx_word' id='word_1_869' title='bbox 3095 5398 3195 5446; x_wconf 89' lang='lat' dir='ltr'><strong>est.</strong></span> 
     </span>
    </p>
   </div>
   <div class='ocr_carea' id='block_1_114' title="bbox 2560 5480 3017 5540">
    <p class='ocr_par' dir='ltr' id='par_1_114' title="bbox 2560 5480 3017 5540">
     <span class='ocr_line' id='line_1_114' title="bbox 2560 5480 3017 5540; baseline -0.002 -2"><span class='ocrx_word' id='word_1_870' title='bbox 2560 5480 2787 5540; x_wconf 76' lang='lat' dir='ltr'><strong>CAPUT</strong></span> <span class='ocrx_word' id='word_1_871' title='bbox 2825 5481 3017 5538; x_wconf 79' lang='lat' dir='ltr'><strong>XXVI.</strong></span> 
     </span>
    </p>
   </div>
   <div class='ocr_carea' id='block_1_115' title="bbox 1995 5574 3594 5657">
    <p class='ocr_par' dir='ltr' id='par_1_115' title="bbox 1995 5574 3594 5657">
     <span class='ocr_line' id='line_1_115' title="bbox 1995 5574 3594 5657; baseline 0.003 -24"><span class='ocrx_word' id='word_1_872' title='bbox 1995 5578 2161 5647; x_wconf 75' lang='lat' dir='ltr'><strong>Quam</strong></span> <span class='ocrx_word' id='word_1_873' title='bbox 2181 5578 2462 5636; x_wconf 82' lang='lat' dir='ltr'><strong>luculenter</strong></span> <span class='ocrx_word' id='word_1_874' title='bbox 2484 5574 2832 5632; x_wconf 84' lang='lat' dir='ltr'><strong>Tertullianus</strong></span> <span class='ocrx_word' id='word_1_875' title='bbox 2861 5576 3178 5633; x_wconf 85' lang='lat' dir='ltr'><strong>ethnicorum</strong></span> <span class='ocrx_word' id='word_1_876' title='bbox 3194 5578 3398 5649; x_wconf 82' lang='lat' dir='ltr'><strong>litteris,</strong></span> <span class='ocrx_word' id='word_1_877' title='bbox 3427 5582 3594 5657; x_wconf 50' lang='lat' dir='ltr'><strong>scrip.</strong></span> 
     </span>
    </p>
   </div>
   <div class='ocr_carea' id='block_1_116' title="bbox 2134 5671 3440 5745">
    <p class='ocr_par' dir='ltr' id='par_1_116' title="bbox 2134 5671 3440 5745">
     <span class='ocr_line' id='line_1_116' title="bbox 2134 5671 3440 5745; baseline 0.001 -16"><span class='ocrx_word' id='word_1_878' title='bbox 2134 5675 2296 5745; x_wconf 83' lang='lat' dir='ltr'><strong>lisque</strong></span> <span class='ocrx_word' id='word_1_879' title='bbox 2312 5672 2545 5728; x_wconf 80' lang='lat' dir='ltr'><strong>ostendat</strong></span> <span class='ocrx_word' id='word_1_880' title='bbox 2574 5671 2737 5743; x_wconf 76' lang='lat' dir='ltr'><strong>falsos</strong></span> <span class='ocrx_word' id='word_1_881' title='bbox 2755 5688 2861 5729; x_wconf 89' lang='lat' dir='ltr'><strong>esse</strong></span> <span class='ocrx_word' id='word_1_882' title='bbox 2886 5688 3058 5728; x_wconf 86' lang='lat' dir='ltr'><strong>omnes</strong></span> <span class='ocrx_word' id='word_1_883' title='bbox 3070 5672 3277 5729; x_wconf 84' lang='lat' dir='ltr'><strong>illorum</strong></span> <span class='ocrx_word' id='word_1_884' title='bbox 3300 5676 3440 5732; x_wconf 81' lang='lat' dir='ltr'><strong>deos.</strong></span> 
     </span>
    </p>
   </div>
   <div class='ocr_carea' id='block_1_117' title="bbox 2521 5780 3063 5824">
    <p class='ocr_par' dir='ltr' id='par_1_117' title="bbox 2521 5780 3063 5824">
     <span class='ocr_line' id='line_1_117' title="bbox 2521 5780 3063 5824; baseline 0.002 -1"><span class='ocrx_word' id='word_1_885' title='bbox 2521 5780 2815 5823; x_wconf 72' lang='lat' dir='ltr'><strong>ARTICULUS</strong></span> <span class='ocrx_word' id='word_1_886' title='bbox 2854 5783 3063 5824; x_wconf 60' lang='lat' dir='ltr'><strong>PRIMUS.</strong></span> 
     </span>
    </p>
   </div>
   <div class='ocr_carea' id='block_1_118' title="bbox 1992 5857 3589 5938">
    <p class='ocr_par' dir='ltr' id='par_1_118' title="bbox 1992 5857 3589 5938">
     <span class='ocr_line' id='line_1_118' title="bbox 1992 5857 3589 5938; baseline 0.002 -16"><span class='ocrx_word' id='word_1_887' title='bbox 1992 5859 2259 5933; x_wconf 73' lang='lat' dir='ltr'><strong>Quomodo</strong></span> <span class='ocrx_word' id='word_1_888' title='bbox 2293 5857 2646 5918; x_wconf 79' lang='lat' dir='ltr'><strong>Tertullianus</strong></span> <span class='ocrx_word' id='word_1_889' title='bbox 2663 5858 2970 5918; x_wconf 83' lang='lat' dir='ltr'><strong>demonstret</strong></span> <span class='ocrx_word' id='word_1_890' title='bbox 2997 5862 3156 5934; x_wconf 76' lang='lat' dir='ltr'><strong>falsos</strong></span> <span class='ocrx_word' id='word_1_891' title='bbox 3188 5874 3298 5921; x_wconf 84' lang='lat' dir='ltr'><strong>esse</strong></span> <span class='ocrx_word' id='word_1_892' title='bbox 3320 5862 3589 5938; x_wconf 80' lang='lat' dir='ltr'><strong>gentilium</strong></span> 
     </span>
    </p>
   </div>
  </div>
