4076 6356
534 308 674 369 1105

1589 311 1654 368 IN
1697 306 2156 368 TERTULLIANI
2194 303 2724 373 APOLOGETICUM

3696 318 3845 378 1104

607 431 726 485 deos
745 446 808 485 ex
835 427 1030 493 litteris,
1058 427 1235 500 quibus
1258 428 1325 483 ad
1357 427 1678 500 prudentiam
1702 438 1748 484 et
1769 429 1998 483 liberalia
2025 427 2126 497 o/ﬁ-
2152 427 2205 488 A
2231 429 2460 500 scriptor
2477 441 2579 499 est,
2609 441 2720 488 tum
2748 432 2872 502 quia
2905 433 3098 505 scripta
3122 432 3276 490 illius
3307 432 3436 490 tanti
3469 434 3757 504 faciebam,
3781 448 3843 494 ut

607 523 1133 594 ciainformabantur,
1175 531 1324 592 atque
1366 523 1679 579 docebantur
1714 523 1882 578 varias
1921 521 2132 577 deorum

527 673 536 683 ,
604 616 736 671 inter
757 633 812 671 se
835 633 1053 690 pugnas,
1091 615 1334 672 Venerem
1357 619 1657 685 sauciatam,
1676 615 1892 671 Martem
1916 615 2131 672 uinculis

604 710 692 766 diu
729 713 1050 780 adstrictum,
1076 713 1255 770 Iovem
1301 731 1332 769 a
1359 725 1583 770 monstro
1611 716 1896 783 liberatum,
1920 714 1998 768 vel
2044 728 2131 767 ca-

605 818 716 856 sum
744 803 1057 878 Sarpedonis
1077 808 1302 878 ﬂentem,
1321 809 1400 862 vel
1419 809 1678 864 subantem
1700 811 1751 864 in
1774 809 1961 864 sororis
1987 825 2130 864 amo-

606 911 744 960 rem,
773 897 889 950 item
907 899 1158 970 Apollinis
1181 909 1225 953 et
1254 900 1483 972 Neptuni
1511 902 1817 969 servitutem,
1835 900 2128 972 judicatum

605 991 820 1060 fulmine
856 990 1244 1065 xEsculapium,
1275 1010 1335 1048 ac
1361 995 1619 1066 tragtediis
1649 1005 1934 1066 poetarum,
1964 995 2129 1048 nomi-

602 1081 764 1136 natim
789 1082 1131 1152 veroLentuli
1147 1093 1192 1138 et
1233 1082 1463 1150 Hostilii,
1495 1086 1708 1156 aliisque
1733 1085 2015 1141 masculum
2043 1085 2126 1138 lu-

600 1189 721 1226 nam
748 1174 1095 1232 irridentibus.

601 1265 678 1320 Ea
704 1274 787 1321 est
813 1268 1013 1321 erroris
1035 1276 1241 1334 natura,
1270 1277 1328 1322 ut
1352 1267 1444 1323 diu
1478 1268 1577 1324 sibi
1612 1267 1710 1338 ipsi
1745 1284 1849 1324 non
1892 1275 2121 1336 constet,

526 1360 886 1432 sequeipsum
921 1369 1030 1416 tum
1059 1362 1224 1417 etiam
1261 1362 1525 1429 destruat,
1570 1377 1692 1418 cum
1738 1362 1994 1418 audacius
2037 1377 2125 1416 ca-

525 1462 622 1522 put
676 1452 892 1507 attollit.
942 1453 1058 1508 Non
1109 1455 1303 1512 mirum
1359 1455 1557 1526 itaque,
1606 1457 1650 1510 si
1699 1455 1899 1512 ethnici
1943 1455 2122 1512 datam

486 1546 751 1601 “mortuis
804 1546 1108 1603 hominibus
1161 1549 1496 1605 divinitatem
1549 1550 1619 1605 ibi
1669 1552 1985 1616 everterint,
2031 1549 2122 1607 ubi

521 1654 641 1699 eam
664 1641 866 1694 lirmius
883 1640 1124 1696 stabilire
1145 1641 1430 1697 debebant.
1467 1641 1662 1697 Nullihi
1690 1642 1833 1698 enim
1855 1643 2053 1698 clarius
2069 1651 2124 1697 et

521 1731 803 1786 enodatius
829 1732 1144 1801 exponenda
1178 1743 1312 1798 erat,
1341 1750 1498 1803 quam
1519 1734 1568 1788 in
1595 1733 1656 1787 iis
1691 1734 1902 1801 litteris,
1925 1733 2119 1805 quibus

2233 521 2599 580 adolescentes
2617 525 2681 581 iis
2699 524 2766 580 ad
2798 525 3158 596 prudentiam,
3179 527 3319 582 sicut
3347 542 3471 583 mox
3497 526 3837 598 dicebamus,

2232 625 2288 672 et
2313 617 2552 672 liberalia
2577 618 2751 672 ofﬁcia
2774 618 3136 674 erudirentur.
3165 617 3222 674 Si
3250 621 3367 690 quis
3395 628 3571 676 tamen
3593 621 3839 692 sagacior

2231 709 2392 764 alium
2424 725 2451 763 a
2479 708 2808 766 Tertulliano
2835 710 3057 767 indicari
3087 711 3367 778 ostendat,
3409 710 3554 768 hunc
3585 711 3836 769 lubenter

2230 800 2527 856 audiemus.
2552 801 2934 859 Animadverte
2965 811 3164 870 tamen,
3192 818 3397 873 qu.eso,
3425 803 3600 873 ipsum
3628 803 3828 860 Henne-

2231 911 2350 950 rum
2373 896 2686 951 nominatim
2714 895 2972 968 appellari
2997 897 3078 951 his
3103 897 3553 967 subsequentibus
3579 898 3833 954 Auctoris

2231 989 2398 1043 nostri
2438 987 2646 1043 verbis:
2678 987 2862 1042 Adhuc
2905 988 3225 1042 meminimus
3260 987 3503 1056 Homeri,
3525 990 3614 1044 ille
3651 989 3833 1061 opinor

2228 1090 2321 1146 est,
2335 1081 2422 1151 qui
2435 1080 2658 1136 divinam
2682 1081 2997 1152 majestatem
3018 1081 3244 1135 humana
3265 1081 3555 1135 conditione
3575 1082 3829 1150 tractavit,

2227 1172 2427 1228 casibus
2475 1181 2523 1227 et
2577 1171 2900 1243 passionibus
2930 1172 3169 1226 humanis
3199 1171 3320 1227 deos
3353 1171 3584 1227 imbuens
3613 1169 3830 1243 (lbid.),

2229 1265 2279 1321 id
2310 1275 2417 1330 est,
2450 1264 2709 1321 omnibus
2737 1264 2901 1322 etiam
2932 1263 3247 1322 lmdissimis
3278 1263 3528 1321 humanis
3548 1263 3833 1322 atlectibus

2226 1372 2290 1412 ac
2318 1357 2460 1411 vitiis
2489 1365 2796 1427 corruptos.

2298 1449 2366 1504 Et
2385 1459 2534 1506 certe
2563 1450 2654 1506 ille
2685 1464 2988 1522 graecorum
3013 1459 3292 1522 poetarum
3314 1448 3635 1522 corypbaaus
3658 1449 3834 1508 libros

2226 1555 2356 1598 suos
2383 1543 2535 1599 hisce
2581 1542 2803 1600 deorum
2838 1543 3074 1600 infamiis
3105 1543 3301 1614 passim
3355 1543 3554 1614 ubique
3583 1542 3832 1600 fcedavit.

2227 1635 2504 1692 Nonnulla
2531 1646 2712 1691 autem
2734 1637 2936 1692 Auctor
2958 1645 3160 1698 noster,
3187 1651 3254 1692 ne
3282 1634 3416 1692 foret
3435 1635 3667 1706 longior,
3691 1636 3838 1692 sele-

2224 1731 2584 1802 gitexempla,
2617 1745 2681 1786 ac
2735 1731 2864 1786 illud
2895 1730 3111 1802 quidem
3156 1731 3409 1800 primum,
3442 1745 3549 1801 quo
3571 1729 3836 1787 decantat

519 1825 894 1882 adolescentes
921 1826 1373 1892 infm'mabantur,
1427 1828 1499 1882 uti
1531 1829 1606 1882 ait
1629 1827 2016 1894 Tertullianns,
2048 1827 2115 1884 ad
2145 1827 2194 1887 Β
2222 1823 2352 1880 deos
2389 1824 2519 1878 inter
2543 1840 2596 1877 se
2622 1833 2827 1894 propter
2845 1821 3100 1891 Troianos
3126 1832 3170 1877 et
3214 1822 3427 1877 Achivos
3451 1865 3466 1890 ,
3517 1833 3574 1877 ut
3621 1823 3837 1894 gladia-

491 1920 844 1992 ‘prudentiam
867 1918 1198 1988 (Tertullian.
1231 1920 1522 1991 Apologet..
1555 1939 1674 1993 cap.
1699 1922 1786 1990 M,
1807 1939 1927 1993 pag.
1960 1920 2112 1993 351),

515 2027 656 2082 quae,
683 2022 818 2068 teste
840 2012 1122 2078 Cicerone,
1139 2023 1334 2067 constat
1362 2029 1424 2068 ea;
1450 2014 1660 2068 scientia
1678 2031 1847 2068 rerum
1867 2015 2114 2069 bonarum

513 2115 562 2159 et
591 2105 864 2169 malarum,
913 2114 958 2159 et
989 2121 1077 2159 nec
1104 2107 1352 2159 bonarum
1379 2123 1467 2160 nec
1495 2106 1784 2174 malarum;
1816 2116 1859 2161 et
1883 2106 2113 2160 liberalia

514 2198 676 2268 o/ﬁcia
703 2195 918 2267 (Cicer.,
942 2197 1026 2250 lib.
1065 2195 1151 2260 Ill,
1190 2199 1251 2251 de
1282 2196 1470 2252 Natur.
1502 2199 1670 2262 deor.,
1699 2214 1818 2270 pag.
1854 2195 2107 2263 245,.lin.

512 2290 630 2362 15),
661 2305 780 2361 qua:
809 2287 1056 2345 videlicet
1083 2291 1330 2359 liberum,
1366 2292 1536 2362 inquit
1561 2291 1866 2358 Terentius,
1889 2300 1943 2346 et
1965 2291 2110 2362 inge-

509 2397 676 2438 nuum
701 2383 971 2438 hominem
990 2384 1128 2438 scire
1157 2385 1377 2438 omnino
1406 2401 1616 2454 aequum
1639 2393 1722 2440 est
1747 2382 1973 2456 (Terent.
2001 2383 2107 2437 Eu-

506 2477 687 2541 nuclt.,
711 2486 811 2530 act.
844 2476 927 2539 Ill,
957 2492 1096 2530 scen.
1126 2475 1180 2538 2,
1199 2491 1250 2530 v.
1274 2476 1392 2542 24).
1421 2480 1482 2530 At
1508 2477 1558 2531 in
1578 2475 1862 2531 hislitteris
1887 2485 2103 2545 quanta,

503 2582 562 2626 nt
586 2571 820 2641 loquitur
845 2569 1044 2624 Auctor
1067 2579 1269 2634 noster,
1294 2569 1490 2622 invenio
1519 2568 1758 2636 ludibria,
1791 2568 1984 2640 quibus
2009 2583 2108 2624 nu-

504 2663 709 2716 minum
738 2675 956 2715 suorum
985 2660 1311 2714 inlamabant
1339 2661 1714 2716 divinitatem?

575 2753 630 2806 Si
661 2751 782 2822 quis
809 2766 936 2806 vero
979 2751 1210 2820 inquirat
1239 2768 1356 2821 quae
1405 2754 1512 2806 sint
1537 2767 1615 2807 ere
1643 2753 1833 2808 litterae
1858 2761 1917 2808 et
1951 2767 2102 2808 com-

501 2843 882 2910 mentationes,
929 2842 1374 2913 respondebimus
1397 2858 1462 2898 eo
1487 2843 1701 2898 nomine
1723 2854 1970 2914 poemata
1996 2844 2104 2900 Ho-

503 2937 638 2992 meri
665 2935 950 3008 designari.
985 2935 1115 3003 Qum
1138 2936 1281 2991 enim
1310 2937 1511 2990 Auctor
1543 2946 1722 2992 noster
1751 2937 1948 2993 ibidem
1975 2953 2099 2993 nar-

501 3038 609 3095 rat,
637 3027 754 3084 hzrc
777 3028 846 3083 ab
874 3027 1064 3084 eodem
1110 3037 1262 3098 poeta
1296 3027 1569 3083 delibavit.
1603 3027 1714 3084 Sibi
1759 3038 1938 3084 autem
1969 3029 2100 3085 illud

496 3124 541 3175 si
569 3121 690 3192 quis
714 3120 942 3191 alicujus
961 3120 1278 3192 auctoritate
1306 3119 1506 3175 lirn‘iari
1525 3120 1676 3188 velit,
1706 3137 1772 3176 en
1802 3133 1998 3191 praesto
2019 3130 2102 3177 est

2222 1925 2387 1969 torum
2419 1915 2586 1984 paria,
2604 1931 2903 1986 congressos
2931 1915 3250 1986 depugnasse
3294 1913 3492 1985 (Idem,
3522 1915 3828 1988 Apologel.,

2217 2022 2337 2075 cap.
2368 2006 2455 2071 M,
2485 2023 2538 2076 p.
2567 2005 2735 2076 551);
2771 2005 2885 2061 sive
2913 2006 3052 2061 sicut
3080 2004 3133 2059 in
3166 2003 3303 2060 libro
3328 2004 3694 2063 adNationes:
3717 2007 3827 2075 Qui

2216 2100 2278 2154 de
2311 2099 2414 2154 illis
2442 2100 2614 2168 favore
2643 2099 2856 2154 diversis
2876 2101 3190 2171 gladiatoria
3217 2103 3440 2171 quodam
3483 2102 3636 2156 modo
3666 2105 3825 2174 paria

2213 2193 2462 2247 commisit
2495 2191 2581 2264 (el
2611 2192 2698 2246 lib.
2747 2192 2766 2247 Ι
2797 2191 2865 2245 ad
2892 2190 3132 2256 Nation.,
3178 2209 3293 2263 cap.
3332 2192 3421 2262 10,
3453 2194 3679 2264 p.575).
3711 2194 3834 2253 Sed-

2212 2285 2331 2356 quis
2361 2287 2531 2340 nescit
2559 2300 2718 2356 quam
2750 2285 2946 2356 smpius
2979 2285 3066 2340 ille
3099 2287 3152 2339 in
3181 2283 3342 2341 Iliade
3367 2288 3624 2343 cecinerit
3646 2287 3817 2354 hasce

2212 2376 2431 2432 deorum
2457 2391 2682 2447 pugnas,
2713 2386 2768 2431 et
2799 2376 3085 2443 Venerem,
3127 2378 3281 2432 sicuti
3313 2380 3484 2449 pergit
3520 2378 3815 2438 Tertullia-

2211 2486 2312 2526 nus
2361 2469 2575 2542 (lbid.),
2611 2471 2841 2525 humana
2873 2472 3066 2542 sagitta
3114 2472 3428 2538 sauciatam,
3476 2471 3702 2530 Martem
3751 2477 3810 2532 in

2209 2562 2435 2618 vinculis
2463 2577 2600 2633 pene
2633 2573 3032 2633 consumptum,
3086 2562 3273 2618 Jovem
3334 2579 3475 2620 nunc
3527 2565 3816 2637 cujusdam

2207 2655 2434 2710 monstri
2480 2670 2642 2726 opera
2689 2656 2994 2723 liberatum,
3027 2656 3190 2712 modo
3238 2656 3453 2712 ﬂentem
3478 2652 3815 2730 Sarpedonis

2206 2761 2411 2813 casum,
2441 2763 2582 2803 nunc
2605 2749 2998 2804 obscenissimo
3028 2757 3317 2820 porcorum
3343 2766 3496 2806 more
3521 2753 3814 2810 subantem

2207 2841 2645 2912 prurientemque
2675 2841 2896 2896 libidine
2926 2842 2976 2895 in
3011 2857 3252 2896 sororem
3285 2858 3613 2912 uxoremque
3650 2860 3813 2900 suam

2204 2931 2494 3001 lunonem,
2529 2933 2655 2987 dum
2687 2933 2765 2988 illi
2799 2942 3008 3005 turpem
3049 2948 3205 2988 suum
3252 2934 3304 2988 in
3331 2935 3531 2990 amicas
3564 2951 3814 2993 amorem

2204 3027 2682 3084 commemorabat.
2713 3030 2781 3082 At
2806 3027 2874 3082 ibi
2898 3027 3074 3083 obiter
3093 3027 3488 3083 obsecrandum
3512 3027 3562 3082 in
3586 3027 3812 3110 Ptigaltii

2203 3122 2439 3178 editione
2465 3121 2783 3192 simpliciter
2829 3122 3122 3192 scriptum:
3187 3119 3428 3175 Venerem
3467 3123 3698 3176 humana
3724 3140 3813 3178 sa-

497 3213 752 3270 Minutius
784 3214 955 3280 Felix,
983 3214 1074 3285 qui
1103 3223 1382 3285 postquam
1428 3215 1572 3269 varia
1601 3215 1688 3270 illa
1710 3214 1930 3269 deorum
1960 3215 2093 3270 ludi-
2124 3223 2170 3286 ο
2203 3215 2329 3286 gitta
2357 3215 2657 3268 sauciatam.
2692 3212 2749 3268 ln
2780 3214 2976 3268 nostris
2999 3227 3126 3268 vero
3147 3213 3552 3283 manuscﬂptis,
3584 3224 3640 3270 et
3665 3216 3814 3271 anti-

491 3308 608 3363 hria
633 3323 697 3364 ex
731 3306 969 3376 Homeri,
1001 3322 1100 3362 suo
1123 3309 1338 3363 nomine
1365 3307 1636 3378 appellati,
1666 3308 1992 3364 carminibus
2018 3325 2097 3363 re-

495 3401 726 3466 censuit,
754 3400 832 3455 sic
855 3398 1224 3470 prosequitur:
1264 3398 1361 3454 llis
1385 3409 1534 3471 atque
1561 3399 1853 3472 lmjusmodi
1878 3402 2095 3470 ﬁgmen-

494 3494 600 3562 tis,
656 3502 704 3547 et
756 3493 1033 3547 mendaciis
1077 3493 1386 3547 dulcioribus
1437 3505 1833 3567 corrumpuntur
1889 3496 2094 3568 ingenia

493 3601 803 3656 puerorum,
850 3594 898 3639 et
945 3585 1122 3639 iisdem
1177 3585 1367 3654 fabulis
1407 3586 1764 3641 inluerentibus
1817 3587 1886 3640 ad
1939 3603 2095 3660 usque

495 3692 707 3731 summa:
725 3677 888 3732 t‘etatis
907 3677 1064 3731 robur
1085 3676 1402 3737 adolescunt.
1433 3688 1477 3732 et
1500 3679 1549 3732 in
1573 3679 1752 3733 iisdem
1773 3679 2094 3751 opinionibus

496 3769 668 3824 miseri
695 3781 1076 3825 consenescunt.
1110 3769 1214 3826 Sed
1246 3770 1360 3825 haec
1391 3771 1442 3824 in
1472 3773 1735 3841 superiori
1769 3773 1837 3829 de
1865 3772 1966 3829 hoc
1996 3773 2094 3828 Mi—

500 3864 634 3918 nutii
665 3864 802 3918 libro
851 3865 1225 3920 dissertatione
1257 3864 1424 3919 iusius
1463 3867 1733 3935 explicare
1781 3868 1959 3923 conati
2004 3883 2093 3924 su-

495 3970 617 4010 mus
639 3953 935 4022 (Dissertat.
959 3957 1011 4009 in
1042 3955 1254 4019 Μίνωι,
1279 3973 1393 4028 cap.
1428 3957 1516 4022 17,
1539 3968 1636 4010 art.
1661 3958 1742 4028 4).

569 4045 686 4112 Quo
725 4057 901 4100 autem
950 4045 1109 4100 modo
1160 4048 1272 4100 hsce
1317 4065 1346 4098 a
1399 4047 1727 4102 Tertulliano
1773 4049 2088 4118 probentur,

493 4139 605 4206 jam
634 4138 678 4192 si
707 4139 877 4207 placet
906 4138 1336 4193 considerenms:
1365 4141 1437 4193 Ab
1465 4141 1595 4213 ipso,
1627 4143 1816 4212 inquit,
1843 4143 2085 4198 exorrli...

491 4236 676 4291 vestro,
708 4227 815 4294 eius
833 4229 965 4282 unde
997 4246 1113 4282 ama
1138 4271 1152 4295 ,
1186 4240 1232 4282 et
1263 4247 1408 4284 omne
1445 4249 1644 4302 a’quore
1667 4275 1681 4299 ,
1727 4234 1810 4288 cui
1842 4245 2090 4305 quantum

500 4321 740 4374 honorem
769 4319 976 4386 additis,
1011 4331 1207 4375 tantum
1232 4323 1336 4376 deis
1364 4327 1539 4380 vestris
1568 4325 1870 4399 derogaslis;
1895 4330 2091 4400 magni-

491 4411 698 4482 ﬁcando
722 4413 809 4483 qui
839 4413 900 4467 de
927 4414 998 4468 eis
1025 4413 1146 4468 lusit
1176 4414 1441 4485 (Tertull.,
1473 4419 1558 4474 lib.
1588 4419 1630 4486 Ι,
1660 4422 1729 4475 ad
1771 4419 1924 4488 Nat.,
1971 4440 2086 4495 cap.

495 4505 586 4573 10,
626 4523 679 4576 p.
726 4506 872 4578 575).
902 4506 970 4562 Et
995 4507 1106 4563 inec
1127 4509 1341 4578 quidem
1376 4513 1534 4567 verba
1566 4515 1641 4570 sic
1667 4515 1935 4588 descripta
1966 4527 2090 4573 sunt

2200 3311 2478 3382 quioribus
2504 3311 2662 3367 editis
2705 3311 2980 3367 codicibus
3005 3312 3142 3382 legi:
3200 3312 3442 3367 Venerem
3489 3315 3805 3380 sauciatam,

2199 3404 2335 3474 quod
2364 3405 2531 3473 [ilium
2562 3421 2710 3460 suum
2745 3402 2972 3458 xEneam
3003 3421 3130 3474 pene
3159 3406 3476 3474 interfectum
3515 3408 3580 3459 ab
3622 3406 3813 3460 eodem

2201 3495 2448 3552 Diomede
2473 3513 2652 3568 rapere
2703 3496 2938 3550 voluerit.
2976 3495 3214 3562 Martem,
3242 3506 3343 3551 etc.
3379 3496 3543 3552 Tacet
3579 3495 3812 3568 quidem

2198 3590 2464 3662 Rigaltius
2489 3606 2585 3644 cur
2613 3590 2723 3643 haec
2747 3591 2911 3643 verba
2946 3589 3244 3654 abstulerit,
3271 3589 3365 3644 sed
3397 3581 3692 3644 arbitratus
3717 3599 3813 3646 est

2202 3684 2340 3739 haud
2365 3684 2523 3738 dubie
2545 3683 2660 3738 hmc
2686 3682 3070 3752 explicationis
3099 3697 3259 3735 causa
3287 3681 3353 3735 ab
3381 3681 3816 3750 aliquolibrario

2198 3779 2405 3848 adjecta
2445 3776 2631 3840 fuisse,
2679 3785 2734 3831 et
2777 3773 3020 3845 posthaec
3063 3773 3344 3829 intrusain
3388 3781 3612 3827 textum.
3665 3773 3817 3831 Nam

2200 3870 2316 3925 hare
2345 3871 2397 3925 in
2429 3869 2564 3924 libro
2587 3867 2652 3921 ad
2683 3866 2955 3934 Nationes,
2981 3865 3067 3921 ubi
3090 3857 3658 3935 eadem‘repctuntur,
3686 3881 3808 3923 non

2197 3971 2504 4020 occurrunt.
2531 3961 2715 4031 Neque
2734 3961 2897 4014 etiam
2919 3959 3066 4014 dictu
3092 3959 3245 4013 facile
3265 3966 3347 4013 est
3370 3957 3552 4012 curibi
3580 3956 3815 4028 adjecta

2197 4056 2305 4110 sint
2337 4055 2424 4108 illa
2455 4053 2636 4119 verba,
2665 4052 2728 4106 ab
2755 4052 2928 4106 eodem
2958 4049 3226 4114 Diomede,
3275 4049 3428 4119 cujus
3456 4047 3599 4102 trulla
3647 4051 3814 4120 prius

2197 4149 2397 4203 mentio
2422 4146 2559 4202 facta
2587 4144 2796 4200 fuerat?
2824 4143 3028 4199 Verum
3058 4143 3179 4212 quia
3211 4139 3323 4196 hrec
3351 4140 3402 4194 in
3432 4140 3685 4209 plurimis
3713 4157 3816 4199 an-

2197 4240 2510 4310 tiquissimis
2537 4239 2918 4307 manuscriptis
2943 4235 3341 4307 exemplaribus
3372 4233 3668 4300 habentur,
3688 4251 3813 4295 non

2195 4335 2312 4390 sine
2341 4333 2534 4404 praevia
2557 4374 2571 4398 ,
2605 4343 2840 4401 ntsnpra
2873 4331 3104 4386 diximus
3142 4328 3435 4400 (Dissertat.
3485 4328 3540 4382 in
3594 4327 3810 4388 Minui.

2199 4425 2402 4493 0ctav.,
2433 4443 2548 4497 cap.
2576 4425 2663 4490 17,
2693 4435 2792 4479 art.
2823 4424 2904 4495 4),
2933 4422 3300 4477 admonitione
3328 4421 3597 4490 amputari
3622 4419 3810 4479 debe-

2195 4519 2342 4576 bant.
2364 4516 2627 4574 Cmterum
2673 4516 2798 4572 alibi
2829 4515 3045 4571 Homeri
3070 4514 3183 4569 loca
3215 4511 3567 4567 indicavimus
3592 4521 3652 4567 et
3694 4528 3808 4570 ex-

495 4601 549 4655 in
571 4598 834 4672 Agobardi
863 4601 1069 4669 codice,
1100 4611 1155 4657 et
1177 4603 1226 4657 in
1259 4603 1490 4661 editione
1520 4606 1860 4680 Gothofredi,
1888 4611 1976 4683 qui
1995 4612 2087 4668 de-
2111 4619 2166 4679 D
2193 4613 2525 4685 planavimus
2551 4612 2619 4684 (et
2650 4609 2923 4666 Dissertat.
2949 4610 3002 4662 in
3031 4607 3248 4674 Arnob.,
3281 4621 3396 4676 cap.
3429 4607 3514 4671 tit,
3549 4615 3652 4659 art.
3693 4606 3722 4661 1
3749 4617 3808 4662 et

493 4693 598 4748 leta
641 4693 713 4750 ibi
737 4693 901 4750 verba
924 4696 1000 4750 sic
1027 4695 1319 4764 supplenda
1349 4699 1624 4767 opinatur:
1677 4703 1752 4756 Ab
1779 4703 1888 4776 ipso
1935 4721 2087 4759 exor-

495 4787 610 4840 diar
634 4787 802 4843 studio
829 4798 1014 4856 vestro,
1034 4788 1168 4842 unde
1187 4789 1350 4844 omnis
1381 4793 1592 4846 materia
1624 4805 1670 4848 et
1700 4813 1849 4850 omne
1889 4815 2083 4870 aequor.

495 4876 756 4947 Rigaltius
779 4893 927 4946 vero,
957 4879 1100 4934 nulla
1129 4879 1326 4936 reddita
1385 4884 1612 4952 ratione,
1644 4901 1705 4942 ac
1740 4897 1989 4959 tanquam
2017 4892 2086 4946 de

493 4983 620 5024 vera
653 4967 965 5026 Tertulliani
995 4972 1225 5029 lectione
1255 4987 1495 5041 securus,
1526 4976 1575 5031 in
1602 4979 1717 5048 ejus
1743 4989 1886 5036 textu
1916 4984 2083 5054 scrip-

492 5069 606 5115 tum
653 5062 848 5116 voluit:
901 5064 978 5118 Ab
1021 5065 1135 5136 ipso
1179 5067 1416 5123 exordiar
1474 5067 1695 5126 Homero
1746 5083 1928 5144 vestro,
1971 5080 2082 5148 ejus

486 5155 625 5209 unda
641 5165 686 5209 et
711 5172 858 5212 omne
886 5173 1076 5228 sequor.

558 5245 662 5302 Sed
720 5247 834 5302 hinc
883 5249 1189 5319 conjectura
1218 5251 1396 5309 debuit
1440 5255 1614 5327 aliqua
1652 5258 1840 5315 saltem
1871 5262 2076 5321 ratione

479 5337 674 5394 fulciri.
704 5338 867 5395 Nobis
909 5349 1085 5398 tamen
1113 5345 1389 5414 probabile
1427 5350 1557 5405 satis
1581 5349 1787 5408 videtur
1805 5367 1854 5412 a.
1873 5353 2076 5413 Tertul-

479 5429 659 5497 liano,
692 5430 782 5501 qui
827 5429 894 5486 de
937 5434 1213 5502 gentilium
1257 5436 1448 5494 litteris
1472 5441 1752 5512 loquitur,
1787 5449 2070 5515 quemdam

475 5524 630 5579 citari
651 5523 1063 5580 celeberrimum
1092 5527 1302 5585 illorum
1331 5535 1666 5604 scriptorem,
1697 5538 1781 5593 cui
1808 5548 2065 5610 quantum

475 5616 738 5674 honorem
779 5616 978 5674 ethnici
1028 5618 1353 5690 tribuebant,
1404 5637 1607 5684 tantum
1639 5629 1743 5687 diis
1776 5633 1908 5701 suis,
1941 5649 2063 5690 eum

470 5705 759 5776 laudando,
819 5708 1190 5765 detrahebant.
1229 5715 1297 5767 At
1338 5714 1386 5770 is
1427 5720 1616 5788 procul
1647 5721 1812 5778 dubio
1836 5735 1919 5782 est
1946 5724 2059 5782 Ho-

466 5811 670 5868 merus,
692 5807 803 5856 tum
826 5801 945 5870 quia
971 5802 1206 5858 onmium
1235 5807 1512 5876 vetustior,
1563 5820 1616 5868 ut
1650 5815 1777 5872 alibi
1806 5815 2056 5884 vidimus,

2192 4707 2268 4778 5),
2299 4720 2416 4776 quae
2439 4702 2797 4759 Tertullianns
2818 4703 2885 4757 de
2915 4700 3000 4756 illa
3023 4700 3246 4767 Venere,
3270 4697 3338 4754 de
3351 4696 3504 4766 Jove,
3535 4696 3806 4758 acMarte

2189 4800 2384 4856 citasse
2412 4797 2553 4852 haud
2576 4797 2844 4851 immerito
2873 4792 3098 4848 videtur.

2260 4891 2434 4948 Simili
2460 4892 2620 4946 etiam
2650 4888 2810 4944 modo
2835 4887 2887 4942 in
2933 4885 3120 4941 iisdem
3175 4882 3645 4939 dissertationibus
3700 4901 3803 4944 os.

2187 4984 2459 5042 tendimus
2484 4983 2697 5055 quantis
2718 4981 2808 5036 alii
2837 4995 3053 5052 quoque
3099 4986 3270 5048 poeta:
3303 4976 3509 5045 probris
3546 4989 3614 5032 ac
3644 4991 3802 5034 con-

2185 5079 2421 5136 tumeliis
2446 5077 2576 5134 deos
2604 5091 2732 5132 suos
2775 5075 2998 5130 insecuti
3055 5082 3198 5128 sunt.
3250 5070 3366 5126 Non
3415 5085 3608 5140 magno
3629 5073 3801 5130 enim

2181 5174 2299 5229 sine
2326 5172 2539 5227 illorum
2561 5168 2824 5225 dedecore
2853 5166 3137 5231 tinxerant,
3176 5163 3250 5218 uti
3269 5170 3418 5218 notat
3438 5159 3614 5216 adhuc
3643 5159 3802 5219 Ter-

2181 5260 2775 5333 tullianus(Tertullian.
2803 5258 3095 5330 ApologeL,
3127 5273 3175 5311 c.
3203 5255 3294 5322 14,
3333 5271 3383 5324 ρ.
3411 5252 3564 5320 552),
3605 5253 3802 5326 Apol-

2178 5355 2340 5411 linem
2382 5368 2573 5425 greges
2629 5359 2936 5422 pascentem
2990 5346 3202 5404 Admeti
3249 5346 3414 5416 regis,
3461 5343 3797 5414 Neptunum

2175 5447 2474 5502 structorias
2499 5457 2690 5513 operas
2737 5439 3088 5497 Laomedonti
3137 5437 3428 5503 locantem,
3457 5445 3617 5506 atque
3643 5435 3802 5496 Ais.

2173 5537 2439 5609 culapium
2467 5536 2686 5591 fulmine
2710 5533 2859 5591 Juvis
2876 5535 3061 5600 ictum,
3092 5528 3539 5603 quemadmodum
3567 5527 3796 5590 Pinda-

2171 5645 2263 5687 rus
2289 5631 2449 5686 etiam
2477 5626 2692 5684 cecinit.

2240 5723 2438 5795 Majore
2458 5721 2632 5778 adhuc
2677 5719 2908 5778 ludibrio
2950 5719 3274 5791 probroque,
3305 5717 3382 5772 uti
3430 5713 3603 5784 pergit
3622 5711 3785 5774 Ter-

2167 5818 2416 5877 tullianus
2449 5818 2514 5891 (et
2535 5817 2662 5874 lib.l
2692 5819 2760 5874 ad
2790 5816 3028 5884 Nation.,
3059 5829 3176 5886 cap.
3207 5811 3296 5879 10,
3329 5828 3382 5882 p.
3413 5808 3541 5878 576,
3568 5817 3618 5863 et
3650 5809 3776 5869 lib.
