4076 6356
333 315 476 374 1105

1465 313 1918 374 DISSERTATIO
1958 313 2018 371 D.
2061 313 2151 373 LE
2189 315 2495 376 NOURRY.

3489 325 3630 383 1106

327 430 394 500 Il,
424 449 540 505 cap.
571 431 681 506 lt),
709 447 913 507 nosque
944 433 1070 490 alibi
1105 433 1267 490 etiam
1294 435 1669 490 annotavimus
1698 432 1922 515 (Disser-
1948 431 2005 490 Α
2027 431 2111 486 cui
2156 432 2366 523 titulum
2420 434 2711 493 Catinenses
2755 438 3073 509 pra-ﬁxerat.
3129 439 3294 497 Paulo
3352 449 3474 513 post
3501 457 3633 498 vero

329 536 423 582 tat.
445 525 506 582 in
538 527 753 595 Arnob.,
782 545 899 599 cap.
930 529 1018 594 14,
1045 539 1144 582 art.
1179 529 1257 599 1),
1278 526 1350 583 dii
1371 528 1692 584 exhibentur
1730 526 1782 581 in
1811 510 1928 583 sce-

326 621 433 689 nis,
457 620 732 692 tragoediis
786 620 1052 692 ludisque
1099 621 1459 677 ethnicorum.
1508 620 1710 688 Quibus
1759 619 1924 684 enim,

326 714 553 771 obsecro
601 725 674 781 te,
696 714 957 770 conviciis
976 723 1030 770 et
1055 715 1398 771 contumeliis
1443 714 1513 770 ab
1538 712 1927 770 comoediarum

331 805 824 877 tragtediarnmque
849 807 1123 862 actoribus
1148 808 1321 863 vexati
1363 820 1469 863 non
1519 803 1766 860 fuerunt?
1813 802 1928 860 Soli

327 912 512 955 earum
542 898 702 965 tituli,
733 899 952 969 solaque
974 908 1285 969 argumenta
1302 898 1551 954 satisboc
1579 896 1925 953 manifestum

329 978 580 1065 omnibus
607 989 889 1046 faciebant.
920 989 998 1045 Ex
1027 990 1093 1045 iis
1121 1000 1298 1046 autem
1321 1005 1487 1063 pauca
1515 999 1760 1046 recenset
1791 988 1926 1044 Ter-

324 1081 580 1138 tullianus
635 1080 965 1148 (Tertullian.
1008 1081 1300 1157 Apologet.,
1331 1099 1378 1137 c.
1410 1083 1499 1150 15,
1524 1100 1580 1152 p.
1606 1081 1756 1154 358),
1786 1081 1929 1137 vidc-

332 1176 458 1232 licet
489 1176 761 1234 moechum
797 1176 1054 1245 Anubim,
1090 1178 1310 1233 Dianam
1369 1175 1723 1248 ﬂagellatam,
1779 1176 1929 1233 lovis

327 1271 524 1327 mortui
557 1278 959 1341 testamentum,
992 1280 1101 1328 tres
1124 1271 1402 1327 famelicos
1428 1270 1691 1327 Hercules
1721 1271 1925 1336 irrisos,

322 1372 376 1421 et
402 1362 703 1420 masculum
736 1363 966 1425 Lunam.
1000 1364 1137 1434 Quid
1161 1379 1314 1436 ergo,
1372 1364 1624 1435 inquies?
1659 1363 1927 1441 Numquid

322 1455 465 1511 inter
489 1445 873 1513 coma'zdiarum
902 1457 1085 1513 titulos
1103 1457 1249 1513 Luna
1273 1457 1553 1513 masculini
1586 1458 1825 1528 generis?
1855 1458 1927 1512 Ita

327 1561 478 1602 sane.
519 1546 653 1602 Nam
682 1548 888 1618 'plures
921 1547 1163 1620 profecto
1189 1548 1389 1605 ethnici
1417 1562 1733 1621 persuasum
1764 1548 1929 1606 stulte

334 1637 602 1695 habebant
621 1639 884 1712 quosdam
908 1641 1096 1697 saltem
1109 1640 1243 1697 deos
1268 1656 1395 1697 suos
1421 1656 1598 1698 mares
1626 1641 1783 1696 simul
1808 1655 1931 1697 esse

331 1739 387 1786 et
411 1730 656 1786 fmminas
677 1729 971 1802 (Dissertat.
1000 1732 1053 1786 in
1074 1730 1332 1798 Lactant.,
1355 1749 1474 1803 cap.
1496 1732 1589 1799 27,
1611 1741 1709 1787 art.
1741 1734 1776 1790 5
1803 1734 1851 1788 et
1872 1733 1927 1799 4,

2031 526 2233 582 Auctor
2254 536 2434 585 noster
2453 529 2581 584 citat
2607 530 2819 591 Lentuli
2845 533 3060 605 auguris
3089 533 3331 590 consulta
3362 532 3631 606 (Tertull.,

2033 620 2120 675 lib.
2151 621 2214 678 de
2234 620 2396 697 Pall.,
2427 639 2542 695 cap.
2565 625 2643 695 1).
2670 624 2775 681 Sed
2804 626 2891 682 hic
2931 641 2961 680 a
2988 627 3358 700 mimographo
3388 627 3633 686 diversus

2032 712 2152 768 fuit.
2195 713 2363 785 Major
2412 716 2590 789 itaque
2644 718 2948 792 ambigendi
2995 721 3133 776 ratio
3171 728 3256 777 est
3284 728 3462 777 utrum
3490 720 3538 778 is
3562 722 3634 777 sit

2032 806 2434 879 mimographus
2461 817 2639 879 poeta,
2672 811 2761 881 qui
2804 826 2834 867 a
2863 811 3122 870 Juvenale
3158 811 3368 878 duobus
3394 811 3487 872 his
3506 828 3629 871 car-

2032 901 2266 958 minibus
2286 903 2481 959 acriter
2501 904 2819 976 castigatur:

2188 992 2474 1065 Laureolam
2499 994 2641 1065 velox
2668 999 2815 1049 etiam
2841 1000 2974 1051 bene
2998 999 3238 1051 Lentulus
3258 1002 3384 1065 egit,

2187 1054 2363 1107 Judice
2386 1070 2466 1107 me
2489 1057 2669 1120 dignus
2691 1074 2811 1110 vera
2831 1074 2996 1113 cruce.

2717 1143 3264 1211 (Jut‘enttl.,Satir.Vlll,
3288 1146 3477 1212 νάει.)

2103 1246 2357 1314 Quamvis
2378 1249 2520 1304 enim
2555 1265 2712 1307 nemo
2755 1250 3049 1327 diffiteatur
3077 1254 3357 1309 laureolam
3387 1253 3617 1311 fabulam

2034 1337 2228 1407 fuisse;
2260 1342 2499 1397 nonnulli
2529 1351 2704 1399 tamen
2731 1344 3069 1415 suspicantur
3109 1345 3275 1401 verbo
3312 1346 3415 1418 egit
3460 1347 3628 1418 signi-

2034 1432 2180 1489 ﬁcari
2222 1433 2367 1489 illam
2411 1443 2583 1489 actam
2624 1437 2800 1506 potius
2841 1452 2870 1491 a
2903 1436 3130 1493 Lentulo
3159 1437 3441 1505 histrione,
3468 1452 3628 1508 quam

2033 1525 2102 1581 ab
2132 1525 2290 1597 hujus
2336 1527 2568 1583 nominis
2619 1537 2774 1598 poeta
2819 1527 3013 1584 litteris
3057 1528 3445 1600 consignatum.
3488 1528 3626 1598 Quid

2034 1633 2180 1683 vero,
2209 1619 2254 1674 si
2301 1619 2393 1674 ille
2437 1628 2492 1674 et
2535 1618 2725 1674 histrio
2775 1629 2829 1675 et
2879 1628 3032 1691 poeta
3065 1620 3205 1677 hanc
3250 1620 3525 1691 scripserit
3571 1630 3628 1676 et

2033 1710 2238 1782 egerit?
2295 1710 2498 1767 Deinde
2537 1727 2665 1767 vero
2705 1726 2767 1768 ea
2818 1710 3128 1768 fabula'non
3159 1712 3228 1768 ab
3267 1728 3374 1768 uno
3418 1720 3622 1768 tantum

325 1832 372 1878 et
394 1824 512 1879 aliis
528 1823 599 1878 ibi
621 1801 760 1893 cit.).
793 1823 1012 1881 Servius
1037 1825 1301 1895 siquidem
1330 1825 1384 1880 in
1417 1801 1560 1881 hunc
1587 1824 1789 1895 Virgilii
1809 1840 1925 1881 ver-

2035 1801 2294 1858 biStrione
2324 1811 2441 1858 acta
2472 1812 2575 1858 est.
2602 1803 2709 1860 Cur
2736 1818 2863 1876 ergo
2895 1803 3154 1860 Lentulus
3195 1805 3363 1862 solus
3385 1805 3630 1861 nomina-

324 1930 464 1983 sum,
479 1931 585 1988 quo
599 1914 848 1985 Eueam,
871 1918 1094 1974 ardente
1116 1919 1229 1981 llio,
1257 1919 1562 1990 loquentem
1583 1919 1661 1974 sic
1693 1911 1923 1974 inducit:

476 2007 755 2134 Ῐέιθεξὲἓὲῗ,
781 2022 839 2061 ac
859 2009 1075 2061 ducente
1097 2009 1193 2062 deo
1215 2010 1454 2061 ﬂammam
1475 2012 1607 2061 inter
1629 2015 1683 2062 et
1698 2010 1867 2063 hostes

664 2088 754 2122 101⁸.
857 2112 868 2123 .
969 2109 982 2122 ι
1085 2110 1097 2122 ι
1198 2113 1208 2124 .
1312 2113 1322 2123 .
1426 2109 1440 2123 ο

947 2152 1153 2222 (Virgil.
1181 2153 1376 2208 Eneid.
1395 2152 1463 2207 lib
1487 2162 1538 2217 ll,
1560 2169 1606 2207 υ.
1633 2155 1769 2220 652.)

335 2236 454 2294 lnrc
500 2238 909 2296 animadvertit:
956 2238 1253 2296 Secundum
1296 2258 1380 2297 eos
1423 2240 1664 2314 (Virgil.,
1711 2241 1801 2298 lib.
1856 2241 1923 2309 ll,

332 2327 572 2397 xEueid.,
601 2329 750 2402 652),
775 2332 862 2401 qui
886 2330 1062 2386 dicunt
1101 2333 1362 2402 utriusque
1380 2324 1537 2390 scimus
1572 2334 1925 2405 participatio-

324 2436 437 2475 nem
453 2421 636 2476 habere
662 2424 893 2477 numina.
927 2421 1067 2477 Nam
1095 2423 1279 2479 Calvus
1306 2443 1324 2479 :

551 2529 953 2603 'Pollentemque
974 2538 1137 2590 Deum
1159 2539 1429 2592 Venerem.

328 2623 469 2680 ltem
502 2623 784 2695 Virgilius:

568 2715 675 2769 Nec
691 2717 884 2769 dextrae
908 2720 1096 2770 erranti
1119 2718 1261 2771 Deus
1283 2718 1457 2783 abfuit,

321 2838 433 2876 cum
472 2816 558 2877 aut
590 2822 731 2879 Juno
782 2825 954 2896 fuerit,
985 2835 1072 2895 aut
1123 2827 1320 2881 Alecto.
1372 2824 1467 2881 Est
1509 2827 1730 2882 etiamin
1757 2826 1927 2901 Cypro

319 2915 647 2971 simulacrum
689 2915 891 2973 Veneris
933 2917 1197 2991 burbata:(
1223 2919 1397 2986 Serv.,
1427 2935 1548 2991 pag.
1572 2919 1682 2975 252
1702 2918 1741 2992 ).
1777 2919 1926 2975 Alios

319 3009 365 3064 si
421 3018 583 3065 testes
611 3009 889 3067 desideras
913 3053 926 3075 ,
972 3012 1155 3083 plures
1180 3011 1273 3067 tibi
1294 3011 1441 3067 dabit
1466 3012 1764 3068 Macrobius
1788 3054 1802 3076 ,
1836 3015 1926 3083 qui

317 3101 573 3157 observat
597 3103 649 3157 in
674 3104 836 3158 citato
864 3103 1073 3175 Virgilii
1095 3104 1335 3160 carmine
1359 3104 1642 3176 legendum
1683 3103 1778 3158 deo
1810 3119 1923 3159 non

2034 1904 2140 1963 tur,
2181 1895 2282 1951 nisi
2308 1895 2472 1967 ,illam
2500 1896 2701 1966 scripto
2743 1911 2954 1968 quoque
2983 1895 3320 1953 tradidisset?

2101 1989 2367 2044 Cteterum
2404 1988 2582 2044 minus
2612 1988 2787 2044 adhuc
2816 1988 3065 2060 frequens
3092 1988 3302 2045 Hostilii
3332 1989 3625 2060 mimogra-

2034 2083 2123 2155 phi
2149 2085 2201 2139 in
2225 2083 2449 2139 aliorum
2477 2083 2626 2139 libris
2642 2083 3103 2139 commemoratio.
3142 2082 3416 2140 Prisciano
3440 2090 3620 2138 tamen

2030 2179 2073 2233 si
2090 2178 2248 2233 [idem
2262 2177 2480 2246 habeas,
2500 2177 2936 2244 Hostilius,Ennii
2957 2177 3261 2248 exemplum
3278 2185 3511 2243 secutus,
3532 2191 3599 2231 an
3611 2205 3628 2215 -

2034 2269 2182 2326 nales
2212 2269 2440 2324 Romani
2458 2270 2637 2342 populi
2663 2270 2851 2324 stricto
2880 2283 3130 2326 sermone
3153 2268 3414 2325 ediderat.
3443 2260 3626 2325 Potuit

2031 2379 2161 2435 ergo
2181 2363 2421 2420 scribere
2440 2364 2599 2420 etiam
2627 2364 2940 2420 comoedias.
2959 2363 3013 2419 Si
3045 2362 3164 2435 quis
3181 2376 3341 2434 porro
3358 2361 3428 2419 de
3453 2361 3548 2417 illo
3570 2372 3627 2417 et

2035 2442 2264 2511 Lentulo
2286 2454 2507 2511 meliora
2535 2456 2879 2526 suggesserit,
2906 2463 3213 2526 pergratum
3260 2453 3415 2510 nobis
3446 2451 3623 2509 faciet.

2628 2564 2923 2605 ARTICULUS
2973 2565 3029 2604 ll.

2035 2641 2202 2708 Quam
2225 2637 2490 2713 perspicue
2520 2640 2871 2696 Tertullianus‘
2887 2642 3192 2697 demonstret
3207 2642 3367 2712 falsos
3383 2655 3489 2696 esse
3503 2628 3625 2712 gen-

2103 2732 2269 2787 tilium
2316 2733 2436 2787 deos
2491 2748 2554 2787 ea:
2596 2733 2777 2787 litteris
2816 2733 3142 2799 histrionum,
3187 2749 3220 2787 a
3261 2733 3443 2804 quibus
3483 2748 3624 2798 voce,

2099 2836 2264 2897 gestu,
2294 2835 2459 2893 motu,
2489 2836 2641 2879 cantu
2693 2828 3187 2899 reprwsentabantur
3215 2823 3313 2881 Sol
3352 2823 3528 2895 lugens
3564 2824 3632 2893 [i-

2103 2918 2249 2983 lium,
2281 2902 2464 2990 cybele
2487 2928 2740 2987 pastorem
2769 2920 3056 2990 suspirans,
3083 2917 3228 2973 Joris
3248 2917 3431 2989 elogia,
3453 2915 3626 2971 Juno-

2102 3012 2201 3078 nis,
2234 3009 2441 3067 Veneris
2477 3022 2523 3065 et
2555 3011 2797 3067 Minerva:
2811 3012 3257 3083 judicium,atque
3285 2996 3626 3082 ignominiosa

2102 3086 2348 3157 Minerva:
2389 3112 2437 3157 et
2468 3101 2703 3157 Herculis
2724 3105 2910 3175 imago.

317 3204 497 3250 autem
540 3196 637 3250 dea
689 3195 970 3266 (Macrob.,
1014 3197 1104 3254 lib.
1149 3196 1217 3253 Ill
1249 3197 1544 3270 δαίνυται,
1588 3215 1705 3267 cap.
1755 3197 1810 3264 8,
1862 3215 1917 3268 p.
1948 3216 1994 3280 ρ
2102 3193 2182 3249 Ad
2213 3192 2504 3251 histriones
2527 3197 2717 3250 transit
2742 3196 3124 3263 Tertullianus,
3166 3194 3453 3267 palamque
3500 3192 3625 3248 facit

317 3287 471 3356 5'29).
504 3287 657 3356 Quod
683 3288 897 3359 quidem
920 3289 1010 3343 ille
1036 3289 1362 3365 probatum:
1389 3288 1560 3345 solum
1583 3288 1693 3358 jam
1736 3289 1918 3343 citatis

317 3393 348 3434 a
378 3379 566 3435 Servio
592 3377 741 3436 Calvi
774 3380 975 3448 verbis,
1008 3382 1309 3438 acVeneris
1338 3380 1576 3435 barbata:
1605 3380 1915 3443 simulacro.

315 3486 504 3528 verum
517 3473 677 3529 etiam
703 3472 1410 3544 testimonioAristophanis,
1428 3472 1517 3544 qui
1533 3488 1649 3528 eam
1666 3476 1920 3544 ἀφρίδιτον

317 3569 497 3629 vocat,
527 3572 582 3619 et
604 3563 812 3630 Levini,
842 3564 930 3634 qui
959 3562 1104 3618 illam
1130 3563 1409 3632 adorabat,
1450 3563 1563 3619 sive
1623 3578 1760 3630 mas,
1805 3563 1920 3620 sive

317 3654 513 3711 femina
544 3655 634 3711 sit.
676 3655 839 3711 Addit
868 3671 997 3712 vero
1028 3655 1412 3712 Philochorum
1448 3656 1746 3712 asseruisse
1774 3669 1921 3711 eam-

315 3746 438 3801 dem
458 3759 579 3802 esse
609 3746 835 3814 Lunam,
861 3748 945 3804 cui
981 3748 1078 3803 viri
1103 3762 1225 3803 cum
1249 3756 1401 3804 veste
1427 3744 1701 3812 muliébri,
1730 3747 1921 3803 mulie-

317 3858 409 3899 res
449 3852 642 3899 autem.
677 3843 816 3898 virili
870 3841 1193 3899 sacriﬁcium
1249 3842 1469 3899 faciunt.
1497 3842 1649 3911 Quod
1699 3857 1825 3897 vero
1852 3841 1933 3920 ad.

317 3934 632 3993 Tertulliani
658 3938 989 4009 propositum
1020 3938 1241 4009 propius
1281 3937 1454 3993 adlmc
1496 3937 1722 4001 accedit,
1754 3935 1920 4006 Spar-

320 4032 493 4089 tianus
513 4045 691 4089 narrat
720 4032 1051 4089 Caracallam
1083 4034 1461 4105 imperatorem
1493 4031 1706 4088 venisse
1726 4030 1922 4089 Carras

316 4125 453 4181 Luni
466 4125 557 4182 Dei
575 4128 743 4199 gratia
756 4127 1049 4200 (Spartian.
1072 4128 1126 4180 in
1164 4125 1281 4181 Vita
1308 4126 1613 4195 Caracall.).
1647 4127 1821 4196 Atque
1850 4124 1924 4194 ibi

320 4234 418 4273 nos
461 4228 644 4274 mouet
686 4219 958 4274 memoria:
1006 4234 1035 4271 a
1083 4218 1414 4274 doctissimis
1456 4218 1752 4288 quibusque
1794 4215 1924 4271 illud

236 4334 241 4345 ’
319 4310 653 4368 mandatum.
686 4313 826 4382 quod
854 4326 883 4363 a
916 4311 1175 4367 Carrenis
1208 4311 1473 4380 prfecipue
1497 4308 1883 4365 observabatur
1905 4347 1921 4375 ,

321 4402 489 4470 illum,
519 4404 608 4473 qui
633 4404 809 4458 hmam
842 4405 1115 4461 torminum
1142 4419 1262 4462 esse
1284 4392 1661 4469 arbitrabatur,
1696 4403 1927 4459 mulieri-

318 4497 419 4552 bus
444 4512 659 4568 semper
686 4497 985 4564 inservire;
1032 4499 1122 4570 qui
1155 4514 1282 4554 vero
1318 4514 1518 4553 marem
1548 4498 1706 4553 deum
1736 4497 1925 4554 crede-

2027 3283 2097 3339 ab
2126 3284 2208 3340 his
2236 3285 2369 3341 deos
2423 3301 2550 3342 suos
2577 3302 2683 3341 non
2714 3288 2908 3343 minori
2937 3304 3097 3358 quam
3141 3301 3170 3341 a
3202 3286 3374 3358 poetis
3396 3285 3626 3341 ludibrio

2027 3377 2235 3432 haberi.
2272 3377 2402 3434 Nam
2435 3380 2739 3435 histrionum
2765 3381 2967 3448 litteraz,
2991 3382 3067 3436 ait
3087 3380 3198 3448 ille,
3239 3397 3439 3436 onmem
3478 3379 3629 3453 [tedi-

2022 3479 2179 3526 tatem
2208 3488 2381 3527 eorum
2423 3473 2690 3545 designant
2715 3473 3046 3545 (Tertullian.
3086 3474 3329 3547 Apolog.,
3384 3490 3501 3547 cap.
3535 3473 3622 3539 l5,

2022 3582 2074 3635 p.
2098 3563 2249 3643 559),
2281 3565 2532 3637 illamque
2560 3582 2709 3634 voce,
2743 3566 2896 3632 facie,
2927 3568 3171 3638 corporis
3198 3568 3448 3635 metibus,
3480 3578 3628 3625 veste

2024 3664 2080 3712 et
2106 3657 2404 3728 insignibus
2436 3660 2761 3727 exprimunt.
2796 3659 2926 3728 Quis
2951 3661 3092 3715 enim
3140 3677 3267 3717 vero
3293 3661 3469 3717 nescit
3512 3660 3626 3715 his.

2026 3749 2248 3817 triones,
2289 3750 2357 3806 de
2394 3751 2586 3819 quibus
2613 3753 2762 3820 plura
2804 3750 3051 3808 Valerius
3104 3752 3366 3808 Maximus
3411 3750 3634 3809 tradidit

2025 3840 2176 3915 (Val.
2202 3840 2374 3907 Max"
2397 3844 2485 3897 tib.
2506 3842 2576 3910 ll,
2603 3860 2717 3913 cap.
2748 3845 2802 3912 4,
2837 3844 2967 3916 μ),
2999 3855 3208 3900 actores
3232 3843 3393 3901 fuisse
3425 3855 3592 3917 tragce
3613 3876 3625 3887 -

2025 3933 2234 3990 diarum
2260 3950 2324 3989 ac
2352 3934 2758 4002 comoediarum,
2791 3935 2881 4006 qui
2922 3935 3144 3992 deorum
3174 3935 3507 4019 aliorumque
3534 3952 3624 3993 re-

2029 4027 2423 4097 przesentabant
2453 4029 2746 4099 personas?
2767 4030 2834 4083 At
2855 4046 2972 4097 cur,
2996 4029 3198 4100 inquiet
3232 4031 3444 4100 aliquis,
3489 4029 3628 4086 Ter-

2029 4121 2285 4178 tullianus
2312 4138 2415 4178 non
2456 4124 2557 4177 hoc
2588 4133 2813 4187 tantum,
2846 4123 2940 4178 sed
2990 4123 3097 4178 alio
3143 4122 3318 4179 adhuc
3366 4123 3417 4178 in
3466 4122 3638 4189 libro,‘

2028 4230 2132 4269 non
2159 4214 2293 4269 dixit
2317 4214 2609 4278 histriones,
2659 4215 2749 4269 sed
2782 4215 3085 4269 histrionum
3116 4200 3312 4270 litteras
3357 4213 3623 4286 (Tertull.,

2027 4306 2116 4360 lib.
2148 4304 2190 4372 l,
2222 4305 2291 4359 ad
2317 4303 2466 4372 Nat.,
2493 4322 2609 4375 cap.
2640 4305 2727 4373 l0,
2751 4324 2805 4378 ρ.
2838 4306 3000 4377 576)?
3024 4307 3154 4374 Qua:
3170 4315 3293 4362 sunt
3312 4306 3628 4363 baehistrio-

2027 4416 2155 4456 num
2186 4400 2413 4456 litterae?
2450 4400 2677 4469 Quidam
2711 4418 2839 4458 vero
2858 4401 3060 4473 Opinati
3091 4411 3213 4458 sunt
3244 4401 3313 4459 ibi
3342 4401 3639 4472 legendum

2028 4496 2189 4551 latera
2203 4512 2223 4551 :
2247 4494 2344 4551 sed
2372 4510 2518 4552 mera
2537 4496 2770 4568 suspicio
2787 4505 2889 4562 est,
2919 4496 3115 4552 nullius
3132 4495 3329 4571 codicis
3354 4494 3482 4549 fulta
3501 4508 3629 4548 auc--

321 4588 430 4654 bat,
465 4587 606 4643 hunc
628 4588 895 4645 dominari
923 4590 1079 4645 uxori
1108 4605 1218 4646 suae
1238 4629 1253 4655 ,
1282 4604 1456 4661 neque
1483 4589 1619 4645 ullas
1662 4590 1767 4661 pati
1808 4604 1923 4645 mu-
1947 4608 2001 4671 Ι)
2029 4588 2263 4645 toritate.
2282 4586 2418 4661 Quid
2443 4598 2643 4657 autem,
2675 4591 2717 4645 si
2748 4586 3045 4646 litterarum
3077 4589 3296 4645 nomine
3325 4589 3631 4660 significare

319 4679 518 4737 liebres
544 4679 789 4736 insidias.

391 4774 527 4842 Quid
557 4790 686 4846 ergo
717 4778 909 4830 mirum
935 4817 949 4842 ,
975 4775 1019 4830 si
1061 4783 1235 4847 poeta:
1276 4775 1329 4831 in
1355 4774 1580 4831 deorum
1623 4776 1926 4832 irrisiouem

318 4869 605 4942 tragtedias
654 4870 1057 4942 composuerint
1103 4869 1347 4926 ridiculis
1372 4870 1596 4927 deorum
1628 4871 1795 4927 titulis
1822 4872 1931 4926 ins-

316 4963 539 5034 criptas?
568 4964 709 5020 Duos
726 4973 904 5020 autem
927 4979 993 5019 ex
1019 4962 1296 5020 iisAuctor
1313 4966 1769 5036 nosternominat,
1791 4964 1931 5020 Len-

320 5056 486 5112 tulum
519 5069 571 5112 et
601 5057 879 5113 llostilium
899 5045 1229 5131 (Tcrtullian.
1251 5057 1541 5131 Apologet.,
1559 5074 1607 5125 ρ.
1630 5058 1718 5125 15,
1746 5076 1797 5130 p.
1824 5057 1930 5114 538

318 5161 363 5206 et
393 5151 524 5217 lib.,l
567 5152 636 5205 ad
656 5150 898 5220 Nation.,
920 5169 966 5208 c.
987 5152 1074 5221 10,
1098 5171 1155 5221 p.
1184 5153 1315 5224 576)
1340 5151 1471 5209 :sed
1498 5168 1615 5208 rara
1628 5152 1766 5223 apud
1798 5153 1939 5233 alios

318 5247 550 5304 occurrit
577 5246 786 5302 illorum
820 5249 1040 5304 mentio.
1065 5248 1184 5304 Alio
1211 5257 1390 5304 tamen
1408 5247 1496 5303 ille
1522 5247 1574 5302 in
1598 5246 1737 5303 libro
1752 5247 1820 5303 de
1835 5261 1931 5303 eo-

318 5340 440 5407 dcm
466 5341 693 5396 Lentulo
733 5340 866 5395 dixit
896 5359 909 5394 :
947 5340 1103 5412 Pugil
1131 5341 1531 5397 Cleomachus...
1559 5341 1689 5395 inter
1715 5340 1936 5412 fullones

311 5433 425 5504 jam
455 5431 717 5488 Novianos
744 5432 1087 5498 coronandus,
1131 5434 1402 5505 meritoque
1430 5434 1781 5506 mimographo
1811 5432 1936 5489 Len-

319 5525 426 5592 ¢ulo
470 5525 522 5578 in
553 5523 914 5596 ﬁutinensibus
951 5536 1369 5581 commemoratus
1414 5525 1525 5600 (Id.
1580 5527 1619 5582 ι.
1662 5527 1725 5582 de
1764 5525 1930 5597 I’all.,

318 5617 460 5689 σοι).
482 5616 559 5672 lbi
583 5624 760 5671 autem
783 5616 869 5671 ille
893 5615 1201 5683 Lentulum,
1229 5619 1383 5688 cuius
1403 5619 1759 5691 Hieronymus
1773 5621 1934 5677 etiam

321 5707 570 5765 meminit
614 5706 969 5779 (Hieronym,
998 5708 1084 5763 lib.
1116 5708 1182 5776 ll,
1219 5710 1437 5783 Apolog.
1461 5711 1660 5768 advers.
1690 5711 1932 5784 Ruﬁn),

325 5801 526 5861 diserte
553 5810 706 5861 vocat
748 5800 1201 5874 mimographum,
1255 5817 1352 5861 seu
1401 5804 1590 5862 fabulae
1621 5816 1920 5877 auctorem,

2030 4682 2261 4739 voluerit
2288 4698 2372 4748 ea,
2402 4699 2521 4754 qua:
2552 4683 2870 4740 histrionum
2900 4698 3030 4739 voce
3048 4691 3103 4739 et
3122 4680 3362 4752 corporis
3395 4678 3629 4736 motibus

2030 4775 2439 4843 exhibebantur,
2495 4778 2588 4833 sed
2631 4779 2775 4850 prius
2825 4770 3072 4849 a‘poetis
3124 4777 3322 4845 scripto
3349 4784 3403 4831 et
3438 4774 3630 4831 litteris

2031 4867 2261 4924 tradita?
2287 4867 2442 4934 Nam,
2473 4870 2546 4923 uti
2581 4869 2908 4938 Augustinus
2957 4867 3062 4922 :it:
3096 4867 3231 4934 Quid
3278 4876 3392 4919 sum
3421 4865 3490 4918 ad
3534 4865 3629 4918 hoc

2034 4962 2222 5016 malum
2244 4960 2487 5017 Mercurii
2503 4966 2664 5033 furta,
2706 4961 2914 5017 Veneris
2936 4961 3162 5025 lascivia,
3185 4970 3362 5027 stupra
3389 4975 3447 5011 uc
3473 4958 3632 5029 turpi-

2035 5056 2234 5111 tudines
2261 5065 2575 5123 cwterorum,
2598 5071 2711 5125 qua:
2733 5058 3072 5126 proferrcmus
3101 5052 3164 5107 de
3194 5050 3355 5116 libris,
3379 5051 3478 5106 nisi
3503 5065 3633 5120 quo-

2034 5148 2156 5203 tidie
2179 5158 2510 5205 cantarentur
2535 5158 2579 5203 et
2600 5148 2909 5203 saltarentur
2926 5146 2978 5200 in
2999 5146 3206 5201 theatris
3245 5144 3507 5218 (August.,
3534 5147 3624 5201 lib.

2035 5240 2229 5310 Vll,de
2257 5241 2429 5308 Civit.,
2456 5259 2501 5297 c.
2546 5240 2638 5309 26,
2681 5258 2734 5311 ρ.
2765 5238 2913 5312 182).
2948 5242 2986 5294 A
3014 5239 3203 5310 quibus
3231 5249 3408 5294 autem
3442 5239 3541 5295 nisi
3562 5239 3633 5294 ab

2039 5333 2385 5390 histrionibus
2405 5334 2756 5408 conlabantur
2779 5341 2832 5387 et
2879 5331 3230 5400 saltabantur,
3272 5339 3554 5402 postquam
3598 5347 3632 5387 ξι

2038 5426 2213 5499 poetis
2239 5425 2450 5496 scriptis
2474 5423 2721 5479 mandata
2752 5422 2993 5479 fuerant?

2111 5519 2472 5577 Tertullianus
2520 5527 2697 5573 autem
2748 5533 2964 5585 eorum,
2992 5508 3121 5589 quae
3162 5518 3231 5574 ab
3284 5516 3634 5572 histrionibus

2037 5616 2144 5671 illis
2185 5615 2237 5670 in
2287 5596 2511 5669 deorum
2564 5626 2782 5668 suorum
2828 5612 3209 5669 Contumeliam
3260 5624 3636 5679 summumque

2037 5707 2271 5766 dedecus
2305 5707 2621 5778 agebantur,
2648 5706 2763 5762 haec
2795 5707 2996 5776 profert
3032 5706 3277 5778 exempla
3306 5723 3320 5759 :
3350 5703 3512 5775 Luget
3537 5701 3636 5759 Sol

2036 5801 2202 5871 ﬁlium
2235 5800 2518 5857 detractum
2555 5801 2617 5857 dc
2657 5800 2783 5858 coelo
2809 5800 2829 5872 (
2853 5800 3158 5869 Tertullian.
3192 5798 3481 5872 Apologet.,
3514 5814 3631 5869 cap.
