4050 6350
510 329 648 387 1107
1595 311 1664 368 IN
1701 301 2127 367 TERTULLIAI‘

2232 298 2733 358 lPOLOGETICUM
3658 295 3772 355 1108

505 445 624 510 XV,
676 463 729 516 p.
783 439 934 512 359).
964 437 1020 493 In
1051 433 1379 493 membranis
1404 430 1621 495 noetris,
1643 437 1697 484 et
1725 423 2111 497 antiquioribus
2138 423 2190 482 Λ
2214 427 2390 473 autem
2434 432 2577 472 sana:
2621 415 2816 472 mentis
2858 414 3020 471 homo
3070 428 3176 470 ηοη
3219 413 3403 472 Videat
3445 412 3684 485 iaculati
3719 417 3774 471 ab

509 507 737 608 Rigallio
780 507 1138 596 editionibus,
1187 529 1443 600 jactatum
1486 525 1549 578 de
1591 523 1751 590 ctelo,
1783 518 1924 574 haud
1950 517 2112 573 dubie
2216 510 2447 566 ethnicis
2496 511 2685 566 horum
2731 510 3009 566 numinum
3058 508 3390 564 divinitatem
3447 507 3601 579 plane
3650 509 3775 579 peni-

508 629 880 686 Phactontem,
909 623 1068 694 cujus
1109 633 1233 676 nota
1274 627 1358 675 est
1405 616 1599 673 fabula.
1627 613 1680 669 In
1715 614 1886 684 primo
1916 608 2112 664 nihilo-

506 723 686 775 minus
714 717 778 771 ad
809 715 1072 770 Nationes
1099 712 1237 767 libro
1259 710 1516 782 legimus:
1543 705 1786 775 Solluget
1817 703 1981 773 ﬁlium
2006 699 2112 770 ful-

506 816 644 869 mine
663 811 936 867 extinctum
976 806 1175 878 (Idem,
1207 805 1295 860 lib.
1321 803 1431 857 [ad
1454 799 1691 863 Nation.,
1711 815 1758 854 ε.
1790 795 1856 860 Χ,
1885 813 1938 866 p.
1961 790 2112 862 576).

509 904 665 974 Quod
703 901 917 974 quidem
947 898 1260 968 IEsculapio
1284 893 1556 957 convenit,
1581 888 2033 962 quemadmodum
2063 884 2115 937 in

509 997 788 1068 superiore
837 992 1064 1049 articulo
1117 988 1511 1046 annotavimus.
1565 983 1946 1039 Verumtamen
1993 976 2116 1048 quia

509 1093 710 1149 ibidem
755 1089 988 1145 vidimus
1015 1087 1342 1142 mentionem
1375 1081 1532 1150 hujus
1561 1079 1613 1132 in
1639 1073 1987 1146 Apologetico
2019 1069 2119 1126 fac-

511 1197 646 1253 tam,
670 1184 796 1240 inde
825 1182 1000 1251 colligi
1033 1187 1208 1248 potest
1231 1178 1300 1233 ibi
1324 1175 1698 1238 Phaetontem,
1726 1178 1780 1225 et
1809 1169 1862 1222 in
1892 1166 2028 1222 libro
2053 1162 2119 1217 ad

512 1277 774 1335 Nationes
804 1273 1182 1342 [Esculapium
1216 1268 1407 1325 notari.

591 1373 674 1426 Ab
704 1368 960 1424 histrione
971 1366 1145 1421 adhuc
1161 1359 1644 1433 reprtcsentabatur
1665 1354 1848 1427 Cybele
1872 1360 2124 1425 pastorem

519 1465 788 1535 suspirans
832 1460 1184 1530 fastidiosum,
1217 1455 1422 1510 scilicet
1464 1450 1714 1522 Atydem.
1761 1446 1932 1514 Quam
1974 1442 2122 1498 labu-

520 1557 628 1612 lam
657 1553 976 1621 descriptam
1020 1549 1252 1604 vidimus
1296 1561 1326 1599 a
1374 1542 1596 1599 Minutio
1618 1538 1796 1594 Felice
1829 1535 2122 1609 (Dissertat.

519 1653 576 1701 in
603 1645 791 1700 Minut.
829 1641 1030 1707 0ctav.,
1069 1656 1186 1707 cap.
1216 1635 1334 1702 XX,
1363 1644 1461 1688 art.
1486 1634 1542 1696 ἓ,
1566 1641 1612 1686 et
1644 1629 1913 1685 Dissertal.
1943 1627 1997 1680 in
2025 1625 2125 1678 Ar-

521 1739 666 1805 nob.,
691 1753 808 1807 cap.
838 1735 941 1800 26,
976 1744 1079 1787 art.
1111 1734 1135 1788 1
1169 1734 1221 1803 ).
1253 1739 1308 1784 et
1355 1729 1422 1784 ab
1470 1725 1745 1790 Arnobio,
1787 1722 1876 1793 qui
1927 1719 2128 1774 idcirco

2219 613 2412 674 tusque
2433 604 2600 659 everti
2635 604 2717 659 bis
2740 603 3057 658 histrionum
3090 601 3314 669 actibus,
3341 601 3438 656 illo
3463 603 3780 673 spectantium

2221 698 2410 770 plausu
2440 713 2502 753 ac
2530 697 2758 769 gaudio,
2789 697 3145 768 omnibusque
3177 697 3278 752 illis
3307 695 3585 766 tragoediis
3623 705 3670 751 et
3704 711 3779 751 co-

2224 789 2456 855 moediis,
2483 790 2551 845 de
2579 790 2775 861 quibus
2806 790 2956 858 plura
2988 790 3039 843 in
3067 788 3328 859 superiori
3357 787 3722 842 dissertatione
3740 797 3782 843 et

2222 883 2341 938 aliis
2368 883 2501 938 locis
2533 883 2603 938 ibi
2633 883 2812 938 citatis
2834 882 3224 953 disputavimus
3250 880 3269 953 (
3293 880 3569 936 Dissertat.
3598 881 3645 934 in
3681 879 3783 934 Lac.

2225 986 2376 1044 tant.,
2405 993 2524 1046 cap.
2557 975 2775 1046 XXVII,
2801 987 2902 1031 art.
2931 977 2965 1032 '5
2987 975 3046 1047 )2

2812 1082 3110 1125 Αιιτιςῠωε
3163 1084 3239 1123 Ill.

2230 1161 2492 1230 Quantum
2534 1161 2782 1232 gentiles,
2819 1178 3085 1232 personam
3127 1161 3334 1215 deorum
3365 1159 3422 1214 in
3450 1175 3602 1214 cavea
3628 1160 3788 1228 induti,

2307 1255 2623 1309 divinitatem
2666 1255 2873 1309 illorum
2922 1254 3390 1324 pessumdederint,
3417 1263 3792 1324 reprasentantes

2299 1357 2573 1401 castratum
2599 1347 2782 1418 Atgm,
2816 1347 2892 1401 vel
2932 1347 3210 1402 Herculem
3236 1349 3404 1401 vivum
3435 1346 3715 1411 ardentem,
3737 1349 3793 1402 vel

2302 1438 2615 1494 Mercurium
2643 1440 2865 1493 cauterio
2894 1448 3118 1493 mortuos
3153 1439 3566 1502 examinantem,
3589 1438 3668 1509 vel
3684 1436 3794 1493 loris

2303 1535 2512 1603 fratrem
2551 1531 2799 1586 cadavera
2839 1531 3183 1602 gladiatorum
3207 1546 3322 1583 cum
3365 1531 3558 1584 malleo
3581 1532 3788 1584 deducen-

2307 1632 2427 1685 tem,
2454 1622 2644 1692 aliique
2664 1622 2715 1676 in
2743 1623 2944 1692 templis
2974 1621 3228 1675 adulteria
3258 1619 3596 1674 et‘lenocinia
3627 1636 3796 1690 compo-

2304 1727 2502 1778 nentes,
2533 1714 2716 1782 quibus
2745 1715 2951 1770 deorum
2985 1715 3299 1782 majestatem
3327 1712 3652 1769 obsoletant.

527 1805 774 1886 ethnicos
801 1829 879 1882 sic
899 1826 1133 1895 exagitat
1155 1843 1167 1879 :
1192 1817 1922 1892 Tranquillior,teniornieter
1941 1827 2127 1882 magna
2164 1835 2210 1894 Β
2311 1806 2393 1861 Ab
2435 1805 2757 1862 histrionum
2791 1807 2998 1864 theatro
3031 1807 3311 1878 descendit
3382 1807 3721 1862 Tcrtullianus
3759 1809 3796 1860 in

533 1923 775 1994 efﬁcitur,
829 1921 871 1974 si
918 1918 1099 1989 Atydis
1148 1915 1464 1987 conspexerit
1517 1910 1737 1983 priscam
1786 1905 2022 1978 refricari
2070 1903 2132 1956 ab

535 1993 866 2069 histrionibus
912 2010 1139 2082 [pbulum
1166 2005 1406 2075 (Arnob.,
1431 2002 1518 2057 lib.
1552 1999 1666 2065 Vll,
1699 1998 1899 2052 advers.
1929 1993 2133 2064 Gent.)?

531 2109 702 2162 Antea
729 2119 858 2160 vero
893 2120 904 2156 :
941 2101 1110 2155 Mater
1149 2116 1261 2153 eum
1308 2096 1496 2150 dilexit.
1521 2109 1706 2164 magna
1741 2106 1758 2144 :
1799 2089 1842 2143 si
1869 2096 2130 2159 nepotem,

526 2209 583 2253 ut
625 2199 772 2265 avia,
815 2213 892 2252 res
945 2193 1301 2266 simplexnin
1343 2190 1539 2242 theatra
1567 2196 1622 2239 ut
1665 2190 1961 2255 percrepant
1989 2221 2003 2246 ,
2046 2179 2130 2233 in-

527 2292 680 2361 famis
701 2299 746 2345 et
777 2288 1058 2359 perniciosa
1085 2284 1286 2338 dilectio
1299 2292 1369 2336 est
1399 2278 1510 2354 (Id.
1535 2279 1572 2333 ι.
1610 2276 1702 2347 V).

605 2383 785 2454 Pergit
836 2379 1230 2443 Tertullianus,
1278 2384 1434 2444 atque
1477 2371 1724 2427 ethnicos
1769 2367 1852 2422 his
1893 2366 2134 2434 increpat

530 2474 740 2529 verbis:
766 2471 1042 2527 Sustinetis
1063 2468 1206 2522 Jovis
1233 2466 1398 2537 elogia
1423 2466 1618 2518 cantari
1638 2459 1970 2532 (Tertullian.
1989 2457 2126 2528 Apo-

530 2568 706 2638 loget.,
740 2582 853 2637 cap.
890 2565 1006 2630 XV,
1041 2581 1159 2634 pag.
1191 2561 1344 2632 559),
1385 2570 1441 2615 et
1477 2559 1531 2614 in
1578 2557 1715 2612 libro
1741 2555 1807 2609 ad
1838 2553 2129 2620 Nationes,

531 2661 698 2731 elogia
733 2648 989 2712 modulari
1017 2657 1130 2730 (tib.
1161 2654 1183 2709 l
1209 2655 1276 2709 ad
1307 2654 1544 2717 Nation.,
1580 2667 1697 2721 cap.
1722 2649 1793 2716 Χ,
1823 2663 1943 2719 pag.
1974 2644 2128 2714 576),

531 2753 647 2809 sive
675 2752 822 2808 Jovis
860 2749 1300 2820 vituperationes,
1333 2755 1387 2802 et
1413 2743 1732 2814 ignominias
1757 2738 1986 2810 exprimi
2017 2737 2129 2791 his-

534 2844 768 2901 trionum
798 2843 1017 2899 vocibus
1044 2856 1107 2898 ac
1130 2839 1392 2912 gestibus,
1415 2845 1468 2893 et
1488 2836 1736 2891 tibiarum
1767 2830 2132 2887 modulatione

532 2937 589 2992 in
614 2934 914 3000 comoediis,
941 2935 1095 2989 sicuti
1119 2929 1545 3002 Amphitryonis,
1573 2937 1627 2982 et
1651 2925 1770 2980 aliis
1792 2931 1940 2981 certe
1967 2936 2130 2993 quam

532 3029 780 3101 plurimis
813 3026 1077 3082 similibus
1125 3023 1418 3080 decantari.
1460 3019 1733 3076 Sustinetis
1775 3032 1989 3089 quoque
2024 3014 2128 3071 Ju-

530 3137 736 3186 nonem,
775 3117 1035 3186 Venerem,
1070 3116 1354 3170 Minervam
1384 3130 1417 3167 a
1442 3121 1645 3184 pastore
1664 3109 1893 3182 judicari
1921 3109 1940 3180 (
1965 3108 2126 3174 idem,

535 3215 804 3286 Apologet.
831 3211 953 3267 ibid.
985 3209 1027 3284 ),
1057 3210 1307 3265 nimirum
1334 3206 1524 3262 Paride
1545 3247 1560 3273 ,
1593 3206 1648 3260 in
1676 3212 1856 3259 monte
1883 3201 1971 3258 Ida
1997 3201 2128 3257 edu-
2154 3229 2199 3291 ρ

532 3316 656 3363 cato
681 3307 821 3362 inter
843 3314 1105 3376 pastores,
1124 3312 1180 3358 et
1201 3309 1415 3373 pastore
1442 3305 1768 3367 nuncupato,
1784 3295 1935 3366 cujus
1958 3293 2025 3349 de
2042 3293 2127 3348 his

534 3399 736 3455 deabus
756 3399 1014 3469 judicium
1043 3395 1175 3452 nulli
1205 3397 1594 3464 incompertum
1621 3397 1724 3446 est.
1769 3387 1909 3443 Nihil
1949 3387 2130 3458 itaque

533 3491 871 3562 adjiciemus,
893 3489 993 3544 nisi
1016 3487 1159 3559 quod
1185 3487 1315 3542 scite
1337 3494 1390 3540 et
1409 3484 1631 3539 omnino
1657 3481 1722 3536 ad
1752 3496 1865 3536 rem
1889 3489 2128 3534 nostram

532 3584 775 3654 apposite
801 3581 1130 3652 Augustinus
1157 3578 1324 3634 dixit:
1359 3575 1595 3631 Tametsi
1625 3573 1753 3628 falsa
1783 3573 1929 3639 sint,
1965 3571 2131 3642 litigia

530 3674 610 3728 vel
622 3673 822 3744 judicia
849 3671 916 3726 de
941 3670 1178 3742 pluribus
1206 3668 1330 3735 diis,
1363 3675 1416 3722 et
1447 3666 1613 3722 tribus
1638 3664 1741 3720 illis
1771 3662 1994 3727 deabus,
2017 3678 2132 3732 qua:

533 3783 630 3838 pro
659 3768 794 3821 malo
828 3781 981 3820 aureo
1011 3762 1340 3835 adipiscendo
1367 3761 1506 3832 apud
1523 3759 1752 3831 judicem
1781 3755 2026 3812 Paridem
2069 3755 2131 3809 de

532 3859 935 3932 pulchritudinis
963 3857 1259 3912 excellentia
1287 3865 1504 3910 certasse
1532 3861 1825 3916 narrantur,
1844 3860 1889 3904 et
1915 3849 1984 3903 ad
2011 3847 2130 3919 pla-

532 3952 723 4006 candos
752 3952 886 4006 ludis
921 3951 1039 4004 deos
1057 3992 1069 4014 ,
1093 3950 1178 4020 qui
1217 3946 1534 4001 delectantur
1557 3961 1645 4000 seu
1674 3944 1803 3998 veris
1824 3983 1838 4009 ,
1869 3959 1959 3998 seu
1985 3942 2130 4013 falsis

531 4042 644 4107 istis
667 4041 961 4095 criminibus
985 4059 1002 4105 ;
1025 4042 1155 4094 inter
1184 4038 1456 4092 theatricos
1487 4047 1653 4088 tamen
1684 4033 1895 4104 plausus
1917 4043 2132 4087 cantan-

536 4140 622 4185 tur
637 4140 785 4202 atque
805 4130 1298 4202 saltantur(August.
1324 4128 1414 4182 lib.
1450 4124 1616 4182 XVIII
1647 4125 1709 4180 de
1730 4123 1906 4192 Civit.,
1923 4141 2038 4194 cap.
2059 4122 2126 4192 X,

534 4240 657 4296 pag.
685 4222 791 4279 495
810 4223 850 4294 ).
882 4225 1054 4293 Atque
1085 4224 1153 4278 ita
1173 4263 1188 4289 ,
1215 4221 1290 4276 ait
1317 4222 1516 4275 Auctor
1543 4227 1745 4286 noster,
1769 4215 1998 4273 deorum
2021 4233 2132 4273 ma-

530 4316 723 4387 jestas,
749 4314 980 4370 ethnicis
1009 4329 1115 4368 non
1146 4312 1305 4368 modo
1331 4329 1432 4367 non
1460 4309 1860 4366 erubescentibus
1889 4305 2130 4379 (Tertul-

533 4407 660 4462 lian.
686 4407 978 4482 Apologet.,
1010 4422 1127 4478 cap.
1149 4405 1268 4473 XV,
1295 4423 1420 4478 pag.
1454 4405 1605 4476 559),
1633 4403 1729 4460 sed
1759 4403 1944 4470 etiam,
1973 4402 2131 4459 sicuti

530 4500 590 4558 in
620 4500 855 4557 editione
884 4499 1110 4571 Regaltii
1141 4500 1355 4570 legitur,
1396 4499 1755 4571 plaudentibus
1778 4541 1793 4567 ,
1834 4499 1888 4553 in
1933 4498 2132 4553 nostris

2247 1917 2470 1967 caveam,
2494 1911 2550 1956 ut
2581 1903 2694 1972 ipse
2721 1903 2972 1974 loquitur,
3007 1918 3105 1959 nec
3133 1902 3377 1959 ethnicos
3411 1903 3480 1956 ibi
3507 1903 3795 1972 religiosiores

2239 1995 2438 2050 invenit
2466 1993 2808 2066 (Tertullian.
2834 1998 3122 2069 Apologet.,
3163 2014 3210 2052 c.
3249 1997 3332 2061 I5,
3375 2015 3433 2068 p.
3465 1996 3596 2061 561,
3620 2007 3662 2050 et
3688 1997 3793 2050 lib.I

2236 2089 2304 2142 ad
2326 2087 2565 2156 Natiom,
2588 2107 2634 2144 ε.
2653 2091 2742 2159 10,
2762 2108 2817 2161 p.
2844 2091 2991 2161 576).
3047 2092 3334 2161 Tripliccm
3363 2107 3497 2148 vero
3521 2093 3793 2163 distinguunt

2245 2194 2465 2235 caveam
2485 2222 2500 2248 ,
2531 2183 2645 2236 sive
2674 2182 2852 2250 potius
2879 2192 2988 2238 tres
3011 2183 3128 2254 ejus
3156 2192 3358 2252 partes,
3389 2183 3789 2254 quemadmodum

2237 2288 2304 2330 ex
2334 2271 2594 2330 Cicerone
2623 2275 2640 2346 (
2667 2274 2852 2342 Cicer.,
2877 2276 2944 2331 lib
2975 2277 3038 2330 de
3065 2276 3293 2344 Seneet.,
3316 2295 3376 2347 p.
3405 2278 3544 2341 412,
3564 2279 3651 2332 lin.
3673 2277 3789 2342 57,et

2240 2367 2331 2422 lib.
2361 2368 2425 2421 de
2453 2369 2682 2434 Amicit.,
2715 2387 2769 2437 p.
2800 2368 2908 2423 422
2928 2412 2943 2436 ,
2973 2369 3067 2423 lin.
3096 2371 3164 2426 15
3193 2370 3234 2438 ),
3267 2369 3530 2425 Suetonio
3560 2368 3790 2440 (Sectam,

2236 2461 2324 2516 lib.
2354 2459 2596 2531 II,§IM),
2622 2460 2808 2517 Servio
2831 2461 3076 2532 (Servius
3098 2463 3149 2516 in
3177 2462 3262 2517 lib.
3295 2461 3617 2528 V,£neid.,
3635 2478 3675 2515 υ.
3692 2461 3785 2524 510,

2235 2563 2283 2607 et
2306 2551 2587 2618 lib.VIll,v.
2609 2553 2762 2624 655),
2787 2554 3007 2624 aliisque
3031 2553 3306 2610 discimus.
3335 2553 3564 2610 Summa
3586 2565 3700 2619 erat,
3722 2553 3787 2608 ubi

2235 2645 2493 2716 heminas,
2517 2647 2693 2704 media
2722 2648 2809 2704 ubi
2835 2647 3086 2719 populus,
3121 2650 3276 2705 tertia
3302 2649 3396 2704 ubi
3427 2648 3694 2705 nobiliores
3713 2648 3782 2702 viri

2236 2740 2513 2808 sedebant,
2559 2743 2978 2814 spectabantque
3001 2744 3242 2813 publicos
3267 2744 3446 2798 ludos.
3474 2743 3783 2798 Tertullianus

2237 2842 2436 2900 tamen,
2460 2834 2906 2904 quemadmodum
2939 2833 3260 2890 Ammianus
3286 2833 3625 2890 Marcellinus
3653 2831 3781 2904 (Μαῖα

2235 2927 2374 2990 cell,
2404 2926 2492 2980 lib.
2527 2926 2647 2981 XIX
2668 2969 2684 2994 ,
2716 2947 2767 2999 p.
2798 2929 2903 2984 550
2932 2929 2988 3000 ),
3044 2945 3219 2985 cavea:
3275 2931 3499 2985 nomine
3549 2929 3782 2997 designant

2235 3019 2614 3090 amphitheatri
2646 3036 2865 3077 arenam
2888 3064 2902 3090 ,
2933 3021 2984 3076 in
3013 3038 3113 3093 qua
3155 3022 3462 3093 pugnabant
3489 3022 3776 3096 gladiatares.

2235 3112 2293 3168 In
2320 3128 2417 3166 suo
2438 3113 2632 3183 quippe
2659 3113 2725 3168 ad
2753 3113 3016 3170 Nationes
3040 3115 3177 3170 libro
3199 3115 3447 3186 scripsit:
3474 3115 3779 3185 Religiosiom

2235 3205 2352 3258 estis
2387 3204 2439 3258 in
2467 3205 2809 3275 gladiatorum
2831 3222 3005 3270 cavea,
3036 3207 3120 3260 ubi
3145 3223 3298 3277 super
3322 3207 3618 3279 sanguinem
3640 3207 3780 3258 [iunia-

2233 3313 2354 3350 num
2375 3338 2390 3362 ,
2418 3313 2571 3365 super
2594 3297 2975 3364 inquinamenta
3002 3315 3265 3368 positarum
3303 3299 3520 3370 proinde
3545 3299 3706 3352 saltant
3728 3293 3780 3346 dii

2232 3387 2403 3452 vestri,
2429 3398 2728 3458 argumenta
2759 3397 2804 3442 et
2826 3389 3073 3444 historias
3105 3390 3400 3446 nocentibus
3425 3390 3695 3464 erogandis,
3717 3394 3778 3439 avt

2232 3479 2285 3532 in
2331 3477 2455 3550 ipsis
2504 3480 2609 3534 deis
2640 3490 2870 3536 nocentes
2911 3484 3194 3553 puniuntur
3223 3484 3240 3554 (
3272 3482 3493 3538 Tertull.
3568 3483 3646 3537 lib.
3685 3477 3778 3534 [ad

2235 3570 2386 3636 Nat.,
2416 3591 2532 3643 cap.
2562 3573 2633 3641 X,
2676 3592 2729 3645 p.
2759 3574 2920 3648 576).
2951 3576 3006 3631 In
3037 3577 3387 3648 Apologctico
3437 3587 3608 3633 autem
3656 3570 3777 3629 simili

2234 3665 2394 3722 modo
2420 3683 2432 3720 :
2471 3665 2538 3720 In
2565 3683 2716 3722 cavea
2737 3709 2752 3733 ,
2783 3669 2984 3739 inquit,
3015 3670 3100 3723 ubi
3126 3686 3279 3740 super
3321 3670 3613 3742 sanguinem
3637 3667 3779 3719 hama.

2233 3776 2355 3814 num
2376 3802 2390 3827 ,
2421 3777 2572 3832 super
2598 3763 2984 3834 inquinamenta
3014 3780 3277 3833 poenarum
3307 3765 3522 3835 proinde
3545 3763 3707 3817 saltant
3728 3757 3780 3810 dii

2233 3856 2418 3921 vestri,
2444 3867 2743 3927 argumenta
2773 3867 2818 3911 et
2860 3857 3099 3913 historias
3127 3860 3296 3912 noxiis
3323 3859 3653 3913 ministrantes
3672 3896 3684 3918 ,
3706 3849 3780 3904 ηὶεί

2233 3947 2436 4018 quodet
2465 3949 2602 4019 ipsos
2628 3950 2748 4004 deos
2791 3959 2978 4005 vestros
3020 3967 3155 4021 stupe
3189 3952 3326 4006 noxii
3367 3952 3584 4005 induunt
3618 3946 3772 4021 (Idem.

2235 4039 2477 4110 Apolog.,
2503 4057 2550 4096 ο.
2580 4039 2693 4106 XV,
2715 4059 2768 4112 p.
2794 4043 2919 4110 561,
2941 4053 2988 4098 et
3015 4043 3101 4097 lib.
3128 4043 3144 4097 l
3167 4045 3236 4097 ad
3258 4042 3388 4099 Nat.
3413 4045 3509 4099 loc.
3541 4044 3618 4098 cit.
3635 4036 3778 4112 ).Qui-

2235 4131 2336 4186 bus
2377 4132 2463 4188 ille
2506 4133 2684 4188 verbis
2727 4135 2991 4206 signiﬁcat
3018 4135 3507 4208 postgladiatorum
3532 4144 3776 4191 certamen.

2236 4224 2646 4291 pantomimum,
2694 4235 2907 4296 sumpta
2935 4226 3021 4282 dei
3051 4227 3274 4298 alicujus
3306 4227 3453 4283 larva
3486 4244 3546 4284 ac
3573 4235 3774 4298 persvna.

2235 4310 2588 4371 descendisse
2616 4315 2666 4370 in
2688 4330 2906 4371 arenam
2928 4359 2942 4383 ,
2976 4327 3032 4373 et
3055 4318 3281 4374 saltasse
3305 4334 3464 4390 supra
3492 4330 3692 4388 corpora
3710 4325 3775 4367 oc-

2235 4404 2493 4471 cisorum,
2520 4417 2611 4462 aut
2636 4407 2870 4463 animam
2898 4408 3284 4476 exhalantinm,
3317 4412 3600 4477 noxiorum,
3631 4405 3674 4461 id
3697 4410 3772 4466 est.

2234 4495 2446 4552 illorum
2479 4500 2594 4570 qui,
2625 4499 2694 4554 ob
2723 4501 2946 4556 crimina
2978 4517 3073 4557 sua
3095 4502 3464 4569 condemnati,
3495 4517 3606 4558 cum
3633 4495 3774 4554 bestiis

531 4606 666 4650 vero
688 4591 1050 4659 membranis,
1078 4601 1134 4648 et
1159 4591 1393 4662 antiquis
1421 4589 1747 4646 editionibus
1768 4632 1782 4658 ,
1811 4605 1872 4646 ac
1895 4589 2033 4645 libro
2061 4588 2129 4644 ad
2154 4625 2208 4685 Β
2237 4587 2512 4645 decertare
2536 4591 2883 4662 cogebantur.
2918 4591 3010 4649 Dic
3055 4608 3206 4665 ergo,
3245 4609 3404 4664 quam
3447 4593 3696 4664 pulchrum
3728 4598 3773 4638 ac

529 4686 788 4742 Nationes
817 4683 1250 4758 laetantibusUib.
1277 4682 1390 4738 [ad
1420 4679 1662 4749 Nation.,
1700 4699 1747 4736 c.
1775 4681 1846 4750 X,
1883 4700 1935 4752 p.
1975 4680 2125 4750 576),

539 4777 846 4834 violabatur
873 4787 928 4834 et
967 4776 1434 4847 constuprabatur.

604 4869 771 4942 Urget
795 4869 1161 4927 Tertullianus
1187 4869 1394 4942 (ibid.):
1429 4867 1601 4937 Quid,
1633 4867 1768 4938 quod
1789 4868 1808 4940 (
1833 4868 2000 4924 nostri
2030 4883 2127 4923 co-

527 4961 677 5018 dices
720 4955 1063 5034 manuscripti
1094 4970 1149 5017 et
1176 4961 1406 5031 antiqua:
1431 4959 1715 5026 editiones,
1746 4957 1935 5030 ipsum)
1960 4961 2128 5032 imago

529 5052 614 5106 dei
642 5053 788 5107 vestri
817 5054 1349 5125 ignominiosissimum
1373 5053 1391 5123 (
1416 5053 1555 5109 idem
1599 5051 1687 5106 alii
1709 5051 1942 5120 codices,
1974 5052 2124 5124 igno-

529 5144 846 5216 miniosum)
885 5156 1037 5217 caput
1087 5157 1131 5200 et
1161 5151 1412 5218 famosum
1455 5145 1613 5199 vestit.
1663 5145 1720 5199 In
1777 5143 1912 5204 libro
1947 5153 2124 5200 autem

527 5236 597 5292 ad
649 5236 944 5293 Nationes:
987 5235 1265 5292 Famosum
1315 5247 1360 5291 et
1409 5237 1709 5291 diminutunt
1750 5245 1904 5306 caput
1955 5237 2124 5307 imago

529 5329 801 5401 cujuslibet
831 5329 911 5384 dei
943 5330 1120 5394 vestit;
1153 5329 1207 5385 id
1237 5340 1353 5397 est,
1386 5329 1576 5384 histrio
1623 5328 2038 5401 ignominiosus,
2072 5339 2129 5386 et‘

526 5420 743 5492 ﬂagitiis
793 5420 1064 5488 famosus,
1108 5429 1459 5492 repraesentat
1505 5421 1790 5492 cujuslibet
1821 5421 1904 5478 dei
1935 5422 2124 5494 imagi-

526 5531 673 5570 nem.
695 5514 854 5570 Addit
879 5514 1053 5570 adhuc
1073 5533 1085 5569 :
1109 5513 1304 5585 Corpus
1327 5515 1604 5586 impurum,
1632 5527 1678 5570 et
1703 5517 1771 5570 ad
1795 5517 1944 5573 istaut
1965 5528 2123 5573 artem

529 5605 924 5672 e/fteminalione
946 5607 1274 5677 productum,
1302 5607 1413 5662 sive
1441 5608 1601 5662 mima
1629 5608 1910 5679 impudens
1928 5610 2122 5668 Miner-

525 5715 643 5751 vam
671 5698 916 5769 aliquam,
941 5699 1018 5755 vel
1046 5699 1367 5770 petulantior
1394 5699 1588 5756 mimus
1613 5699 1887 5759 Herculem
1917 5704 2118 5777 (ibid),

527 5789 583 5845 id
610 5799 723 5858 est,
753 5794 924 5864 turpia
967 5795 1244 5866 utriusque
1275 5794 1410 5851 facta
1433 5796 1483 5851 in
1509 5799 1668 5854 scena
1698 5798 1946 5856 exhibet.
1979 5798 2108 5870 Quis

2240 4685 2386 4754 pium
2415 4684 2709 4741 eratdeum
2750 4696 3095 4757 personatum
3122 4687 3388 4743 carnificis
3432 4687 3571 4758 fungi
3609 4679 3770 4743 ollicio,

2231 4785 2323 4832 aut
2359 4792 2575 4832 reorum
2611 4794 2642 4833 a
2663 4777 2849 4835 bestiis
2874 4779 3171 4836 occisorum
3203 4778 3550 4836 cadaveribus
3576 4772 3766 4832 illudere.

2303 4869 2470 4927 Nemo
2500 4878 2678 4926 autem
2710 4872 2839 4928 illud
2870 4873 2938 4928 ab
2989 4874 3221 4929 Auctore
3269 4882 3455 4928 nostro
3498 4872 3660 4928 ﬁctum
3704 4859 3766 4918 vel

2231 4970 2614 5034 exaggeratum
2642 4964 2940 5034 putaverit,
2965 4964 3110 5036 quod
3136 4965 3250 5036 ipse
3281 4965 3505 5022 suismet
3528 4961 3767 5020 oculisse-

2231 5055 2352 5127 pius
2400 5055 2597 5112 vidisse
2657 5056 3022 5112 testiﬁcatur:
3065 5055 3329 5126 Vidimus,
3387 5059 3498 5126 ait,
3529 5047 3769 5123 aliquando

2231 5148 2254 5219 (
2281 5148 2606 5218 Tertullian.,
2637 5150 2894 5220 ibidem);
2927 5159 2982 5207 et
3013 5151 3065 5206 in
3100 5151 3238 5207 libro
3279 5151 3350 5207 ad
3395 5150 3670 5207 Nationes:
3700 5138 3779 5195 Vir

2231 5242 2397 5297 dimus
2417 5257 2550 5312 stupe
2579 5253 2860 5298 castratum
2887 5244 3060 5315 Atym,
3083 5244 3232 5299 illum
3257 5244 3408 5299 deum
3424 5239 3764 5299 exPessinunle.

2229 5338 2361 5393 urbe
2386 5337 2633 5395 videlicet
2663 5339 2716 5393 in
2751 5337 2997 5410 Phrygia:
3041 5353 3248 5411 magna;
3290 5338 3552 5403 conﬁnio,
3575 5333 3660 5389 sub
3683 5328 3765 5396 Ag—

2229 5430 2368 5488 desti
2404 5441 2586 5488 monte
2611 5432 2734 5499 sita,
2765 5432 2817 5486 in
2847 5447 2953 5503 qua
2981 5432 3136 5505 Atys,
3166 5441 3302 5489 teste
3335 5431 3602 5495 Pausania,
3631 5433 3766 5480 tumuo

2229 5523 2367 5580 latus
2385 5523 2676 5580 ferebatur.
2707 5523 2977 5580 Praeterea
2998 5543 3011 5579 :
3036 5523 3142 5592 Qui
3167 5525 3325 5591 vivus,
3351 5523 3426 5578 ait
3453 5523 3558 5588 ille,
3580 5511 3762 5572 ardebat.

2231 5613 2506 5670 Herculem
2525 5615 2761 5671 induerat
2792 5613 3048 5683 (Pausan.
3079 5615 3168 5671 lib.
3202 5612 3244 5681 Ι,
3275 5632 3328 5686 p.
3361 5615 3396 5670 4
3419 5613 3458 5686 ).
3481 5609 3608 5681 Quid
3627 5611 3760 5661 autem

2228 5709 2377 5765 hisce
2394 5709 2570 5766 verbis
2596 5708 2697 5766 sibi
2723 5708 2910 5778 voluit,
2933 5707 3034 5764 nisi
3060 5707 3115 5762 in
3143 5702 3451 5764 crudelibus
3476 5704 3572 5760 illis
3594 5701 3757 5770 specu-

2221 5804 2356 5862 culis
2385 5803 2574 5862 noxios
2601 5803 2848 5862 homines
2872 5812 2926 5861 et
2945 5802 3235 5860 sceleratos
3255 5810 3466 5874 sumpta
3487 5797 3562 5856 vel
3587 5785 3749 5864 AtydiS,
