4050 6350
307 394 453 456 1109
1395 379 1853 444 θιεεειιτηιο

1997 377 2089 436 LE
2125 377 2435 436 NOURRY.
2968 382 2982 402 ⁸
3474 377 3625 438 1110

307 510 394 567 vel
437 504 686 565 Herculis
716 504 909 574 forma,
940 507 1356 576 repraesentssse
1395 498 1892 568 castratum'Atym,
1922 493 1977 557 Α
1998 508 2113 564 cap.
2135 492 2202 547 l5
2224 492 2265 561 ι.
2283 506 2381 548 seu
2400 480 2652 562 exprimi,
2674 497 2837 563 atque
2864 490 3092 563 expleri.
3111 490 3223 548 Nec
3243 490 3362 559 tibi,
3385 506 3592 563 quazso,

304 612 360 659 et
387 603 567 661 vivum
602 599 889 657 Herculem
918 597 1279 654 combustum.
1313 594 1392 651 De
1420 602 1644 664 utroque
1688 590 1897 663 egimus
2002 594 2253 655 suspecta
2283 586 2353 640 sit
2382 585 2501 656 ejus
2524 584 2683 640 ﬁdes.
2713 584 2848 641 Nam
2895 584 3172 642 Iuvenalis
3193 628 3210 652 ,
3240 587 3453 641 tametsi
3484 584 3604 643 eth-

302 698 357 754 in
388 708 571 753 nostra
601 695 668 751 de
695 692 917 749 Aruobii
966 690 1117 746 libris
1143 688 1518 745 dissertatione
1560 687 1579 755 (
1618 684 1894 741 Dissertat.
2001 678 2155 734 nicas
2176 719 2191 745 ,
2222 692 2347 732 cum
2376 685 2523 733 tanta
2570 676 2771 747 ﬂagitia
2818 675 2965 732 l‘erre
3008 692 3119 732 non
3146 686 3370 751 posset,
3402 692 3465 733 ea
3497 693 3609 736 non

306 791 360 845 in
385 789 605 856 Arnob.,
634 803 751 857 cap.
788 785 875 850 14,
901 792 1001 839 art.
1028 783 1083 848 Ξ,
1112 792 1159 836 et
1182 798 1298 853 cap.
1332 780 1417 851 1,8,
1447 789 1547 834 art.
1577 780 1601 833 1
1634 780 1676 846 ).
2008 771 2128 826 sine
2158 786 2373 827 summa
2402 769 2770 842 indignatione
2808 769 2894 825 bis
2922 770 3167 826 versibus
3198 770 3464 841 exagitat:

376 885 519 956 Quid
560 884 755 957 plura?
784 881 1016 937 Risimus
1036 923 1050 946 ,
1080 878 1250 946 inquit
1290 877 1466 932 adhuc
1493 873 1890 942 Tertulliauus,

297 991 345 1037 et
366 982 497 1036 inter
536 979 762 1035 ludicras
810 975 1246 1044 meridianorum(
1274 971 1576 1027 Tertullian.
1610 970 1707 1025 loc.
1735 968 1820 1023 sit.
1846 966 1891 1040 ),

297 1071 677 1144 gladiatorum,
701 1069 771 1125 de
788 1067 981 1141 quibus
1004 1082 1103 1123 nos
1122 1080 1285 1137 supra
1313 1064 1538 1136 egimus,
1565 1062 1893 1119 crudelitates

299 1166 640 1233 Mercurium,
668 1163 720 1219 id
751 1171 854 1231 est,
887 1159 1158 1218 hominem
1185 1159 1387 1214 larvam
1416 1156 1667 1239 Μαραινῆ
1700 1168 1810 1225 prae
1831 1168 1892 1211 se

296 1258 582 1324 ferentem,
609 1264 855 1322 mortuos,
879 1254 993 1310 sive
1023 1254 1236 1310 occisos
1263 1248 1610 1324 gladiatores,
1641 1249 1883 1315 cauterio,

296 1365 393 1406 seu
423 1347 569 1404 ferro
597 1346 866 1405 candente
891 1345 1263 1401 examinantem
1304 1353 1484 1399 utrum
1526 1341 1672 1397 fraus
1712 1340 1885 1411 aliqua

296 1459 403 1499 non
433 1442 645 1509 lateret,
674 1456 738 1497 ac
764 1440 837 1496 illi
864 1456 1051 1496 revera
1074 1437 1273 1493 mortui
1300 1447 1502 1493 essent.
1798 1446 1805 1455 ‘
2234 1437 2248 1446 ’
2991 1442 3101 1503 (Sat
3115 1440 3269 1502 inut,
3292 1455 3333 1492 υ.
3360 1442 3408 1501 4,
3432 1443 3507 1505 5.)

364 1533 630 1599 Vidimus,
664 1532 836 1604 pergit
861 1530 953 1586 ille
983 1531 1181 1604 (ibid.),
1213 1538 1261 1583 et
1288 1528 1433 1583 lovis
1462 1529 1692 1600 fratrem,
1729 1524 1889 1580 nimi-
1989 1522 2099 1580 Sed
2118 1524 2187 1581 de
2213 1524 2298 1580 his
2317 1526 2429 1596 jam
2457 1525 2611 1596 plura
2639 1524 2878 1581 diximus
2918 1526 2972 1581 in
3006 1525 3131 1581 aliis
3171 1524 3372 1580 neatris
3401 1524 3602 1581 disser-

290 1642 408 1683 rum
430 1626 736 1693 Plutonem,
757 1625 1096 1703 gladiatorum
1117 1623 1367 1678 cadavera
1391 1639 1503 1676 cum
1517 1621 1722 1686 malleo,
1745 1620 1881 1686 sive,
1990 1617 2281 1673 tationibus
2310 1618 2328 1689 (
2362 1618 2634 1674 Dissertat.
2660 1621 2715 1673 in
2745 1617 2957 1684 Μίνωι,
2986 1635 3103 1689 cap.
3136 1619 3238 1684 15,
3271 1627 3355 1672 art
3384 1618 3407 1673 1
3434 1658 3450 1685 ,
3472 1627 3519 1671 et
3544 1618 3600 1674 in

288 1727 347 1774 ut
375 1719 427 1773 in
459 1718 596 1774 libro
626 1716 693 1772 ad
734 1716 990 1771 Nationes
1018 1716 1245 1786 legitur,
1290 1715 1528 1783 exequias
1558 1728 1673 1766 cum
1699 1711 1884 1765 malleo
1987 1708 2247 1779 Lactant,
2278 1729 2333 1783 p.
2364 1710 2459 1778 27,
2490 1720 2586 1765 art.
2614 1711 2639 1765 1
2669 1720 2715 1765 et
2741 1710 2870 1779 54).
2904 1709 3036 1777 Quis
3074 1718 3254 1766 alitem
3279 1751 3294 1776 ,
3326 1710 3411 1764 cui
3462 1724 3595 1766 sana

286 1809 637 1875 deducentem,
669 1808 721 1864 in
758 1808 1071 1879 spoliarium
1110 1805 1357 1863 videlicet
1397 1850 1412 1874 ,
1444 1806 1531 1861 ubi
1562 1805 1884 1877 gladiatores
1987 1817 2147 1859 mens
2169 1804 2238 1857 sit
2262 1845 2277 1869 ,
2307 1812 2504 1873 sponte
2543 1817 2652 1857 non
2692 1801 2997 1858 subseribet
3027 1800 3381 1865 Tertulliano,
3404 1800 3497 1872 qui
3524 1816 3596 1857 ex

2119 886 2291 951 Euper
2313 887 2464 946 enim,
2492 891 2544 936 ut
2567 893 2744 951 repeto
2786 885 2951 937 fanum
2974 887 3134 951 Isidis,
3179 896 3233 938 et
3254 886 3608 951 Ganymedem,

2119 949 2279 1013 Bacis,
2306 957 2359 1000 et
2379 952 2598 1001 advecta:
2621 949 2820 999 Secreta
2843 950 3018 1013 palatia
3043 950 3229 1013 Matris,

2119 1010 2181 1063 Et
2204 1012 2467 1075 Cererem;
2503 1025 2615 1062 nam
2637 1026 2736 1075 quo
2758 1010 2856 1061 non
2872 1018 3055 1074 prostat
3078 1011 3271 1062 immitia
3298 1012 3510 1076 templo?

2526 1093 2775 1160 (Juvenal.
2806 1092 2958 1147 Satir.
2983 1096 3035 1156 9,
3058 1109 3104 1146 υ.
3122 1096 3202 1158 22,
3227 1095 3447 1160 etseqq.)

1992 1198 2063 1256 Et
2090 1216 2149 1258 re
2177 1199 2399 1273 quidem
2429 1214 2555 1256 vera
2590 1200 2680 1256 ille
2709 1200 2861 1273 prius
2891 1200 3100 1257 dixerat
3125 1219 3137 1253 :

2114 1318 2212 1383 Aut
2235 1319 2361 1383 apud
2382 1317 2547 1368 Isiacze
2573 1320 2731 1381 potius
2759 1319 2970 1368 sacraria
2998 1317 3125 1367 lente

282 1903 430 1969 victi,
457 1911 512 1959 et
538 1902 729 1959 letbali
760 1901 980 1957 vulnere
1007 1911 1247 1972 accepto,
1278 1899 1321 1955 si
1350 1898 1477 1971 quid
1504 1898 1698 1969 reliqui
1742 1898 1883 1953 foret
1914 1898 1963 1957 B
1992 1893 2078 1949 his
2106 1893 2357 1949 omnilms
2380 1936 2393 1959 ,
2422 1910 2545 1965 qua:
2584 1894 2637 1948 in
2682 1892 2786 1949 hoc
2825 1902 2882 1947 et
2926 1892 3302 1963 superioribus
3351 1890 3594 1947 articulis

282 2000 523 2071 spiritus,
559 1998 1023 2056 iuterimebantur.
1058 2000 1418 2067 Quamobrem
1461 1997 1731 2054 scribebat
1779 1996 1880 2054 Se-

279 2107 414 2149 neca
441 2114 453 2148 :
487 2090 761 2164 Numquid
804 2093 1023 2162 aliquem
1064 2108 1170 2147 esse
1227 2101 1331 2145 tam
1366 2091 1608 2163 cupidum
1639 2091 1755 2144 vitta
1783 2105 1878 2159 pu-

288 2194 385 2250 tas,
407 2194 462 2239 ut
480 2184 717 2257 jugulati
742 2184 795 2238 in
820 2183 1084 2256 spoliario,
1114 2201 1270 2257 quam
1294 2185 1347 2239 in
1375 2201 1531 2239 arena
1551 2184 1697 2239 malit
1726 2184 1744 2256 (
1775 2182 1874 2240 Se-

280 2293 390 2331 nec.
421 2275 589 2349 Epist.
614 2276 706 2342 94,
734 2276 827 2331 sub
863 2279 982 2346 lim,
1014 2294 1133 2349 pag.
1161 2278 1266 2334 584
1295 2276 1352 2348 )?
1382 2276 1540 2332 Plura
1566 2289 1745 2333 autem
1785 2276 1875 2333 ille

274 2368 400 2425 alibi
428 2367 639 2442 (Epist.
668 2367 759 2423 VII
780 2410 795 2436 ,
827 2385 946 2441 pag.
982 2368 1083 2425 172
1111 2373 1149 2439 ),
1184 2370 1252 2425 de
1290 2368 1678 2440 gladiatoribus
1709 2371 1873 2426 meri-

273 2461 470 2526 dianis,
500 2470 659 2532 atque
677 2463 837 2517 etiam
863 2461 1153 2517 Suetonius
1175 2462 1193 2535 (
1214 2462 1430 2519 Sueten.
1457 2464 1509 2517 in
1532 2465 1632 2517 vita
1658 2463 1867 2529 Claud.,

274 2553 304 2626 ᾗ
349 2554 415 2610 54
440 2595 457 2621 ,
486 2564 533 2609 et
561 2553 809 2626 Caligul.,
843 2553 871 2626 ᾗ
903 2554 972 2611 26
1012 2564 1057 2609 et
1084 2572 1222 2627 seqq.
1253 2554 1303 2629 ),
1337 2572 1470 2627 quos
1497 2555 1695 2612 videsis
1732 2558 1875 2612 sicut

272 2645 668 2719 Lampridium(
691 2645 957 2719 Lamprid.
991 2648 1043 2702 in
1072 2648 1176 2701 vita
1200 2646 1469 2703 Commod.
1496 2648 1801 2720 imperator.
1821 2645 1866 2717 ),

268 2740 335 2796 tle
362 2741 637 2811 spoliario,
683 2741 735 2797 in
783 2741 924 2813 quod
966 2742 1297 2813 gladiatores
1325 2758 1465 2798 unco
1493 2741 1861 2798 trahebantur.

343 2832 612 2901 Quosdam
640 2848 802 2905 porro
826 2833 1080 2890 admirari
1113 2834 1293 2902 subit,
1323 2836 1412 2906 qui
1441 2835 1492 2890 in
1522 2835 1625 2891 hoc
1650 2834 1867 2891 Tertul-

265 2927 391 2982 liani
422 2937 571 2983 textu
596 2929 860 2999 scriptum
892 2930 1121 2985 volunt:
1167 2928 1398 2985 Vidimus
1429 2940 1476 2986 et
1496 2930 1563 2985 ad
1585 2928 1732 2986 lovis
1758 2930 1865 2995 fra-

265 3031 391 3074 trem
414 3023 430 3090 (
457 3020 650 3076 Johan.
675 3022 852 3093 Argoi.
878 3019 1005 3076 Not.
1028 3022 1079 3077 in
1112 3021 1373 3095 Onupltr.,
1395 3023 1624 3078 Panuin.
1656 3023 1720 3077 de
1748 3024 1858 3079 lud.

266 3115 510 3180 Circens.,
560 3132 677 3186 cap.
718 3114 759 3170 2
800 3119 841 3187 ),
872 3118 1023 3187 quasi
1066 3117 1300 3173 dixerit:
1327 3117 1571 3173 Vidimus
1611 3119 1869 3175 etuudem'

262 3208 612 3279 Mercurium,
652 3211 742 3280 qui
796 3210 1148 3282 gladiatorum
1198 3212 1455 3267 cadavera
1524 3230 1628 3268 non
1685 3214 1856 3269 solum

266 3303 507 3357 cauterio
534 3302 873 3357 examinabat
892 3344 908 3369 ,
934 3303 1027 3359 sed
1059 3304 1147 3374 qui
1174 3319 1268 3359 eos
1294 3307 1455 3360 etiam
1496 3319 1617 3361 cum
1662 3307 1857 3363 malleo
1883 3290 1928 3352 ί)

261 3394 562 3451 deducebat
588 3384 656 3449 :ﬁl
679 3394 991 3461 Plutonem,
1025 3395 1173 3451 Jovis
1194 3396 1415 3453 fratrem
1439 3441 1451 3465 ,
1477 3399 1589 3454 sive
1619 3399 1686 3454 ad
1716 3401 1851 3456 iule-

258 3502 375 3543 ros.
402 3485 519 3542 Non
555 3486 698 3543 enim
729 3489 965 3543 animum
1010 3489 1148 3545 satis
1171 3490 1466 3546 advertisse
1508 3492 1760 3548 videntur
1788 3493 1857 3549 ad

258 3576 379 3632 haec
398 3577 639 3649 ejusdem
671 3578 988 3634 Tertulliani
1021 3580 1072 3635 in
1102 3579 1241 3636 libro
1267 3581 1332 3636 ad
1363 3581 1618 3639 Nationes
1645 3585 1846 3642 verba:

261 3670 510 3740 Dispater
536 3713 551 3736 ,
613 3670 759 3728 Jouis
798 3673 960 3743 frater
986 3715 1003 3741 ,
1046 3674 1394 3745 gladiatorum
1430 3679 1694 3745 exsequias
1740 3696 1856 3733 cum

259 3764 446 3820 malleo
474 3767 697 3835 deducit,
734 3783 834 3837 quo
870 3765 1178 3837 Mercurius,
1209 3770 1262 3824 in
1290 3770 1490 3825 calvitio
1517 3772 1847 3845 pennatulus,

255 3856 310 3910 in
351 3857 591 3913 caducam
636 3859 913 3929 ignitulus,
957 3877 1175 3933 corpora
1208 3864 1500 3918 exanimata
1536 3864 1686 3936 jam,
1717 3882 1855 3920 mor-

260 3958 418 4005 temve
451 3951 781 4019 simulantia,
809 3969 835 4007 e
858 3956 1081 4011 cauterio
1104 3957 1283 4027 probat
1315 3955 1568 4030 (Tertull.
1604 3960 1693 4015 lib.
1728 3962 1747 4016 l
1782 3963 1856 4017 ad

261 4042 412 4111 Nat.,
442 4061 559 4117 cap.
591 4046 679 4109 10,
712 4065 764 4118 p.
784 4046 934 4116 576).
963 4048 1253 4122 Utriusque
1286 4050 1443 4122 igitur
1476 4052 1709 4108 ofﬁcium
1740 4053 1854 4110 dis-

256 4139 482 4211 tinguit,
529 4149 583 4197 et
624 4140 871 4199 Mercurii
915 4146 1153 4217 quidem,
1184 4148 1271 4219 qui
1299 4150 1636 4206 examinabat
1676 4159 1851 4209 utrum

261 4233 585 4305 gladiatores
612 4237 805 4292 mortui
834 4249 1049 4305 essent;
1083 4249 1137 4295 et
1162 4240 1427 4309 Plutonis,
1451 4243 1541 4314 qui
1585 4223 1850 4315 mortuos,

256 4328 369 4385 sive
386 4345 568 4385 eorum
600 4333 880 4403 exsequias
908 4333 1205 4390 deducebat
1232 4335 1283 4390 in
1311 4337 1646 4407 spoliarium.
1671 4338 1744 4394 De
1769 4339 1853 4396 his

257 4421 521 4493 siquidem
550 4423 638 4478 ille
670 4424 922 4494 loquitur,
943 4443 1062 4497 quae
1093 4427 1145 4481 in
1179 4426 1536 4498 gladiatorum
1568 4429 1707 4486 ludis
1734 4428 1850 4488 ﬁeri

257 4525 667 4572 consueverant.
694 4516 839 4573 Alias
867 4533 993 4573 vero
1031 4518 1331 4574 Mercurius
1370 4518 1644 4577 ferebatur
1683 4523 1846 4579 cadu-

257 4620 380 4670 ceo,
406 4621 498 4664 seu
527 4609 673 4680 virga
696 4609 960 4667 deducere
980 4611 1045 4667 ad
1072 4621 1288 4685 tartara,
1309 4615 1758 4686 quemadmodum
1780 4618 1848 4677 de

257 4697 351 4754 illo
373 4700 519 4755 canit
543 4699 796 4772 Virgilius
822 4720 835 4755 :

378 4815 502 4884 '_f_u_r_n
520 4817 707 4880 virgam
724 4818 996 4884 cmpit,liae
1009 4820 1192 4884 animas
1209 4819 1291 4871 ille
1317 4827 1486 4872 evocat
1504 4821 1633 4874 Orco

378 4877 629 4944 fallentes
654 4915 669 4940 ,
694 4877 922 4932 alias'sub
939 4882 1094 4932 tristia
1115 4881 1314 4931 Tartara
1338 4884 1499 4944 mittit,

376 4938 474 4991 Dat
495 4938 708 5005 somnos,
734 4945 1019 5007 adimitque,
1047 4950 1100 4996 et
1120 4945 1299 4995 lumina
1323 4938 1735 5011 utorte'resignat.

567 5024 770 5092 (Virgil.
788 5028 977 5083 maid.
997 5030 1081 5082 tib.
1116 5040 1188 5095 tu,
1212 5045 1259 5082 υ.
1282 5033 1393 5095 ate,
1415 5037 1461 5085 et
1476 5033 1632 5099 seqq.)

252 5127 390 5184 Suos
418 5144 578 5201 porro
600 5130 731 5189 deos
749 5135 947 5193 ethnici
977 5153 1081 5193 non
1111 5138 1163 5194 in
1197 5139 1426 5210 publicis
1454 5150 1658 5199 tantum
1683 5159 1838 5217 spec-

254 5222 441 5276 taculis
465 5233 520 5279 et
549 5239 709 5292 cayoa
732 5227 1046 5297 irridebant,
1066 5230 1162 5287 sed
1187 5232 1238 5287 in
1270 5232 1484 5290 illorum
1512 5236 1675 5293 etiam
1708 5246 1846 5294 tem-

254 5310 389 5381 plis,
420 5314 510 5371 ubi
550 5330 681 5373 sane
717 5319 847 5393 illis,
889 5321 1059 5377 sicubi
1092 5339 1324 5396 unquam
1354 5366 1366 5391 ,
1399 5324 1577 5382 diviui-
1611 5322 1843 5387 hono’res

254 5401 485 5463 habendi
530 5420 703 5466 erant.
750 5412 806 5468 lu
860 5415 925 5471 iis
956 5418 1233 5475 enimvero
1275 5416 1457 5476 videre
1495 5429 1642 5490 erat,
1673 5422 1845 5495 inquit

254 5496 642 5573 Tertul-liauus,
673 5506 930 5564 adulterio
971 5513 1233 5584 componi,
1259 5514 1392 5571 inter
1435 5532 1554 5573 aras
1597 5519 1847 5577 lenocinia

253 5596 491 5664 tmctari,
535 5596 588 5652 in
616 5599 740 5671 ipsis
778 5602 1084 5676 plerumque
1107 5608 1415 5665 aedituorum
1440 5628 1501 5667 ac
1526 5615 1847 5673 sacerdotum

252 5686 629 5762 tabernaculis,
678 5707 783 5750 non
831 5709 987 5751 secus
1040 5707 1198 5769 atque
1247 5702 1302 5757 in
1340 5704 1723 5777 lupanaribus,
1752 5710 1844 5765 sub

249 5777 426 5835 iisdem
452 5783 591 5838 vittis
631 5785 900 5855 ipsorum,
934 5798 978 5843 et
1020 5789 1281 5860 apicibus,
1314 5804 1361 5849 et
1388 5799 1665 5869 purpuris,
1696 5804 1846 5859 thure

249 5871 531 5947 flagrante,
564 5876 822 5937 libidinem
864 5884 1087 5959 expungi
1128 5886 1147 5957 (
1185 5884 1489 5948 Tertullian.
1538 5893 1831 5970 Apologet.,

1992 1990 2261 2061 explicata
2286 2000 2413 2044 sunt
2431 2031 2446 2058 ,
2470 1997 2617 2045 recte
2646 1987 2926 2043 concludit
2970 1987 3040 2041 ab
3086 1984 3335 2057 ipsisatet
3360 1983 3593 2041 ethnicis

1983 2097 2198 2138 omnem
2248 2083 2411 2154 plane
2457 2081 2685 2139 deorum
2731 2096 2990 2147 suorum,
3018 2095 3156 2151 quos
3201 2094 3230 2134 a
3257 2078 3580 2136 Christianis

1980 2172 2209 2243 aliisque
2254 2173 2475 2245 agnosci
2515 2183 2571 2228 et
2612 2173 2719 2228 coli
2765 2172 3055 2251 volebant,
3087 2171 3437 2227 divinitatem
3458 2184 3584 2241 pes.

1979 2266 2218 2321 sumdari
2236 2307 2251 2333 ,
2285 2267 2605 2337 penitusque
2633 2265 2870 2320 subverti
2893 2265 2919 2318 ?

2050 2356 2153 2412 'l‘ot
2185 2358 2339 2412 enim
2364 2366 2641 2425 tanta:un
2679 2355 2907 2411 deorum
2954 2354 3328 2418 contumeliae,
3354 2352 3584 2424 ignomi-

1977 2450 2081 2505 nia
2102 2492 2121 2517 ,
2144 2451 2459 2507 irrisioues:
2496 2448 2785 2516 Honorem,
2812 2450 2921 2514 ait,
2954 2449 3233 2515 inquietant
3261 2448 3545 2504 diuinitatis
3565 2486 3586 2515 ,

1976 2542 2031 2599 id
2057 2553 2161 2611 est,
2197 2544 2436 2609 turbant,
2460 2536 2563 2599 n'ec
2580 2543 2817 2613 quietam
2839 2556 3194 2612 securamque
3219 2556 3343 2598 esse
3369 2542 3579 2598 sinunt.

1973 2633 2119 2704 Quin
2160 2636 2327 2691 etiarn
2352 2636 2636 2707 maiestatis
2664 2635 2873 2706 fastigia
2903 2632 3185 2689 obsoletant
3218 2633 3235 2703 (
3264 2632 3579 2705 Teuulliott.‘

1974 2727 2267 2799 Apologet.,
2295 2743 2414 2797 cap.
2443 2728 2531 2793 l5,
2555 2736 2601 2782 et
2618 2724 2709 2780 lib.
2738 2724 2849 2778 iud
2872 2723 3091 2791 Nation,
3115 2739 3232 2795 cap.
3260 2724 3374 2794 10).
3402 2725 3581 2793 Atque

1973 2818 2045 2872 ita
2072 2818 2289 2889 quidem
2318 2819 2373 2873 in
2411 2819 2611 2874 nostris
2638 2816 2939 2883 codicibus,
2970 2826 3026 2872 et
3052 2816 3306 2872 omnibus
3330 2826 3458 2872 ante
3483 2816 3577 2872 Ri-

1970 2910 2192 2981 galtium
2238 2910 2419 2966 editis.
2454 2912 2523 2966 At
2568 2911 2615 2965 is
2658 2909 2806 2965 verbi
2852 2909 3132 2964 obsoletant
3185 2909 3579 2980 ineptissimam

1971 3002 2317 3057 existimabat
2357 3017 2481 3058 esse
2530 3001 3023 3072 signiﬁcationem,
3052 3000 3356 3072 corrigique
3406 3001 3577 3060 voluit

1967 3093 2225 3158 adsolent,
2245 3109 2353 3164 quo
2370 3094 2484 3163 ipse
2505 3102 2625 3162 post
2645 3090 3036 3147 Gothofredum
3049 3100 3241 3147 censet
3254 3092 3568 3160 signiﬁcari,

1971 3185 2026 3238 in
2079 3184 2257 3239 solum
2301 3193 2357 3238 et
2401 3193 2597 3240 terram
2641 3183 2971 3254 deprimunt.
3011 3182 3232 3239 Fatetur
3261 3183 3492 3239 libenter
3517 3184 3578 3241 in

1964 3276 2145 3344 primo
2184 3274 2439 3331 Auctoris
2476 3276 2657 3330 nostri
2692 3275 2760 3329 ad
2806 3273 3061 3330 Natioues
3092 3274 3229 3329 libro
3263 3275 3565 3345 scriptum:

1963 3366 2259 3437 Majestatis
2292 3368 2556 3439 fastigium
2598 3368 2881 3438 odsolant(
2916 3365 3222 3423 Tertullian.
3257 3368 3358 3424 loc.
3386 3370 3475 3424 cit.
3512 3370 3567 3439 );

1960 3466 2016 3512 at
2040 3457 2173 3529 quid
2190 3458 2443 3530 prolﬁbet
2463 3459 2751 3530 quominus
2784 3459 2887 3515 hoc
2915 3459 3136 3516 verbum
3183 3476 3291 3516 uno
3322 3462 3374 3516 in
3403 3461 3567 3531 libro,—

1960 3560 2019 3607 et
2042 3550 2185 3608 aliud
2215 3553 2273 3606 in
2304 3552 2479 3607 altero
2521 3552 2861 3609 adhibuerit?
2885 3552 3047 3608 Verbi
3076 3560 3258 3609 autem
3288 3553 3573 3611 obsoletant

1972 3646 2375 3716 ineptissimam
2391 3662 2519 3703 esse
2538 3646 2990 3719 signiﬁcationem
3016 3647 3336 3719 qni-objicit,
3358 3648 3406 3704 is
3419 3657 3573 3706 certe

1959 3740 2092 3795 satis
2126 3755 2232 3795 non
2261 3728 2493 3794 attendit
2518 3737 2769 3795 eumdem
2785 3737 3177 3795 Tertullianum
3189 3738 3316 3795 alibi
3335 3739 3571 3796 elisisse:

1960 3830 2231 3888 Perituros
2274 3832 2550 3903 plerosque
2575 3848 2781 3887 rursum
2810 3841 2923 3904 post
2942 3832 3160 3886 salutem
3180 3872 3195 3898 ,
3221 3835 3309 3903 qui
3330 3832 3565 3888 vestitum

1958 3925 2315 3981 obsoletassent
2338 3925 2618 3997 nuptialem
2661 3924 2680 3997 (
2709 3923 2857 3979 Idem
2877 3965 2894 3993 ,
2925 3924 3221 3995 Scorpiac.,
3278 3941 3395 3995 cap.
3445 3924 3481 3981 ϐ
3508 3923 3557 3996 ).

1957 4018 2148 4075 Nonne
2200 4022 2253 4076 in
2301 4020 2406 4077 hoc
2451 4020 2595 4077 libro
2632 4019 2774 4076 idem
2818 4027 2903 4076 est
2946 4019 3108 4090 hujus
3136 4020 3285 4076 verbi
3315 4029 3474 4090 atque
3503 4020 3564 4078 in

1958 4111 2308 4181 Apologetico
2347 4110 2583 4167 sensus?
2616 4110 2672 4167 Si
2702 4126 2830 4181 ergo
2875 4110 3249 4181 ineptissimus
3283 4109 3557 4180 videatur,

1956 4216 2076 4271 cur,
2108 4203 2338 4260 obsecro
2364 4213 2416 4260 te
2436 4246 2451 4271 ,
2481 4203 2746 4276 Rigaltius
2775 4203 2939 4272 illud,
2988 4203 3043 4259 in
3085 4203 3189 4260 hoc
3215 4203 3367 4261 litato
3380 4213 3561 4261 muta-

1958 4307 2106 4365 tum,
2158 4300 2211 4354 iu
2262 4299 2371 4356 alio
2417 4299 2693 4355 servavit?
2735 4297 2861 4353 Non
2900 4311 3030 4369 ergo
3078 4298 3349 4354 immutari
3376 4296 3573 4356 deinde

1956 4391 2134 4459 unius,
2154 4391 2201 4447 si
2228 4393 2283 4447 in
2303 4392 2403 4448 illo
2427 4392 2755 4463 reperiatur,
2781 4391 3068 4448 Fuldensis
3089 4390 3295 4454 codicis
3320 4392 3565 4449 testimo-

1955 4486 2067 4554 nio,
2098 4486 2183 4542 cui
2214 4495 2292 4542 tot
2320 4478 2426 4541 alia
2455 4486 2778 4558 antiquioris
2820 4486 3173 4558 meliorisque
3202 4494 3349 4559 notm
3371 4501 3571 4542 exemi--

1954 4576 2125 4649 pluria
2153 4577 2496 4648 apertissime
2522 4586 2847 4649 repugnant.
2879 4579 3023 4635 Satis
3061 4579 3261 4649 quippe
3285 4587 3371 4633 est
3396 4577 3441 4632 si
3466 4591 3562 4649 ge-

1868 4690 1939 4754 υ
1960 4658 2187 4725 nninunl
2219 4668 2532 4727 Tertulliani
2563 4671 2791 4727 verbum
2822 4672 2892 4728 sit
2920 4672 3373 4754 obsoletant,”
3392 4671 3567 4728 etiam

1953 4763 2285 4820 Fortunatus
2311 4779 2441 4821 usus
2465 4774 2549 4821 est
2572 4766 2768 4822 eodem
2799 4766 2959 4837 plane
2987 4765 3291 4837 signiﬁcatu
3304 4752 3340 4839 ’(
3365 4765 3560 4821 Fortu-

1952 4866 2059 4910 nat.
2087 4859 2141 4912 in
2162 4858 2265 4913 vita
2287 4874 2332 4913 s.
2365 4859 2554 4925 Albini,
2581 4861 2608 4932 ς
2634 4860 2710 4929 1),
2740 4870 2901 4930 atque
2929 4861 3214 4930 abrogant,
3244 4858 3557 4930 autiquant,

1951 4950 2255 5008 obsoletum
2284 4951 2508 5009 faciunt.
2552 4952 2758 5009 Sensus
2789 4953 2949 5025 igitur
2977 4953 3231 5008 Auctoris
3258 4953 3429 5008 nostci
3460 4952 3550 5011 hic

1950 5051 2071 5097 est:
2106 5042 2343 5111 Ethnici,
2376 5059 2501 5101 eum
2531 5043 2665 5101 deos
2685 5060 2815 5101 suos
2845 5045 3007 5102 tantis
3031 5046 3406 5113 contumeliis,
3433 5059 3563 5116 pro-

1949 5134 2090 5204 brisf,
2115 5136 2331 5207 injuriis
2372 5138 2425 5193 in
2454 5138 2757 5208 quibusque
2785 5138 2921 5193 locis
2945 5148 2999 5194 et
3046 5137 3227 5193 saeuis
3268 5145 3323 5193 et
3373 5136 3559 5208 prela.

1949 5229 2266 5298 uisvelunt,
2293 5245 2502 5301 eosque
2522 5231 2877 5287 nihilominus
2900 5231 3004 5288 coli
3026 5239 3083 5287 et
3102 5230 3317 5289 adorari
3346 5230 3561 5297 volunt.

1946 5321 2162 5377 illorum
2218 5322 2557 5378 divinitatem
2621 5338 2729 5378 una
2796 5340 2971 5380 manu-
3011 5324 3295 5396 antiqusnt
3353 5331 3412 5378 et
3453 5322 3557 5379 de-

1946 5423 2185 5481 struunt,
2214 5430 2377 5485 quam
2401 5415 2572 5471 altera
2597 5415 2881 5472 adstruere
2909 5417 3111 5474 frustra
3133 5416 3466 5472 nitebantur.
3525 5468 3557 5485 ,ρ

1934 5508 1957 5519 “
2547 5524 2846 5567 Αιιτιαυιυε
2882 5526 2956 5566 tv.

1951 5599 2145 5667 Quibus
2186 5604 2502 5675 argumentis
2527 5602 2876 5661 Tcrtullianus
2902 5606 3191 5678 patefecerit
3220 5604 3541 5660 ethnicorum

2018 5694 2141 5752 deos
2162 5712 2194 5749 a
2217 5696 2557 5770 philosophis,
2578 5690 2645 5754 21c
2664 5698 2966 5753 nominatim
2981 5714 3015 5752 a
3038 5696 3271 5765 Socrate,
3298 5694 3561 5769 Diogene,

2016 5798 2064 5842 et
2106 5786 2333 5847 Varrone
2352 5792 2529 5849 irrisas
2550 5802 2700 5866 atque
2722 5794 2982 5865 explosus.

2018 5899 2187 5962 Nemo
2240 5917 2404 5975 sane,
2444 5905 2684 5980 quisquis
2726 5908 2833 5979 sit,
2889 5905 3124 5979 objicere
3176 5904 3332 5966 nobis
3358 5909 3541 5979 potest
3580 5926 3585 5935 ι
