4076 6356
419 335 564 400 “ll

1496 341 1562 398 IN
1600 337 2064 398 TERTULLIANI
2103 307 2636 401 APOLOGETICUM

3550 349 3737 434 ⁸μη

431 464 690 534 majorem
726 464 890 517 fuisse
911 460 1352 533 philosophorum
1372 461 1840 532 gentilium,quam
1859 466 2024 513 eaete-
2053 456 2106 518 A
2131 474 2253 530 pag.
2282 444 2435 530 5H).
2465 460 2663 516 Verum
2712 474 2892 517 nonne
2932 460 3289 517 Tertullianus
3349 461 3530 520 dicere
3560 465 3740 534 potuit

430 572 614 612 rornm
643 557 970 625 plebeiorum
1002 555 1298 618 hominum,
1325 553 1525 609 indeos
1552 569 1676 608 suos
1707 552 2020 622 religionem

429 649 758 722 (Tertullian.
809 648 1096 722 Apologet.,
1129 666 1176 703 c.
1211 649 1298 714 Η,
1329 667 1381 719 p.
1416 647 1564 718 355).
1612 644 1744 700 Nam
1777 643 2021 718 plerique

427 757 619 796 omnes
659 757 687 794 a
721 742 832 796 veri
865 741 955 796 Dei
1010 739 1280 810 agnitione
1310 780 1323 803 ,
1381 745 1476 792 aut
1538 736 1703 808 agniti
1758 735 2021 807 prmdica-

425 834 576 890 tione
602 833 678 889 sic
707 832 1150 888 abalienabantur
1175 874 1190 897 ,
1223 842 1279 885 ut
1328 830 1448 884 illos
1494 827 1854 884 Tertullianus
1884 837 2023 878 nunc

426 927 733 984 nominibus
760 926 872 982 suis
897 925 1156 995 appellari
1203 937 1658 996 supervacaneum
1701 935 1821 976 esse
1871 926 2024 989 puta-

423 1019 584 1073 verit.
617 1018 808 1074 Missos
854 1027 1032 1072 autem
1087 1017 1204 1072 illos
1234 1015 1320 1070 hic
1365 1015 1555 1071 fecisse
1600 1013 1846 1077 videtur,
1898 1009 2021 1081 quia

422 1110 549 1164 alibi
576 1153 591 1177 ,
623 1110 762 1165 sicut
786 1110 1121 1165 ostendimus
1154 1107 1365 1179 (Supr.,
1390 1124 1502 1179 cap.
1530 1107 1583 1170 5,
1611 1115 1709 1160 art.
1743 1104 1825 1174 4),
1855 1115 2022 1156 vanas

418 1200 942 1274 absurdissimasque
997 1203 1210 1258 illorutn
1277 1201 1344 1256 de
1394 1201 1504 1254 Deo
1557 1198 1840 1269 opiniones
1893 1194 2023 1249 satis

422 1305 610 1365 aperte
634 1294 1116 1349 demonstraverat.

498 1385 776 1442 Socratem
804 1385 1151 1441 nihilominus
1197 1382 1512 1438 nominatim
1541 1383 1643 1439 hoc
1675 1385 1789 1455 ipso
1817 1386 1868 1440 in
1901 1387 2023 1442 loco

424 1480 677 1550 appellat,
707 1493 808 1534 nec
834 1479 1099 1533 immerito
1125 1477 1362 1549 quidem.
1385 1478 1848 1550 Omniumquippe
1876 1494 2022 1534 mor-

425 1571 638 1638 talium,
669 1571 1119 1644 quemadmodum
1151 1581 1305 1625 antea
1338 1572 1713 1626 annotavilnus
1762 1571 2019 1645 (Dissert.

422 1665 480 1718 in
500 1664 690 1718 Illinat.
727 1664 930 1731 0ctav.,
957 1681 1072 1736 cap.
1105 1666 1158 1725 5,
1192 1673 1291 1718 art.
1318 1663 1396 1734 2),
1430 1664 1857 1734 sapientissimus
1896 1680 2022 1720 ora-

421 1754 548 1810 culo
581 1755 843 1824 Apollinis
871 1755 1176 1810 declaratus
1197 1765 1300 1811 est.
1323 1756 1440 1811 Sed
1458 1757 1546 1811 ille
1567 1758 1905 1827 quantumvis
1933 1773 2020 1812 sa.

2125 552 2403 608 veritatem
2431 553 2572 618 olim,
2604 553 2853 608 nimirum
2883 553 3140 619 Socratis,
3161 554 3230 611 de
3257 571 3364 626 quo
3383 555 3729 627 loquebatur,

2128 652 2390 714 tempore,
2424 653 2478 700 et
2506 661 2605 700 suo
2630 646 2788 701 etiam
2822 655 2980 716 atque
3006 647 3141 702 adeo
3169 665 3362 721 seraper
3388 649 3513 704 odio
3543 649 3734 705 horni-

2127 733 2286 789 nibus
2317 735 2500 792 fuisse.
2529 736 2796 807 Quidquid
2834 746 3011 792 autem
3072 740 3386 808 pronunties
3412 781 3428 807 ,
3482 739 3606 796 inde
3637 741 3736 798 ille

2125 826 2393 883 concludit
2414 836 2618 883 tantum
2648 844 2768 886 esse
2809 829 2994 885 odium
3026 831 3268 886 veritatis
3290 873 3305 895 ,
3337 839 3396 886 ut
3423 831 3735 889 Athenien-

2126 932 2215 974 ses
2240 933 2360 974 eam
2393 919 2446 975 in
2473 919 2696 977 Socrate
2723 920 2938 977 fictitios
2966 921 3096 977 deos
3141 931 3421 979 evertente
3454 924 3579 980 odio
3627 925 3735 980 ha-

2126 1009 2362 1066 buerint.
2410 1012 2484 1068 De
2539 1013 2680 1069 illius
2728 1023 2909 1070 autem
2967 1014 3425 1072 condemnatione
3449 1026 3504 1072 et
3552 1029 3739 1075 morte

2125 1117 2286 1174 supra
2321 1104 2372 1158 in
2394 1105 2768 1176 superioribus
2793 1106 3262 1165 dissertationibus
3313 1109 3383 1164 ibi
3409 1109 3587 1165 citatis
3611 1111 3735 1166 dis-

2129 1198 2429 1268 putavimus
2450 1199 2635 1271 (Supr.
2667 1219 2712 1255 c.
2743 1201 2834 1267 95,
2865 1210 2963 1256 art.
2997 1202 3079 1269 3).

2199 1291 2406 1346 Socrati
2455 1291 2591 1347 duos
2626 1293 2760 1347 alios
2810 1293 3161 1364 philosophos
3191 1293 3552 1350 Tertullianus
3597 1309 3740 1350 con-

2121 1384 2296 1456 jungit
2319 1383 2562 1457 (Tertull.
2595 1385 2812 1458 Apolog.
2842 1404 2888 1441 c.
2921 1385 3014 1453 H,
3048 1407 3102 1459 p.
3127 1388 3276 1457 355).
3305 1404 3534 1457 grzecum
3563 1406 3737 1446 unum

2127 1476 2417 1548 Diogenem
2442 1519 2456 1543 ,
2497 1477 2724 1532 alterum
2757 1493 3035 1532 romamnn
3063 1478 3383 1535 Varronem.
3436 1481 3504 1535 At
3532 1481 3736 1537 mirum

2129 1569 2355 1624 fortasse
2401 1570 2648 1640 pluribus
2675 1571 2776 1624 erit
2803 1586 2899 1626 cur
2926 1571 3087 1642 priori
3135 1573 3444 1626 testimonio
3473 1567 3740 1629 adversus

2129 1661 2375 1716 ethnicos
2399 1662 2449 1716 in
2481 1661 2582 1718 hoc
2603 1671 2657 1716 et
2690 1664 2865 1732 primo
2889 1663 2955 1717 ad
2994 1662 3249 1718 Nationes
3279 1665 3416 1718 libro
3437 1665 3516 1720 sic
3544 1666 3737 1736 όίείιιι-

2129 1762 2203 1808 tet
2237 1771 2250 1806 :
2281 1754 2526 1824 Diogenes
2553 1797 2568 1822 ,
2604 1755 2795 1826 inquit,
2829 1757 2998 1810 nescio
3023 1756 3146 1827 quid
3189 1757 3239 1810 in
3270 1756 3544 1813 Herculem
3570 1759 3739 1826 ludit;

420 1848 578 1917 piens
599 1847 812 1902 habitus
832 1890 847 1915 ,
903 1849 955 1901 in
983 1847 1191 1902 deorum
1223 1847 1605 1912 contumeliam,
1636 1849 1707 1902 ait
1734 1848 2010 1905 Tertullia-
2046 1851 2093 1912 B
2123 1847 2174 1900 in
2201 1846 2460 1902 alioltbro
2490 1847 2609 1901 lusit
2630 1847 2692 1919 (l.
2719 1847 2758 1902 1.
2787 1849 2860 1902 ad
2885 1847 3102 1904 Nation.
3134 1867 3179 1903 ε.
3211 1850 3297 1913 10,
3341 1869 3392 1919 p.
3425 1852 3575 1922 576).
3600 1852 3740 1907 Nam

416 1955 542 2006 nus,
574 1955 840 2010 quercum,
867 1951 913 1994 et
944 1942 1160 2002 hircum,
1193 1949 1238 1994 et
1258 1957 1432 1994 canem
1473 1940 1726 2011 dejerabat
1753 1939 2018 2014 (Tertull.,

420 2032 522 2085 loc.
551 2031 690 2102 oit.).
720 2031 827 2086 Nos
855 2048 983 2085 vero
1029 2032 1288 2102 Rigaltius
1313 2033 1383 2086 ibi
1417 2033 1650 2088 monitos
1678 2017 1799 2088 esse
1857 2034 2027 2088 voluit

420 2124 478 2180 in
521 2125 708 2180 codice
733 2125 986 2181 Fuldeusi
1038 2125 1154 2180 ha-e
1181 2125 1344 2180 verba
1384 2136 1430 2179 et
1457 2143 1632 2180 canem
1661 2127 1851 2181 abesse
1881 2143 1893 2178 :
1928 2126 2024 2182 sed

419 2215 621 2272 sufﬁcit
645 2216 888 2286 profecto
915 2233 976 2271 ea
1005 2218 1056 2271 in
1083 2218 1201 2272 aliis
1242 2219 1494 2273 omnibus
1523 2218 1770 2287 reperiri.
1801 2217 1860 2273 ln
1883 2219 2023 2275 libro

422 2319 600 2364 autem
631 2309 700 2364 ad
731 2309 985 2365 Nationes
1027 2310 1225 2365 erravit
1269 2309 1521 2364 librarius
1575 2310 1748 2364 lteram
1779 2326 1875 2380 pro
1918 2311 2025 2364 hir-

419 2418 535 2455 cum
557 2402 842 2458 scribendo
875 2403 1067 2475 (Idem,
1095 2403 1132 2457 ι.
1163 2403 1232 2456 ad
1256 2401 1384 2456 Nat.
1411 2420 1458 2457 c.
1487 2401 1572 2468 10,
1591 2422 1644 2475 ρ.
1672 2403 1831 2474 576).
1866 2403 2023 2458 Plura

418 2504 598 2551 autem
631 2511 729 2550 nos
744 2496 869 2550 alibi
894 2497 1172 2551 retulimus
1185 2496 1254 2551 de
1274 2497 1366 2551 illo
1391 2497 1630 2552 Socratis
1647 2497 2021 2568 jurejurando,

419 2586 705 2658 palamque
754 2587 979 2644 fecimus
1030 2588 1158 2643 illud
1188 2604 1218 2654 a
1267 2589 1428 2643 variis
1475 2590 1826 2660 scriptoribus
1875 2591 2024 2646 varie

419 2678 671 2748 quidem,
722 2679 818 2734 sed
849 2694 1120 2750 nunquam
1171 2681 1287 2735 sine
1331 2680 1557 2735 deorum
1607 2691 1917 2751 contemptu
1967 2690 2024 2738 et

421 2768 616 2841 injuria
647 2770 835 2826 referri
863 2771 1159 2842 (Dissertat.
1183 2773 1234 2826 in
1260 2770 1496 2827 Lactant.
1534 2791 1582 2830 c.
1611 2773 1680 2829 50
1699 2784 1798 2829 art.
1835 2775 1914 2844 1).

495 2860 658 2916 Addit
697 2873 956 2931 prmterea
1003 2862 1366 2919 'l‘ertullianus
1420 2864 1699 2921 Socratem
1743 2865 1811 2921 ab
1851 2865 2020 2922 Athe-

421 2952 699 3010 niensibus
727 2965 901 3010 morte
946 2955 1144 3011 idcirco
1187 2957 1498 3012 damnatum
1525 2999 1539 3025 ,
1591 2957 1713 3028 quia
1745 2957 1876 3014 deos
1903 2957 2026 3014 des-

422 3047 662 3115 truebat;
704 3049 800 3104 sed
827 3063 922 3104 eos
951 3051 1166 3105 tandem
1212 3050 1408 3122 iniqua:
1457 3050 1818 3107 damnationis
1849 3052 2022 3123 paeni-

419 3142 585 3197 tentia
603 3141 681 3196 sic
699 3150 869 3207 actos,
887 3152 940 3195 ut
961 3129 1311 3196 criminatores
1357 3142 1610 3210 Socratis,
1634 3143 1826 3214 inquit,
1850 3154 2022 3215 postea

2133 1937 2356 2003 tantine,
2390 1947 2647 2008 arguerit,
2682 1941 2936 2008 ponderis
2961 1950 3045 1996 est
3076 1941 3190 1996 ltasc
3222 1946 3644 2020 argumentatio.
3683 1955 3742 1999 ut

2129 2031 2298 2099 repeti
2334 2031 2631 2086 meruerit?
2656 2029 2710 2086 Si
2746 2033 3016 2087 nesciebat
3047 2033 3188 2087 enim
3216 2032 3577 2090 Tertullianus
3605 2037 3739 2106 quid

2130 2121 2402 2192 Diogenes
2428 2123 2554 2177 lusit
2591 2124 2641 2176 in
2673 2124 2951 2180 Herculem
2982 2166 2996 2190 ,
3023 2126 3150 2194 quid
3199 2125 3324 2180 inde
3351 2138 3535 2182 contra
3570 2125 3740 2184 falsos

2127 2216 2404 2286 gentilium
2433 2216 2564 2272 deos
2593 2218 2858 2272 coniicere
2900 2219 3141 2288 poterat?
3187 2219 3318 2287 Quis
3359 2235 3490 2275 vero
3519 2221 3620 2276 iste
3644 2231 3736 2277 est

2131 2310 2439 2381 Diogenes?
2486 2311 2639 2365 Dictu
2671 2328 2792 2366 cum
2845 2312 2894 2366 id
2925 2311 3141 2367 difficile
3172 2314 3262 2375 sit,
3291 2314 3507 2384 quidam
3557 2317 3741 2384 suspi-

2127 2415 2317 2460 cantur
2366 2404 2645 2474 legendum
2678 2403 2930 2475 Diagoras
2960 2447 2975 2471 ,
3010 2407 3096 2476 qui
3139 2405 3356 2476 quidem
3385 2405 3600 2476 quia,ad
3628 2421 3728 2461 eo-

2127 2495 2394 2569 quendam
2425 2511 2634 2552 cumam
2657 2497 2776 2568 igne
2802 2499 3038 2562 carebat,
3071 2499 3138 2552 ab
3171 2498 3414 2554 Herculis
3446 2500 3742 2554 simulacro

2131 2590 2355 2661 petiisse
2413 2589 2744 2660 perhibetur,
2808 2601 2858 2644 ut
2894 2605 2988 2662 pro
3015 2591 3227 2647 decimo
3261 2590 3418 2645 tertio
3439 2592 3738 2649 certamine

2127 2684 2270 2738 illam
2297 2693 2636 2753 excoqueret.
2666 2683 2769 2740 Sed
2821 2683 2947 2740 huic
2993 2684 3352 2740 emendationi
3382 2685 3744 2742 adversantur

2127 2793 2316 2833 omnes
2337 2777 2556 2832 omnino
2579 2778 2810 2833 codices.
2845 2778 3012 2833 Nobis
3058 2779 3240 2850 itaque
3271 2821 3287 2846 ,
3321 2779 3513 2833 horum
3540 2786 3734 2834 aucto-

2126 2871 2269 2926 ritati
2299 2869 2653 2936 cedentibns',
2701 2871 2858 2925 facile
2890 2871 3296 2941 persuadebitur
3327 2872 3395 2926 ab
3426 2871 3516 2925 illo
3544 2871 3742 2942 Dioge-

2126 2981 2248 3023 nem
2277 2965 2558 3038 Cynieum,
2588 2967 2726 3021 sicut
2743 2965 2938 3021 ibidem
2957 2965 3250 3020 Varronem
3271 2965 3519 3037 cynicum
3546 2966 3743 3034 appel-

2126 3059 2241 3113 lari.
2271 3058 2401 3127 Quis
2435 3057 2578 3113 enim
2628 3059 2798 3114 nescit
2854 3067 3112 3129 quantum
3146 3059 3197 3114 in
3243 3058 3466 3113 Luciani
3502 3058 3743 3129 Dialogis

2129 3151 2385 3207 Hercules
2451 3152 2519 3206 ab
2576 3152 2678 3206 hoc
2729 3152 2846 3222 ipso
2904 3152 3136 3224 DiOgene
3187 3153 3377 3222 cynico
3425 3151 3744 3208 derideatur

419 3234 706 3306 afﬂixerint
747 3233 766 3307 (
797 3233 1011 3303 Tertull.
1043 3235 1336 3307 Apologet.,
1369 3253 1416 3290 c.
1465 3235 1552 3300 M,
1581 3254 1634 3308 p.
1677 3237 1848 3307 554),
1882 3236 2026 3292 vide-
2051 3239 2097 3302 C
2133 3245 2391 3318 (Lacian.
2450 3243 2686 3317 Dialog.,
2730 3255 2878 3301 mort.
2931 3247 3022 3314 56,
3078 3264 3128 3316 ρ.
3177 3247 3298 3300 157.
3351 3255 3396 3300 et
3432 3255 3566 3300 veter
3593 3255 3739 3300 auct.

424 3324 552 3382 licet
577 3325 816 3382 Melitam
848 3335 1041 3393 morte,
1077 3336 1234 3398 atque
1258 3328 1426 3383 exilio
1467 3331 1724 3398 Anylum,
1771 3338 1820 3382 et
1842 3330 2025 3402 imagi-

426 3433 542 3474 nem
567 3421 674 3490 ejus
703 3418 940 3476 Socratis
966 3437 1173 3476 auream
1199 3422 1252 3475 in
1282 3423 1468 3494 templo
1497 3423 1794 3478 collbcarint
1821 3423 2021 3494 (Plato.

424 3509 643 3582 Apolog.
678 3509 910 3579 Socrat.,
932 3521 1055 3567 tom.
1089 3512 1178 3578 ΙΙΙ,
1204 3530 1325 3584 pag.
1347 3514 1494 3584 590).
1525 3513 1721 3571 Verum
1752 3530 1780 3569 a
1808 3515 2024 3572 Laertio

421 3601 638 3670 scriptis
665 3603 916 3658 traditum
949 3604 1174 3675 legimus
1207 3621 1220 3657 :
1279 3611 1480 3666 xatxie
1503 3609 1670 3667 ιὶκόνος
1696 3613 1984 3677 ἐτιμήσαντο
2006 3649 2021 3675 ,

422 3709 576 3760 terea,
594 3709 701 3750 non
732 3710 917 3763 aurea,
945 3697 1165 3768 imagine
1191 3698 1566 3752 honoraverunt
1594 3698 1818 3772 (Laert.,
1840 3701 1929 3754 lib.
1953 3700 2020 3768 ll,

423 3787 477 3840 in
503 3787 606 3841 vita
637 3788 868 3856 Socrat.,
897 3789 925 3860 ᾗ
955 3789 1069 3862 43).
1099 3791 1441 3862 Quapropter
1459 3791 1811 3848 Casaubonus
1837 3802 1892 3848 et
1915 3792 2026 3849 Me-

425 3880 614 3950 nagius
659 3879 714 3934 in
746 3879 1063 3936 Tertulliani
1117 3892 1261 3938 textu
1294 3883 1506 3938 restitui
1557 3884 1747 3938 volunt
1797 3899 2020 3950 tuream,

423 3970 616 4040 hicque
662 3972 887 4027 miratur
942 3973 1230 4045 Rigaltium
1252 4016 1267 4040 ,
1302 3973 1391 4044 qui
1422 3974 1582 4045 hujus
1622 3974 2021 4032 emendationis

375 4089 382 4096 -
423 4061 684 4116 monitum
729 4063 916 4118 fecerit
945 4066 1232 4119 neminem.
1275 4065 1380 4120 Sed
1414 4066 1593 4120 minus
1620 4077 1771 4121 certe
1818 4067 2020 4122 miran-

423 4152 524 4208 dus
552 4154 622 4209 ibi
650 4155 929 4226 Rigaltius,
960 4159 1046 4212 ubi
1071 4159 1340 4228 vulgatam
1359 4160 1604 4228 sequitur
1629 4160 1876 4216 codicum
1907 4177 2023 4216 om-

423 4246 572 4301 nium
598 4237 881 4304 lectiOnem
905 4290 920 4316 ,
974 4265 1130 4320 quam
1160 4251 1280 4306 aliis
1316 4253 1558 4322 plurimis
1613 4253 1664 4307 in
1696 4253 1834 4308 locis
1865 4294 1880 4320 ,
1935 4254 2022 4309 ubi

423 4349 614 4396 contra
669 4341 1008 4397 manifestam
1037 4343 1249 4399 illorttm
1296 4343 1457 4400 fidem
1511 4346 2024 4403 sincerum.Tertul-

421 4433 553 4490 liani
577 4442 777 4491 textum
802 4436 1122 4502 immutavit,
1153 4446 1205 4491 et
1227 4440 1484 4507 corrupit.
1710 4428 1716 4434 ’

497 4526 628 4597 Quia
658 4543 788 4600 ergo
806 4527 1075 4596 Socrates,
1099 4528 1231 4585 deos
1259 4531 1537 4601 gentilium
1566 4533 1832 4602 negando,
1852 4530 2023 4586 Athe-

2127 3357 2179 3410 p.
2230 3337 2398 3410 190)?
2431 3338 2694 3394 Prmterea
2748 3345 2925 3394 exstat
2979 3338 3106 3393 illud
3133 3339 3356 3392 Ausonii
3378 3339 3737 3410 epigramma,

2126 3446 2232 3501 quo
2256 3429 2513 3501 Diogenes
2537 3431 2816 3486 llerculem
2848 3441 3009 3487 sectae
3024 3446 3134 3485 suae
3155 3439 3429 3486 auctorem
3455 3429 3594 3486 haud
3617 3431 3744 3488 sine

2122 3524 2246 3594 joco
2276 3523 2469 3580 fecisse
2494 3523 2720 3579 traditur
2755 3542 2769 3578 :
2939 3518 2944 3524 ’

2253 3659 2486 3724 Inventor
2506 3661 2691 3724 primus
2707 3660 2915 3724 Cynices
2937 3674 3050 3724 ego.
3079 3661 3200 3722 Quze
3223 3663 3347 3713 ratio
3367 3662 3571 3713 isthtec?

2322 3720 2518 3789 Alcides
2540 3723 2694 3789 multo
2717 3720 2894 3789 dicitur
2910 3720 3023 3789 esse
3043 3720 3189 3789 prior.

2258 3783 2431 3847 Alcide
2453 3786 2693 3847 quondam
2713 3785 2900 3836 fueram
2921 3783 3122 3836 doctore
3145 3787 3390 3836 secundus
3414 3800 3426 3835 :

2313 3845 2452 3896 Nunc.
2472 3845 2574 3909 ego
2596 3860 2705 3898 sum
2728 3847 2932 3912 Cynices
2955 3853 3160 3912 primus,
3188 3856 3240 3898 et
3264 3849 3350 3899 ille
3372 3849 3521 3899 deus.

3036 3932 3254 3998 (Ansere,
3279 3933 3447 4002 Epigr.
3471 3935 3580 4009 26¢

2127 4062 2197 4116 At
2241 4075 2424 4117 nonne
2455 4062 2581 4117 illud
2621 4072 2706 4117 est
2749 4063 2932 4117 nescio
2969 4063 3094 4133 quid
3121 4104 3136 4128 ,
3189 4063 3331 4133 quod
3363 4061 3736 4124 Tertullianus

2129 4153 2373 4208 Herculis
2397 4153 2728 4209 divinitatem
2745 4155 2814 4209 ab
2837 4154 2937 4210 hoc
2963 4155 3198 4226 Diogene
3222 4155 3431 4210 irrisarn
3457 4163 3738 4210 contesta-

2130 4248 2250 4302 tur?
2277 4247 2332 4302 Si
2354 4257 2527 4303 tamen
2557 4264 2678 4302 eum
2710 4248 2776 4303 ad
2818 4249 2976 4302 aliam
3007 4248 3239 4319 aliquam
3264 4289 3278 4312 ,
3313 4263 3342 4302 a
3375 4247 3612 4302 Luciano
3639 4259 3741 4306 aut

2127 4340 2233 4394 alio
2263 4349 2634 4407 memoratam,
2667 4341 2967 4396 irrisionem
2991 4341 3295 4414 respexisse
3321 4340 3598 4407 ostendas,
3635 4341 3737 4396 tibi

2128 4447 2236 4488 non
2263 4433 2667 4489 reluctabimur.
2707 4434 2965 4503 Quamvis
3015 4451 3175 4505 porro
3221 4434 3356 4490 illud
3407 4435 3576 4490 nescio
3605 4435 3737 4505 quid

2128 4525 2430 4592 vocaverit;
2483 4526 2605 4596 quia
2662 4539 2838 4583 tamen
2889 4528 3122 4583 ethnicis
3180 4529 3571 4599 incompertum
3621 4543 3735 4584 non

429 4619 695 4676 niensium
717 4621 898 4677 odium
928 4622 979 4676 in
1009 4635 1068 4676 se
1097 4622 1482 4686 concitaverat,
1507 4621 1634 4678 hinc
1658 4622 2021 4678 Tertullianus
2044 4630 2102 4693 Ῑ)
2132 4625 2267 4684 erat,
2297 4616 2421 4673 hinc
2447 4617 2706 4673 adversus
2732 4619 2943 4674 illorum
2973 4618 3102 4674 deos
3125 4628 3272 4675 recte
3319 4626 3736 4691 argumentatur

426 4713 766 4771 continenter
792 4716 1020 4786 adjecit:
1047 4709 1376 4779 Plane’olim,
1408 4715 1463 4768 id
1491 4725 1584 4783 est,
1617 4731 1812 4787 semper
1839 4716 2022 4770 veritas

347 4862 350 4868 .
427 4809 546 4864 odio
573 4817 665 4863 est.
695 4808 801 4864 Sed
851 4809 902 4862 in
935 4807 1156 4862 dubium
1200 4807 1340 4861 haud
1383 4821 1602 4876 prorsus
1629 4807 1899 4862 immerito
1924 4807 2026 4861 alio

429 4901 550 4972 quis
591 4901 803 4957 vocabit
841 4914 1017 4957 utrum
1052 4903 1166 4956 baac
1191 4900 1348 4958 verba
1369 4940 1382 4965 ,
1415 4899 1468 4952 id
1497 4909 1602 4963 est,
1653 4914 1869 4968 semper,
1900 4897 2025 4954 huic

428 4996 599 5052 textui
647 5006 833 5067 postea
887 4997 1085 5051 inserta
1128 4995 1253 5049 sint.
1283 4993 1548 5059 Quorsum
1575 4992 1752 5058 enim,
1781 4992 2026 5063 inquiet,

405 5087 512 5149 bis
542 5086 902 5142 Tertullianus
929 5086 1106 5142 verbis
1126 5085 1437 5141 adverbium
1461 5083 1584 5138 olim
1608 5081 2020 5154 explicavisset?

423 5180 614 5236 Nonne
641 5181 936 5252 simplicius
957 5180 1136 5235 dicere
1168 5188 1374 5249 poterat
1399 5192 1412 5229 :
1460 5177 1675 5249 Semper
1700 5177 1881 5231 veritas
1899 5176 2018 5230 odio

424 5275 543 5330 est?
569 5272 707 5340 Quid
753 5271 895 5342 quod
925 5271 1238 5326 adverbium
1265 5271 1385 5325 olim
1413 5284 1512 5340 pro
1539 5269 1731 5340 quovis
1777 5278 2020 5339 tempore

423 5365 774 5437 signiﬁcando
800 5381 833 5420 a
885 5365 1103 5434 Virgilio
1141 5366 1405 5430 sumitur,
1448 5365 1536 5420 ubi
1564 5364 1707 5421 canit
1739 5382 1750 5416 :
1780 5362 1903 5417 lam
1929 5364 2016 5418 tibi

423 5458 728 5531 prtevalidas
758 5458 878 5511 olim
924 5456 1138 5527 (Virgil.
1163 5457 1253 5511 lib.
1286 5457 1327 5510 ll
1352 5498 1366 5522 ,
1393 5455 1578 5528 Georg.
1627 5473 1675 5511 υ.
1712 5455 1833 5510 100.
1855 5465 1900 5510 et
1927 5455 2018 5509 lib.

425 5550 559 5615 Vlll,
596 5548 810 5604 Afneid.
843 5563 890 5602 υ.
921 5547 1088 5615 591);
1137 5546 1190 5602 id
1211 5555 1326 5612 cst,
1383 5548 1553 5618 inquit
1577 5547 1795 5603 Servius
1819 5587 1833 5612 ,
1881 5547 2016 5600 omni

421 5654 662 5717 tempore.
697 5642 945 5698 Postlimc
986 5657 1114 5698 vero
1138 5640 1278 5698 idem
1306 5651 1459 5712 poeta
1492 5657 1508 5697 :
1544 5641 1664 5696 Non
1693 5659 1838 5698 secus
1868 5653 2019 5713 atque

424 5739 546 5793 olim
575 5739 764 5792 tonitru
787 5779 802 5802 ,
850 5737 952 5794 hoc
977 5748 1093 5804 est,
1137 5744 1194 5791 ut
1242 5734 1418 5790 adhuc
1445 5736 1698 5793 observat
1746 5737 1967 5794 Servius
1999 5755 2014 5792 :

419 5829 557 5889 Fore
587 5841 638 5886 ut
666 5833 811 5887 solet.
847 5831 987 5888 Nam
1012 5848 1110 5890 non
1133 5840 1206 5888 est
1228 5829 1782 5909 adverbiumtemporis
1816 5832 2015 5906 (Serm,

2129 4710 2373 4785 (Dissert.
2407 4715 2460 4766 in
2486 4711 2631 4766 Lact.
2665 4729 2711 4768 c.
2744 4713 2834 4776 ΕΗ,
2865 4723 2964 4767 art.
2999 4711 3075 4782 4-).

2200 4803 2466 4859 Dubitabit
2502 4803 2724 4861 forsitan
2755 4806 2946 4876 aliquis
2974 4817 3150 4860 utrum
3179 4806 3317 4861 alter
3347 4795 3729 4875 philosophus,

2126 4898 2215 4969 qui
2237 4899 2305 4954 ab
2331 4913 2396 4953 eo
2421 4907 2640 4954 vocatur
2683 4900 2856 4955 Varro
2884 4899 3104 4971 cynicus
3127 4941 3140 4963 ,
3179 4901 3225 4955 is
3253 4900 3353 4966 sit,
3377 4899 3531 4968 cujus
3555 4897 3739 4953 erudi-

2128 4993 2326 5047 tionem
2355 4991 2536 5061 tantis,
2567 5002 2624 5047 ut
2653 4993 2903 5059 vidimus,
2935 4992 3182 5049 laudibus
3207 4993 3405 5048 ethnici
3427 4991 3732 5059 cumulant,

2128 5094 2314 5158 totque
2337 5085 2405 5142 de
2425 5087 2775 5158 religionibus
2821 5087 2985 5143 libros
3019 5095 3413 5157 composuerat.
3449 5076 3728 5156 Numquid

2121 5181 2266 5237 enim
2293 5181 2382 5237 ille
2409 5183 2568 5236 etiam
2591 5165 2657 5236 d'e
2674 5181 2775 5236 diis
2796 5181 2966 5249 jUCill‘l
2991 5196 3152 5237 ausus
3173 5181 3290 5236 est?
3317 5179 3552 5248 Quidni?
3574 5177 3730 5233 Nou-

2123 5291 2192 5330 ne
2227 5277 2277 5329 in
2306 5275 2553 5331 Auctoris
2569 5275 2733 5329 nostri
2755 5274 2821 5328 ad
2854 5273 3112 5329 Nationes
3137 5274 3286 5329 libris
3309 5274 3536 5344 legimus
3554 5281 3733 5326 roma-

2124 5368 2176 5420 ni
2207 5367 2325 5438 styli
2355 5366 2602 5438 Diogenes
2645 5365 2802 5419 Varro
2841 5375 3082 5420 trecentos
3109 5363 3260 5420 loves
3279 5406 3292 5424 .
3321 5365 3421 5419 sive
3463 5361 3498 5416 .1
3506 5364 3731 5433 upiteres

2123 5461 2496 5532 (manuscripti
2527 5459 2694 5514 nostri
2715 5459 2953 5524 codices,
2985 5457 3271 5531 Jupiteros)
3313 5455 3583 5511 dicendum
3609 5461 3684 5506 est
3703 5494 3722 5514 ,

2123 5554 2231 5608 sine
2251 5552 2499 5622 capitibus
2545 5551 2740 5604 inducit
2773 5549 2963 5622 (Tert.,
2995 5551 3084 5604 lib.
3109 5549 3150 5616 Ι,
3193 5551 3261 5602 ad
3293 5547 3507 5602 Nation.
3539 5563 3586 5600 c.
3615 5545 3682 5599 10
3707 5584 3728 5609 ,

2123 5664 2175 5717 p.
2201 5642 2352 5714 576).
2377 5641 2724 5713 Atquomodo
2747 5643 2864 5698 sine
2887 5642 3136 5698 irrisione
3165 5651 3242 5696 tot
3261 5641 3426 5696 Joves
3457 5638 3726 5693 inducere

2123 5735 2328 5804 potuit?
2347 5733 2539 5790 Nonne
2567 5733 2822 5790 Minatius
2852 5734 3026 5798 Felix,
3061 5733 3445 5788 Tertullianum
3480 5739 3727 5784 nostrum

2120 5827 2259 5886 haud
2287 5828 2452 5886 dubie
2491 5836 2702 5887 secutus
2727 5870 2742 5899 ,
2802 5828 2944 5906 dixit.
2978 5841 3100 5884 esse
3129 5835 3200 5884 tot
3253 5823 3397 5882 lovis
3454 5831 3682 5881 monstra
3705 5861 3728 5888 ,
