4050 6350
290 354 430 414 1115

1413 349 1867 414 DISSERTATIO
1903 350 1968 409 D.
2011 352 2100 410 LE
2137 354 2446 413 NOURRY.

3444 364 3584 424 HN

280 480 402 543 quot
428 471 656 526 nomina.
685 469 895 528 Videsis
921 485 1044 542 quas
1070 471 1122 526 in
1155 470 1270 526 haec
1292 470 1455 528 verba
1475 470 1603 526 alibi
1627 466 1874 525 animad-
1904 467 1956 527 A
1983 485 2038 538 ρ.
2067 469 2137 525 59
2160 479 2208 524 et
2235 473 2400 543 seqq.)
2427 512 2442 538 ,
2497 472 2657 543 regia:
2686 454 2980 530 Pharaonis
3010 473 3222 539 lamili-n
3253 474 3582 547 adscriptum

283 563 538 619 vertimus
559 562 853 632 (Dissertat.
885 564 938 617 in
970 563 1184 620 Minut.‘
1212 564 1388 618 Octav.
1419 581 1535 636 cap.
1565 565 1655 628 15,
1679 571 1777 616 art.
1799 561 1882 630 ‘2).

283 655 553 711 Caeterum
579 647 792 724 quidam
823 664 1010 726 putant
1031 654 1144 709 haec
1164 670 1193 708 a
1223 655 1463 710 Varrone
1501 656 1636 710 dicta
1669 654 1721 709 iu
1757 653 1883 708 sati-

283 747 359 804 ris
381 747 834 818 Mcnippeis;cur
883 747 1076 802 nonin
1125 747 1245 802 aliis
1287 747 1405 816 ejus
1449 745 1514 802 de
1544 745 1880 801 ethnicorum

283 841 542 911 religione
590 839 741 895 libris
768 880 784 905 ,
816 855 1041 910 quorum
1082 848 1261 898 tantus
1312 839 1410 893 luit
1442 837 1730 893 numerus?
1776 837 1880 893 Sed

282 933 584 1003 ubicunque
635 931 702 986 ab
742 947 808 987 eo
835 931 974 986 dicta
1005 933 1146 999 sint,
1212 931 1338 987 inde
1361 942 1416 987 et
1443 931 1589 986 Jovis
1637 939 1690 986 et
1750 929 1883 984 alio-

282 1042 403 1083 rum
421 1026 553 1081 falsa
575 1025 829 1081 divinitas
856 1025 1292 1087 manifestissime
1315 1025 1732 1082 demonstratur.
1755 1023 1882 1080 Per-

283 1135 502 1176 suasum
528 1135 658 1175 vero
687 1119 818 1176 illud
845 1119 981 1175 adeo
1006 1119 1106 1175 fuit
1135 1120 1199 1176 iis
1227 1162 1242 1186 ,
1281 1121 1332 1175 in
1367 1121 1559 1190 quibus
1587 1120 1761 1190 aliqua
1789 1119 1882 1175 ad-

285 1214 391 1270 huc
434 1226 714 1286 supererat
761 1216 1041 1287 probitatis
1095 1225 1150 1271 et
1194 1217 1459 1286 aequitatis
1501 1216 1765 1279 scintilla,
1824 1223 1881 1269 ut

279 1305 534 1362 Liberum
564 1318 785 1375 patrem,
833 1310 970 1364 sicut
999 1323 1158 1379 supra
1187 1309 1417 1363 vidimus
1447 1309 1755 1379 (supr..cap.
1789 1308 1874 1372 l8,

279 1408 379 1453 art.
403 1385 826 1470 9),Serapidem
854 1409 908 1456 et
941 1401 1322 1470 Harpocratem
1353 1416 1473 1455 cum
1499 1399 1879 1471 CynoCephalo

277 1507 377 1548 suo
426 1494 637 1564 penitus
669 1495 974 1564 rejecerint.
1031 1497 1100 1552 At
1133 1512 1294 1550 unum
1322 1497 1600 1566 profecto,
1653 1497 1877 1552 sublatis

275 1584 395 1640 aliis
422 1587 671 1640 omnibus
699 1587 845 1642 falsis
870 1587 1178 1643 numinibus
1212 1629 1228 1657 ,
1261 1589 1429 1644 Deum
1449 1588 1873 1659 omnipotentem

273 1678 452 1735 colere
489 1678 776 1735 debebant.

817 1790 1074 1864 CAPUT;
1111 1792 1326 1850 xxvn.

272 1929 649 2003 Expenduntur
672 1933 777 1988 alia
807 1933 1113 1989 Tertulliani
1140 1944 1442 2003 argumenta
1459 1978 1473 2001 ,
1502 1934 1679 2005 quibus
1710 1935 1870 2006 falsos

458 2025 725 2096 nullosque
763 2043 869 2082 esse
891 2028 1156 2098 gentilium
1197 2027 1317 2082 deos
1357 2027 1687 2082 demonstrat.

805 2177 1094 2218 ARTICULUS
1121 2177 1331 2219 PRIMUS.

270 2295 438 2363 Quam
467 2296 668 2367 nefaria
693 2298 841 2369 fuerit
877 2297 1284 2369 provinciarum,
1318 2299 1614 2367 civitatum,
1639 2317 1700 2354 ac
1729 2316 1867 2371 pra:-

341 2392 514 2446 sertim
551 2390 922 2464 .Egyptiorum
964 2392 1243 2462 peculiares
1283 2392 1403 2447 deos
1449 2392 1543 2448 sibi
1582 2391 1867 2464 adoptandi

337 2486 574 2541 licentia:
601 2503 753 2557 quam
780 2503 962 2558 parum
990 2486 1282 2541 verisimilia
1313 2487 1414 2541 sint
1435 2503 1494 2542 ea
1545 2504 1660 2556 qua:
1683 2505 1715 2542 α
1739 2487 1863 2544 Ter-

339 2579 552 2633 tulliano
575 2580 763 2632 tradita
787 2589 904 2634 sunt
923 2579 988 2633 de
1009 2579 1236 2648 Josepho
1275 2579 1594 2649 patriarcha,
1622 2590 1668 2634 et
1696 2589 1867 2635 utrum

335 2668 580 2741 JEgyptii
621 2687 734 2726 eum
790 2669 1054 2743 Serapidis
1081 2671 1282 2724 nomine
1325 2669 1475 2725 deum
1529 2671 1748 2726 dixerint
1817 2682 1864 2728 et

335 2768 582 2834 coluerint
610 2784 629 2820 :
656 2783 754 2838 quo
787 2767 899 2832 iure
925 2765 1096 2820 abillo
1122 2765 1320 2818 dicatur
1348 2765 1471 2820 deus
1500 2764 1670 2836 Syria:
1691 2767 1867 2820 Astar-

337 2873 428 2929 tes,
455 2862 653 2916 Arabia:
683 2859 910 2925 Disares,
938 2858 1150 2914 Noricis
1179 2858 1416 2926 Belenus,
1451 2857 1641 2931 Arriae
1669 2858 1861 2916 Cocles.-

334 2957 418 3021 tis,
449 2965 498 3010 et
526 2956 599 3010 dii
626 2954 954 3010 Mauritania:
981 2954 1145 3025 reguli
1169 2955 1268 3008 sui.

325 3070 486 3126 Aliud
514 3071 982 3126 evidentissimum
1012 3069 1255 3140 profecto
1296 3068 1442 3125 lalsac
1472 3069 1752 3141 religionis
1773 3084 1863 3124 ar-

261 3175 574 3236 gumentum
619 3176 702 3221 cst
748 3165 866 3219 data
916 3165 1221 3219 civitatibus
1271 3173 1325 3218 et
1375 3163 1590 3233 populis
1639 3163 1854 3220 licentia

1989 560 2157 616 fuisse
2196 562 2505 631 probaveris
2527 605 2543 631 ,
2576 561 2706 619 falsa
2735 564 2947 620 videtur
2975 565 3091 622 haec
3121 565 3434 623 Tertulliani
3463 569 3581 639 Opi-

1989 655 2099 709 nio.
2125 654 2236 710 Nec
2262 657 2438 711 verius
2457 664 2540 712 cst
2567 655 2711 726 quod
2757 657 3048 728 subjunxit,
3072 675 3195 715 eum
3223 677 3254 714 a
3279 662 3454 732 regina
3484 661 3582 716 mi-

1987 763 2082 802 nus
2112 748 2301 817 pudica
2341 749 2718 816 desideratum,
2768 761 2929 822 atque
2966 753 3016 808 in
3060 767 3334 810 carcerem
3379 755 3578 813 idcirco

1985 841 2126 912 regis
2151 841 2303 909 jussu
2336 851 2670 898 contrusum.
2701 842 2815 898 Non
2841 844 2984 900 enim
3013 861 3042 899 a
3071 847 3277 918 regina,
3307 848 3401 903 sed
3427 865 3456 902 a
3475 849 3582 904 Pu-

1984 932 2211 1002 tipbaris
2233 948 2422 1000 uxore,
2469 936 2544 989 uti
2572 934 2624 989 in
2651 935 2840 1011 eodem
2867 951 3024 992 sacro
3053 938 3188 994 libro
3216 950 3483 1007 narratur,
3512 941 3578 997 ad

1982 1034 2224 1096 stuprum
2253 1026 2567 1083 sollicitatus
2599 1026 2715 1096 fuit,
2744 1036 2798 1083 et
2818 1043 2848 1084 a
2878 1028 3106 1099 decepto
3128 1030 3418 1101 Putiphare
3437 1047 3573 1089 con-

1978 1117 2154 1189 jectus
2184 1118 2236 1174 in
2266 1119 2494 1175 vincula.
2532 1122 2823 1177 Asseverat
2853 1122 3073 1192 insuper
3102 1123 3461 1180 Tertullianus
3488 1124 3578 1180 Jo-

1984 1211 2207 1280 scphum
2236 1212 2509 1282 accepisse
2537 1213 2587 1267 in
2618 1213 3016 1270 matrimonium
3071 1215 3235 1271 liliam
3265 1218 3406 1287 regis
3433 1217 3571 1273 Pha-
3605 1279 3608 1282 ,

1983 1303 2184 1370 raonis,
2211 1303 2363 1373 cujus
2393 1298 2600 1359 somnia
2628 1304 3008 1376 ettplicaverat.
3048 1306 3208 1362 Sacra
3235 1324 3362 1362 vero
3389 1308 3574 1381 Serip-

1983 1403 2099 1450 tura
2157 1393 2414 1468 (Cenem,
2451 1414 2496 1452 c.
2535 1398 2628 1462 -41,
2659 1414 2703 1452 υ.
2736 1398 2827 1470 50)
2850 1441 2863 1463 ,
2911 1411 2964 1454 et
2988 1398 3254 1470 Iosephus
3291 1401 3576 1459 historicus

1983 1485 2217 1559 (Ioseph,
2247 1529 2261 1554 ,
2295 1490 2392 1542 loc.
2428 1489 2542 1559 cit.)
2570 1490 2829 1546 certiores
2861 1506 2959 1546 nos
2989 1491 3186 1547 faciunt
3207 1492 3274 1547 ab
3307 1493 3398 1549 illo
3417 1494 3573 1551 lose-

1981 1582 2089 1652 pho
2112 1584 2410 1653 patriarcha
2434 1584 2647 1641 ductam
2681 1587 2938 1654 Aseneth,
2967 1588 3123 1643 liliam
3148 1589 3453 1661 Putipharis
3470 1590 3576 1646 He-

1981 1675 2276 1746 liopolitani
2303 1679 2622 1734 sacerdotis.

1979 1771 2034 1831 l3
2054 1770 2294 1840 Denique
2315 1771 2559 1826 nonnulli
2584 1771 2795 1827 veritati
2825 1814 2837 1838 ,
2876 1773 2940 1827 'in
2969 1771 3156 1828 iisdem
3198 1774 3474 1831 Genescos
3519 1784 3575 1831 et

1903 1864 1952 1924 B
1979 1860 2198 1931 Josephi
2234 1861 2383 1917 libris
2414 1863 2620 1919 tradita:
2644 1905 2658 1928 ,
2685 1863 2810 1919 illud
2835 1880 3134 1937 repugnare
3159 1876 3400 1932 censent,
3430 1867 3570 1938 quod

1973 1952 2176 2007 Auctor
2223 1963 2404 2009 noster
2423 1954 2620 2024 adjecit
2645 1973 2658 2009 :
2689 1954 2884 2026 Ioseph
2911 1956 3261 2026 mpedimento
3286 1958 3348 2013 de
3371 1974 3574 2014 carcere

1971 2045 2193 2113 edocuit,
2239 2049 2489 2101 somnium
2516 2047 2645 2118 Regi
2672 2050 2831 2118 aperit
2861 2047 3079 2119 (Tertul.
3109 2050 3220 2106 Lib.
3251 2052 3315 2118 ll,
3341 2053 3409 2107 ad
3439 2051 3567 2108 Nat.

1968 2159 2016 2195 c.
2069 2141 2150 2213 8).
2203 2140 2442 2197 Emissos
2495 2142 2757 2213 siquidem
2801 2159 2864 2198 ex
2913 2159 3128 2200 carcere
3182 2145 3352 2200 luerat
3381 2187 3396 2213 ,
3445 2160 3568 2202 cum

1969 2233 2330 2304 regissomnia
2354 2233 2735 2304 interpretatus
2766 2243 2868 2289 est.
2901 2233 3088 2291 Nonne
3118 2243 3297 2291 tamen
3338 2236 3422 2292 bis
3445 2253 3566 2293 ver-

1970 2325 2051 2380 bis
2101 2325 2337 2381 indicare
2369 2328 2542 2396 potuit
2571 2325 2799 2381 duorum
2853 2326 3145 2382 Pharaonis
3202 2329 3568 2385 cunuchorum

1969 2417 2198 2483 somnia,
2231 2433 2351 2487 qua:
2403 2433 2592 2473 rcvcra
2619 2419 2904 2488 explicavit
2931 2420 2980 2472 in
3009 2434 3248 2483 carcere,
3289 2430 3448 2490 atque
3470 2435 3566 2476 ex-

1969 2507 2339 2578 plicandorum
2396 2520 2580 2580 postea
2635 2510 2876 2581 ejusdem
2909 2511 3207 2568 Pharaonis
3235 2514 3566 2569 somniorum

1968 2602 2232 2658 dederunt
2263 2604 2651 2659 occasionem?
2694 2605 2824 2674 Qum
2875 2620 3036 2676 porro
3081 2621 3248 2660 sacra:
3280 2607 3567 2676 Scriptum-

1967 2697 2235 2751 contraria
2269 2696 2632 2752 Tertullianus
2666 2697 2849 2764 refert,
2879 2698 2996 2752 hz'ec
3024 2698 3238 2768 scripsit
3278 2699 3329 2752 in
3357 2699 3472 2754 solo
3501 2698 3565 2753 ad

1966 2787 2220 2844 Nationes
2237 2788 2389 2856 libro,
2410 2799 2465 2844 et
2487 2791 2539 2844 in
2565 2783 2908 2860 ApOlogetico
2921 2792 3129 2860 penitus
3145 2791 3342 2846 omisit.
3360 2791 3570 2860 Qtttesit

1967 2891 2145 2938 autem
2178 2882 2334 2953 hujus
2370 2884 2840 2952 praetermissionis
2867 2899 3075 2950 caussa,
3111 2894 3286 2939 utrum
3313 2873 3432 2956 quia
3459 2901 3570 2941 om-

1969 2973 2097 3029 nino
2118 2989 2240 3030 vera
2261 2989 2370 3029 non
2395 2990 2514 3030 esse
2532 2975 2934 3042 animadvertit,
2959 2978 3079 3046 quis
3099 2976 3325 3033 delinire
3351 2977 3570 3033 audeat?

1967 3067 2230 3123 Caeterum
2255 3084 2319 3123 ea
2367 3068 2589 3125 forsitan
2628 3069 2883 3126 hauserat
2908 3084 2976 3124 ex
3007 3071 3270 3140 corruptis
3292 3070 3527 3126 fontibus
3551 3112 3566 3135 ,

1968 3161 2068 3216 nisi
2100 3161 2353 3217 librarios
2391 3165 2602 3234 propria
2638 3165 2876 3226 nomina,
2911 3165 2985 3217 uti
3014 3164 3116 3218 alia
3142 3165 3356 3232 smpius,
3386 3165 3438 3218 in
3467 3164 3569 3219 hoc

260 3259 560 3330 quemlibet
589 3257 792 3323 deum,
843 3257 1053 3312 caeteris
1096 3257 1294 3324 saepius
1340 3257 1710 3326 incognitum,
1762 3255 1864 3311 sibi
1890 3255 1936 3319 C
1972 3251 2110 3307 libro
2139 3252 2517 3318 describendo,
2545 3269 2757 3310 errasse
2786 3254 3262 3310 demonstraveris.

257 3350 549 3420 adoptandi
597 3365 661 3404 ac
685 3348 913 3403 colendi.
947 3350 1015 3402 At
1041 3348 1222 3401 multa:
1251 3346 1529 3416 gentilium
1580 3347 1866 3417 provincias

257 3453 317 3500 et
367 3443 611 3498 civitates
673 3452 897 3514 sumptos
953 3457 1044 3510 pro
1084 3439 1332 3502 libidine,
1381 3439 1456 3494 ait
1510 3438 1868 3494 Tertulliauus

257 3544 468 3598 noster,
502 3550 603 3588 non
637 3551 730 3600 pro
757 3533 937 3587 notitia
967 3531 1212 3595 veritatis,
1262 3531 1402 3596 deos,
1427 3541 1518 3585 aut
1542 3532 1610 3584 ab
1635 3531 1754 3586 aliis
1783 3547 1869 3586 re-

253 3627 454 3696 jectos,
479 3636 572 3682 aut
607 3627 713 3680 illis
764 3624 1066 3696 incognitas
1090 3623 1485 3678 venerabantur
1533 3622 1862 3695 (Tertullian.

259 3719 506 3790 Apolog..
535 3736 652 3790 cap.
681 3716 772 3784 ει,
806 3736 858 3787 p.
889 3717 997 3772 417
1045 3725 1092 3770 et
1136 3715 1222 3769 lib.
1259 3715 1322 3782 II,
1349 3715 1416 3770 ad
1457 3713 1674 3771 Nation.
1710 3733 1755 3771 c.
1785 3715 1859 3789 8).

261 3807 545 3882 Egyptios
569 3819 746 3863 autem
779 3809 848 3863 ibi
885 3809 1153 3878 praecipue
1181 3806 1488 3876 redarguit,
1519 3810 1611 3878 qui
1638 3810 1775 3864 sicut
1812 3811 1865 3865 in

260 3904 379 3958 aliis
410 3904 608 3958 nostris
670 3901 1136 3958 dissertationibus
1161 3901 1495 3958 ostendimus
1526 3899 1766 3975 (Dissert.
1812 3905 1866 3957 in

261 3995 526 4063 Lactant.,
577 4013 621 4051 e.
665 3997 757 4062 δι,
787 4005 886 4050 art.
918 3997 970 4050 2.
1003 4007 1050 4051 et
1081 3996 1184 4050 loc.
1238 3997 1308 4050 ibi
1337 3995 1486 4068 cit.),
1545 4005 1650 4050 tam
1691 3996 1863 4065 impia

262 4103 421 4159 quam
450 4089 680 4143 absurda
711 4090 1090 4158 superstitione
1123 4105 1228 4143 non
1259 4090 1435 4144 solmn
1462 4103 1591 4144 oves
1621 4089 1866 4157 aliasque

264 4181 464 4237 bestias
490 4181 876 4236 consecrabant
906 4223 922 4248 ,
976 4183 1068 4237 sed
1100 4183 1219 4237 illos
1242 4184 1408 4237 etiam
1438 4186 1614 4252 capite
1633 4182 1862 4238 damna-

262 4274 424 4342 baut,
463 4275 555 4359 qui
594 4275 826 4345 aliquem
855 4275 1159 4346 lmjusmodi
1187 4276 1346 4331 deum
1374 4277 1720 4333 occidissent.
1759 4279 1864 4332 Ac-

262 4375 416 4437 cepta
451 4376 630 4424 autem
659 4367 757 4422 hac
799 4385 889 4425 eos
933 4369 1220 4439 adoptandi
1250 4369 1498 4426 libertate
1520 4413 1534 4436 ,
1589 4370 1822 4442 Egyptii
1844 4413 1861 4440 ,

264 4460 435 4531 inquit
461 4461 836 4525 Tertullianus,
866 4461 943 4515 sic
973 4462 1123 4516 abusi
1150 4472 1272 4515 sunt
1296 4505 1310 4527 ,
1347 4473 1401 4517 ut
1431 4462 1724 4532 Joscphum
1758 4464 1862 4518 Pa-

264 4552 549 4608 triarcham
592 4554 868 4624 Serapidis
895 4555 1113 4608 nomine
1165 4554 1322 4608 deum
1371 4554 1859 4625 leceriut(Tertul.,

2042 3346 2184 3402 Vero
2242 3345 2425 3416 itaque
2469 3346 2697 3400 similius
2749 3346 2939 3401 Vossio
2966 3346 3092 3401 illud
3124 3345 3566 3419 videtnr(Voss.,

1970 3441 2058 3495 lib.
2087 3441 2125 3505 1,
2166 3441 2229 3494 de
2277 3440 2441 3512 orgin.
2476 3449 2524 3494 et
2572 3456 2800 3509 progres.
2845 3439 3025 3493 idolol.
3071 3456 3119 3493 c.
3148 3438 3242 3510 ‘29)
3287 3438 3430 3509 quod
3482 3439 3570 3494 ille

1969 3532 2142 3587 adhuc
2176 3539 2392 3586 enarrat
2439 3530 2722 3602 Egyptios
2742 3572 2755 3596 ,
2792 3542 2911 3600 post
2943 3531 3120 3600 fruges
3149 3531 3248 3585 sibi
3277 3547 3304 3583 a
3333 3529 3568 3600 Joscpbo

1969 3623 2128 3680 lamis
2158 3635 2400 3693 tempore
2426 3624 2877 3682 subministratas.
2906 3622 3135 3691 jussisse
3164 3627 3215 3677 in
3247 3625 3376 3677 tanti
3407 3624 3571 3678 henc-

1970 3715 2073 3771 ﬁcii
2105 3717 2420 3772 memoriam
2451 3731 2513 3768 ac
2542 3714 2852 3787 symbolum
2881 3715 2948 3768 ali
2983 3730 3008 3766 a
3058 3714 3428 3770 sacnrdolibus
3475 3714 3569 3768 bo-

1968 3825 2111 3874 vem,
2139 3825 2295 3880 quem
2325 3810 2552 3878 primum
2594 3807 2757 3872 civili,
2787 3818 2841 3863 et
2870 3807 3066 3862 deinde
3086 3807 3268 3862 divino
3291 3807 3438 3862 cultu
3465 3805 3568 3861 ho-

1969 3910 2314 3956 noraverunt.
2345 3903 2413 3955 At
2437 3909 2649 3956 constat
2675 3915 2804 3956 sane
2837 3900 3028 3955 bovem
3054 3900 3124 3954 ab
3150 3900 3336 3955 iisdem
3362 3899 3568 3971 Egyp-

1975 3995 2063 4049 tiis
2085 3995 2280 4050 factum
2305 4009 2426 4050 esse
2447 3994 2606 4050 deum
2652 3995 2806 4065 Apim
2830 4037 2844 4058 ,
2875 4007 2922 4050 et
2955 3994 3155 4050 exinde
3184 3996 3424 4066 Serapim
3451 4035 3466 4060 ,
3500 3995 3569 4050 de

1967 4105 2074 4161 quo
2104 4089 2346 4144 Bullinus
2381 4089 2618 4161 (Ruﬁn,
2657 4088 2741 4142 lib.
2780 4089 2841 4154 ll,
2873 4089 3070 4144 Hister.
3097 4087 3266 4155 Eecl.,
3295 4106 3341 4143 c.
3371 4089 3485 4159 23),
3512 4099 3568 4145 et

1967 4198 2066 4238 nos
2107 4181 2234 4237 alibi
2283 4181 2431 4248 (tant.
2468 4181 2790 4254 lApparat.,
2828 4199 2878 4250 p.
2907 4182 3096 4252 4090).
3144 4179 3564 4237 Celeberrimum

1966 4289 2182 4345 quoque
2229 4273 2567 4328 Alexandria:
2611 4273 2926 4328 fabricatum
2977 4283 3056 4330 est
3088 4273 3244 4344 hujus
3295 4273 3566 4342 Serapidis

1966 4367 2332 4432 simulacrum,
2353 4367 2420 4422 de
2445 4383 2551 4437 quo
2577 4367 2716 4422 idem
2739 4367 2978 4421 Rullinus
3011 4384 3024 4421 :
3058 4365 3240 4436 Cujus,
3266 4366 3454 4436 inquit,
3475 4383 3564 4420 ca-

1967 4464 2058 4531 piti
2079 4463 2278 4515 modius
2326 4463 2696 4533 superpositus,
2731 4473 2778 4515 at
2805 4462 3010 4530 quidem
3040 4462 3093 4515 iu
3120 4461 3364 4514 honorent
3403 4460 3565 4513 nostri

1965 4552 2159 4622 Joseph
2185 4558 2462 4626 formatum
2491 4553 2772 4626 perhibent,
2805 4553 2864 4608 ob
2895 4554 3258 4608 dimensionem
3282 4553 3524 4624 frumenti
3546 4593 3561 4619 ,

265 4643 366 4699 loc.
391 4643 527 4716 cit.).
557 4644 662 4700 Sed
701 4645 874 4700 multa-
894 4644 962 4699 ibi
990 4647 1078 4700 ille
1111 4647 1286 4700 turbat
1315 4656 1477 4716 atque
1502 4647 1569 4700 ita
1609 4648 1770 4713 sane‘,
1805 4656 1864 4702 ut
1887 4651 1940 4710 ι)
1969 4665 2068 4718 quo
2097 4649 2250 4717 [mnis
2292 4659 2518 4716 tempore
2551 4647 2777 4701 subvenit
2809 4645 3096 4716 IEgyptiis.
3131 4645 3350 4700 Rullino
3376 4643 3563 4697 sull'ra-

262 4735 458 4790 mirum
508 4737 752 4792 videatur
795 4739 1062 4807 quomodo
1113 4725 1194 4791 vir
1253 4739 1304 4792 in
1358 4739 1525 4793 sacris
1573 4739 1864 4811 Scripturis

158 4842 162 4846 ‘
263 4831 507 4902 apprime
552 4843 835 4898 versatus,
881 4833 1028 4901 plura
1075 4832 1184 4887 illis
1207 4848 1336 4888 sane
1384 4834 1661 4904 Opposita,
1710 4834 1864 4891 nobis

262 4926 521 4984 venditet.

262 5037 291 5088 β
335 5019 573 5076 Primum
605 5020 747 5078 enim
776 5020 1063 5092 Iosephus,
1092 5021 1259 5091 inquit
1281 5020 1370 5076 ille
1391 5019 1652 5093 (TertulL,
1683 5021 1771 5076 lib.
1795 5020 1860 5090 ll,

262 5112 333 5167 ad
389 5111 539 5178 Nat.,
594 5131 642 5167 c.
697 5111 800 5183 8),
852 5114 1061 5170 caeteris
1115 5112 1373 5168 fratribus
1437 5112 1861 5183 (Benjaminum

264 5205 513 5276 excipere
551 5204 802 5276 debebat)
830 5207 1014 5275 junior
1041 5208 1090 5259 in
1118 5205 1347 5278 Aigyjuo
1377 5207 1731 5261 venumdatus
1758 5247 1773 5272 ,
1806 5206 1861 5261 in

265 5297 560 5354 Pharaonis
586 5298 960 5370 Egyptiorum
995 5297 1138 5367 regis
1171 5298 1368 5352 i.-nnilia
1393 5299 1684 5354 serviebat.
1709 5301 1777 5353 At
1805 5300 1858 5354 in

265 5388 403 5444 libro
432 5389 704 5444 Gcnoseos
727 5388 956 5458 (Genes..
986 5405 1033 5440 ε.
1067 5387 1155 5451 57,
1186 5403 1230 5440 v.
1261 5389 1327 5441 its
1366 5402 1413 5441 et
1444 5387 1512 5443 56
1539 5399 1585 5443 et
1615 5406 1663 5443 ο.
1689 5390 1779 5445 59.
1805 5406 1853 5443 υ.

265 5485 316 5550 Ι,
345 5493 389 5536 et
416 5482 576 5554 seqq.)
611 5483 837 5553 legimus
859 5483 1008 5536 illum
1037 5481 1308 5536 venditum
1339 5479 1504 5537 fuisse
1531 5482 1853 5550 Madianitis,

264 5583 318 5630 et
353 5575 524 5632 abhis
557 5576 868 5646 Putiphari,
894 5575 1142 5630 eunucho
1197 5575 1490 5631 Pharaonis
1537 5587 1588 5632 et
1631 5575 1857 5631 militqu

263 5667 568 5744 magistro,
611 5668 695 5722 cui
727 5682 910 5722 revera
957 5666 1187 5722 servivit
1215 5709 1231 5730 ,
1281 5667 1453 5722 donec
1504 5668 1556 5722 in
1583 5682 1854 5724 carcerem

263 5759 583 5816 mitteretur.
607 5759 717 5815 Nisi
741 5775 869 5831 ergo
889 5759 1028 5815 hunc
1055 5759 1424 5829 Putipharem,
1452 5761 1590 5830 quia
1618 5760 1855 5832 Josepho

209 5901 235 5911 -
265 5864 496 5922 πιτερρὴ
520 5861 739 5912 thatur
760 5852 1016 5924 (Joseph.,
1045 5853 1084 5909 ι.
1112 5851 1176 5909 ll.
1205 5852 1438 5923 antiquit.
1465 5852 1696 5924 Judaic.,
1725 5870 1771 5909 c.
1798 5854 1852 5924 5,

1963 4749 2119 4811 gatur
2160 4739 2351 4796 Suidas
2400 4738 2636 4810 (Suidas,
2690 4739 2778 4792 ad.
2826 4755 2875 4792 υ.
2919 4737 3175 4810 sapiam),
3216 4752 3317 4792 nec
3341 4745 3564 4807 uterque

1966 4844 2142 4888 tamen
2167 4831 2382 4887 dilliteri
2412 4832 2588 4902 potuit
2614 4832 2752 4896 alias
2781 4832 2945 4887 luisse
2971 4833 3197 4886 aliorum
3224 4832 3523 4900 opiniones.

2035 4918 2120 4984 Ab
2141 4926 2408 4998 Egyptiis
2431 4928 2630 4982 Auctor
2659 4935 2841 4981 noster
2868 4925 2931 4981 ad
2949 4925 3090 4983 alios
3111 4926 3376 4982 delabitur
3397 4942 3566 4997 popu-

1967 5020 2065 5087 los,
2098 5019 2189 5092 qui
2229 5035 2332 5074 non
2363 5018 2570 5074 minore
2598 5018 2812 5072 licentia
2851 5016 2983 5072 deos
3006 5018 3324 5087 peculiares,
3357 5019 3474 5073 aliis
3499 5033 3564 5075 ac

1969 5114 2264 5181 przesertim
2306 5112 2564 5167 Romanis
2620 5111 2957 5180 incognitos,
3026 5111 3127 5166 sibi
3171 5110 3558 5167 adsciverant:

1968 5205 2158 5272 Quanti
2188 5207 2462 5260 enimvero
2488 5213 2626 5266 siml,
2657 5203 2848 5271 inquit,
2873 5203 2961 5274 qui
2982 5203 3150 5259 norint
3173 5204 3279 5258 visu
3305 5204 3381 5259 vel
3407 5206 3559 5260 audi-

1964 5307 2016 5350 tu
2047 5301 2156 5368 quis
2186 5298 2458 5366 unicuique
2484 5296 2758 5366 provincia:
2783 5305 2829 5348 et
2852 5296 3045 5349 civitati
3076 5313 3198 5351 suus
3220 5310 3292 5351 est
3320 5296 3442 5350 deus
3468 5339 3481 5363 ,
3508 5307 3560 5350 ut

1962 5389 2138 5462 Syria:
2158 5391 2381 5447 Astartes
2429 5389 2667 5462 (Tertull.
2690 5379 2926 5459 'Apolog.
2961 5407 3005 5444 c.
3039 5391 3130 5452 24,
3184 5409 3237 5460 p.
3265 5390 3393 5459 418)
3420 5392 3558 5460 (tua-

1966 5484 2220 5552 nuscripti
2246 5484 2411 5538 nostri
2442 5482 2658 5538 codices
2687 5481 2954 5537 Adstartes
2983 5484 3001 5554 )
3034 5485 3085 5537 in
3120 5483 3256 5538 libro
3285 5482 3351 5536 ad
3379 5481 3559 5537 Natio-

1965 5591 2088 5642 nes,
2123 5575 2380 5646 Atugartis
2408 5575 2659 5646 Syrorum
2697 5576 2837 5646 (Lib.
2871 5575 2912 5629 ll
2938 5619 2950 5641 ,
2990 5574 3057 5627 ad
3088 5572 3302 5627 Nutiou.
3353 5590 3400 5628 c.
3451 5571 3550 5644 8)?

1961 5667 2090 5737 Quae
2148 5667 2304 5722 lectio
2361 5667 2667 5722 conﬁrmari
2743 5677 2916 5738 potest
2984 5666 3067 5720 his
3119 5665 3273 5720 Ptinii
3330 5664 3551 5719 verbis:

1959 5759 2110 5832 Syris
2136 5775 2251 5816 vero
2276 5759 2483 5833 .‘llagog.
2514 5758 2596 5815 lbi
2625 5760 2917 5831 prodigiosa
2943 5759 3224 5829 Atagartis,
3256 5758 3548 5830 grwcis_au~

1959 5861 2058 5909 tem
2086 5851 2296 5909 Derecto
2322 5851 2457 5908 dicta
2502 5851 2694 5926 (Plin.,
2747 5850 2832 5908 lib.
2861 5849 2907 5906 ν
2939 5860 3111 5908 natur.
3138 5850 3260 5906 hist.
3301 5865 3418 5920 cap.
3447 5848 3550 5918 23,
