4076 6356
330 360 478 423 111³1

1472 378 1932 443 DISSER'I‘ATIO
1954 377 2032 443 Ἠ.
2072 386 2161 445 LI!
2198 389 2505 451 NOURRY.

329 486 403 536 est
426 477 607 598 .(Plin.
627 481 761 551 ,.lib.
792 480 864 598 El
1066 493 1263 591 natum,
1430 489 1548 560 'N,
1577 495 1820 598 malm).
1862 498 1929 554 Et
1953 501 2003 561 Α
2031 500 2157 595 dom
2199 505 2600 567 observavimus
2631 510 2813 586 (supr.
2840 554 2854 582 ,
2903 532 3019 587 cap.
3056 518 3127 579 2'5
3147 562 3163 588 ,
3206 533 3305 580 art.
3334 524 3424 598 ὅ),
3456 526 3632 585 Volsi-

329 581 476 628 certe
501 573 757 645 scriptum
790 590 820 630 a
841 576 991 633 Livio
1018 577 1244 651 legimus
1270 600 1281 636 :
1315 582 1456 637 Alter
1481 588 1658 641 consul
1682 589 1931 659 Apuleius

327 665 383 720 in
411 664 623 723 Umbria
652 666 950 741 Nequinum
976 674 1224 744 oppidum
1252 676 1593 734 circumsedit.
1626 680 1794 739 Locus
1818 694 1926 742 erat

327 757 524 814 arduus
543 799 559 825 ,
592 762 817 829 atquein
843 773 991 833 parte
1016 782 1120 820 una
1144 783 1401 839 preceps,
1429 771 1516 825 ubi
1542 788 1678 828 nunc
1716 773 1927 832 Narnia

324 851 426 907 sita
451 851 707 924 ect(Liu.,
731 855 819 910 lib.
845 856 933 923 10,
954 855 983 929 §
1007 856 1086 929 9).
1107 858 1310 915 Nomen
1331 872 1510 918 autem
1540 864 1667 921 illud
1690 870 1927 939 sumpsit

325 941 396 999 ab
424 958 523 1013 eo,
553 960 662 1015 quo
707 947 925 1005 alluitur
954 990 967 1015 ,
1015 949 1156 1007 Nate
1198 952 1395 1022 ﬂuvio,
1434 956 1507 1010 uti
1536 956 1618 1013 bis
1656 958 1922 1033 intelliges

323 1035 609 1096 Strabonis
634 1040 815 1097 verbis
839 1059 853 1096 ε
877 1050 1049 1125 Nam
1067 1047 1131 1099 δι’
1153 1052 1207 1107 ἧς
1231 1052 1305 1118 ῥεῖ
1331 1054 1357 1102 ὁ
1376 1055 1482 1122 Νάρ
1509 1062 1746 1122 ππιμός,
1779 1054 1922 1109 Nar-

320 1130 435 1196 nia,
467 1148 560 1200 per
581 1149 734 1204 quam
760 1136 875 1205 ﬂuit
901 1136 1017 1203 Nar
1041 1128 1226 1209 ﬂuvius
1260 1140 1456 1212 (Strab.
1506 1145 1594 1200 lib.
1640 1146 1684 1202 V
1732 1146 1918 1222 Geogr.

321 1239 378 1294 p.
410 1222 573 1296 227).
607 1224 781 1282 Variis
809 1243 1026 1301 quoque
1063 1232 1205 1301 apud
1245 1232 1571 1292 Grutberum
1616 1239 1921 1312 inscriptio-

320 1316 480 1373 nibus
509 1317 835 1378 Narnienses
868 1323 1208 1383 celebrantur
1240 1327 1522 1401 (Grutlier.
1545 1375 1559 1401 ,
1588 1351 1642 1405 p.
1677 1335 1800 1403 m,
1834 1337 1917 1391 in-

318 1410 496 1480 script.
526 1412 583 1478 ὥς
610 1429 667 1482 p.
697 1413 825 1481 388,
856 1415 1087 1488 inscript.
1117 1419 1172 1485 2;
1200 1437 1256 1489 p.
1289 1420 1422 1488 460,
1464 1424 1695 1497 inscript.
1723 1427 1804 1497 4).

392 1501 701 1571 Praiterea,
744 1504 1149 1564 discubuerant
1198 1511 1459 1568 Ancharia
1480 1557 1496 1582 ,
1549 1516 1604 1572 in
1659 1517 1798 1574 libro
1848 1520 1925 1576 ad‘

317 1597 564 1652 nationes
583 1640 600 1662 ,
631 1607 687 1654 et
714 1602 912 1657 nostris
938 1605 1322 1677 manuscriptis
1348 1609 1745 1679 exemplaribus
1770 1629 1785 1667 :
1809 1613 1916 1669 An-

317 1689 493 1743 charia
523 1689 542 1759 (
568 1689 889 1748 Tertullian-
909 1694 1011 1749 loc.
1041 1696 1178 1767 cit.).
1212 1695 1257 1752 Α
1286 1698 1463 1755 Plinio
1488 1709 1669 1758 autem
1697 1703 1911 1761 dicitur:

317 1783 533 1840 Colonia
550 1786 794 1843 Asculum
810 1786 991 1844 Piceni
1012 1792 1324 1846 nobilissima
1340 1793 1507 1861 (Plin.
1536 1795 1623 1850 lib.
1649 1795 1719 1852 lli
1738 1806 1909 1854 natur.

317 1877 438 1933 hist.
477 1895 595 1950 cap.
635 1881 721 1947 l5,
756 1899 812 1953 p.
845 1881 972 1956 362)
996 1926 1009 1949 ,
1054 1884 1213 1955 cujus
1233 1887 1452 1942 nomine
1483 1890 1667 1946 multa:
1691 1900 1912 1949 exstant
1940 1903 2001 1963 Β·

315 1970 454 2041 apud
486 1970 811 2029 Grutberum
854 1974 1230 2048 inscriptiones
1259 1977 1568 2050 (Grut/ten,
1594 1999 1647 2052 p.
1673 1983 1797 2049 465,
1832 1984 1915 2039 in-

315 2065 491 2136 script.
526 2066 557 2121 i
582 2075 629 2121 et
656 2065 747 2133 l0,
774 2084 894 2139 pag.
927 2069 1052 2134 571,
1082 2071 1314 2140 inscript.
1358 2073 1412 2138 l,
1444 2082 1497 2126 et
1518 2090 1637 2145 pug.
1670 2075 1796 2143 42⁷7,
1833 2077 1915 2131 in-

315 2157 491 2229 script.
528 2158 613 2229 2)..
636 2158 831 2225 Strabo
856 2176 987 2217 vero
1012 2156 1191 2218 ,λαλην
1207 2173 1263 2220 τὸ
1284 2175 1496 2228 «innuis.
1530 2166 1634 2223 Sed
1664 2169 1811 2225 aliud
1834 2181 1934 2226 est‘

317 2249 601 2319 Asculum,
625 2252 837 2322 Apuliae
859 2254 1135 2325 oppidum,
1158 2257 1348 2329 Pyrrhi
1375 2259 1528 2314 clade
1551 2261 1913 2318 notissimum.

316 2340 396 2398 De
425 2343 685 2399 alterutro
713 2355 891 2401 autem
937 2348 1077 2404 haud
1126 2349 1285 2406 dubie
1332 2352 1568 2424 loquitur
1598 2356 1800 2412 Auctor
1822 2372 1919 2413 no-

318 2444 451 2503 ster,
498 2437 609 2499 nisi,
640 2440 895 2496 eamdem.
930 2441 1087 2498 deam
1134 2445 1188 2499 in
1233 2454 1461 2518 utroque
1509 2449 1704 2506 cultam
1754 2452 1917 2510 fuisse

319 2530 656 2601 probaveris.
693 2533 767 2590 De
798 2534 974 2604 priore
1015 2545 1191 2593 tamen
1219 2554 1522 2598 sermonem
1550 2544 1620 2599 ab
1648 2545 1737 2599 illo
1778 2544 1914 2614 ﬂeri,

322 2623 426 2679 erit
452 2624 689 2681 forsitan.
705 2628 795 2698 qui
841 2630 1032 2686 conﬁci
1072 2646 1233 2702 posse
1263 2635 1469 2704 putabit
1496 2636 1579 2693 his
1610 2636 1806 2694 Lucani
1850 2639 1919 2697 de

324 2715 551 2775 Lentulo
578 2708 825 2777 Versibus
848 2740 865 2775 :

1022 2835 1304 2901 Depellitur
1325 2853 1439 2891 arce

453 2869 466 2883 ο
568 2873 579 2883 ο
682 2872 692 2883 ι
793 2870 808 2882 ο
911 2872 925 2885 ο

450 2896 688 2950 Lentulus
708 2897 928 2950 Esculea.

844 2962 1042 3026 (Lucan.
1063 2962 1338 3025 ,Ναίν-διώ,
1357 2963 1441 3016 lib.
1462 2973 1516 3031 ll,
1542 2981 1587 3020 υ.
1613 2969 1749 3033 150.)

327 3068 554 3137 Quidam
598 3069 742 3131 enim
786 3070 1217 3127 animadvettunt
1260 3072 1479 3131 Esculea
1509 3086 1563 3132 et
1603 3077 1819 3132 Asculea
1849 3078 1927 3133 in—

327 3161 634 3219 dill'ercnter
662 3164 885 3230 dictum;
912 3164 1097 3234 quidni
1125 3173 1181 3221 et
1207 3151 1479 3240 cEsculeb,
1508 3173 1649 3228 unde
1675 3172 1927 3230 Escula-

326 3258 403 3325 οἱ,
434 3259 502 3314 de
526 3261 718 3329 quibus
748 3277 889 3317 nunc
917 3264 1124 3333 agitur?
1711 3302 1717 3317 .
1790 3254 1813 3277 ‘

396 3348 663 3406 Ca'terum
719 3352 998 3410 Turnebus
1050 3356 1336 3427 (Turneb.,
1385 3356 1475 3410 lib.
1532 3355 1674 3411 XVll
1719 3356 1919 3413 advers.

328 3457 443 3512 cap.
474 3442 582 3515 24)
613 3445 911 3514 suspicatur
942 3447 1249 3501 Anchariana
1270 3462 1388 3502 eam
1419 3461 1539 3503 esse
1566 3447 1744 3512 deam,
1768 3449 1925 3518 cujus

326 3534 511 3592 furore
545 3540 778 3609 correpti
808 3538 1055 3596 homines
1109 3541 1311 3598 ancarii
1352 3541 1714 3607 vocabanturf,
1760 3542 1922 3614 idque

325 3630 562 3686 stabilire
582 3632 768 3687 nititur
792 3632 874 3688 his
899 3633 1130 3702 duobus,
1162 3651 1190 3689 a
1216 3635 1389 3691 Nonio
1411 3635 1586 3690 citatis
1610 3636 1629 3706 (
1656 3634 1826 3701 Nam,
1853 3638 1929 3691 ad»

325 3737 375 3777 υ.
405 3723 719 3796 Quiritum),
743 3725 931 3783 Lucilii
981 3726 1308 3784 carminibus
1333 3744 1349 3781 :

478 3839 598 3907 Haec
618 3842 792 3893 eadem
815 3842 961 3907 rodet
983 3855 1013 3893 e
1036 3844 1229 3903 nostris,
1251 3848 1399 3907 atque
1424 3843 1682 3907 ejulitahit,

478 3902 783 3955 Concursans
806 3905 943 3955 velut
958 3908 1198 3967 ancarius,
1218 3902 1293 3956 'cla
1301 3902 1467 3970 reque
1486 3902 1738 3971 quiritans.

327 4011 389 4068 in
413 4021 593 4099 nostra
622 4012 836 4084 quidem
862 3998 1051 4069 borum
1074 4015 1370 4070 carminum
1398 4013 1633 4070 editione
1657 4013 1916 4086 legimus:

327 4112 429 4168 Hic
471 4114 746 4185 inquam...
792 4114 945 4168 veluti
984 4115 1269 4168 arenarius.
1311 4112 1416 4169 Sed
1446 4121 1696 4182 corrupte
1734 4114 1918 4182 procul

280 4190 289 4203 ’
322 4206 505 4274 dubio,
531 4222 595 4263 ac
617 4214 805 4264 contra
830 4207 987 4264 metri
1020 4207 1183 4279 leges.
1221 4206 1602 4264 Verumtamen
1634 4221 1781 4263 mera
1806 4206 1919 4259 hinc

322 4309 404 4355 est
423 4298 659 4355 Turnebi
685 4299 1013 4370 conjectura,
1041 4314 1159 4371 quae
1182 4300 1284 4355 alia
1309 4298 1483 4355 adhuc
1506 4299 1821 4370 probatione
1839 4299 1916 4353 in-

320 4391 486 4461 diget.
516 4391 575 4446 ln
622 4392 759 4447 libro
801 4405 979 4450 autem
1006 4394 1072 4449 ad
1099 4393 1354 4450 Nationes
1383 4410 1579 4450 nomen
1605 4393 1918 4448 Anc/iuriam

321 4483 571 4551 habetur,
600 4495 656 4540 et
682 4486 1124 4556 quampmverinr,
1173 4487 1315 4556 quod
1345 4486 1692 4556 depravatum
1732 4486 1918 4541 existi-

321 4585 551 4645 mantes,
586 4579 770 4649 reponi
800 4578 1018 4633 voluere
1046 4586 1092 4630 et
1120 4578 1547 4648 quampra-verini
1578 4592 1597 4629 :
1637 4575 1731 4630 sed
1771 4576 1926 4632 nulla»

320 4671 531 4729 reddita
561 4671 780 4726 ratione
819 4670 1227 4736 emendationis,
1275 4685 1394 4740 quae
1440 4669 1741 4724 adulterata
1766 4675 1913 4724 textu
1942 4695 1994 4755 D

320 4765 519 4823 melior
534 4780 641 4820 non
673 4763 899 4820 videtur.
928 4764 1265 4834 Quapropter
1295 4763 1561 4819 malumus
1586 4762 1805 4818 alterius
1826 4776 1920 4817 co-

320 4859 459 4916 dicis
484 4872 649 4930 opem
669 4867 1004 4931 exspectare,
1028 4870 1186 4928 quam
1213 4856 1379 4912 variis
1402 4855 1681 4926 indulgere
1709 4854 1920 4926 conjec-

316 4949 475 5013 turis.
1298 5002 1311 5014 .,

392 5044 627 5101 Facilius
653 5044 835 5116 itaque
856 5042 987 5099 illud
1017 5040 1349 5115 probabitur,
1378 5040 1531 5112 quod
1549 5040 1747 5112 adjecit
1785 5039 1918 5096 Ter-

323 5136 577 5194 tullianus
622 5158 635 5194 :
680 5137 1073 5193 Volsiniensium
1100 5136 1298 5191 Nursia
1329 5134 1675 5211 (Tcrtullian.
1721 5134 1925 5205 Apolo-,

319 5238 445 5304 get.,
475 5246 524 5284 c.
548 5228 641 5296 24,
670 5246 726 5299 p.
746 5229 841 5284 421
870 5228 913 5301 );
939 5230 991 5285 in
1012 5230 1153 5286 libro
1172 5238 1349 5284 autem
1376 5227 1444 5283 ad
1475 5226 1730 5283 Nationes
1761 5226 1823 5299 (l.
1844 5225 1916 5292 li,

318 5324 392 5380 ad
419 5322 659 5389 Nation.,
696 5337 812 5392 cap.
840 5321 897 5389 8,
929 5330 981 5391 p.
1007 5320 1134 5392 71),
1163 5329 1218 5377 et
1260 5320 1411 5375 libris
1440 5321 1637 5376 noctris
1664 5319 1878 5374 ineditis
1898 5358 1914 5383 ,

275 5425 287 5437 '
320 5414 519 5471 Noreia
543 5425 599 5471 et
639 5412 847 5479 Nortia,
892 5414 1007 5469 sive
1032 5412 1174 5468 utin
1204 5413 1447 5468 Tacitum
1474 5427 1600 5468 mox
1643 5410 1917 5466 eitandum

317 5517 470 5565 notat
508 5506 743 5579 Lipsius,
770 5504 1042 5561 Neurscia.
1088 5506 1158 5560 At
1193 5505 1377 5561 Livius
1411 5503 1580 5561 semel
1611 5504 1913 5573 iterumque

317 5604 567 5661 meminit
610 5600 1015 5658 Volsiniensium
1058 5598 1237 5675 (bim,
1286 5600 1352 5666 Υ,
1378 5599 1422 5673 l§
1470 5600 1666 5677 3l,jet
1697 5597 1787 5653 lib.
1821 5596 1939 5666 ix,

321 5696 350 5770 ς
378 5696 442 5752 21
466 5693 508 5769 ),
540 5694 633 5766 qui
658 5695 818 5751 etiam
849 5694 901 5749 in
929 5693 1167 5765 quadam
1189 5693 1537 5764 inscriptione
1576 5706 1607 5747 a
1638 5689 1921 5747 Gruthero
1984 5756 1987 5767 .

318 5788 461 5845 edita
502 5788 581 5845 sic
607 5787 943 5858 appellantur
968 5785 994 5859 (
1020 5784 1287 5852 Grutlier.,
1318 5787 1549 5856 inscript.
1588 5783 1636 5853 i,
1662 5803 1715 5856 p.
1751 5782 1906 5855 585).

317 5883 518 5941 Verum
560 5881 786 5955 ipsemet
814 5880 1173 5940 Tertullianus
1211 5877 1339 5935 alibi
1378 5878 1519 5946 illos,
1549 5876 1897 5950 quemadmo-

2030 594 2155 651 nios
2198 607 2388 665 vocat,
2439 602 2594 658 sicuti
2645 604 2956 677 Propertius
3032 594 3624 691 (Propert.,'lib.‘lV.

2029 689 2153 761 eleg.
2277 709 2324 747 υ.
2357 692 2455 767 2),
2488 705 2541 751 et
2585 696 2789 756 Plinius
2833 702 3037 775 (Plin.,
3072 709 3162 764 lib.
3192 710 3238 767 ll
3267 723 3439 770 natur.
3482 688 3628 786 hist.,

2028 796 2142 879 cap.
2176 784 2266 850 52,
2300 803 2352 855 ρ.
2383 788 2509 879 287,
2553 801 2600 846 et
2628 792 2715 847 lib.
2749 793 2837 862 Ill,
2869 815 2985 865 cap.
3020 802 3073 868 4,
3106 821 3158 873 p.
3193 805 3297 862 522
3320 803 3362 879 ),
3394 809 3481 879 qui
3524 784 3631 867 les;-

2029 872 2301 931 tiﬁcantur
2362 878 2546 935 urbem
2616 882 2754 941 hanc
2806 890 3273 960 opulentissimam
3320 872 3630 961 'Ttt'scorum

2024 966 2212 1039 fuisse,
2242 988 2363 1044 quis
2408 990 2550 1032 nunc
2574 977 2675 1033 sub
2705 996 3036 1042 summorum
3066 990 3380 1060 pontiﬁcum
3427 994 3630 1054 ditione

2024 1070 2127 1117 θεῖ.

2093 1153 2339 1213 Noreiam
2370 1174 2500 1216 vero
2529 1177 2715 1220 eorum
2747 1165 2902 1223 deam
2949 1170 3111 1229 fuisse
3137 1188 3206 1230 ex
3232 1175 3315 1233 bis
3340 1178 3451 1249 jam
3479 1181 3627 1240 citati

2022 1246 2157 1304 Livii
2186 1251 2365 1307 verbis
2388 1252 2646 1311 discimus
2673 1276 2686 1313 :
2722 1257 2963 1317 Volsiniis
2991 1265 3180 1334 clavos,
3209 1246 3404 1326 indices
3430 1277 3633 1335 numeri

2021 1358 2294 1408 annorum,
2327 1346 2459 1414 ﬁxos
2498 1348 2551 1403 in
2580 1352 2768 1421 templo
2812 1354 3015 1411 Nortice
3041 1367 3256 1416 etrusca:
3282 1363 3392 1419 dea:
3411 1383 3623 1437 compa—

2020 1454 2130 1493 rere
2151 1440 2369 1511 diligenc
2391 1441 2569 1497 talium
2590 1461 3025 1521 monumentorum
3051 1465 3231 1508 auctor
3246 1456 3451 1513 Cincius
3473 1461 3624 1532 (if/ir-

2020 1541 2131 1619 tua:
2173 1530 2353 1601 (Liv.,
2401 1533 2490 1590 lib.
2535 1535 2649 1607 vn,
2697 1538 2853 1611 δε).
2882 1541 3155 1602 iuvenalis
3184 1530 3624 1619 quoqucde'illa

2020 1616 2136 1677 haec
2160 1623 2355 1678 cecinit
2380 1641 2393 1678 :
3202 1616 3216 1618 ”
3311 1616 3322 1619 -
3470 1656 3484 1709 ς

2177 1770 2333 1816 bus.“
2352 1808 2387 1816 Α
2409 1776 2420 1788 .
2464 1803 2473 1813 _
2520 1740 2659 1792 Idem
2684 1744 2911 1816 populus,
2931 1748 2970 1798 si
2987 1748 3161 1801 Norcia
3185 1750 3256 1816 (l)
3282 1754 3476 1808 Thusco

2172 1797 2409 1867 favisset,
2435 1803 2476 1867 si
2499 1797 3349 1867 0p)cessa‘foret'secura'senectns

2170 1860 2434 1932 Principis,
2458 1860 2549 1917 hac
2570 1860 2676 1931 ipsa
2688 1869 2923 1932 Seianum
2945 1860 3136 1925 diceret.
3150 1860 3276 1927 tu};

2173 1924 2463 1988 Augustum.

2631 2011 2900 2079 (Juvenal.,
2925 2017 3081 2069 Satir.
3106 2027 3166 2083 Χ,
3187 2034 3232 2072 υ.
3249 2021 3330 2083 70,
3349 2022 3465 2090 etc.)

2018 2108 2310 2181 Printerca,
2363 2105 2788 2175 Ocriculanorum
2851 2120 3104 2191 Valentia,
3154 2127 3230 2181 ait
3263 2126 3650 2187 Tertulliatms-

2020 2200 2041 2274 (
2066 2201 2368 2263 Tertullian.
2422 2209 2713 2282 Apologet.,
2761 2230 2874 2284 cap.
2900 2216 2970 2271 24
2999 2258 3014 2282 ,
3051 2235 3103 2287 p.
3136 2217 3289 2291 421).
3320 2220 3631 2280 Οενίουὶυω

2018 2306 2220 2366 autem,
2242 2313 2334 2355 seu
2357 2299 2608 2371 Ocriculi,
2630 2302 2879 2362 Straboni
2908 2302 3139 2380 ὸκρίκλου
3174 2310 3193 2382 έ
3219 2311 3419 2380 Stroh,
3443 2314 3535 2369 lib.
3559 2314 3631 2383 V,

2021 2390 2232 2463 Geogr.,
2262 2411 2314 2463 p.
2342 2393 2499 2468 227),
2532 2396 2658 2453 urbs
2685 2407 2768 2454 est
2790 2400 2840 2454 in
2866 2401 3062 2458 ﬁnibus
3087 2402 3350 2475 Unibrim,
3380 2421 3633 2477 quianon

2021 2485 2246 2571 multum
2275 2487 2443 2543 Roma
2469 2489 2654 2557 distat,
2684 2507 2934 2563 nttncque
2965 2493 3185 2551 Otricoli
3204 2508 3448 2555 vocatur.
3468 2499 3630 2557 Meno

2021 2578 2223 2637 tionem
2254 2581 2398 2637 illius
2446 2583 2648 2639 faciunt
2696 2586 2899 2643 Plinius
2946 2587 3156 2663 (Plin.,
3212 2592 3302 2647 lib.
3344 2592 3415 2648 lli
3456 2603 3628 2649 natur.

2021 2671 2166 2736 liist.,
2194 2690 2312 2744 cap.
2346 2677 2401 2741 4,
2426 2694 2479 2745 p.
2507 2676 2634 2744 525,
2658 2688 2702 2732 et
2724 2695 2842 2749 cap.
2863 2681 2950 2746 ib,
2972 2698 3025 2750 p.
3056 2681 3164 2740 365
3183 2686 3222 2750 ),
3242 2683 3429 2741 Livius
3446 2685 3613 2759 (bitu,

2027 2765 2115 2821 lib.
2140 2765 2234 2832 ΙΧ,
2255 2766 2283 2838 §
2301 2768 2368 2823 41
2396 2767 2439 2839 ),
2460 2770 2658 2841 aliique
2677 2788 2742 2826 ac
2766 2773 3109 2842 potissimum
3137 2777 3451 2848 geographi.
3477 2778 3633 2834 Ocri-

2024 2858 2335 2914 culanorum
2386 2876 2549 2931 porro
2615 2864 2771 2920 deam
2823 2881 3016 2923 revera
3069 2866 3239 2925 fuisse
3291 2869 3631 2940 Valentiam,

2022 2967 2284 3024 agnosces
2338 2953 2439 3010 bac
2494 2957 2662 3012 veteri
2713 2958 3064 3028 inscriptione
3110 2960 3253 3033 apud
3305 2962 3633 3021 Grntberum

2024 3044 2043 3117 (
2068 3043 2330 3114 Gratiam,
2348 3064 2402 3117 p.
2419 3045 2475 3113 2,
2495 3047 2841 3122 inscriptam)
2866 3071 2878 3106 :
2900 3049 3013 3107 Pao
3039 3065 3244 3108 suum
3259 3069 3380 3110 l’l‘US
3400 3070 3464 3111 ac
3485 3071 3635 3117 nept-

2027 3153 2144 3195 TUS.
2178 3156 2231 3195 D.
2260 3156 2313 3195 Ν.
2346 3156 2760 3198 SANCTISSUU....
2804 3160 2875 3199 TI.
2909 3161 3033 3203 AUG.
3062 3162 3368 3204 EDICULAI.
3401 3164 3632 3205 COﬂClLll

2026 3246 2261 3300 nsoauu,
2290 3248 2609 3298 DEABUIQUE
2651 3250 2781 3292 auc.
2817 3250 2873 3292 Ν.
2907 3251 2976 3292 sx
3015 3251 3131 3294 VISU
3171 3253 3289 3294 una:
3333 3237 3633 3297 Venimus

1948 3299 2347 3383 Cs.P.E.c.

2096 3416 2237 3484 Quid
2268 3416 2454 3487 plura?
2482 3417 2829 3484 Sutrinorum,
2859 3417 2937 3474 ait
2960 3420 3167 3477 Auctor
3194 3429 3403 3491 noster,
3440 3420 3630 3477 Nortia

2024 3507 2391 3577 (Tertullian.,
2439 3510 2539 3565 loc.
2585 3511 2671 3566 cit.
2702 3512 2743 3581 ).
2791 3513 2861 3567 At
2904 3511 3163 3580 Sutrium,
3193 3513 3366 3584 inquit
3419 3513 3635 3583 Livius,

2023 3604 2142 3659 urbs
2183 3603 2321 3659 socia
2363 3603 2733 3673 Romanorum,
2781 3605 2915 3659 velut
2964 3606 3193 3662 claustra
3235 3605 3464 3665 Etruria:
3506 3616 3617 3664 erat

2025 3695 2210 3769 (Liv.,
2260 3696 2348 3751 lib.
2381 3695 2475 3765 1X,
2517 3695 2667 3769 ΗΞ,
2724 3697 2883 3768 etlib.
2935 3697 3024 3766 Vl,
3070 3698 3217 3771 §3).
3273 3702 3446 3756 Antea
3493 3715 3631 3759 vero

2023 3791 2221 3845 fecerat
2278 3790 2605 3846 mentionem
2653 3789 2807 3861 ejus,
2837 3806 2958 3861 qua:
3008 3791 3061 3847 in
3111 3790 3274 3846 variis
3330 3792 3493 3849 etiam
3542 3792 3625 3847 iu-

2022 3882 2404 3953 scriptionibus
2436 3898 2484 3956 .a
2532 3881 2803 3938 Gruthero
2850 3881 3101 3937 exhibitis
3145 3882 3379 3939 occurrit
3438 3881 3621 3955 (Gru-

2022 3978 2176 4044 tltcr.,
2209 3993 2262 4047 p.
2289 3976 2420 4044 25b,
2448 3975 2575 4043 302,
2620 3976 2725 4032 305
2753 3984 2800 4031 et
2826 3975 2925 4032 481
2959 3975 3002 4048 ).
3032 3976 3115 4032 Ab
3144 3976 3277 4032 urbe
3300 3986 3479 4032 autem
3510 3976 3624 4045 Ro-

2023 4088 2108 4127 ma
2137 4072 2300 4127 distat
2326 4070 2398 4126 24
2436 4069 2599 4126 millia
2631 4084 2904 4140 passuum,
2939 4069 3077 4124 sicut
3109 4067 3317 4125 Marsus
3345 4070 3627 4127 annotavit

2023 4165 2075 4221 in
2107 4165 2225 4220 haec
2269 4164 2386 4221 Silii
2425 4163 2591 4219 italici
2616 4163 2779 4218 verba
2822 4179 2835 4216 ε
2884 4160 3066 4218 Sutria
3093 4170 3223 4217 tecta
3252 4160 3394 4233 (Sil.
3428 4162 3624 4229 italia,

2023 4259 2112 4314 lib.
2145 4257 2259 4314 Vill
2283 4301 2297 4326 ,
2326 4275 2376 4312 υ.
2411 4256 2518 4313 408
2544 4258 2585 4327 ).
2633 4255 2845 4312 Videsis
2880 4255 3165 4312 Erasmum
3193 4255 3245 4310 in
3274 4254 3378 4311 hoc
3403 4271 3628 4327 prover-

2019 4352 2188 4418 bium,
2235 4350 2394 4416 Quasi
2438 4349 2673 4404 Sutrium
2716 4357 2831 4403 eant
2875 4346 3122 4422 (Emam.
3171 4347 3366 4419 adag.,
3413 4348 3538 4404 cltil.
3570 4349 3625 4415 4,

2019 4451 2215 4499 ocatur.
2244 4441 2480 4512 4,.adag.
2506 4439 2598 4506 52,
2626 4458 2681 4511 ρ.
2710 4439 2812 4495 841
2837 4436 2879 4511 ).
2908 4438 3080 4509 Hujus
3111 4453 3273 4509 porro
3297 4438 3454 4495 urbis
3480 4439 3629 4494 inco-

2019 4538 2087 4592 lis
2125 4536 2249 4603 dea,
2291 4537 2367 4590 uti
2394 4535 2470 4590 ait
2496 4534 2873 4602 Tertullianus,
2898 4542 3018 4590 erat
3047 4532 3271 4601 Narcia.
3307 4532 3413 4589 Sed
3456 4530 3623 4603 prius,

2018 4629 2159 4684 sicut
2185 4626 2439 4691 vidimus,
2459 4627 2669 4682 dixerat
2698 4624 3070 4681 Volsiniensium
3102 4624 3155 4679 Ν
3161 4625 3325 4681 orcia.
3353 4621 3627 4693 Numquid

2020 4736 2151 4792 ergo
2179 4719 2365 4776 eadem
2394 4728 2743 4789 utrorumque
2771 4717 3029 4783 desiuit?
3059 4717 3246 4772 Nonne
3279 4716 3349 4773 ibi
3378 4716 3622 4786 peculia-

2021 4830 2130 4879 res.
2161 4829 2226 4871 ac
2250 4812 2500 4887 proprios
2527 4812 2787 4884 cujusque
2812 4812 3044 4868 civitatis
3073 4812 3204 4866 deos
3232 4808 3519 4865 recenset?
3543 4809 3620 4864 At

2021 4907 2163 4964 hanc
2201 4906 2392 4979 procul
2419 4907 2582 4963 dubio
2625 4907 2697 4962 ob
2732 4919 2950 4963 causam
2999 4904 3193 4974 prioris
3223 4919 3419 4959 nomen
3464 4902 3625 4974 paulo

2021 5001 2201 5067 aliter,
2232 5001 2375 5057 sicut
2396 5000 2739 5065 monuimus,
2756 4998 3020 5068 scriptum
3047 4998 3352 5053 voluerunt.
3377 4996 3515 5053 Huic
3538 5005 3624 5053 ta-

2023 5111 2146 5153 men
2178 5094 2539 5153 mnendationi
2566 5093 2918 5151 adversantur
2953 5107 3061 5147 non
3102 5090 3277 5148 solum
3305 5105 3496 5148 omnes
3522 5105 3622 5148 no-

2021 5190 2127 5245 stri.
2149 5188 2384 5254 codices,
2413 5187 2511 5244 sed
2545 5186 2736 5243 citatus
2763 5199 2978 5256 quoque
3003 5198 3033 5238 a
3079 5183 3235 5241 nobis
3275 5182 3478 5240 Livius.
3512 5183 3629 5240 Ve-

2022 5282 2297 5354 nonquia-
2334 5278 2632 5335 Volsinium
2660 5285 2717 5334 et
2740 5276 2982 5340 Sutrium
3009 5274 3174 5332 urbes
3218 5274 3452 5362 Etruriae
3499 5275 3619 5331 lue-

2021 5386 2165 5441 runt,
2198 5385 2255 5433 et
2278 5375 2394 5432 haec
2417 5374 2517 5430 dea
2536 5371 2769 5429 Etruria:
2792 5385 2825 5426 a
2852 5370 3007 5427 Livio
3029 5379 3385 5452 nuncupatur,
3411 5369 3615 5426 utrius,-

2019 5486 2125 5542 «με
2145 5469 2293 5526 urbis
2313 5468 2413 5524 dea
2442 5464 2564 5523 esse
2582 5464 2774 5536 potuit.
2795 5462 2855 5525 Si
2875 5464 2999 5535 quis
3020 5478 3148 5521 vero
3165 5463 3326 5529 duas,
3350 5476 3414 5517 ac
3439 5461 3620 5518 diver-

2016 5576 2081 5619 so
2123 5562 2338 5617 nomine
2378 5568 2594 5614 vocatas
2635 5555 2805 5614 fuisse
2838 5555 3107 5623 ostendat,
3147 5553 3427 5612 sententia)
3469 5553 3615 5609 illius

2016 5656 2160 5713 ultro
2188 5652 2609 5710 subscribemus.

2088 5747 2295 5818 Agmen
2340 5744 2533 5801 borum
2571 5742 2972 5815 municipalium
3025 5739 3434 5812 topicorumque
3476 5736 3615 5797 deo-

2081 5882 2150 5949 (ί)
2185 5882 2242 5935 ιιι
2254 5881 2544 5948 quibusdam
2563 5881 2863 5938 editionibus
2886 5874 3094 5944 Nursia,

3484 409 3629 473 ius
3721 393 3725 397 ’
