4076 6356
436 337 577 397 1119

1499 333 1568 390 ΙΝ
1605 325 2070 390 TERTULLIANI
2110 325 2638 386 APOLOGETICUM

3591 333 3732 393 “'20

435 472 556 513 rum
588 454 787 513 claudit
829 453 1187 510 Tertullianus
1237 451 1322 507 his
1354 448 1576 506 verbis:
1629 448 1953 504 Faliscorum
1979 445 2035 499 in
2060 441 2114 502 A
2139 443 2476 512 cognomen?
2524 443 2598 499 De
2643 441 2743 498 hac
2773 450 2950 499 tamen
2993 442 3302 515 conjectum
3345 443 3576 503 aliorum
3615 459 3736 505 esto

441 550 680 604 honorem
712 549 868 615 patris
893 547 1086 602 Curris.
1120 555 1168 600 et
1194 545 1385 615 accepit
1414 559 1688 616 cognomen
1708 539 1848 594 Juno
1871 542 1892 611 (
1908 537 2030 592 Ter-
2126 533 2407 604 judicium.

437 642 640 697 tullian.
658 640 950 711 Apologet.,
977 656 1025 693 c.
1063 638 1134 693 ‘24
1153 680 1168 705 ,
1198 657 1251 709 p.
1275 636 1403 703 421,
1436 646 1480 690 et
1513 636 1600 690 lib.
1630 634 1670 690 Il
1697 635 1764 688 ad
1788 631 2028 698 Nation.,

437 751 554 806 cap.
610 734 698 805 8).
759 733 962 789 Falisca
1019 742 1220 798 autem,
1285 732 1410 786 urbs
1463 729 1711 795 Etrurite,
1773 729 1911 782 inter
1945 724 2033 780 Ci-

437 829 645 884 minum
677 839 910 883 montem
952 839 1006 883 et
1054 826 1290 882 Tiberim
1338 826 1437 880 sita
1479 834 1581 880 est.
1629 823 1866 882 Colonia:
1908 835 2034 876 vero

438 921 768 979 Faliscorum
799 921 998 976 mentio
1029 921 1088 975 ﬁt
1121 921 1172 974 in
1211 919 1365 973 Plinii
1409 917 1557 972 libris
1603 915 1620 985 (
1651 915 1815 982 Plin.,-
1847 913 1934 968 lib.
1968 911 2035 968 Ill

441 1015 559 1069 hist.
615 1024 765 1080 nat.,
820 1031 935 1083 cap.
991 1013 1070 1080 4,
1128 1030 1178 1082 p.
1239 1010 1344 1066 5‘20
1456 1051 1472 1076 ,
1528 1018 1582 1064 et
1634 1007 1886 1063 Grutlieri
1957 1004 2038 1060 in-

441 1105 823 1176 scriptionibus
859 1103 1160 1175 (Gruther..
1191 1121 1242 1175 p.
1274 1102 1402 1165 288,
1444 1101 1673 1169 inscript.
1714 1099 1736 1153 1
1768 1095 1810 1169 ),
1844 1097 2038 1167 saepius

442 1213 572 1254 vero
603 1200 654 1253 in
694 1197 798 1254 Titi
846 1197 980 1252 Livii
1030 1196 1266 1250 historiis
1298 1192 1492 1265 (Liu.,
1526 1192 1614 1247 lib.
1649 1190 1711 1256 v,
1762 1188 2036 1262 §17,ts,

439 1290 533 1359 26,
555 1301 602 1346 et
631 1291 719 1345 llb.
753 1291 862 1370 V’ll3
895 1290 922 1362 §
953 1291 1040 1355 l7,
1064 1287 1211 1361 etc.),
1241 1289 1428 1360 hisque
1446 1286 1648 1358 Virgilii
1672 1284 1997 1340 carminibus
2023 1301 2037 1340 :

598 1406 661 1456 Hi
687 1406 1020 1456 Fescenninas
1041 1407 1194 1466 acies,
1219 1417 1484 1468 aequosque
1508 1402 1738 1462 Faliscos,

598 1468 661 1517 lli
681 1469 894 1518 Soractis
918 1469 1103 1518 habent
1125 1466 1292 1525 arces,
1309 1466 1629 1526 Fluviniaque
1651 1477 1762 1526 arva
1777 1498 1791 1523 ,

599 1530 662 1581 Et
685 1531 856 1583 Ciminl
877 1545 987 1581 cum
1015 1537 1178 1581 monte
1203 1529 1385 1589 lacum,
1413 1525 1647 1591 lucosque
1673 1525 1913 1589 Capenos.

761 1634 985 1703 (Virgil,
1003 1636 1086 1687 tib.
1113 1643 1201 1697 vn,
1227 1632 1443 1695 £ncid.,
1474 1648 1519 1696 υ,
1544 1634 1639 1685 695
1663 1639 1708 1683 et
1729 1631 1887 1696 seqq.)

515 1741 718 1798 Similia
752 1759 782 1796 a
808 1744 937 1799 Silio
965 1743 1148 1798 Italico
1177 1743 1456 1797 decantata
1489 1742 1726 1796 invenies
1753 1742 1772 1814 (
1799 1739 1902 1795 Sil.
1929 1737 2040 1792 Ita-

2134 645 2157 678 ι.
2204 626 2469 684 Cteternm
2504 628 2731 699 duplex,
2763 644 2858 700 pro
2889 629 3097 686 diversa
3139 630 3384 688 codicum
3426 641 3733 690 nostrorum

2135 717 2386 786 lectione,
2423 729 2598 790 potest
2620 736 2743 777 esse
2773 721 3055 777 verborum
3084 721 3404 779 Tertulliani
3428 739 3640 781 sensus.
3676 725 3734 782 Si

2136 813 2280 868 enim
2326 813 2432 877 ibi,
2459 813 2913 884 quemadmodum
2963 815 3016 869 in
3058 816 3258 872 nostris
3300 832 3460 873 manu
3498 820 3734 875 exaratis

2136 903 2552 974 exemplaribus,
2594 915 2648 960 et
2687 905 2899 976 Rigaltii
2940 907 3174 965 editione
3217 909 3381 980 legas,
3413 909 3734 968 Faliscorum

2138 1001 2192 1054 in
2221 1000 2461 1054 honorem
2489 998 2662 1070 (MSS.
2695 999 2904 1072 honore)
2940 1001 3098 1070 patris
3129 1001 3280 1058 Curis
3300 1044 3315 1069 ,
3345 1013 3392 1058 et
3417 1007 3608 1076 accepit
3635 1023 3734 1060 no-

2141 1108 2254 1148 men
2280 1091 2442 1159 Juno,
2467 1106 2656 1147 sensus
2681 1093 2784 1148 erit
2807 1112 2820 1147 :
2845 1092 3178 1150 Faliscorum
3201 1094 3302 1150 dea
3327 1103 3410 1150 est
3427 1095 3589 1165 Juno,
3615 1114 3737 1170 qure

2142 1185 2196 1241 in
2255 1187 2421 1257 patris
2472 1186 2628 1243 Curis
2683 1187 2941 1243 honorem
2990 1189 3180 1243 sortita
3235 1199 3318 1244 est
3348 1204 3497 1245 suam
3540 1191 3740 1248 Curitis

2142 1277 2577 1347 appellationem.
2609 1278 2666 1334 Si
2695 1294 2824 1334 vero
2853 1294 2974 1334 cum
3003 1279 3217 1335 caneris
3241 1280 3566 1336 editionibus
3592 1283 3738 1354 legac

2143 1383 2263 1424 mus
2291 1385 2304 1422 :
2340 1367 2662 1424 Faliscorum
2686 1370 2738 1424 in
2755 1369 2945 1424 honore
2967 1381 3039 1426 est
3067 1381 3210 1440 pater
3238 1371 3406 1437 Curis,
3439 1374 3574 1429 unde
3596 1391 3748 1431 acce-

2144 1461 2219 1531 pit
2257 1476 2532 1532 cognomen
2563 1459 2704 1516 Juno
2729 1503 2744 1528 ,
2774 1461 2859 1517 his
2889 1463 3066 1518 verbis
3109 1464 3496 1535 signiﬁcabitur
3531 1467 3746 1524 divinos

2146 1553 2427 1608 houoresa
2450 1553 2674 1610 Faliscis
2692 1555 2959 1611 exltibitos
2991 1555 3158 1612 fuisse
3193 1558 3328 1628 patri
3377 1558 3528 1622 Curi,
3568 1575 3599 1614 a
3636 1577 3747 1632 quo

2144 1646 2284 1703 Juno
2323 1648 2696 1718 cognominata
2726 1658 2829 1705 est.
2860 1650 2930 1704 At
2972 1650 3017 1704 si
3049 1649 3117 1706 de
3151 1651 3317 1720 patris
3336 1649 3492 1709 Curis
3537 1653 3747 1711 honore

2147 1738 2403 1811 loquitur,
2428 1755 2543 1805 cur,
2571 1755 2755 1810 qttteso
2778 1781 2793 1804 ,
2828 1740 2899 1794 ibi
2926 1741 3155 1796 Junonis
3179 1742 3310 1797 nihil
3345 1743 3502 1814 plane
3525 1744 3590 1798 ad
3623 1761 3746 1801 eam

443 1835 554 1901 lic.,
588 1835 677 1892 tib.
711 1835 848 1904 VIII,
878 1853 924 1892 υ.
945 1837 1052 1893 406
1079 1846 1126 1891 et
1168 1853 1272 1907 seq.
1303 1835 1340 1906 ).
1386 1835 1652 1917 Caeterum
1684 1834 1824 1890 Juno
1864 1833 2033 1904 plura,
2066 1833 2116 1899 Β
2145 1849 2256 1888 rem
2300 1833 2546 1890 facientis
2593 1835 2787 1888 inserta
2834 1834 3075 1890 mentio?
3115 1835 3301 1892 Nonne
3331 1837 3397 1891 ad
3428 1836 3748 1894 Tertulliani

445 1925 521 1979 uti
546 1941 706 1981 nemo
733 1927 922 1990 nescit,
951 1927 1180 1982 habebat
1205 1927 1547 1997 cognomina,
1567 1941 1633 1980 ex
1657 1924 1852 1996 quibus
1873 1937 2037 1978 unum

443 2019 647 2083 Curris.
678 2028 816 2075 teste
862 2019 1044 2086 Festo,
1095 2021 1208 2075 luit.
1240 2021 1295 2075 Si
1343 2021 1465 2090 quis
1513 2035 1640 2074 vero
1672 2019 1905 2088 inquirat
1941 2031 2042 2072 cur

445 2116 519 2172 ita
557 2127 858 2187 nuncupata
891 2117 982 2182 sit,
1038 2117 1082 2171 is
1124 2116 1303 2171 audiat
1346 2115 1591 2189 Servium
1643 2131 1656 2168 :
1706 2112 1848 2168 Juno
1893 2112 2043 2167 habet

445 2213 606 2267 multa
633 2213 839 2266 nomina
861 2228 879 2265 :
910 2211 1108 2265 Curetis
1136 2221 1238 2276 est,
1270 2212 1390 2282 quia
1418 2212 1575 2264 utitur
1605 2225 1758 2263 curru
1801 2217 1847 2261 et
1893 2207 2042 2260 hasta

451 2307 658 2377 (Serm,
690 2308 742 2360 in
770 2306 857 2360 lib.
886 2305 909 2360 Ι
934 2304 1173 2369 Ᾱίηείάη
1198 2321 1248 2359 u.
1283 2301 1377 2374 6).
1407 2305 1582 2358 Alium
1605 2303 1800 2369 adhuc,
1830 2299 2040 2366 sivelit,

447 2399 626 2454 audiat
671 2399 892 2454 Festum
924 2397 1236 2468 Pompeium
1264 2415 1276 2450 :
1303 2397 1450 2451 Curis
1479 2407 1552 2451 est
1581 2395 1772 2452 Sabine
1800 2395 2068 2463 hasta..."

449 2489 660 2545 Curitim
686 2491 942 2545 Junonem
969 2489 1318 2560 appellabant,
1358 2491 1474 2559 quia
1508 2488 1735 2543 eamdem
1761 2489 1892 2558 ferre
1917 2485 2043 2539 has-

451 2593 555 2637 tam
601 2583 845 2652 putabant
897 2581 1110 2654 (Fest.,
1139 2583 1208 2635 ad
1250 2598 1299 2636 υ.
1343 2578 1546 2650 Curis).
1577 2579 1772 2634 Verum
1809 2579 1947 2634 sicut
1991 2575 2044 2630 hi

451 2676 739 2745 scriptores
771 2673 1102 2728 Tertulliano
1139 2681 1325 2728 nostro
1357 2673 1532 2739 favent
1577 2669 1839 2726 asserenti
1876 2667 2046 2723 Juno-

453 2782 574 2820 nem
600 2766 1025 2836 cognominatam
1067 2763 1230 2818 fuisse
1259 2763 1472 2817 Cttrritn
1501 2764 1614 2816 sive
1642 2761 1880 2814 Curetim
1915 2777 1927 2812 :
1976 2759 2047 2812 ita

454 2857 554 2926 ipsi
585 2857 938 2911 adversantur
958 2897 972 2921 ,
1004 2865 1186 2927 aperte
1211 2855 1451 2910 dicentes
1481 2856 1580 2908 ltoc
1605 2867 1900 2924 cognomen
1943 2865 2048 2905 non

455 2951 530 3005 illi
556 2951 734 3004 datum
766 2952 816 3004 in
845 2950 1098 3005 honorem
1130 2950 1295 3019 patris
1325 2949 1500 3013 Curis,
1526 2948 1620 3002 sed
1640 2946 1705 3001 ex
1738 2946 1907 3008 hasta,
1933 2959 2052 3014 quas

455 3059 482 3096 a
504 3041 717 3099 Sabinis
739 3044 882 3097 curis
910 3042 1298 3113 appellabatur,
1331 3051 1420 3095 aut
1441 3056 1468 3093 a
1493 3056 1674 3105 curru,
1701 3037 2052 3110 quemadmo-

455 3135 582 3190 dum
613 3135 783 3190 innuit
814 3135 1070 3199 Servius;
1100 3134 1190 3203 qui
1223 3145 1399 3188 tatuen
1427 3149 1458 3187 a
1490 3132 1785 3197 nonnullis,
1820 3130 2054 3201 priorem

2145 1935 2381 1982 mentem
2435 1926 2653 1996 propius
2681 1927 2968 1993 accedent,
2997 1928 3084 1998 qui
3118 1929 3460 1999 probaverint
3491 1931 3638 1986 illum
3665 1931 3750 1986 in-

2144 2017 2488 2089 telligendum
2520 2033 2640 2074 esse
2667 2018 2732 2073 de
2753 2017 2963 2076 Jttnone
2988 2017 3179 2087 Cttriti,
3206 2035 3363 2092 quam
3379 2020 3594 2090 Falisci,
3624 2032 3747 2078 tan-

2143 2129 2302 2186 quam
2333 2113 2654 2184 singularem
2683 2113 2830 2168 urbis
2853 2128 2965 2171 suae
2989 2113 3169 2184 deam,
3196 2115 3487 2171 colebant?
3513 2115 3590 2171 Tu
3617 2132 3750 2173 vero

2145 2220 2263 2276 qua:
2303 2205 2481 2261 verior
2523 2205 2594 2261 sit
2640 2205 2798 2262 lectio
2843 2216 2899 2263 et
2947 2206 3350 2278 interpretatio,
3390 2208 3635 2280 expende
3682 2225 3749 2267 ac

2146 2298 2458 2370 pronuntia.

2219 2391 2289 2445 At
2315 2391 2469 2445 nobis
2494 2392 2755 2461 quispiam
2789 2394 3017 2450 fortasse
3047 2393 3256 2450 obviam
3285 2396 3486 2464 veniet,
3509 2404 3564 2452 et
3590 2397 3745 2464 obje-

2149 2483 2314 2538 ctabit
2339 2482 2413 2537 ibi
2442 2481 2657 2539 humani
2685 2485 2881 2556 aliquid
2913 2501 3127 2556 passum
3172 2501 3292 2543 esse
3316 2487 3742 2557 Tertullianum‘,

2150 2575 2237 2646 qui
2279 2585 2384 2630 tam
2416 2575 2612 2632 diserte
2659 2575 2892 2632 afﬁrmat
2939 2578 3022 2634 bis
3052 2581 3442 2650 provinciarum
3467 2597 3531 2638 ac
3555 2583 3745 2640 civita-

2153 2679 2262 2724 tum
2289 2670 2408 2738 diis,
2444 2671 2702 2726 hactenus
2732 2673 2799 2726 ab
2823 2688 2888 2728 eo
2914 2674 3192 2744 appellatis
3214 2717 3230 2742 ,
3258 2677 3460 2731 nullum
3491 2692 3519 2731 a
3550 2677 3749 2734 Roma-

2153 2762 2237 2818 nis
2279 2763 2547 2819 redditum
2596 2764 2840 2820 divinum
2891 2765 3148 2821 honorem
3193 2767 3438 2838 (Tertull.
3478 2769 3744 2842 Apologet.

2154 2851 2271 2927 cap.
2303 2854 2416 2926 24).
2449 2855 2635 2911 Nonne
2661 2858 2804 2911 enim
2833 2856 3155 2927 Capitolium
3179 2859 3246 2914 ab
3272 2860 3387 2930 ipso
3412 2870 3564 2916 antea
3591 2877 3749 2916 voca-

2157 2957 2267 3002 tum
2314 2946 2488 3002 fuerat
2514 2949 2657 3002 curia
2686 2948 2973 3004 daemonum
2996 2951 3021 3005 ζ)
3044 2950 3235 3006 Nonne
3277 2951 3454 3008 adhuc
3483 2952 3596 3009 hinc
3626 2963 3755 3008 sunt

2159 3039 2299 3094 illius
2323 3040 2430 3094 alio
2455 3040 2506 3094 in
2535 3040 2673 3096 libro
2704 3041 2863 3097 verba
2894 3059 2908 3099 :
2941 3041 3179 3098 Pluribus
3217 3055 3264 3098 et
3293 3046 3634 3118 asperioribus
3661 3063 3755 3101 uo-

2161 3133 2381 3188 minibus
2405 3134 2802 3203 amphiteatrum
2831 3145 3172 3201 consecratur,
3200 3152 3353 3207 quam
3377 3138 3454 3208 (in
3483 3137 3753 3208 antiquio-

457 3228 617 3299 hujus
642 3229 875 3285 nominis
913 3229 1286 3301 etymologiam
1305 3228 1570 3284 veriorem
1601 3226 2050 3293 existimantibus,
2079 3225 2125 3290 C
2158 3226 2308 3281 ribus
2351 3225 2508 3281 editis
2536 3228 2686 3282 deest
2726 3228 2902 3298 quam)
2943 3227 3251 3296 Capitolium
3294 3231 3519 3284 omnium
3547 3231 3758 3286 deorum

455 3322 761 3392 corripitur.

530 3416 667 3486 Quid
713 3418 876 3489 ergo?
905 3416 1170 3487 Numquid
1216 3415 1528 3487 responderi
1573 3423 1752 3485 potest
1788 3412 2055 3469 lunonem

459 3509 529 3565 ab
557 3512 706 3565 hasta
735 3513 962 3566 traxisse
992 3511 1130 3566 istud
1157 3526 1481 3582 cognomen,
1512 3509 1653 3580 quod
1686 3519 1866 3579 postea
1892 3508 2060 3564 Falis-

461 3601 509 3656 ri
539 3601 589 3655 in
616 3603 784 3672 patris
811 3601 965 3657 Curis
995 3603 1254 3658 honorem
1285 3603 1334 3659 ei
1362 3603 1645 3659 dederunt.
1680 3601 1787 3658 Sed
1812 3601 1933 3671 quis
1953 3609 2057 3667 est,

465 3693 693 3763 inquies,
727 3702 878 3763 pater
907 3693 994 3748 ille
1021 3694 1216 3750 Curis?
1245 3694 1353 3751 Nos
1399 3695 1614 3764 quidem
1645 3695 1804 3750 docet
1841 3693 2061 3749 Ovidius

465 3785 750 3842 Romulum
783 3788 850 3842 ita
879 3795 1124 3843 vocatum
1152 3787 1336 3854 fuisse,
1367 3788 1451 3841 tibi
1480 3788 1626 3842 canit
1651 3804 1663 3840 :

618 3901 847 3952 Proxima
870 3903 952 3951 lux
978 3915 1125 3953 vacua
1148 3909 1239 3960 est,
1266 3909 1316 3952 at
1338 3903 1482 3952 tertia
1504 3903 1633 3952 dicta
1655 3904 1873 3962 Quirino,

683 3963 774 4023 Qui
802 3971 944 4014 tenet
965 3965 1056 4013 hoc
1080 3978 1278 4024 nomen,
1303 3963 1533 4012 Romulus
1556 3973 1668 4014 ante
1690 3965 1807 4013 fuit:

625 4026 739 4089 Sive
762 4028 892 4089 quod
918 4028 1054 4089 basta
1071 4029 1202 4077 curis
1225 4029 1394 4089 priscis
1417 4035 1493 4076 est
1514 4026 1643 4076 dicta
1662 4026 1873 4083 Sabinis,

686 4087 904 4138 Bellicus
925 4102 952 4136 a
978 4087 1079 4138 telo
1095 4087 1236 4138 venit
1247 4090 1295 4138 in
1314 4097 1443 4136 astra
1467 4089 1608 4136 deus.

623 4148 739 4212 Sive
755 4164 846 4200 suo
860 4150 987 4212 Regi
1007 4163 1182 4200 nomen
1209 4164 1420 4212 posuere
1444 4151 1677 4207 Quirites,

688 4210 791 4261 Seu
814 4214 928 4275 quia
949 4210 1173 4266 Romanis
1183 4210 1417 4276 iunxerat
1441 4212 1523 4262 ille
1547 4212 1723 4264 Cures.

1108 4316 1293 4380 (orici,
1318 4315 1403 4369 lib.
1436 4326 1470 4368 ll
1495 4319 1709 4380 Fastor.,
1735 4318 1761 4383 ᾗ
1788 4319 1887 4382 15.)

476 4423 540 4478 At
570 4437 676 4478 non
705 4422 878 4479 solum
913 4422 1163 4489 Romulo,
1209 4423 1303 4479 sed
1343 4433 1498 4479 antea
1529 4421 1666 4481 lano
1696 4439 1893 4480 nomen
1936 4423 2066 4480 illud

475 4517 781 4586 impositum
808 4513 1003 4577 fuerat,
1034 4514 1107 4568 uti
1152 4515 1450 4571 Macrobius
1496 4525 1748 4572 testatum
1782 4515 1865 4571 his
1891 4515 2069 4572 verbis

2159 3321 2302 3374 curia
2350 3332 2424 3376 est
2466 3320 2661 3394 (idem,
2700 3321 2788 3376 lib.
2834 3321 2898 3376 de
2943 3323 3178 3394 Spectac.
3230 3341 3346 3394 cap.
3400 3324 3538 3397 ην
3569 3325 3761 3383 Nonne

2161 3413 2352 3480 Roma,
2387 3423 2444 3468 ut
2469 3415 2544 3468 ait
2573 3413 2683 3470 Leo
2709 3415 2930 3484 primus,
2963 3417 3198 3471 omnium
3227 3418 3466 3488 gentium
3495 3419 3766 3474 serviebat

2161 3505 2454 3570 erroribus,
2485 3507 2799 3579 illarutnque
2819 3507 2952 3564 deos
2982 3519 3348 3581 assumpserat
3366 3510 3512 3584 (Leo,
3534 3530 3686 3568 serm.
3708 3513 3767 3568 in

2164 3599 2324 3652 natat.
2368 3597 2476 3654 SS.
2506 3597 2648 3653 Petri
2675 3610 2721 3653 et
2751 3598 2930 3672 Pauli)
2954 3601 2979 3654 ?
3007 3601 3234 3658 Romani
3269 3603 3430 3674 igitur
3463 3606 3768 3674 quarumli-

2164 3691 2255 3747 bet
2289 3691 2525 3762 gentium
2567 3692 2697 3746 deos
2736 3693 3004 3750 colebant.
3039 3696 3107 3749 At
3147 3698 3392 3766 quamvis
3434 3713 3523 3753 res
3563 3699 3635 3754 ita
3669 3701 3767 3770 sit,

2163 3784 2285 3840 illos
2314 3794 2489 3839 tamen
2515 3799 2703 3840 omnes
2729 3787 3019 3856 generatim
3050 3795 3275 3853 tantum,
3301 3803 3409 3843 non
3431 3805 3559 3845 vero
3588 3792 3770 3846 nomi-

2165 3876 2332 3931 natim
2362 3877 2776 3932 venerabantur.
2811 3878 2939 3933 Nam
2972 3895 3066 3934 eos
3096 3896 3164 3935 ne
3193 3896 3476 3936 numerare
3503 3881 3720 3952 quidem
3747 3926 3767 3951 ,

2167 3979 2367 4040 quanto
2410 3969 2586 4024 minus
2630 3970 2894 4027 honorare
2938 3983 2991 4026 et
3028 3972 3277 4028 invocare
3309 3975 3596 4044 poterant!
3627 3975 3776 4031 Ter-

2167 4061 2420 4116 tullianus
2484 4072 2662 4116 autem
2727 4062 2795 4120 de
2862 4065 3052 4134 lapicis
3124 4077 3178 4121 et
3245 4065 3604 4138 singularibus
3661 4068 3775 4126 diis

2167 4153 2423 4223 disputat,
2456 4169 2590 4224 quos
2633 4155 2840 4209 urbium
2881 4167 2934 4211 et
2965 4159 3356 4227 provinciarum
3389 4160 3579 4216 incola:
3623 4161 3776 4218 sole-

2169 4245 2296 4302 bant
2321 4256 2568 4317 tanquam
2602 4249 2896 4319 municipes
2922 4265 3048 4306 suos
3069 4251 3269 4319 colere,
3290 4265 3353 4307 ac
3373 4253 3485 4308 suis
3512 4253 3776 4312 invocare

2171 4339 2495 4396 nominibus.

2240 4431 2378 4501 Quid
2408 4432 2565 4504 igitur
2592 4432 2806 4500 mirum,
2835 4434 2880 4489 si
2909 4433 2980 4489 illi
3007 4434 3250 4508 plerique
3278 4437 3525 4493 omnibus
3545 4437 3658 4509 jam
3689 4438 3777 4495 in-

2170 4526 2370 4597 cogniti
2425 4527 2570 4593 sint,
2625 4525 2782 4582 sicuti
2833 4525 3162 4583 Delventinus
3209 4538 3267 4584 et
3330 4527 3664 4596 Visidianus,
3717 4532 3777 4590 in

474 4611 597 4667 fecit
626 4628 638 4665 :
673 4609 736 4664 In
767 4610 926 4665 sacris
952 4611 1243 4663 invocamus
1287 4608 1482 4664 Janum
1513 4609 1816 4677 Junonium,
1872 4609 2065 4665 Janum
2090 4620 2144 4680 1)
2171 4619 2520 4690 Apologctico
2565 4618 2820 4674 nominati
2847 4634 2910 4673 ac
2941 4620 2992 4674 in
3030 4619 3167 4675 libro
3194 4618 3263 4675 ad
3293 4619 3570 4688 Nationes,
3605 4622 3792 4678 ΑιΙιεο,

477 4706 812 4771 Quirinum...
856 4712 1048 4774 patrem
1091 4703 1236 4772 quasi
1276 4702 1520 4769 deorum,
1565 4702 1879 4766 Junonium,
1917 4705 2065 4774 quasi

474 4815 574 4852 non
601 4797 767 4852 solum
805 4798 990 4850 mensis
1027 4795 1287 4860 Januarii,
1326 4795 1415 4850 sed
1445 4797 1694 4850 mensium
1731 4797 1955 4850 onmium
1980 4797 2063 4849 in—

473 4907 675 4962 gressus
705 4900 968 4945 tenentem.
1005 4887 1067 4942 In
1098 4889 1289 4943 ditione
1313 4897 1481 4942 autem
1513 4887 1734 4941 Junonis
1760 4897 1875 4940 stmt
1894 4903 2066 4942 omnes

475 4984 791 5038 ealendce....
826 4984 1116 5049 Quirinum,
1161 4983 1308 5052 quasi
1358 4982 1604 5037 bellorum
1659 4991 1950 5052 parentem,
2003 4983 2067 5036 ab

477 5075 623 5129 hasta
647 5091 799 5146 quant
831 5075 1012 5131 Sabini
1048 5077 1208 5129 curim
1233 5084 1413 5130 vocant
1441 5075 1458 5145 (
1483 5073 1737 5139 Macrob,
1775 5073 1862 5127 lib.
1891 5072 1934 5140 Ι,
1970 5071 2072 5129 Sa-

480 5167 698 5233 turnal.,
727 5184 843 5238 cap.
874 5161 968 5238 9).
1005 5167 1161 5222 Varia
1197 5169 1375 5238 itaque
1417 5165 1634 5221 fuerunt
1661 5164 1780 5222 Jani
1829 5163 2066 5230 nomina,

479 5275 705 5331 quorum
754 5260 852 5314 tria
883 5260 949 5313 ad
979 5261 1307 5330 propositum
1355 5269 1596 5314 nostrum
1643 5265 1903 5328 spectant.
1952 5255 2072 5310 Pri-

483 5373 624 5410 mum
667 5367 746 5410 est
781 5353 957 5417 Pater,
985 5357 1278 5410 secundum
1304 5365 1386 5411 est
1424 5355 1666 5422 Quirinus
1695 5394 1710 5419 ,
1742 5367 1772 5408 a
1802 5351 1912 5408 curi
1961 5351 2075 5408 sive

485 5450 633 5505 hasta
665 5449 986 5513 derivatum,
1009 5457 1061 5503 et
1095 5448 1305 5503 tertium
1330 5448 1612 5514 Junonius,
1630 5447 1779 5518 quasi
1803 5457 1855 5502 et
1879 5445 2075 5500 Janua-

482 5544 545 5597 ι·ἰί
591 5553 644 5596 et
691 5541 929 5597 omnium
985 5540 1248 5594 mensium
1300 5540 1370 5594 sit
1415 5539 1626 5596 initium
1679 5548 1732 5594 et
1780 5539 2074 5610 ingressus.

486 5634 674 5690 Nonne
717 5644 892 5688 autem
951 5632 1074 5687 hinc
1101 5633 1404 5687 conﬁrmari
1451 5643 1644 5703 potest,
1693 5632 1833 5704 quod
1866 5623 2081 5702 scripsit

489 5727 851 5784 Tertullianus
877 5727 1140 5784 lunonem
1185 5743 1211 5779 a
1243 5735 1391 5796 patre
1419 5726 1569 5792 Curi,
1604 5727 1690 5796 qui
1724 5728 1884 5781 etiam
1913 5725 2084 5780 Juno-

490 5818 603 5872 nius
633 5819 1042 5891 appellatusest,
1073 5833 1228 5876 suum
1249 5816 1422 5886 Curis,
1444 5818 1555 5874 sive
1572 5817 1787 5891 Curitis,
1813 5817 2087 5889 accepisse

2169 4711 2437 4775 niensium,
2481 4709 2594 4765 sive
2639 4712 2816 4782 potius
2854 4711 3262 4767 Atherniensium
3291 4711 3656 4778 Numantinus,
3687 4715 3780 4771 vel

2175 4803 2509 4859 Nuntertinus
2538 4802 2780 4876 (Tertull.
2825 4803 3069 4877 Apolog.,
3123 4821 3241 4875 cap.
3299 4805 3388 4860 24.
3439 4814 3487 4860 et
3529 4807 3618 4861 lib.
3641 4806 3783 4862 llad

2175 4897 2389 4952 Nation.
2439 4914 2557 4966 cap.
2603 4897 2703 4968 8).
2766 4896 2967 4952 Horum
3027 4897 3170 4953 enim
3238 4907 3292 4952 et
3343 4897 3571 4952 aliorum
3635 4900 3784 4969 topi-

2172 5007 2357 5047 eorum
2389 4990 2634 5057 deorum,
2665 5007 2890 5062 quorum
2920 4991 3158 5046 inﬁnitus
3188 4991 3286 5046 fuit
3315 5007 3593 5056 numerus,
3629 4994 3782 5049 noti-

2175 5087 2244 5142 tia
2266 5086 2538 5156 nobisjatn
2559 5102 2589 5140 a
2622 5087 2779 5157 longo
2810 5095 3049 5156 tempore
3073 5095 3257 5156 erepta
3279 5096 3379 5142 est.
3404 5086 3517 5142 Non
3547 5086 3786 5145 minoris

2178 5189 2358 5236 tamen
2407 5180 2616 5236 roboris
2647 5179 2846 5235 idcirco
2887 5187 2972 5234 est
2998 5180 3248 5235 Auctoris
3278 5181 3447 5235 nostri
3483 5196 3786 5252 argumen-

2179 5284 2310 5342 tum,
2338 5291 2443 5346 quo
2473 5291 2538 5331 ex
2572 5275 2830 5331 hactenus
2855 5273 3013 5329 dictis
3040 5275 3382 5330 meritissimo
3407 5274 3528 5345 jure
3557 5276 3788 5333 conclu-

2179 5367 2256 5422 dit
2297 5367 2660 5439 iniquissimos
2701 5381 2820 5422 esse
2848 5367 3092 5436 gentiles,
3135 5368 3328 5436 quibus
3370 5383 3492 5422 cum
3539 5377 3792 5439 potestas

2179 5472 2324 5519 esset
2354 5476 2448 5533 pro
2479 5461 2628 5518 libito
2654 5476 2717 5517 ac
2748 5460 2968 5516 libidine
2996 5460 3188 5516 falsum
3218 5461 3515 5531 quemlibet
3547 5472 3600 5516 et
3657 5462 3792 5521 aliis

2181 5557 2428 5628 gentibus
2455 5556 2697 5627 ignotum
2725 5555 2881 5610 deum
2918 5553 3148 5621 colendi,
3180 5569 3288 5610 non
3314 5553 3562 5610 sinebant
3590 5567 3796 5613 verum

2185 5649 2352 5704 Deum
2379 5663 2409 5702 a
2439 5647 2755 5704 Christianis
2793 5647 3024 5704 adorari.
