4076 6356
329 306 465 366 1121

895 420 1122 482 CAPUT
1146 418 1388 478 XXVIII.

333 561 543 631 Quanta
568 561 853 619 insulsitate
887 560 1109 635 Romani
1143 558 1510 616 venditaverint
1537 574 1590 614 se
1613 574 1708 614 sua
1734 558 1788 614 in
1814 557 1934 614 deos

574 657 760 730 pietate
786 655 1028 711 meruisse
1055 654 1209 708 totius
1233 654 1371 708 orbis
1397 651 1688 723 imperium.

868 784 1162 828 Αιτιουιυξ
1198 782 1409 825 PRIIUS.

256 960 265 969 ,
348 905 514 976 Quam
546 906 732 981 [uisant
759 907 823 963 sit
863 906 1123 963 Romanos
1152 906 1394 960 meruisse
1436 903 1589 958 totius
1616 900 1753 958 orbis
1794 910 1941 957 terra:

410 996 731 1056 dominatum
754 1016 849 1055 sua
871 999 1058 1071 pietate
1085 999 1138 1053 in
1164 998 1287 1053 deos
1315 996 1631 1064 Sterculum,
1655 995 1937 1064 Mutinam,

409 1074 728 1161 Larentiam,
758 1092 1014 1165 Cybelem,
1040 1090 1242 1160 Jovem,
1264 1090 1545 1157 Iunonem,
1572 1089 1822 1162 aliosque,
1853 1089 1942 1162 qui

412 1187 634 1258 patriam
659 1202 805 1240 suam
828 1186 1013 1257 magis,
1037 1200 1190 1253 quam
1212 1182 1476 1239 Romanos
1500 1181 1632 1238 tueri
1661 1181 1936 1252 debebant,

410 1280 595 1354 quique
621 1296 793 1337 omnes
820 1284 930 1351 fato
962 1279 1168 1336 obnoxii
1188 1278 1417 1351 fuerunt.

415 1440 518 1497 Tot
560 1439 829 1511 tantisque
873 1439 1143 1495 rationum
1191 1437 1478 1495 momentis
1521 1436 1596 1493 ita
1623 1449 1871 1493 eversam
1911 1448 1943 1490 a

344 1532 675 1590 Tertulliano
729 1532 961 1587 vidimus
1010 1531 1196 1587 falsam
1269 1530 1569 1603 gentilium,
1613 1528 1748 1586 deos
1789 1528 1945 1599 plane

342 1625 741 1681 commentitios
791 1623 1108 1692 colentium,
1153 1623 1507 1695 religionem,
1554 1632 1612 1678 ut
1652 1620 1852 1689 nullus,
1898 1619 1945 1676 si

342 1716 463 1774 sani
489 1716 678 1788 capitis
704 1717 775 1773 sit
800 1715 982 1783 homo,
1007 1716 1072 1773 iis
1096 1716 1347 1772 reluctari
1374 1729 1533 1787 posse
1547 1715 1812 1771 videatur.
1840 1712 1946 1771 Sed

1464 272 1921 365 mssan'rs'no
1950 304 2017 363 ι).
2056 302 2146 363 LE
2183 300 2485 366 nouam.

1955 419 2011 483 Α
2034 421 2398 493 omnipotente
2422 422 2807 491 Deo,naturam
2828 427 2883 480 et
2899 422 3362 496 omnipotentiam,
3380 424 3633 482 virtutem

3425 377 3434 386 ,
3497 300 3640 366 M22

2035 524 2090 570 et
2139 517 2499 572 sanctitatem.
2549 515 2629 572 Dii
2682 532 2970 589 ergonon
3018 527 3163 586 sunt,
3208 533 3309 575 nec
3348 529 3638 590 potuerunt

2036 606 2207 663 ullum
2272 607 2491 680 aliquod
2568 607 2814 666 Romano
2890 610 3118 682 imperio
3185 611 3382 668 all‘erre
3452 611 3633 670 incre-

2039 710 2304 756 mentum.

2113 791 2372 863 Superest
2409 793 2570 864 igitur
2592 802 2648 849 ut
2672 795 3078 866 peregrinorum
3106 794 3328 852 deorum
3359 796 3559 853 auxilio
3584 803 3642 854 et

2041 894 2308 959 potestate
2329 901 2509 942 accret
2519 887 2625 943 erit
2646 886 2875 943 Romani
2899 888 3109 960 imperii
3130 888 3460 961 magnitudo.
3481 890 3643 960 Atqui

2042 980 2226 1052 opinio
2269 980 2357 1036 illa
2384 996 2490 1037 non
2534 982 2712 1038 minus
2738 983 2884 1038 omni
2925 996 3146 1053 prorsus
3169 981 3642 1039 verisimilitudine

2045 1088 2206 1145 quam
2251 1073 2501 1145 superior
2524 1084 2694 1133 caret.
2722 1074 2856 1131 Nam
2899 1085 3096 1147 praeter
3124 1075 3285 1132 modo
3309 1076 3526 1132 allatam
3557 1090 3644 1132 ra-

2044 1168 2247 1225 tionem
2277 1187 2291 1223 :
2334 1167 2639 1242 Peregrinos
2668 1168 2789 1225 deos
2811 1210 2826 1237 ,
2862 1177 2922 1225 ut
2949 1178 3095 1226 recte
3134 1168 3497 1225 Tertullianus
3526 1168 3641 1239 ait,

2045 1277 2148 1316 non
2199 1269 2371 1330 putem
2412 1246 2666 1317 extraneae
2711 1262 2848 1334 genti
2889 1260 3054 1334 magis
3091 1265 3291 1333 {autum
3328 1260 3566 1327 voluisse,
3599 1269 3648 1315 et

2047 1352 2272 1424 patrium
2292 1354 2457 1409 solum
2477 1395 2493 1422 ,
2521 1355 2574 1410 in
2597 1371 2697 1426 quo
2723 1355 2832 1409 nati
2850 1397 2866 1420 ,
2896 1353 3094 1425 adulti,
3127 1351 3400 1419 nobilitati,
3431 1352 3647 1425 sepulti-

2046 1462 2143 1518 que
2174 1456 2293 1503 sunt
2315 1485 2333 1517 ,
2361 1448 2715 1520 transfretanis
2741 1448 2941 1503 dedisse
2968 1444 3206 1520 (Tertull.
3236 1445 3500 1518 Apologet.
3527 1461 3646 1515 cap.

2047 1535 2167 1608 25),
2213 1552 2308 1594 seu
2347 1538 2524 1594 minus
2572 1538 2768 1596 favisse
2810 1541 2997 1610 patria:
3034 1549 3089 1596 et
3114 1538 3285 1595 altrici
3315 1549 3473 1595 terrae
3512 1553 3646 1608 suae,

2049 1646 2210 1703 quam
2248 1631 2507 1689 Romanis
2545 1634 2919 1690 transmarinis
2946 1643 3000 1690 et
3025 1633 3319 1690 extraneis.
3363 1634 3481 1702 Quo
3504 1633 3650 1690 enim

2051 1723 2243 1795 ingrati
2295 1725 2456 1780 animi
2498 1726 2627 1782 vitio
2673 1727 2900 1797 patrium
2942 1727 3118 1782 solum
3144 1726 3403 1782 Romanis
3433 1735 3650 1781 vastan-

347 1810 599 1881 quoniatn
651 1825 714 1866 ea
744 1806 852 1865 est
895 1810 1192 1866 errantium
1237 1811 1620 1881 plerorumque
1669 1809 1948 1865 hominum
1977 1826 2026 1887 Β
2051 1814 2202 1884 dum,
2238 1825 2505 1874 eteorum
2536 1819 2764 1890 imperio
2785 1818 3177 1889 subjiciendum
3212 1817 3424 1875 tradere
3452 1829 3649 1889 potue-

346 1903 669 1975 pervicacia,
694 1911 752 1958 ut
773 1902 942 1958 vietos
969 1917 1031 1958 se
1059 1900 1213 1968 lateri
1244 1917 1515 1973 nunquam
1541 1901 1729 1968 velint,
1759 1909 1948 1957 contra

350 1996 552 2053 ethnici
580 1997 756 2054 adhuc
786 1999 1167 2070 insurgebant,
1226 1997 1515 2069 nobisque,
1574 1999 1651 2052 uti
1696 1999 1773 2052 ait
1826 1996 1953 2053 Ter-

350 2090 628 2158 tullianus,
654 2092 1003 2164 objiciebant,
1034 2080 1298 2147 Romanos
1319 2107 1413 2162 pro
1438 2091 1616 2147 merito
1636 2088 1948 2162 religiosita-

352 2183 418 2239 tis
444 2183 849 2256 diligentissima
874 2185 927 2238 in
957 2190 1157 2238 tantum
1183 2183 1365 2245 elatos,
1396 2191 1453 2236 ut
1476 2183 1648 2237 orbem
1674 2188 1951 2251 occupave-

350 2274 454 2330 rint
479 2274 719 2348 (Tertull.
741 2275 1007 2348 Apologet.
1035 2292 1081 2331 c.
1107 2275 1201 2344 25,
1235 2293 1295 2344 ρο
1318 2273 1441 2340 422,
1466 2283 1512 2330 et
1529 2274 1567 2329 ι.
1583 2273 1629 2330 ll
1652 2274 1720 2329 ad
1732 2272 1947 2329 Nation.

353 2383 470 2440 cap.
506 2367 619 2441 17),
656 2366 706 2424 id
743 2378 844 2435 est,
888 2383 1077 2441 magna
1116 2370 1168 2424 in
1209 2370 1342 2425 deos
1375 2382 1504 2424 suos
1539 2356 1735 2440 pietate
1753 2379 1808 2424 et
1825 2368 1954 2425 reli-

358 2463 522 2533 gione
576 2462 876 2518 meruerint
913 2476 977 2518 ac
1015 2462 1287 2518 consecuti
1323 2463 1433 2518 sint
1482 2463 1642 2518 totius
1687 2473 1951 2518 terrarum

354 2557 500 2612 orbis
527 2556 830 2628 imperium.
878 2556 1133 2612 Existunt
1172 2571 1336 2628 ergo,
1372 2556 1683 2627 inquiebant
1706 2596 1722 2624 ,
1753 2555 1808 2611 hi
1834 2555 1905 2612 dii
1934 2598 1950 2626 ,

354 2648 660 2722 debeatque
702 2650 771 2707 ab
817 2651 1069 2707 omnibus
1101 2650 1409 2707 hominibus
1447 2636 1725 2708 honorari.
1760 2646 1961 2706 Totatn’

354 2748 532 2799 autem
564 2742 704 2797 hanc
733 2742 1255 2813 argumentationem
1277 2784 1292 2809 ,
1322 2757 1480 2813 quam
1507 2742 1633 2798 alibi
1659 2742 1826 2798 fusius
1860 2757 1954 2798 ex-

357 2834 643 2905 plicuimus
667 2820 916 2904 (Dissert.
947 2837 1002 2891 in
1033 2836 1225 2891 Minut.
1261 2834 1440 2891 Octav.
1471 2852 1586 2910 cap.
1620 2836 1715 2892 16.
1749 2846 1854 2891 art.
1891 2837 1949 2892 2.

355 2938 402 2983 ct
427 2929 483 3002 ὅ)
506 2970 521 2997 ,
551 2927 913 2985 Tertullianus
941 2939 1129 2985 noster
1169 2930 1327 3001 plane
1369 2929 1619 2986 frivolam
1650 2930 1954 3002 nulliusque

352 3023 612 3078 momenti
655 3036 775 3079 esse
812 3022 955 3078 haud
1006 3023 1275 3077 immerito
1320 3020 1629 3078 arbitratur.
1677 3021 1754 3078 Ne
1792 3038 1951 3094 quem

356 3121 535 3170 tamen
578 3116 662 3172 vel
710 3116 985 3171 minimum
1039 3114 1270 3170 ethnicis
1322 3117 1589 3185 praeberet
1632 3116 1950 3172 mussitandi

2051 1911 2219 1966 runt?

2122 2001 2230 2059 Sed
2275 2011 2333 2057 ut
2365 2001 2415 2059 id
2446 2002 2765 2074 quibusdam
2794 2003 3052 2075 exemplis
3082 2002 3292 2074 planius
3321 2002 3477 2059 faciat
3508 2021 3521 2058 :
3560 2001 3653 2059 Vi-

2052 2092 2205 2161 derit,
2227 2094 2418 2166 inquit,
2446 2094 2649 2167 Cybele,
2674 2096 2807 2152 Coeli
2835 2105 2887 2152 et
2914 2095 3093 2152 Terra:
3114 2096 3240 2163 ﬁlia,
3261 2098 3475 2152 Saturni
3498 2111 3653 2165 uxor,

2053 2195 2109 2240 et
2151 2201 2340 2257 magna
2389 2197 2582 2256 mater,
2613 2188 2660 2243 si
2705 2187 2879 2243 urbem
2909 2186 3217 2256 Romanam,
3260 2200 3315 2242 ut
3362 2191 3657 2245 memoriam

2053 2279 2243 2349 trojani
2268 2282 2464 2350 generis
2490 2281 2768 2348 adamavit,
2793 2281 3050 2336 vernaculi
3076 2281 3154 2335 sui
3180 2282 3392 2349 scilicet,
3414 2282 3656 2338 adversus

2052 2368 2359 2425 Achivorum
2396 2389 2543 2427 arma
2571 2374 2822 2445 protecti,
2851 2375 2895 2429 si
2937 2374 3006 2429 ad
3052 2376 3238 2430 ultores
3280 2391 3400 2431 suos
3441 2377 3660 2432 transire

2055 2465 2336 2535 prospexit,
2364 2482 2490 2536 quos
2514 2465 2701 2521 sciebat
2733 2466 2984 2523 (inscium
3015 2466 3261 2539 Phrygia:
3286 2467 3658 2523 debellatricem

2054 2556 2352 2614 subacturos
2369 2558 2608 2631 (Tertull.
2632 2560 2787 2633 Apol.
2816 2578 2864 2616 c.
2885 2559 2979 2629 25,
3018 2581 3073 2634 p.
3104 2561 3351 2634 424).V'is
3366 2575 3544 2618 autem
3559 2561 3660 2616 hu-

2049 2647 2203 2720 jusce
2230 2652 2551 2723 argumenti,
2581 2661 2637 2708 ut
2663 2652 3037 2724 perspiciatur,
3070 2654 3124 2709 in
3151 2653 3465 2710 iuratoriam
3510 2668 3660 2709 revo-

2056 2720 2455 2810 candum—est,
2493 2720 2746 2817 Cybelem
2792 2720 3116 2816 quib’usdam
3163 2744 3329 2801 videri
3381 2760 3412 2800 a
3458 2743 3660 2816 Cybelo

2056 2833 2302 2908 Phrygia:
2350 2846 2533 2893 monte
2570 2839 3024 2909 cognominatam.
3057 2837 3245 2895 Nullus
3279 2853 3410 2895 vero
3453 2837 3664 2894 dubitat

2056 2927 2468 2987 celeberrimum
2499 2930 2852 3001 Pessinunte,
2896 2947 3017 3003 qua:
3059 2931 3308 3005 Phrygia:
3351 2930 3479 2988 urbs
3523 2938 3660 2999 erat,

2057 3021 2292 3092 positum
2323 3019 2489 3079 fuisse
2512 3021 2652 3080 illius
2673 3022 3042 3093 simulacrum,
3067 3024 3210 3095 quod
3236 3032 3420 3095 postea
3448 3010 3659 3092 Romae,

2057 3115 2198 3171 sicut
2243 3115 2371 3172 alibi
2419 3116 2660 3172 diximus
2689 3115 2944 3189 (Dissert.
2974 3120 3040 3187 in
3074 3117 3261 3172 Minut.
3292 3133 3410 3189 cap.
3444 3117 3530 3174 l9.
3558 3128 3660 3173 art.

357 3207 535 3264 locum
556 3249 574 3277 ,
601 3208 762 3265 variis
793 3207 1229 3279 responsionibus
1270 3206 1371 3264 hoc
1389 3249 1404 3275 ,
1436 3209 1817 3281 qualecunque,
1841 3209 1911 3265 sit
1933 3250 1953 3278 ι
1977 3213 2024 3277 C
2058 3212 2112 3276 1,
2144 3219 2192 3265 et
2216 3210 2269 3265 in
2293 3210 2486 3265 Arnob.
2518 3226 2634 3282 cap.
2664 3210 2756 3280 20,
2784 3221 2884 3267 art.
2912 3211 2970 3266 2.
2997 3219 3045 3266 et
3074 3211 3127 3266 in
3155 3209 3392 3266 Lactant.
3422 3228 3540 3282 cap.
3568 3211 3662 3279 5t,
3705 3217 3716 3229 '

360 3312 731 3372 argumentum
760 3299 960 3357 refellit
1006 3315 1070 3356 ac
1095 3299 1344 3356 destruit.

432 3394 512 3450 Dii
562 3394 759 3466 quippe
802 3394 1188 3459 Romanorum,
1240 3395 1317 3449 ait
1362 3393 1493 3462 ille,
1541 3402 1633 3449 aut
1681 3393 1957 3451 vernaculi

359 3488 597 3561 ipsisque
643 3487 842 3559 praprii
889 3496 1066 3555 erant,
1122 3496 1212 3543 aut
1268 3488 1534 3558 peregrini
1575 3499 1630 3543 et
1679 3487 1984 3544 adscititii.‘

358 3579 627 3652 Numquid
664 3588 845 3636 autem
869 3580 975 3636 diei
1019 3588 1197 3650 potest
1222 3593 1253 3634 a
1283 3579 1472 3650 primis
1501 3592 1821 3652 pr0pagatos
1859 3581 1960 3637 im-

362 3675 497 3747 perii
532 3670 759 3729 Humani
788 3672 967 3730 lines?
994 3673 1207 3729 Scilicet
1243 3673 1341 3728 ista
1380 3690 1570 3729 merces
1593 3715 1609 3741 ,
1637 3672 1959 3732 Tertulliani

362 3768 502 3826 hanc
547 3768 860 3840 opinionem
903 3766 1176 3824 irridentis
1224 3767 1386 3824 verba
1435 3778 1562 3824 sunt
1585 3810 1602 3835 ,
1642 3767 1891 3826 Romanis
1928 3788 1962 3825 a

363 3863 463 3920 diis
504 3879 596 3935 pro
641 3862 807 3935 gratia
834 3877 1057 3933 expensa
1095 3870 1189 3917 est.
1221 3860 1521 3931 Sterculus,
1555 3873 1601 3917 et
1631 3862 1881 3931 diutinus,
1914 3876 1963 3921 ct

341 3954 643 4012 ‘Larentina
686 3958 913 4026 provexit
952 3956 1221 4027 imperium
1264 3956 1511 4027 (Tertull.
1560 3956 1662 4013 loc.
1711 3960 1852 4032 cit.).
1904 3960 1963 4017 In

365 4046 768 4121 antiquioribus
804 4048 966 4105 editis
1006 4047 1157 4105 libris
1187 4049 1381 4121 legitur
1406 4052 1450 4105 si
1478 4066 1574 4122 pro
1615 4052 1839 4122 scilicet,
1866 4054 1963 4110 sed

366 4143 556 4200 eodem
595 4136 755 4214 plane
780 4156 973 4207 sensu,
1000 4140 1268 4197 locutione
1296 4151 1474 4198 tamen
1504 4143 1680 4200 minus
1709 4143 1962 4216 eleganti.

367 4235 737 4291 Romanbrum
764 4244 943 4290 autetn
968 4233 1098 4290 deos
1130 4232 1420 4290 vilissimos
1452 4236 1712 4308 planeque
1740 4236 1967 4294 infames

369 4328 441 4383 ibi
468 4328 722 4399 appellat,
737 4337 798 4383 ut
813 4326 1108 4383 acrioribus
1129 4327 1313 4382 ironia:
1335 4326 1538 4384 aculeis
1559 4327 1822 4396 ethnicos,
1840 4328 1973 4398 deos

305 4412 311 4417 ’
369 4435 489 4476 rum
516 4433 735 4474 suorum
754 4419 1044 4487 potentiam
1069 4418 1425 4476 insulsissime
1447 4420 1809 4489 venditantes,
1835 4436 1967 4492 pun-

320 4514 329 4522 '
372 4518 542 4583 geret.
589 4508 866 4565 Sterculus
913 4508 1057 4564 enim
1097 4524 1270 4579 agros,
1316 4510 1457 4569 sicut
1498 4511 1589 4567 ille
1632 4512 1759 4568 alibi
1787 4513 1966 4581 docet,

1962 3322 1975 3333 ε
2060 3310 2160 3358 art.
2189 3300 2270 3373 ὅ),
2303 3301 2542 3357 maxima
2572 3318 2695 3358 cum
2724 3316 2920 3373 pompa
2950 3302 3270 3358 collocatum
3296 3311 3401 3358 est.
3432 3304 3502 3357 At
3525 3300 3666 3358 Ter-

2065 3391 2319 3448 tullianus
2370 3392 2494 3448 inde
2531 3392 2610 3450 sic
2654 3404 3058 3466 argumentatur
3100 3393 3412 3466 :Numquid
3461 3395 3665 3467 Cybele

2062 3491 2281 3556 propter
2328 3482 2581 3553 Encam,
2631 3485 2787 3557 Troja
2814 3529 2829 3555 ,
2882 3488 3086 3558 l’rygiae
3134 3489 3361 3553 ttiittoris
3404 3503 3469 3544 ex
3530 3488 3663 3545 urbe

2061 3574 2368 3644 oriundum,
2400 3586 2560 3648 atque
2588 3576 2787 3633 idcirco
2815 3579 3158 3635 vernaculum
3186 3595 3364 3647 suum,
3396 3580 3667 3637 adamavit

2062 3664 2335 3724 Romanos
2358 3709 2375 3736 ,
2408 3668 2530 3739 quia
2558 3684 2623 3724 ex
2653 3668 2747 3724 illo
2776 3682 3055 3743 postquam
3092 3686 3159 3727 ex
3200 3671 3433 3743 Trojano
3474 3672 3664 3729 incen-

2063 3759 2176 3827 dio,
2217 3761 2641 3819 et‘Achivorum
2691 3767 2857 3822 armis
2903 3776 3120 3836 ereptus
3165 3767 3369 3836 fuisset,
3397 3754 3662 3841 originem

2063 3865 2217 3908 suam
2246 3852 2622 3912 deduxerunt?
2642 3856 2909 3929 Numquid
2939 3874 3067 3915 vero
3092 3860 3180 3916 illa
3210 3863 3411 3932 sprevit
3439 3863 3666 3934 patriam

2066 3958 2241 4013 suam,
2294 3945 2477 4019 illique
2516 3948 2788 4006 Romanos
2839 3953 3101 4024 prmtulit,
3157 3956 3280 4026 quia
3334 3956 3661 4028 prmvidebat

2066 4037 2414 4097 simulacrum
2439 4056 2593 4099 suum
2614 4043 2837 4100 Romam
2858 4047 3308 4120 transferendum,
3334 4062 3388 4107 et
3411 4068 3443 4107 a
3464 4052 3667 4112 Ruina-

2068 4133 2152 4188 nis
2163 4133 2540 4193 debellandum
2565 4137 2850 4209 Graeciam,
2874 4140 3120 4215 Phrygiae
3145 4146 3332 4215 patria:
3352 4163 3466 4204 suae
3484 4148 3668 4206 debel-

2070 4227 2351 4286 latricem?
2387 4230 2493 4288 Cur
2520 4248 2650 4305 ergo
2681 4250 2835 4305 passa
2861 4245 2945 4293 est
2973 4236 3112 4294 hanc
3134 4279 3150 4305 ,
3176 4239 3269 4296 ubi
3313 4256 3525 4299 summo
3570 4245 3669 4300 ho-

2071 4337 2203 4379 nore
2242 4324 2542 4396 colebatur,
2573 4343 2619 4401 .a
2651 4327 2853 4387 Griecis
2901 4335 3236 4404 expugnari?
3282 4335 3410 4392 Esto
3447 4346 3624 4394 tamen
3649 4380 3665 4406 ,

2073 4414 2310 4488 illudque
2333 4412 2425 4485 ,hsi
2456 4419 2589 4476 velis
2610 4463 2626 4488 ,
2659 4423 2986 4493 permiserit.
3031 4425 3101 4481 At
3119 4427 3390 4499 quomodo
3416 4431 3671 4500 praescire

2074 4511 2248 4581 potuit
2294 4510 2408 4591 fore
2450 4513 2757 4585 aliquando,
2789 4524 2848 4572 ut
2884 4518 3024 4589 ipsa,
3053 4520 3139 4576 vel
3186 4521 3330 4594 quod
3369 4521 3512 4578 idem
3542 4531 3663 4591 est,

372 4599 674 4657 stercoribus
715 4590 943 4666 iuvanda
965 4598 1184 4670 diligens
1211 4600 1307 4671 fuit
1332 4598 1524 4671 (Idem,
1548 4600 1701 4657 lib.ll
1724 4602 1792 4657 ad
1821 4602 1969 4665 Nati.
1994 4610 2051 4672 1)
2074 4590 2420 4661 simulacrum
2446 4619 2599 4661 suum
2633 4607 2952 4667 Pessinunte
2990 4590 3220 4669 Romam
3264 4590 3673 4683 asportantur?

375 4709 490 4766 cap.
539 4691 618 4761 9).
662 4692 735 4747 At
776 4691 846 4747 de
893 4690 1006 4759 illo,
1061 4690 1201 4746 sient
1258 4699 1314 4747 et
1364 4693 1676 4765 turpissimo
1725 4694 1968 4766 Mutino,

375 4797 429 4845 et
451 4785 760 4850 Larentina,
777 4800 901 4858 qua:
927 4784 996 4840 ab
1015 4784 1207 4841 eodem
1233 4776 1430 4843 dicitur
1448 4787 1705 4859 publicum
1726 4800 1968 4858 scortum,

373 4889 548 4947 antea,
574 4886 735 4951 atque
761 4878 816 4934 in
842 4876 1209 4950 superioribus
1228 4876 1713 4950 dissertationibus,
1731 4881 1972 4954 disputa-

377 4974 548 5029 vimus
568 4973 755 5046 (Supr.
780 4988 897 5043 cap.
926 4971 1018 5039 25,
1045 4980 1146 5026 art.
1171 4972 1226 5037 3;
1251 4981 1297 5027 et
1321 4969 1535 5028 Dissert.
1559 4973 1614 5027 in
1634 4970 1823 5028 Minut.
1854 4971 1970 5030 Oct.

375 5066 617 5142 rapa”,
657 5076 759 5121 art.
786 5066 845 5133 2,
876 5073 923 5120 et
953 5063 1170 5120 Dissert.
1206 5064 1263 5119 in
1285 5062 1433 5119 Lact.
1464 5080 1582 5137 cap.
1619 5063 1709 5131 52,
1738 5074 1840 5122 art.
1869 5068 1894 5123 1
1928 5077 1975 5123 et

376 5159 454 5233 2).
482 5158 650 5216 Nemo
684 5170 863 5216 autem
899 5160 1092 5216 mentis
1136 5173 1249 5215 sua:
1273 5172 1491 5228 compos
1535 5158 1680 5215 serio
1708 5158 1978 5219 afﬁrmare

379 5269 614 5324 unquam
639 5252 880 5321 audebit,
908 5254 978 5310 ab
1004 5244 1310 5325 huiusmodi
1329 5252 1615 5310 infamibus
1640 5263 1693 5311 et
1719 5270 1978 5312 vernacu-

380 5346 445 5404 lis
470 5346 574 5403 diis
602 5356 879 5418 porrectos
911 5343 1077 5403 fuisse
1100 5344 1329 5402 Romani
1358 5346 1568 5416 imperii
1601 5346 1752 5402 lines.
1794 5346 1977 5419 Neque

380 5439 566 5505 etiam,
599 5437 668 5494 ab
700 5437 819 5493 aliis
861 5436 1170 5493 domesticis
1203 5447 1259 5493 et
1288 5437 1648 5508 peculiaribus
1695 5437 1798 5494 diis
1839 5438 1974 5496 suis.

383 5533 601 5589 Diversa
644 5530 922 5587 enimvero
965 5530 1016 5584 in
1064 5529 1300 5601 pluribus
1343 5543 1465 5587 esse
1500 5530 1685 5603 nequit
1726 5532 1838 5588 veri
1882 5532 1976 5590 Dei

379 5623 618 5696 potentia
643 5664 659 5689 ,
690 5623 863 5678 virtus
886 5663 902 5688 ,
927 5618 1184 5685 sanctitas
1204 5662 1219 5690 ,
1245 5622 1402 5679 sicuti
1434 5638 1533 5680 nec
1576 5634 1786 5693 natura.
1813 5624 1978 5697 Atqui

383 5730 544 5774 nemo
579 5730 811 5787 unquam
853 5714 989 5770 dixit
1035 5714 1107 5769 in‘
1128 5714 1363 5785 praefatis
1388 5715 1693 5786 infamibus,
1724 5726 1820 5775 aut
1857 5717 1978 5775 aliis

384 5812 693 5872 domesticis
711 5809 1078 5870 Romanorum
1094 5808 1223 5881 diis,
1252 5808 1415 5869 fuisse
1436 5811 1702 5882 eamdem,
1730 5820 1893 5885 atque
1921 5812 1977 5870 in

2072 4694 2191 4752 Non
2217 4698 2388 4769 magis
2417 4700 2562 4755 enim
2588 4699 2698 4756 hoc
2726 4703 2989 4774 praevidit,
3016 4721 3174 4777 quam
3200 4706 3365 4773 diem,
3395 4721 3502 4779 quo
3526 4705 3699 4763 Μαι-ι

2074 4805 2170 4848 eus
2213 4791 2465 4848 Aurelius
2509 4793 2801 4865 imperator
2838 4794 3036 4869 Syrmii
3076 4806 3321 4853 mortuus
3357 4808 3461 4856 est.
3508 4800 3581 4856 At
3620 4800 3676 4857 id

2076 4884 2256 4955 plane,
2304 4885 2378 4940 ait
2425 4883 2809 4956 Tertullianus,
2859 4898 2953 4944 aut
2994 4889 3241 4956 nescivit,
3290 4901 3382 4946 aut
3413 4891 3677 4950 tardiores

2078 4975 2296 5032 nuntios
2332 4976 2479 5033 misit
2504 4977 2573 5035 ad
2601 4981 2929 5052 prmeipuum
2951 4996 3105 5037 suum
3140 4984 3473 5055 sacerdotem
3498 4987 3679 5044 archi-

2078 5070 2297 5142 gallum,
2325 5073 2414 5143 qui
2442 5082 2591 5128 sexta
2617 5084 2738 5144 post
2766 5072 2921 5146 hujus
2949 5068 3291 5145 imperatoris
3316 5088 3543 5137 mortem
3563 5079 3676 5147 die,

2080 5161 2318 5220 elicitum
2358 5179 2427 5220 ex
2472 5165 2690 5222 lacertis
2729 5166 2996 5236 impurum
3035 5169 3352 5239 sanguinem
3393 5187 3491 5244 pro
3533 5174 3678 5231 illius

2083 5254 2257 5311 salute
2303 5255 2516 5311 litabat.
2545 5256 2835 5313 Christiani
2890 5258 3068 5329 itaque
3117 5259 3278 5317 talem
3314 5263 3439 5334 jure
3483 5267 3678 5325 merito

2079 5349 2329 5406 ridebant
2370 5349 2551 5418 deam,
2598 5360 2689 5406 aut
2733 5350 2898 5407 futuri
2939 5352 3198 5423 nesciam,
3243 5364 3337 5411 aut
3377 5357 3677 5429 crudelem,

2080 5458 2202 5515 quae
2247 5452 2405 5515 passa
2446 5454 2527 5501 est
2571 5460 2679 5501 non
2724 5448 2903 5504 solum
2948 5449 3225 5524 archigalli
3265 5452 3348 5508 sui
3395 5470 3679 5526 perperam

2080 5533 2283 5592 eﬂ‘un’di
2314 5538 2653 5608 sanguinem,
2672 5538 2768 5594 sed
2799 5542 3022 5610 patriam
3045 5559 3260 5617 quoque
3287 5558 3439 5600 suam
3468 5548 3682 5617 penitus

2081 5628 2242 5684 dirui.
2286 5627 2500 5685 Nullum
2547 5645 2678 5702 ergo
2722 5631 2980 5690 Romanis
3017 5635 3085 5691 ad
3126 5636 3429 5693 dilatandos
3467 5636 3683 5708 imperii

2078 5720 2161 5776 sui
2190 5720 2328 5779 fines
2357 5722 2612 5781 auxilium
2639 5724 2758 5782 sine
2782 5726 2968 5800 iniquo
2992 5727 3309 5803 ingrataque
3334 5730 3517 5791 animo
3537 5731 3685 5792 terre
3717 5744 3727 5763 ‘

2070 5812 2271 5891 potuit.
