4050 6350
342 240 487 315 nas
1484 239 1934 309 nisssnrarto
1971 242 2166 331 p.112
2203 242 2515 307 NOURRY.
3491 247 3651 308 atas

327 369 551 425 riositas
578 365 952 439 superstitiosa,
1004 366 1057 423 id
1086 374 1187 433 est,
1232 364 1451 437 religio,
1502 375 1559 423 et
1607 365 1935 437 superstitio,
1965 365 2019 426 Α
2044 363 2154 432 ille,
2187 375 2242 419 nt
2270 366 2395 421 alibi
2421 364 2754 422 ostendimus
2794 363 2941 438 (tum.
2970 362 3023 422 Ι.
3047 360 3311 439 Apparet.
3355 381 3474 439 pag.
3496 367 3638 442 ἠδ.

334 477 464 535 quae
489 477 655 534 prava
702 476 1068 534 perversaque
1104 476 1237 518 cura
1276 459 1430 516 falsis
1467 456 1570 515 diis
1592 458 1940 531 impenditur.
2038 464 2097 510 et
2126 454 2266 511 1227
2294 466 2340 511 et
2384 459 2571 527 seqq),
2606 456 2969 527 prohibuerat;
3001 457 3124 514 inde
3157 458 3525 514 Tertullianus
3553 458 3642 514 in-

338 553 448 612 Sed
478 567 638 624 quam
700 562 855 623 putas
880 552 952 608 ob
990 567 1235 609 caussam
1288 551 1356 607 ab
1392 552 1482 606 illo
1507 551 1801 607 constituta
1828 549 1947 605 est?
2047 546 2168 603 tulit
2205 566 2218 603 :
2253 547 2318 602 Et
2358 546 2492 604 Deus
2514 550 2623 619 ipse
2671 567 2939 621 nusquam.
2988 551 3308 608 Persuasum
3354 552 3640 623 siquidem,

338 643 576 703 Consule
604 641 816 701 Livium
849 646 986 718 (Liv.
1020 647 1109 701 lib.
1141 644 1199 715 Ι,
1235 645 1264 718 §
1316 644 1384 701 i9
1428 654 1477 699 et
1527 643 1710 717 seqq.),
1741 641 1944 699 Eutro-
2046 641 2122 697 uti
2154 643 2328 713 capite
2382 644 2628 714 sequenti
2676 644 2998 714 videbimus,
3030 648 3250 701 omnino
3279 645 3531 704 habuisse
3558 647 3643 702 vi-

339 740 490 813 pium
524 739 766 812 (Eutrop.
791 739 879 794 lib.
919 737 940 793 ι
972 738 1228 805 Breuiar.,
1261 753 1381 811 pag.
1406 737 1529 807 δι),
1560 737 1802 806 aliosque
1828 734 1941 790 Ro—
2034 733 2205 790 detur
2242 749 2359 791 eam
2406 749 2501 805 per
2540 736 2819 806 gentilium
2865 738 3073 795 animos
3107 739 3407 809 pervasisse
3431 740 3643 811 opinio-
3740 812 3751 816 θ

328 842 518 889 ‘manze
561 832 805 889 historiae
849 832 1165 902 scriptores,
1196 831 1400 902 tibique
1415 829 1855 901 respondebunt:
1885 830 1947 884 ut
2048 840 2199 893 nem,
2240 843 2350 882 non
2377 828 2512 897 alios
2550 844 2687 911 esse.
2711 829 2843 885 deos
2870 846 3030 902 quam
3073 831 3286 887 illorum
3330 832 3642 903 simulacra,

326 925 593 985 'eﬁeratos
627 969 643 995 ,
671 941 735 983 ac
780 925 1043 982 militares
1092 925 1463 980 Romanorum
1519 923 1748 990 animos,
1797 929 1943 978 metu
2018 920 2134 976 -Nel
2164 920 2401 989 ipsorum
2429 922 2480 976 in
2509 923 2590 977 eis
2619 922 2859 979 residere
2885 923 3239 980 divinitatem.

338 1018 706 1092 religionis'ac
734 1017 959 1074 deorum
988 999 1311 1086 contineret,
1359 1016 1777 1087 perpoliretque.
1808 1014 1942 1083 Qui-
2044 1015 2072 1082 ε
2118 1011 2283 1068 Vides
2325 1028 2455 1081 ergo
2493 1029 2653 1084 quam
2682 1022 2832 1071 recte
2866 1031 2933 1071 ex
2963 1016 3120 1072 dictis
3148 1012 3433 1073 concludat
3462 1016 3643 1089 :Ergo

328 1126 464 1169 'nam
476 1125 611 1168 vero
629 1154 643 1179 ,
660 1110 856 1168 amabo
879 1120 951 1177 te,
971 1118 1124 1167 erant
1143 1110 1299 1180 primi
1326 1106 1405 1163 illi
1435 1108 1693 1164 Romana:
1720 1106 1941 1178 religio-
2044 1124 2148 1162 non
2176 1119 2294 1163 ante
2312 1110 2535 1181 religiosi
2568 1108 2805 1175 Romani,
2827 1127 2980 1177 quam
3000 1113 3191 1182 magni,
3218 1113 3432 1184 ideoque
3454 1129 3554 1167 non
3581 1111 3643 1168 ob

338 1206 425 1262 nis
448 1206 618 1262 ritus?
648 1198 917 1270 Nondum,
948 1205 1024 1260 ait
1055 1205 1257 1261 Auctor
1280 1211 1483 1270 noster,
1510 1211 1600 1257 aut
1630 1202 1935 1269 simulacris,
2046 1201 2141 1255 hoc
2169 1203 2380 1274 magni,
2410 1203 2530 1274 quia
2569 1203 2795 1275 religiosi
2837 1203 2907 1275 (Τ
2908 1204 3168 1258 ertullian.
3203 1204 3468 1276 Apologet.
3519 1221 3638 1275 cap.

336 1311 429 1356 aut
470 1299 672 1372 templis
693 1316 772 1354 res
801 1299 972 1365 diuina
1000 1298 1140 1370 apud
1168 1297 1429 1352 Romanos
1446 1294 1939 1365 constabat,quem-
2044 1293 2135 1359 25,
2169 1312 2287 1366 pag.
2320 1294 2467 1365 450).
2511 1294 2809 1351 Fundatum
2832 1296 3029 1367 quippe
3064 1306 3116 1351 et
3137 1296 3430 1352 stabilitum
3454 1297 3549 1351 iuit
3570 1297 3657 1353 ilo.

326 1392 629 1449 admodum
683 1391 807 1447 alibi
838 1390 1245 1464 explicavimus,
1272 1388 1365 1444 ubi
1418 1387 1740 1458 templorum
1775 1387 1941 1441 simu-
2045 1389 2220 1444 lorum
2263 1390 2569 1460 imperium,
2600 1391 2909 1461 priusquam
2937 1398 3030 1445 aut
3074 1390 3204 1446 deos
3240 1388 3519 1454 baberent,
3546 1400 3641 1446 aut

334 1486 721 1558 lacrorutnque
770 1483 1214 1556 investigavimus
1273 1480 1537 1552 originem
1584 1479 1937 1553 (Tertullian.
2043 1482 2355 1538 eossaltem
2410 1493 2489 1537 tot
2512 1483 2901 1554 superstitiosis
2953 1484 3163 1547 ritibus,
3193 1495 3354 1556 atque
3377 1485 3521 1539 inani
3558 1494 3641 1540 tot

320 1552 783 1654 ‘Apo‘loget’g—eap.
815 1577 941 1645 450,
969 1552 1089 1649 pag.
1119 1575 1189 1630 27
1219 1583 1266 1630 et
1292 1581 1431 1645 seqq.
1477 1582 1524 1627 et
1550 1552 1639 1628 lib.
1669 1569 1699 1625 Ι
1726 1571 1796 1626 ad
1826 1570 1942 1625 NI-
2042 1579 2485 1635 caeremoniarum
2508 1552 2701 1654 poinpa
2726 1578 2966 1634 colerent
2994 1588 3050 1633 et
3072 1552 3378 1633 adorarent.
3409 1580 3639 1635 Atcerte

332 1674 467 1729 'tion.
496 1715 510 1739 ,
565 1689 681 1743 cap.
724 1671 819 1739 ’17,
855 1686 975 1743 pag.
1007 1667 1112 1725 585
1141 1711 1153 1733 ,
1186 1664 1336 1722 Tom.
1366 1666 1412 1721 l.
1440 1666 1688 1739 Apparat.
1718 1665 1808 1721 lib.
1850 1663 1939 1730 Ill.
2032 1678 2152 1725 tam
2179 1670 2246 1725 ad
2274 1668 2403 1725 illud
2430 1671 2713 1741 imperium
2744 1669 3361 1742 propagandum,‘quam
3387 1670 3638 1742 jacieuda

335 1769 593 1824 tiissertat.
620 1767 672 1832 ι,
698 1781 815 1838 cap.
849 1764 880 1818 7
913 1772 956 1817 et
985 1761 1039 1829 8,
1062 1778 1187 1835 pag.
1229 1760 1329 1815 717
1358 1769 1408 1814 et
1434 1757 1621 1830 seqq).
1870 1754 1881 1761 ’
1956 1764 2011 1826 Β
2039 1763 2160 1834 eius
2194 1764 2536 1818 fundamenta
2569 1764 2682 1835 pari
2710 1763 2952 1835 profecto
2980 1764 3204 1820 deorum
3230 1780 3334 1835 ope
3359 1755 3425 1819 ac
3459 1764 3631 1821 subsi-

400 1861 538 1916 Tnm
567 1862 724 1917 etiam
758 1858 919 1924 nulla,
954 1857 1093 1913 sicut
1133 1855 1224 1910 ille
1246 1854 1415 1925 pergit
1436 1851 1628 1924 (ιωιιη
1659 1869 1778 1926 pag.
1806 1850 1927 1923 28),
2035 1857 2127 1914 dio
2150 1858 2460 1929 indigebant
2485 1901 2499 1926 ,
2529 1859 2671 1930 quod
2724 1868 2902 1915 tamen
2931 1876 3204 1932 nunquam
3228 1861 3490 1916 habuisse
3516 1876 3633 1916 ma.

322 1948 588 2025 Capitolia
633 1953 881 2007 certantia
906 1950 1053 2014 caelo,
1084 1946 1136 2004 id
1167 1956 1271 2014 est,
1296 1945 1537 2002 nondum
1556 1953 1928 2001 constructum
2026 1950 2291 2008 nil‘estum
2315 1961 2417 2007 est.
2438 1951 2544 2007 Sed
2568 1951 2687 2006 aliis
2713 1952 2890 2007 adhuc
2917 1953 3214 2008 rationibus
3239 1953 3291 2007 id
3317 1953 3385 2007 ab
3413 1952 3508 2007 illo
3529 1951 3636 2007 evi-

320 2043 502 2103 fuerat
552 2044 812 2116 templum
866 2042 1248 2114 Capitolinum,
1313 2040 1448 2097 adeo
1500 2040 1817 2111 superbum,
1868 2050 1932 2095 ut
2033 2042 2349 2100 deutissime
2373 2043 2793 2113 demonstratur,
2833 2059 2957 2116 qua:
2998 2059 3029 2101 a
3068 2044 3232 2101 nobis
3261 2044 3633 2102 examinanda:

324 2155 483 2198 suum
517 2141 582 2195 ad
612 2139 778 2198 caelos
799 2152 971 2210 usque
1001 2139 1213 2195 culmen
1236 2135 1481 2192 attollere
1505 2132 1800 2191 videretur.
1830 2132 1930 2190 Ne-
2031 2144 2179 2193 sunt.

284 2239 289 2243 ’
323 2249 432 2305 que
473 2234 743 2305 putaveris
771 2232 908 2288 lianc
936 2245 1057 2288 csse
1109 2231 1272 2285 animi
1305 2229 1357 2284 iu
1408 2228 1655 2305 ethnicos
1700 2228 1926 2283 nimium

324 2302 519 2382 infensi
552 2326 1044 2398 exaggerationem.
1078 2323 1214 2380 Nam
1243 2302 1519 2391 Martialis,
1546 2331 1600 2379 et
1623 2324 1736 2395 ipse
1757 2323 1929 2380 etimi-

323 2432 445 2490 cus,
479 2418 666 2475 eadem
692 2418 777 2473 his
802 2416 1046 2473 versibus
1071 2416 1264 2473 cecinit
1292 2434 1307 2470 :

451 2532 558 2595 Nec
579 2530 825 2595 capitolini
848 2543 1090 2595 summum
1116 2529 1372 2595 penetrale
1397 2526 1650 2595 Tonantis,

514 2591 737 2657 Quaeque
759 2595 919 2644 nitent
935 2592 1060 2643 caelo
1083 2591 1302 2657 proxima
1326 2591 1507 2656 templa
1532 2604 1640 2642 suo.

919 2673 1176 2739 (Martial.,
1197 2674 1278 2727 lib.
1304 2681 1360 2739 tt,
1387 2675 1636 2741 Epigram.
1659 2676 1760 2741 91.)

314 2759 488 2816 Silius
515 2774 729 2833 quoque
754 2759 1005 2817 ltalicus:

450 2851 541 2919 (lla
560 2854 715 2919 etiam
736 2864 833 2917 qua
852 2855 1012 2919 prisca
1031 2853 1152 2919 iides
1174 2858 1269 2919 stat
1288 2855 1430 2917 regie
1448 2854 1610 2919 nobis,

448 2916 615 2981 gurea
636 2916 844 2980 Tarpeia
854 2916 1012 2981 ponet
1029 2916 1259 2981 Capitolia
1279 2916 1425 2981 rupe,

436 2975 511 3030 Ἐι
533 2984 705 3043 tanget
727 2975 892 3030 nostri)
914 2975 1207 3043 templorum
1232 2975 1440 3029 culmina
1464 2978 1606 3031 coelo.

1226 3064 1338 3132 (Sil.
1367 3065 1446 3118 lib.
1467 3074 1539 3129 ιιι,
1561 3080 1606 3118 υ.
1631 3035 1760 3130 626.)

2544 2226 2553 2239 ‘
2638 2266 2930 2308 ARTICULUS
2964 2267 3045 2308 In.

2030 2364 2159 2422 Non
2206 2369 2367 2438 magis
2415 2368 2594 2422 datum
2632 2379 2720 2422 aut
2767 2381 3105 2441 prapagatum
3129 2369 3191 2424 ab
3220 2370 3341 2427 ullis
3369 2371 3633 2445 gentilium

2102 2462 2201 2517 diis
2228 2463 2495 2533 imperium
2522 2462 3056 2535 licmanorum,quam
3076 2462 3493 2537 Babyloniorum,
3520 2464 3655 2520 Me-'

2101 2557 2319 2625 dorum“,
2350 2556 2424 2611 1E
2429 2558 2718 2629 gyptiorum
2740 2598 2755 2624 ,
2786 2559 3143 2630 Assyriorum,
3185 2560 3536 2627 Amazonum,
3582 2568 3631 2615 et

2099 2648 2424 2718 Iudaeorum,
2449 2651 2538 2722 qui
2556 2660 2681 2705 ante
2706 2652 2909 2706 eosdem
2936 2651 3196 2707 Romanos
3245 2662 3581 2723 regnaverunt
3609 2669 3629 2706 :

2094 2744 2283 2797 horum
2312 2742 2569 2813 impietate
2597 2753 2643 2798 et
2698 2743 2979 2816 sacrilegiis
2996 2756 3306 2818 prapagatos
3323 2747 3522 2814 imperii
3549 2747 3628 2800 sui
3736 2792 3743 2801 .

2098 2838 2230 2907 ﬁnes
2257 2854 2277 2894 :
2303 2854 2365 2892 ac
2390 2837 2546 2893 nullis
2572 2838 2725 2910 plane
2749 2839 3030 2904 miraculis,
3064 2839 3476 2904 divinationibus,
3507 2856 3629 2894 ora-

2025 2930 2044 2998 ἱ
2098 2931 2228 2986 culis
2253 2930 2460 3001 probari
2484 2947 2641 3015 posse
2656 2930 2789 2987 ullos
2832 2933 3045 2988 existere
3085 2931 3266 2987 horum
3313 2934 3632 3004 aliorumque

2097 3024 2359 3094 gentilium
2384 3024 2525 3079 deos.

318 3165 479 3224 Plura
550 3169 606 3225 in
672 3170 963 3229 Alexandri
1016 3170 1204 3229 Donati
1260 3174 1595 3246 aliorumque
1657 3174 1725 3231 de
1788 3173 1914 3232 urbe

2097 3156 2316 3215 Certum
2342 3158 2557 3230 quidem
2610 3168 2714 3226 est,
2754 3159 2903 3231 quod
2940 3168 3004 3216 tet
3054 3160 3156 3231 ipsi
3186 3134 3409 3216 Romani
3440 3160 3617 3231 palam

316 3256 491 3318 Roma
516 3263 670 3319 libris
698 3265 917 3335 tradita,
960 3267 1003 3321 si
1037 3266 1190 3333 velis,
1221 3266 1374 3323 facile
1417 3268 1661 3323 invenies
1700 3265 1918 3337 (Donat.

315 3338 404 3409 lib.
454 3352 499 3410 11
524 3356 612 3426 Ide
642 3353 778 3413 Urbe
797 3356 984 3425 Roma,
1014 3376 1128 3430 cap.
1152 3358 1206 3415 ιι.
1241 3369 1286 3415 et
1310 3358 1494 3432 seqq).

391 3444 497 3503 Ubi
523 3461 674 3520 ergo,
703 3450 917 3522 rogabit
935 3451 1149 3523 aliquis,
1169 3467 1257 3506 res
1282 3451 1462 3508 divina
1492 3463 1615 3508 tunc
1630 3453 1922 3525 agebatur?

314 3530 643 3608 Temeraria,
697 3540 870 3612 inquit
920 3541 1313 3613 Tertullianus,
1366 3543 1429 3598 de
1489 3544 1676 3613 cespite
1736 3545 1923 3599 altaria

323 3624 655 3703 (Temtlllan.
708 3631 1000 3706 Apologet.,
1049 3650 1167 3699 cap.
1212 3633 1303 3692 25.
1333 3652 1390 3706 p.
1420 3633 1528 3691 420
1571 3645 1618 3690 et
1662 3634 1750 3690 lib.
1782 3635 1827 3691 ll
1854 3637 1921 3691 ad

318 3716 536 3779 Nation.
568 3738 685 3796 cap.
720 3726 847 3799 l7),
902 3727 1021 3785 sive
1066 3737 1308 3799 repente,
1365 3728 1542 3785 subito
1597 3744 1662 3786 ac
1701 3729 1920 3785 fortuito

306 3826 447 3870 casu
500 3824 790 3885 exstructa,
840 3818 979 3875 sicut
1025 3833 1094 3875 ex
1132 3818 1394 3876 Cicerone
1438 3818 1684 3894 (Cicera,
1737 3821 1825 3877 lib.
1867 3820 1918 3877 il

314 3905 382 3960 de
426 3917 601 3964 natur.
658 3909 802 3965 deor.
834 3953 850 3979 ,
906 3928 1027 3984 pag.
1073 3909 1221 3979 2‘28,
1268 3912 1360 3967 lin.
1424 3912 1530 3984 12)
1586 3922 1638 3969 et
1691 3914 1919 3985 Apuleio

310 3992 543 4071 (Αρυιεὶ.
567 3996 660 4056 ’t‘i'b.
693 4002 757 4057 de
783 3999 895 4059 Deo
934 4002 1143 4060 Socrat.
1194 4005 1335 4078 init.)
1382 4005 1591 4064 discere
1631 4017 1733 4064 est.
1778 4007 1917 4066 Vasa

308 4102 446 4148 vero
474 4093 669 4165 quibus
709 4096 1116 4155 ministrabatur
1158 4098 1368 4154 sordida
1392 4107 1566 4169 erant,
1623 4102 1697 4156 ait
1716 4102 1919 4157 Auctor

306 4195 520 4255 noster,
558 4196 605 4242 et
628 4188 797 4244 adhuc
826 4191 1008 4259 samia,
1039 4204 1134 4246 seu
1179 4189 1291 4249 luto
1343 4200 1597 4263 cretaque
1626 4192 1771 4249 molli
1805 4202 1915 4249 tum

304 4278 592 4348 fabricata,
624 4281 693 4337 de
709 4282 1047 4353 quibusaiibi
1074 4282 1307 4341 diximus
1341 4283 1636 4354 (Dissertal.
1677 4285 1731 4340 in
1782 4284 1917 4341 Lac-

304 4380 444 4431 :tant.
472 4391 593 4445 cap.
620 4375 714 4443 50,
742 4386 843 4431 art.
868 4376 956 4448 2)·

383 4464 598 4536 Adjecit
626 4465 990 4524 Tertullianus
1018 4460 1373 4539 (Tertullian.,
1401 4467 1503 4525 loc.
1534 4466 1655 4542 cit.)
1689 4486 1702 4524 :
1747 4468 1813 4524 Et
1838 4471 1918 4526 ni-

2025 3250 2351 3318 i‘atebantur,
2405 3262 2614 3307 terrena
2637 3266 2799 3323 regna
2828 3252 2898 3308 ab
2939 3253 3120 3323 aliquo
3170 3252 3394 3317 institui,
3416 3252 3541 3308 dari
3558 3264 3627 3309 tot

2026 3342 2346 3414 dispensari.
2381 3344 2451 3398 At
2501 3359 2563 3399 ea
2593 3352 2833 3415 potestas
2858 3358 3024 3414 penes
3050 3358 3173 3400 eum
3218 3343 3481 3400 duntaxat
3528 3358 3624 3401 so-

2025 3435 2137 3492 lum
2163 3452 2284 3493 esse
2306 3443 2505 3508 potest,
2538 3437 2630 3509 qui
2676 3438 2856 3493 omnia
2883 3439 3106 3494 creavit.
3131 3437 3276 3494 Nulli
3305 3439 3483 3511 itaque
3509 3438 3623 3495 Ro-

2025 3544 2306 3586 manorum
2333 3530 2405 3585 dii
2430 3544 2658 3601 regnum
2686 3529 2903 3601 aliquod
2921 3530 3218 3588 cultoribus
3234 3532 3350 3587 suis
3387 3543 3478 3587 aut
3503 3533 3625 3588 aliis

2020 3636 2259 3705 unquam
2312 3621 2609 3678 dederunt.
2636 3623 2701 3678 Et
2752 3630 2901 3678 certe
2922 3632 3047 3697 ante
3078 3624 3290 3680 illorum
3314 3624 3621 3691 Pontiﬁces,

2013 3715 2342 3785 Quindecim
2363 3717 2530 3782 viros,
2554 3714 2759 3783 'Salios,
2781 3716 3076 3787 Lupercos,
3122 3716 3387 3786 Vestales,
3409 3718 3479 3774 de
3505 3719 3625 3790 qui-

2020 3810 2123 3867 bus
2147 3824 2246 3865 nos
2273 3808 2434 3877 alibi,
2482 3818 2537 3865 et
2579 3818 2706 3865 ante
2762 3824 2952 3866 omnes
3000 3825 3345 3866 romanorum
3396 3810 3620 3867 deorum

2024 3902 2323 3969 ministros,
2380 3903 2490 3957 imo
2518 3910 2803 3974 antequam
2836 3902 2929 3958 ulli
2960 3903 3032 3959 dii
3073 3903 3260 3959 Romae
3287 3903 3617 3971 colerentur,

2022 3996 2265 4052 instituta
2289 3995 2503 4051 fuerant
2522 3995 2967 4068 Babyloniorum,
3013 3997 3313 4066 Medorum,
3342 3997 3624 4077 ldigyptio-

2018 4104 2164 4158 rum,
2205 4090 2571 4161 Assyriorum,
2612 4095 2677 4144 et
2731 4090 3062 4145 Amazonum
3078 4104 3271 4162 regna,
3290 4106 3616 4164 magnaque,

2022 4185 2098 4240 uti
2124 4198 2289 4239 nemo
2318 4184 2519 4250 nescit,
2546 4192 2819 4254 putesnam
2863 4191 2920 4240 et
2954 4184 3134 4256 gloria
3176 4184 3448 4245 ﬂorebant
3474 4185 3621 4261 (Ter-

2022 4277 2225 4331 tullian.
2256 4276 2548 4349 Apologet.,
2600 4293 2715 4350 cap.
2754 4274 2848 4342 26,
2881 4294 3000 4349 pag.
3036 4277 3191 4353 p432;
3237 4289 3286 4334 et
3332 4280 3422 4335 lib.
3449 4278 3513 4335 11
3550 4282 3621 4335 ad

2021 4368 2266 4439 Notium,
2294 4386 2410 4440 cap.
2434 4371 2529 4438 27,
2553 4388 2605 4441 p.
2640 4371 2790 4441 585).
2821 4371 3052 4428 Constat
3070 4386 3208 4443 ergo
3242 4373 3344 4433 has
3362 4374 3618 4432 nationes

2020 4478 2121 4521 nec
2151 4479 2179 4519 a
2201 4462 2571 4520 Romanorum
2597 4464 2722 4533 diis,
2742 4480 2843 4521 nec
2863 4466 2931 4522 ab
2944 4465 3034 4522 bis
3046 4481 3188 4538 quos
3213 4468 3314 4539 ipsi
3335 4450 3606 4537 colebant,

302 4558 410 4615 dor
434 4576 498 4617 ea:
532 4560 660 4637 illis,
716 4564 791 4618 uti
834 4562 887 4618 in
908 4570 1141 4634 utroque
1171 4563 1335 4633 illius,
1374 4578 1495 4620 cum
1525 4564 1869 4635 Apologetico
1889 4605 1904 4630 ,
1926 4565 1985 4625 Β
2011 4560 2283 4629 accepisse
2330 4558 2587 4629 regnandi
2638 4567 2962 4628 potestatem
2989 4575 3131 4637 :non
3161 4577 3192 4617 a
3226 4561 3347 4616 suis
3372 4564 3609 4634 quidem,

302 4661 427 4711 tum
461 4655 531 4711 ad
558 4654 818 4715 Nationes
836 4656 1083 4713 secundo
1110 4656 1248 4713 libro
1264 4657 1500 4728 legimus
1544 4674 1558 4711 :
1608 4658 1662 4713 in
1708 4659 1909 4714 nostris

300 4755 492 4804 autem
519 4748 795 4806 codicibus
825 4740 1208 4820 maduscriptis
1229 4763 1301 4805 ex
1352 4748 1564 4806 duobus
1603 4748 1688 4805 bis
1730 4749 1911 4806 verbis

304 4852 502 4908 unum,
539 4841 694 4897 sicuti
720 4841 918 4912 saepius
945 4839 1144 4898 factum
1193 4851 1297 4908 est,
1326 4840 1693 4913 scriptumque
1721 4843 1906 4898 catillis.

298 4931 488 5003 Atque
546 4933 681 4990 inde
733 4933 913 4990 forsan
960 4934 1219 5006 Rigaltius
1263 4935 1459 5007 corrigi
1510 4936 1677 4991 voluit
1729 4936 1909 5006 exilis,

207 5074 216 5082 .
301 5020 456 5081 haud
502 5040 724 5097 prorsus
755 5026 954 5084 infelici
997 5028 1331 5100 conjectura,
1380 5028 1540 5100 cujus
1578 5038 1757 5086 tamen
1808 5032 1921 5087 ali--

302 5132 472 5190 quam
500 5120 700 5176 saltem
738 5122 1005 5179 rationem
1036 5122 1264 5179 reddere
1287 5120 1540 5178 debebat.
1586 5121 1911 5178 Conﬁrmari

296 5222 491 5268 autem
510 5211 644 5268 inde
664 5221 862 5283 potest,
882 5214 1012 5287 quia
1051 5215 1250 5271 ibidem
1293 5213 1658 5271 Tertullianus
1692 5228 1910 5271 asseve-

313 5314 423 5370 rat,
452 5318 720 5377 paperes
766 5314 883 5361 tum
930 5306 1098 5363 fuisse
1144 5307 1405 5364 Romanae
1435 5305 1710 5379 religionis
1747 5307 1902 5364 ritus.

307 5395 422 5454 Sed
446 5398 555 5455 duo
577 5399 692 5456 lucc
711 5400 875 5456 verba
892 5401 1074 5456 catillis
1102 5401 1169 5458 ad
1193 5419 1315 5458 uasa
1336 5402 1500 5457 samia
1525 5444 1541 5470 ,
1573 5401 1765 5471 quibus
1785 5402 1911 5458 sub-

308 5499 620 5560 nectuntur,
649 5490 842 5547 referri
871 5498 1084 5564 qttoque
1114 5504 1358 5565 possunt.
1386 5493 1530 5550 Nihil
1558 5506 1687 5564 ergo
1713 5493 1780 5549 de
1808 5492 1909 5550 liae

307 5582 458 5639 varia
485 5583 714 5641 lectione
733 5584 960 5642 delinire
987 5586 1269 5643 audemus.

382 5670 648 5731 Cancrum
683 5676 808 5748 quia
850 5674 1038 5733 Numae
1068 5689 1308 5748 tempore
1350 5674 1501 5735 nulla
1516 5680 1668 5753 apud
1711 5679 1910 5739 Roma-

294 5772 411 5829 ’ωε
440 5773 595 5826 erant
621 5764 845 5828 deorum
884 5767 1205 5840 simulacra;
1237 5769 1347 5830 imo
1360 5782 1526 5846 vero,
1553 5776 1677 5847 quia
1697 5790 1760 5835 ea
1788 5776 1904 5834 lieri

2013 4655 2103 4724 qui
2129 4667 2244 4720 eos,
2272 4666 2301 4707 a
2331 4653 2528 4725 quibus
2551 4668 2763 4709 summo
2789 4654 2841 4708 in
2883 4635 3090 4711 honore
3117 4655 3479 4726 habebantur,
3520 4657 3617 4713 dc-

2015 4744 2162 4803 i‘endi
2190 4761 2298 4802 non
2330 4754 2638 4818 potuerunt;
2668 4761 2846 4818 neque
2884 4762 2916 4802 a
2952 4747 3322 4804 ilomanornm
3346 4749 3473 4819 diis,
3516 4752 3609 4822 qui

2016 4842 2252 4898 nondum
2278 4841 2385 4897 licti
2412 4851 2584 4906 erant,
2611 4851 2665 4898 et
2685 4856 2714 4896 a
2741 4841 2934 4914 quibus
2950 4856 3136 4898 eorum
3154 4843 3439 4914 imperium
3461 4858 3615 4901 ever-

2018 4949 2136 4991 sum
2162 4934 2325 4990 fuisse
2364 4933 2597 4989 Romani
2629 4933 3004 5006 opinabantur.
3052 4932 3169 4990 Jam
3209 4950 3339 4992 vero
3384 4935 3614 4992 vidimus

2009 5029 2030 5101 ί
2044 5027 2310 5085 Dissertat.
2346 5029 2400 5082 in
2432 5027 2646 5093 Minut,
2678 5044 2792 5099 cap.
2823 5026 2912 5092 18,
2955 5036 3055 5081 art.
3084 5028 3120 5083 4
3148 5039 3191 5083 et
3213 5028 3295 5099 5),
3336 5029 3609 5101 quomodo

2011 5121 2270 5178 Minutius
2288 5118 2449 5178 Felix
2478 5120 2581 5178 hoc
2611 5128 2928 5192 argumento
2953 5119 3213 5178 adversus
3242 5122 3490 5181 ethnicos
3511 5139 3610 5196 pu-

2007 5214 2271 5285 gnaverit.
2892 5236 2897 5241 ί

2080 5305 2186 5363 Sed
2214 5314 2272 5361 ut
2293 5304 2611 5376 quibusdam
2641 5304 2901 5376 exemplis
2925 5304 3261 5362 manifestius
3296 5307 3348 5363 id
3378 5307 3496 5377 ﬂat,
3519 5322 3610 5365 ur-

2013 5408 2103 5469 get
2122 5398 2484 5455 Tertullianus
2518 5415 2533 5452 :
2562 5395 2667 5452 Cur
2691 5396 2918 5452 Athenas
2945 5413 2978 5451 a
3000 5396 3174 5454 Xerxe
3223 5399 3453 5455 Minerva
3499 5417 3624 5457 non

2011 5491 2259 5562 defendit,
2298 5491 2376 5546 vel
2395 5506 2488 5545 cur
2532 5489 2758 5564 Delphos
2785 5490 2849 5545 de
2874 5506 3032 5546 manu
3057 5492 3255 5564 lPyrrhi
3281 5492 3467 5564 Apollo
3493 5510 3598 5549 non

2010 5586 2141 5641 eruit
2165 5580 2407 5654 (Tertul,
2436 5584 2475 5636 l.
2506 5581 2553 5637 ll
2576 5582 2646 5637 ad
2678 5581 2921 5651 Notium,
2952 5583 3051 5637 loc.
3074 5584 3433 5656 cit.)?Nullus
3451 5587 3597 5643 enim

2007 5677 2164 5752 plane
2193 5678 2526 5734 ethnicorum
2575 5677 2708 5736 deus
2744 5694 2929 5752 neque
2964 5678 3179 5747 ’Rema,
3200 5696 3386 5754 neque
3414 5682 3587 5750 ullibi,

2004 5778 2159 5832 tanto
2196 5771 2412 5832 'benore
2440 5770 2635 5831 divino
2671 5783 2895 5830 amatus
2926 5778 3043 5842 'est,
3086 5782 3301 5846 tqumto
3352 5774 3600 5834 Minerva

3674 6056 3899 6185 /
