4076 6356
458 187 597 246 H27

1528 187 1594 244 IN
1635 187 2095 248 TERTULLIANI
2134 187 2667 250 APOLOGETICUM

3617 196 3772 257 “38

454 301 704 370 Athenis,
737 301 826 358 ubi
849 301 1092 359 exstabat
1125 299 1334 374 insigne
1364 301 1508 358 illius
1535 313 1829 375 notumque
1879 303 2058 361 omni-
2084 311 2138 371 Α
2164 305 2449 378 legendum
2495 308 2775 375 decernas,
2827 307 3101 367 fatendum
3131 321 3216 370 est
3260 313 3392 370 nihil
3436 328 3599 386 posse
3643 315 3777 388 tingi

457 396 557 452 bus
587 397 952 451 simulacrum.
986 395 1168 466 Neque
1217 395 1404 466 majori
1431 396 1577 451 cultu
1608 398 1749 452 ullus
1791 398 1929 452 Deus
1957 397 2055 452 ho-

457 499 698 546 nestatus
721 499 823 556 est,
854 506 1013 562 quam
1059 489 1251 560 Apollo
1283 489 1522 560 Delphis,
1551 490 1640 546 ubi
1669 491 1907 556 oracula,
1941 501 2054 545 toto

457 593 718 639 terrarmn
767 583 898 638 orbe
955 583 1244 651 celebrata,
1297 584 1521 639 fundere
1547 583 1890 640 credebatur.
1945 583 2052 639 Ve-

456 687 754 732 rumtamen
786 693 884 732 nec
900 669 1011 760 iste
1035 678 1286 747 Delphos,
1321 693 1421 732 nec
1448 678 1537 732 illa
1578 679 1814 734 Athenas
1855 677 2056 749 abibo-

453 773 616 826 stium
649 787 868 827 suorum
901 773 1067 827 armis
1109 782 1216 827 tuta
1263 772 1563 828 reddidere.
1614 771 1894 840 Quomodo
1926 788 2055 843 ergo

453 863 528 918 dii
555 863 637 916 vel
666 864 955 934 peregrini,
985 865 1064 920 vel
1101 865 1275 934 patrii,
1309 863 1536 919 dilatare
1577 864 1804 919 Romani
1846 865 2055 935 imperii

456 957 590 1014 lines
627 959 914 1013 valebant?
941 957 1207 1028 Numquid
1237 957 1356 1012 aliis
1382 957 1485 1011 diis
1513 957 1845 1027 p0tentiores
1860 958 2058 1013 erant?

457 1050 564 1106 Sed
592 1065 750 1106 verus
779 1051 918 1106 Deus
942 1051 1105 1106 debet
1131 1067 1250 1107 esse
1277 1052 1620 1121 omnipotens
1637 1095 1650 1119 ,
1674 1061 1834 1123 atque
1858 1051 2056 1108 idcirco

454 1157 594 1197 unus
625 1152 830 1198 tantum
879 1158 1002 1198 esse
1053 1151 1245 1213 potest,
1279 1143 1368 1214 qui
1422 1158 1587 1213 regna
1618 1144 1822 1211 tribuit,
1857 1152 1912 1200 et
1939 1144 2051 1200 dis-

453 1245 662 1306 pensat.

523 1329 637 1398 Age
669 1343 817 1392 vero,
876 1327 1272 1398 instantemque
1317 1328 1706 1384 Tertullianum
1751 1326 2054 1398 subsequa-

453 1435 574 1475 mur
603 1417 800 1493 (Idem,
827 1420 1093 1492 Apologet.
1131 1437 1248 1492 cap.
1275 1421 1370 1488 26,
1398 1439 1452 1491 ρ.
1475 1422 1625 1514 152).
1649 1419 1838 1487 Judzri,
1863 1421 2053 1490 inquit,

451 1528 579 1570 suos
609 1515 909 1570 habuerunt
957 1530 1129 1583 reges,
1183 1530 1320 1585 quos
1367 1515 1529 1569 etiam
1577 1529 1718 1568 nunc
1771 1513 2051 1580 haberent,

452 1609 555 1664 nisi
589 1607 860 1663 horrendo
875 1607 1075 1662 Christi
1099 1606 1382 1678 parricidio
1406 1622 1532 1662 suas
1543 1615 1918 1662 eruentassent
1939 1621 2054 1661 ma-

2159 397 2462 466 absurdius,
2486 416 2646 471 quam
2675 400 2950 459 Romanos
2973 419 3068 459 sua
3094 405 3145 460 in
3177 405 3310 462 deos
3326 407 3525 479 pietate
3551 409 3777 464 auxisse

2159 491 2369 561 imperii
2400 494 2480 548 sui
2512 495 2646 550 lines
2668 537 2682 563 ,
2707 511 2844 566 quos
2872 497 3026 552 bellis
3073 498 3421 572 victoriisque
3440 542 3456 569 ,
3483 511 3648 573 atque
3687 501 3776 557 id-

2159 583 2304 638 circo
2327 600 2432 639 non
2459 586 2576 642 sine
2602 588 2917 646 earumdem
2944 589 3169 647 deorum
3213 592 3403 664 injuria
3430 602 3590 666 atque
3629 609 3770 651 eon-

2161 677 2403 744 tumelia,
2421 690 2866 750 pr0pagaverant.

2229 768 2358 836 Qua:
2412 787 2570 841 porro
2617 771 2895 844 hucusque
2941 775 3286 846 exposuimus
3321 776 3633 836 Tertulliani
3661 776 3768 833 ad-

2161 875 2346 918 versus
2377 863 2746 921 Romanorum
2765 866 2899 922 deos
2916 879 3250 941 argumenta,
3280 870 3548 942 plerisque
3567 870 3766 926 iisdem

2159 951 2416 1009 Minutius
2444 955 2619 1023 Felix,
2653 959 3102 1028 quemadmodum
3137 961 3189 1016 in
3240 963 3408 1032 prima
3438 970 3621 1016 nostra
3649 960 3766 1016 dis.

2158 1048 2450 1102 sertatione
2505 1050 2840 1107 ostendimus
2891 1051 3202 1125 (Dissertat.
3251 1055 3304 1109 in
3349 1053 3542 1109 Minut.
3577 1053 3758 1110 Oetae.

2158 1152 2273 1209 cap.
2307 1136 2396 1201 16.
2430 1150 2527 1194 nrt.
2557 1141 2593 1196 2
2621 1151 2668 1196 et
2687 1143 2769 1215 5),
2803 1145 2981 1200 lictam
3028 1144 3344 1203 earumdem
3375 1147 3652 1202 numinum
3671 1146 3761 1202 di-

2158 1231 2434 1288 vinitatem
2462 1233 2699 1292 funditus
2719 1237 2931 1292 evertit.

2235 1325 2504 1398 Urgebant
2533 1339 2709 1386 tamen
2741 1329 2967 1386 Romani
2989 1333 3276 1403 cteterique
3323 1348 3514 1390 omnes
3557 1333 3761 1389 ethnici

2157 1435 2317 1476 veros
2335 1435 2456 1477 esse
2480 1421 2613 1477 deos
2633 1437 2781 1489 suos,
2813 1424 2904 1494 qui
2927 1423 3207 1496 stupendis
3245 1425 3432 1495 signis,
3462 1424 3755 1489 miraculis,

2158 1513 2618 1584 praedictionibus,
2668 1515 2938 1585 oraculis,
2997 1516 3442 1584 divinationibus,
3491 1531 3555 1572 ac
3599 1516 3760 1571 factis

2158 1606 2500 1677 quibusdam,
2530 1622 2650 1678 qua:
2679 1617 2902 1662 cunctas
2923 1617 3290 1664 creaturarum
3331 1608 3472 1663 vires
3500 1621 3761 1679 superare

450 1717 570 1758 nus.
614 1702 773 1773 Atqui
806 1701 860 1755 hi
907 1701 1261 1772 ipsipenitus
1305 1710 1749 1771 contempserunt
1777 1699 2053 1754 Romano-
2083 1713 2131 1774 Β
2158 1697 2497 1765 videbantur,
2525 1713 2675 1753 suam
2699 1698 3033 1754 divinitatem
3059 1710 3113 1755 et
3139 1699 3584 1771 omnipotentiatn
3612 1714 3760 1770 sape

451 1813 569 1852 rum
609 1795 758 1852 deos.
789 1795 903 1850 Non
935 1795 1010 1850 illi
1039 1810 1167 1866 ergo
1194 1797 1244 1849 in
1283 1796 1382 1852 hos
1425 1794 1558 1849 deos
1606 1793 1804 1865 pietate
1830 1807 2054 1863 regnum

451 1903 606 1945 suum
633 1897 966 1943 meruerunt.
998 1887 1221 1941 Romani
1252 1902 1400 1951 vero,
1430 1902 1551 1940 cum
1583 1887 1663 1940 Itis
1681 1886 1902 1941 deorum
1925 1899 2053 1938 suo-

451 1996 567 2036 rum
622 1980 863 2036 hostibus
920 1980 1027 2035 icto
1067 1981 1305 2045 laedere,
1361 1982 1761 2035 honoraverunt
1816 1980 2051 2048 ipsorum

454 2073 620 2128 Deum
653 2073 813 2128 caesis
859 2072 1112 2139 victimis,
1161 2086 1223 2126 ac
1253 2071 1512 2142 templum
1545 2071 1700 2126 donis
1730 2080 1783 2125 et
1815 2069 2052 2124 muneri-

452 2167 571 2221 bus.
603 2169 666 2221 At
691 2167 905 2237 quibus,
927 2181 1026 2221 oro
1058 2175 1131 2230 te,
1161 2165 1334 2220 oculis
1363 2165 1436 2219 dii
1477 2165 1550 2218 illi
1572 2164 1706 2218 laeta
1734 2179 1762 2216 a
1798 2162 2054 2217 Romanis

451 2261 566 2316 lucc
596 2275 723 2315 vero
749 2262 878 2325 Deo,
907 2273 1207 2329 eorumque
1237 2258 1574 2323 adversario,
1606 2256 1830 2322 ftedera,
1852 2253 2054 2310 sacriﬁ-

449 2353 531 2407 cia
580 2363 634 2408 et
679 2352 818 2407 dona
867 2353 1060 2406 intueri
1107 2351 1400 2422 poterant?
1445 2349 1633 2406 Nonne
1658 2349 1886 2422 _illorum
1918 2349 2052 2402 iram

449 2446 628 2515 potius
651 2487 664 2510 ,
695 2461 852 2514 quant
875 2459 1198 2515 propensum
1221 2445 1288 2499 ad
1310 2443 1587 2516 augendos
1612 2442 1820 2498 romani
1843 2441 2051 2512 imperii

451 2537 587 2593 lines
617 2539 875 2602 animum,
900 2537 1201 2594 accendere
1227 2536 1569 2592 debuerunt?

523 2629 789 2685 Prteterea
816 2641 967 2685 certo
997 2631 1198 2685 certius
1224 2639 1306 2685 est
1333 2644 1496 2699 regna
1536 2630 1605 2682 ab
1633 2626 1936 2682 hominibus
1955 2639 2051 2682 oc-

450 2720 660 2792 cupari,
691 2721 976 2791 invadique
1004 2723 1170 2776 armis
1213 2730 1269 2776 et
1307 2721 1547 2775 victoriis
1594 2719 1780 2790 (Ibid.,
1810 2735 1925 2790 cap.
1956 2718 2050 2783 25,

448 2831 570 2885 pug.
600 2810 760 2884 451).
785 2813 943 2884 Atqui
977 2815 1091 2869 ha-c
1123 2812 1234 2868 ticri
1263 2822 1557 2882 nequeunt,
1581 2811 1683 2866 nisi
1709 2812 1912 2866 eversis
1935 2811 2046 2880 ple-

448 2921 677 2978 rumque
707 2906 951 2972 urbibus,
976 2922 1037 2962 ac
1067 2906 1296 2978 proinde
1322 2907 1435 2977 pari
1466 2905 1783 2977 templorum
1825 2921 1888 2960 ac
1917 2919 2054 2960 mte-

450 3000 595 3054 niutn
625 3010 822 3071 strage,
852 2999 1040 3056 eadem
1074 3001 1412 3055 sacerdotum
1458 3000 1604 3056 carde
1628 3009 1790 3070 atque
1831 3001 2047 3068 civium,

2157 1793 2355 1862 saepius
2378 1791 2881 1876 comprobaverant.
2916 1793 2982 1848 Et
3003 1793 3120 1849 hmc
3158 1804 3308 1850 certe
3336 1809 3458 1865 quae
3483 1803 3632 1850 extra
3668 1807 3759 1848 so-

2160 1885 2309 1940 litum
2339 1895 2542 1942 natura:
2573 1885 2816 1940 ordinem
2844 1895 2960 1941 acta
2986 1901 3106 1943 esse
3142 1886 3519 1956 Opinabantur,
3543 1885 3756 1940 illorum

2160 1979 2348 2032 oculos
2400 1988 2454 2033 et
2490 1988 2722 2034 mentem
2764 1980 2841 2034 sic
2874 1979 3300 2044 fascinaveranl,
3358 1989 3413 2033 ut
3441 1992 3756 2049 persuasum

2165 2070 2386 2123 omnino
2413 2070 2696 2124 habuerint
2723 2085 2787 2125 ea
2829 2071 2929 2126 soli
2958 2073 3180 2126 deorum
3228 2070 3477 2141 potestati
3511 2085 3634 2125 esse
3663 2069 3756 2124 tri-

2164 2161 2395 2217 buenda.
2433 2161 2628 2218 Verum
2659 2161 3019 2218 Tertullianus
3050 2162 3287 2217 ostendit.
3309 2163 3444 2217 hanc
3471 2176 3753 2233 argumen-

2158 2255 2412 2309 tationem
2449 2255 2517 2309 ab
2559 2255 2622 2309 iis
2663 2264 2863 2309 tantum
2897 2256 3120 2326 proferri
3149 2265 3202 2310 et
3233 2255 3430 2324 urgeri,
3459 2255 3547 2324 qui
3573 2269 3751 2308 veram

2155 2347 2469 2418 ignorabant
2484 2348 2769 2404 et‘I'ectnum
2790 2349 2998 2402 illorum
3017 2363 3279 2403 caussam.
3299 2347 3531 2403 Semotis
3558 2347 3750 2418 quippe

2156 2440 2403 2496 inanibus
2434 2439 2776 2511 prtejudiciis,
2813 2427 3109 2511 agnoscere
3155 2449 3447 2510 potuerunt
3475 2453 3539 2493 ea
3574 2439 3749 2494 omnia

2153 2531 2292 2588 facta
2310 2532 2476 2588 tuisse
2496 2532 2802 2587 daemonum
2827 2533 3064 2603 agilitate
3089 2533 3342 2598 maxima,
3361 2531 3513 2586 malis
3529 2533 3745 2596 artibus,

2153 2619 2314 2695 dolis,
2365 2627 2638 2682 fraudibus
2678 2641 2741 2681 ac
2790 2627 3092 2697 praestigiis,
3123 2626 3318 2696 quibus
3367 2626 3420 2680 hi
3470 2624 3747 2680 mendaces

2155 2720 2457 2791 impurique
2506 2718 2726 2790 spiritus
2759 2719 2986 2773 incautis
3013 2715 3321 2774 hominibus
3364 2719 3520 2788 plane
3566 2718 3748 2772 illude-

2153 2813 2302 2869 bant.
2333 2813 2446 2869 lluc
2463 2813 2623 2868 etiam
2654 2813 2883 2877 accedit,
2916 2813 3058 2882 quod
3078 2813 3276 2866 ethnici
3305 2812 3512 2868 inﬁcias
3553 2813 3629 2867 ire
3656 2827 3748 2867 ne-

2153 2907 2373 2978 quibant
2419 2907 2568 2977 plura
2598 2905 3042 2961 extraordinariis
3067 2904 3314 2971 deorum,
3353 2906 3431 2959 uti
3477 2907 3743 2976 putabant,

2154 3015 2373 3056 suorum
2401 2999 2557 3054 Iactis
2589 3000 2782 3055 similia
2831 2999 2901 3053 ab
2946 2998 3252 3053 hominibus
3299 2999 3486 3068 magiae
3536 2998 3743 3064 deditis,

448 3108 514 3149 ac
571 3109 750 3150 rerum
789 3108 1061 3150 sacrarum
1110 3097 1559 3166 prolauarumque
1591 3093 1866 3149 communi
1905 3109 2051 3164 erep—
2077 3105 2122 3168 ρ
2154 3094 2466 3149 eorumdem
2497 3094 2798 3148 drctnonum
2842 3093 2982 3149 dolis
3009 3109 3071 3149 ac
3101 3089 3377 3150 fraudibus
3392 3093 3535 3148 edita
3565 3093 3746 3149 fuisse.

450 3185 595 3241 tione
631 3201 695 3240 ac
718 3186 894 3256 praeda
926 3207 940 3240 :
970 3184 1068 3240 Tot
1107 3187 1292 3258 igitur,
1323 3187 1397 3241 ait
1429 3185 1790 3241 Tertullianus
1835 3183 1997 3259 (Ibid.
2004 3193 2048 3256 ),

448 3280 716 3351 sacrilegia
748 3279 1114 3335 Romanorum
1155 3290 1274 3351 quot
1302 3289 1518 3350 traptua,
1548 3295 1614 3335 ex
1668 3280 1836 3335 sacris
1865 3278 2047 3350 prola-

449 3373 642 3443 nisque
667 3381 940 3442 captarum
970 3372 1178 3427 urbium
1222 3371 1410 3443 spoliis
1456 3371 1678 3426 Romam
1725 3380 1997 3442 aSportata
2033 3388 2047 3427 :

450 3474 522 3518 tot
567 3463 631 3520 de
666 3465 786 3529 diis,
817 3466 906 3536 qui
936 3455 1162 3536 patriam
1187 3480 1338 3520 suam
1363 3473 1417 3521 et
1444 3465 1623 3530 urbes,
1650 3468 1701 3520 in
1731 3465 1922 3534 quibus
1951 3478 2047 3519 co-

449 3557 716 3624 lebantur,
747 3558 907 3612 tutari
935 3574 1040 3613 non
1061 3567 1368 3629 potuerunt,
1391 3570 1510 3630 quot
1530 3559 1593 3612 de
1616 3559 1846 3630 gentibus
1872 3560 2050 3612 trium-

448 3651 559 3723 plti.
582 3649 679 3706 Tot
707 3651 978 3716 manubiae,
1007 3661 1127 3720 quot
1152 3661 1356 3706 manent
1383 3651 1549 3706 adhuc
1577 3652 1759 3707 Roma:
1773 3651 2050 3705 simulacra

447 3743 764 3814 captivorum
820 3744 1049 3796 deorum.
1099 3743 1464 3798 Manubiarum
1494 3754 1674 3798 autem
1726 3759 1945 3811 nomen,
1980 3743 2050 3799 de

450 3848 558 3904 quo
589 3849 686 3888 nos
706 3833 832 3888 alibi
859 3832 1220 3902 (Dissertnt.in
1246 3833 1456 3900 Μίνωι,
1479 3851 1527 3888 c.
1565 3835 1649 3899 16,
1682 3845 1781 3888 art.
1806 3836 1842 3888 2
1866 3851 1881 3899 ;
1924 3846 1968 3888 et
1997 3835 2050 3889 in

451 3925 710 3995 Lactant.,
739 3944 787 3983 c.
815 3929 877 3984 51
905 3970 921 3999 ,
949 3938 1050 3982 art.
1079 3929 1137 3999 4)
1161 3970 1174 3993 ,
1201 3946 1230 3982 a
1258 3929 1588 3984 Tertulliano
1618 3929 1687 3982 ibi
1709 3929 1880 3999 accipi
1908 3929 2053 3984 vide-

451 4031 539 4076 tur
568 4037 664 4091 pro
687 4022 894 4092 spoliis,
927 4039 1047 4094 qua:
1078 4023 1304 4078 Romani
1334 4038 1400 4078 ex
1425 4023 1596 4093 captis
1617 4023 1840 4078 urbibus
1863 4037 2046 4078 secum

454 4112 679 4166 Romam
715 4115 1037 4168 detulerunt.
1082 4113 1356 4184 Praecipua
1396 4128 1525 4170 vero
1550 4122 1706 4170 erant
1726 4114 1946 4169 deorum
1975 4115 2050 4168 si-

455 4203 715 4269 mulacra,
746 4219 866 4275 qua:
892 4207 943 4260 in
972 4207 1184 4275 templis
1203 4206 1448 4262 solebant
1473 4207 1726 4263 collocari
1753 4249 1768 4276 ,
1791 4223 1855 4262 ac
1893 4208 2052 4263 dein-

453 4314 584 4370 ceps
623 4298 858 4354 adorari.
901 4297 1267 4354 Romanorum
1317 4315 1447 4372 ergo
1492 4300 1774 4370 imperium
1817 4303 2054 4357 accrevit

454 4407 564 4448 non
589 4389 803 4460 quidem
835 4389 941 4444 ulla
969 4391 1210 4460 ipsorum
1241 4393 1291 4445 in
1319 4392 1449 4449 deos
1471 4393 1667 4464 pietate
1688 4402 1743 4448 et
1769 4392 2048 4464 religione,

453 4488 548 4542 sed
569 4487 862 4556 impietate,
886 4484 1180 4540 sceleribus
1200 4493 1254 4539 et
1277 4486 1590 4558 sacrilegiis.

525 4581 638 4646 Qua
662 4593 792 4648 ergo
814 4577 1022 4634 ratione
1042 4577 1112 4632 dii
1152 4577 1252 4645 illi,
1299 4579 1470 4649 pergit
1506 4581 1710 4635 Auctor
1737 4591 1941 4648 noster,
1981 4583 2050 4637 ab

455 4669 700 4727 hostibus
729 4671 842 4725 suis
871 4669 1128 4724 Romanis
1173 4670 1420 4724 sustinent
1467 4671 1695 4736 adorari,
1749 4682 1795 4726 et
1825 4674 1929 4728 illis
1955 4675 2052 4728 im-

455 4764 652 4832 perium
678 4763 785 4816 sine
804 4763 907 4831 ﬁne
925 4761 1192 4826 dederunt,
1215 4777 1431 4832 quorum
1457 4764 1616 4834 magis
1638 4764 1873 4833 injurias,
1898 4781 2051 4837 quam

455 4854 778 4908 adorationes
821 4869 1171 4908 remunerasse
1197 4854 1514 4909 debuerant?
1539 4853 1599 4910 lti
1630 4858 1829 4911 nostris
1860 4874 2048 4913 manu-

453 4949 666 5018 scriptis
708 4947 984 5004 codicibus
1025 4963 1089 5004 ac
1134 4949 1296 5003 variis
1353 4949 1698 5018 editionibus,
1753 4953 2048 5022 pra-sertim

453 5043 843 5114 antiquioribus
888 5042 1117 5099 habetur
1141 5043 1456 5098 adolationes
1478 5086 1494 5108 ,
1535 5046 1650 5101 sive
1687 5044 2008 5102 adulationes
2032 5088 2048 5114 ,

453 5135 904 5207 quemadmodum
933 5136 1244 5194 ditl‘erenter
1268 5138 1336 5193 ab
1371 5138 1492 5194 aliis
1515 5139 1772 5210 scriptum
1795 5139 2048 5200 occurrit.

453 5230 680 5300 Quidam
712 5241 890 5286 tamen
938 5231 1239 5287 maluerunt
1268 5231 1606 5298 adorationes,
1641 5242 1697 5287 ut
1723 5232 1824 5288 hoc
1854 5247 2049 5288 nomen

456 5324 718 5394 superiori
765 5323 928 5378 verbo
985 5324 1193 5379 adorari
1244 5325 1584 5394 respondeat.
1619 5325 1756 5392 Quid
1800 5340 1950 5389 vero,
2004 5327 2050 5381 si

454 5419 813 5477 Tertullianus
864 5418 1168 5489 signiﬁcare
1218 5419 1446 5474 vnluerit
1494 5419 1628 5476 deos
1667 5434 1772 5475 non
1815 5419 2050 5490 potuisse

455 5516 718 5586 patienter
759 5512 904 5569 ferre
951 5512 1306 5582 adulationes,
1335 5528 1432 5571 seu
1484 5530 1617 5569 vana
1648 5517 1824 5571 cultus
1860 5528 2049 5570 eorum

452 5608 836 5675 blandimenta,
859 5607 950 5679 qui
983 5615 1091 5661 tum
1123 5605 1203 5661 eis
1224 5607 1598 5674 adulabantur,
1633 5623 1754 5664 eum
1777 5610 2051 5680 impietate

451 5711 506 5759 et
545 5701 839 5775 sacrilegiis
875 5705 1054 5760 omnia
1083 5701 1392 5765 vastabant?
1419 5715 1495 5776 At
1532 5718 1857 5778 quocunque
1885 5704 2049 5763 modo

2073 4501 2127 4561 D

2155 3187 2284 3256 Quis
2313 3202 2462 3257 ergo,
2496 3187 2596 3241 nisi
2633 3186 2885 3252 insaniat,
2921 3188 3019 3241 hos
3061 3185 3262 3242 idcirco
3296 3203 3451 3244 veros
3477 3187 3608 3243 deos
3630 3201 3750 3244 esse

2151 3282 2382 3338 dixerit?
2435 3282 2562 3350 Qua:
2593 3297 2754 3352 porro
2780 3297 2842 3336 ac
2868 3281 3050 3351 quanti
3078 3282 3331 3352 ponderis
3353 3282 3462 3336 sint
3500 3283 3614 3337 hch
3656 3297 3751 3336 ar-

2151 3392 2425 3451 gumenta,
2469 3380 2662 3449 quibus
2697 3378 3062 3435 Tertullianus
3108 3377 3237 3433 illud
3287 3378 3530 3448 probavit
3559 3377 3750 3450 (Supr.

2150 3490 2266 3543 cup.
2293 3472 2348 3538 8,
2377 3483 2476 3526 art.
2507 3473 2541 3528 5
2561 3482 2606 3526 et
2634 3473 2818 3543 seqq.),
2851 3472 3099 3542 superius
3140 3471 3426 3526 enucleare
3455 3487 3517 3525 ac
3546 3471 3754 3542 patefa-

2150 3586 2275 3625 cere
2305 3569 2703 3624 contendimus.
2735 3567 2792 3622 lii
2822 3569 3192 3639 superioribus
3219 3571 3380 3623 etiam
3418 3569 3758 3624 dissertatio-

2152 3663 2309 3718 nibus
2341 3665 2455 3717 liaec
2482 3673 2537 3718 et
2565 3663 2667 3716 alia
2710 3663 2884 3717 adhuc
2914 3663 3064 3733 plura
3095 3662 3501 3732 explanavimus
3531 3660 3761 3732 (Disser-

2151 3767 2243 3810 tat.
2266 3758 2318 3810 in
2335 3755 2521 3810 Miuut.
2555 3755 2766 3822 (letam,
2798 3773 2918 3828 cap.
2943 3755 3034 3824 l6,
3057 3767 3156 3812 art.
3195 3759 3215 3812 1
3241 3767 3287 3810 et
3309 3774 3446 3828 seqq.
3470 3765 3516 3811 et
3535 3754 3758 3811 Dissert.

2152 3851 2202 3903 in
2226 3851 2438 3916 Arnob.,
2461 3867 2577 3920 cap.
2601 3851 2684 3914 18,
2710 3861 2808 3903 nrt.
2831 3852 2855 3905 1
2880 3861 2926 3904 ct
2946 3867 3082 3922 seqq.
3109 3861 3154 3905 et
3185 3849 3396 3906 Dissert.
3416 3852 3470 3904 in
3493 3849 3762 3918 Lactant,

2151 3959 2267 4014 cap.
2297 3942 2388 4007 52,
2420 3954 2520 3999 art.
2550 3943 2630 4014 4),
2672 3943 2866 4014 quibus
2887 3943 2975 3997 alii
3003 3951 3199 3998 nostra:
3217 3943 3495 4014 religionis
3519 3953 3765 3998 asserto-

2152 4042 2299 4090 tores
2329 4050 2392 4091 ac
2419 4035 2656 4094 vindices
2685 4036 2828 4090 illam
2856 4035 3143 4107 gentilium
3177 4037 3485 4105 opinionem
3512 4044 3568 4090 et
3596 4048 3763 4106 argu-

2154 4129 2536 4184 mentationem
2558 4130 2815 4185 radicitus
2843 4140 3216 4185 excusserunt.

2669 4281 2671 4283 ι
2716 4243 2944 4303 CAPUT
2983 4244 3180 4303 XXIX.

2296 4379 2374 4436 De
2404 4381 2612 4436 deorum
2634 4381 2962 4453 imaginibus,
2993 4383 3176 4438 statuis
3225 4391 3273 4439 et
3303 4381 3616 4439 simulacris.

2688 4533 2981 4574 Αιιτιςυιυε
3019 4534 3228 4576 PRIMUS.

2159 4633 2351 4701 Quibus
2398 4637 2708 4708 argumentis
2757 4634 3107 4692 Tertulliunus
3182 4639 3490 4694 demonstret
3539 4639 3762 4695 colenda

2230 4746 2330 4784 non
2355 4746 2462 4784 esse
2488 4730 2699 4784 deorum
2725 4730 3000 4784 simulacra
3018 4772 3033 4797 ,
3066 4717 3179 4801 qua:
3205 4729 3347 4785 trulla
3371 4742 3490 4786 ante
3523 4730 3757 4788 Numam

2232 4821 2570 4895 Pompilium,
2599 4839 2660 4877 ac
2687 4825 2838 4895 longo
2874 4823 3112 4895 deinceps
3143 4833 3388 4895 tempore,
3419 4824 3601 4881 Romae
3642 4830 3762 4897 fue-

2227 4928 2344 4972 runt
2373 4934 2535 4988 ;.qua:
2564 4933 2627 4972 ea:
2674 4917 2850 4972 eadem
2876 4919 3091 4972 materia
3117 4934 3177 4972 ac
3224 4918 3345 4971 vilia
3387 4920 3591 4973 uascula
3618 4919 3761 4988 facta

2225 5019 2367 5063 erant
2389 5025 2407 5074 ;
2431 5024 2546 5079 qua:
2584 5009 2809 5062 ridicula
2831 5008 3209 5062 consecratione
3233 5012 3401 5080 fatum
3441 5019 3760 5064 mutaverant

2227 5117 2412 5165 suum;
2441 5117 2555 5169 quae
2583 5101 2864 5169 artiﬁcibus
2897 5101 3167 5171 fabricata,
3199 5103 3354 5156 variis
3380 5103 3699 5164 contumeliis
3724 5119 3761 5158 ts

2227 5193 2395 5248 bestiis
2422 5193 2808 5265 hominibusque
2841 5193 3190 5264 efﬁciebantur
3218 5211 3236 5249 :
3263 5211 3324 5249 ac
3351 5211 3502 5266 quam
3530 5195 3760 5251 absurde

2227 5289 2395 5344 bestite
2414 5286 2616 5351 Libero,
2645 5288 2826 5359 Cybele
2848 5331 2864 5356 ,
2891 5299 2937 5343 et
2965 5288 3165 5345 Caelesti
3187 5290 3463 5359 applicatw
3488 5289 3612 5346 sint.

2224 5426 2361 5482 Cum
2387 5427 2518 5481 satis
2547 5439 2815 5497 superque
2854 5425 3281 5480 demonstratum
3309 5426 3380 5480 sit
3419 5424 3583 5481 falsos
3623 5423 3757 5480 nul-

2157 5519 2341 5588 losque
2363 5535 2483 5576 esse
2507 5520 2782 5590 gentilium
2807 5519 2960 5585 deos,
2995 5519 3117 5574 inde
3147 5521 3456 5576 necessario
3500 5519 3751 5588 sequitur

2158 5627 2316 5678 vana,
2343 5627 2407 5667 ac
2433 5612 2580 5667 nullo
2602 5612 2815 5684 penitus
2846 5611 3051 5668 honore
3084 5612 3243 5682 digna
3273 5627 3394 5668 esse
3427 5612 3639 5667 illorum
3678 5611 3762 5666 si-

2155 5703 2390 5764 mulacra
2412 5746 2428 5775 ,
2467 5713 2674 5763 statuas
2711 5714 2766 5764 et
2805 5707 3084 5779 imagines.
3116 5707 3248 5776 Quae
3290 5706 3435 5764 enim
3465 5705 3584 5763 falsi
3622 5705 3756 5779 dei,

4013 2969 4017 3178 Ι
