4076 6356
297 292 460 352 ’1129

1462 299 1917 360 DISSERTATIO
1954 302 2020 361 D.
2061 304 2150 363 LE
2187 306 2494 369 NOURRY.

3474 328 3614 388 “50

307 408 418 463 nisi
458 405 593 464 falsa
619 406 796 481 imago
836 421 959 466 esse
1000 410 1213 481 potest?
1253 410 1536 485 Nunquam
1561 430 1691 486 ergo
1716 430 1906 487 magna
1934 419 1990 480 Α
2017 418 2344 492 planumque
2375 421 2605 482 fecimus
2633 439 2792 498 quam
2821 443 3022 487 vesana
3052 439 3108 488 et
3145 433 3374 494 absurda
3399 439 3468 496 sit
3496 441 3613 500 haec

311 501 428 556 sine
455 500 730 573 impietate
754 503 948 560 colitur
961 513 1016 561 et
1037 503 1309 562 adorator.
1339 506 1703 564 'l‘ertullianus
1730 519 1908 565 tamen

222 655 229 661 ,
309 593 456 652 hunc
508 597 847 654 ethnicorum
891 613 1133 656 errorem
1183 601 1543 672 peculiaribus
1589 603 1907 676 quibusdam

311 691 556 762 esplodit
584 703 960 766 expugnatque
987 696 1306 766 rationibus,
1339 715 1460 771 qute
1501 715 1642 756 nunc
1679 716 1709 756 a
1752 701 1908 758 nobis

309 784 645 855 explicandae
673 794 820 842 sunt.

288 931 296 939 -
381 898 499 955 Jam
529 915 659 956 vero
690 901 838 957 illum
878 901 1185 963 audivimus
1211 906 1480 963 dicentem
1524 906 1668 962 nulla
1697 905 1904 972 Romze,

311 1003 570 1064 regnante
600 993 772 1050 Numa
795 996 1082 1067 Pompilio,
1117 1008 1172 1054 et
1190 1007 1314 1056 ante
1347 999 1490 1055 illius
1530 992 1742 1056 aetatem
1769 998 1906 1057 facta

309 1084 478 1141 fuisse
513 1084 803 1143 simulacra
832 1097 924 1143 aut
951 1087 1212 1162 imagines
1233 1090 1458 1147 deorum
1505 1089 1658 1163 (Cap.
1687 1108 1886 1162 super.,

312 1189 414 1232 art.
471 1179 550 1251 1).
585 1178 795 1236 Etenim
824 1180 1074 1248 nondum,
1108 1184 1298 1254 inquit,
1327 1192 1447 1238 tunc
1475 1186 1678 1255 ingenia
1707 1201 1904 1256 grwco-

315 1287 432 1325 rum
460 1281 610 1343 atque
640 1270 929 1328 Tuscorum
955 1275 1206 1347 ﬁngendis
1222 1276 1510 1331 sitnulacris
1539 1275 1724 1332 Urbem
1744 1279 1901 1332 inun-

321 1363 567 1418 daverant
595 1363 930 1432 (Tertullian.
964 1367 1256 1440 Apologet.,
1280 1385 1396 1440 cap.
1419 1368 1510 1436 25,
1545 1387 1600 1440 p.
1653 1370 1803 1443 450).
1827 1369 1903 1426 lbi

307 1471 436 1512 vero
465 1457 708 1514 alludere
735 1459 946 1516 videtur
974 1461 1042 1516 ad
1066 1460 1296 1530 Tatiani,
1329 1464 1468 1518 sicut
1496 1465 1620 1520 alibi
1652 1465 1900 1521 animad-

309 1548 569 1605 vertimus
602 1549 752 1620 (tom.
803 1550 824 1605 l
856 1550 1109 1621 Apparat.
1142 1570 1263 1625 pag.
1287 1554 1438 1627 545),
1459 1565 1512 1610 et
1537 1556 1763 1640 aliorum
1789 1558 1905 1628 opi-

285 1641 521 1699 nionem
543 1682 560 1712 ,
601 1643 692 1715 qui
724 1643 930 1701 Tuscos
960 1648 1091 1702 artis
1119 1646 1316 1719 ﬁglinm
1335 1690 1351 1717 ,
1383 1650 1902 1724 simulacrorumque

303 1750 369 1791 ex
417 1745 564 1792 creta
610 1745 664 1792 et
711 1739 898 1810 argilla
949 1739 1323 1811 ﬁngendorum
1375 1744 1683 1803 inventores
1735 1746 1900 1804 fuisse

2015 511 2350 570 ethnicorum
2368 517 2570 586 opinio.

2086 607 2216 675 Quae
2242 609 2521 668 enimvero
2550 613 2723 685 major
2751 617 2968 676 infamia
2997 635 3117 679 esse
3145 634 3321 694 potest
3339 644 3499 700 quam
3522 631 3608 688 di~

2009 699 2137 755 vino
2161 699 2367 759 honore
2409 708 2658 777 prosequi
2683 708 2836 777 deos,
2868 713 2956 783 qui
2994 716 3239 786 metallis,
3272 699 3442 792 inquit
3468 723 3604 781 Ter-

2017 793 2289 857 tullianus,
2330 808 2596 855 censentur
2637 800 2950 872 (Tertulian.
2999 808 3290 882 Apologet.,
3339 831 3454 887 cap.
3503 817 3594 885 12,

2011 902 2132 957 pag.
2159 887 2286 960 559)
2314 907 2327 944 :
2351 890 2775 951 subaudiendum
2816 897 2957 954 haud
3000 901 3160 959 dubie
3208 909 3307 960 orti
3348 918 3397 963 et
3434 913 3605 982 facti!

2007 977 2279 1037 Iuvenalis
2319 998 2548 1056 namque
2573 987 2765 1045 eodem
2797 1004 2960 1048 sensu
3001 992 3106 1052 hoc
3149 998 3371 1058 verbum
3410 977 3602 1061 censeri

2008 1069 2272 1143 adhibuit,
2305 1076 2393 1132 ubi
2421 1079 2651 1137 canebat
2680 1101 2694 1137 :

2131 1187 2776 1278 Stemmam-quidfa‘ciuut?
2797 1201 2914 1263 quid
2937 1204 3155 1270 prodest,
3179 1206 3403 1274 Pantice,
3427 1210 3578 1278 longo

2131 1249 2383 1315 Sanguine
2399 1249 2629 1308 censeri?
2727 1298 2738 1309 .
2813 1249 3155 1315 ‘;""_"“j"'
3181 1249 3403 1315 ς-η--ννι
3427 1249 3610 1284 mw,

2813 1346 3063 1408 (Juvenal.
3088 1349 3239 1406 Satir.
3263 1355 3312 1421 8,
3337 1370 3382 1410 υ.
3409 1360 3488 1425 1.)

2077 1436 2160 1492 Ad
2192 1439 2306 1496 hmo
2338 1457 2484 1512 vero,
2518 1456 2575 1503 ut
2602 1447 2716 1505 haec
2747 1450 2970 1510 deorum
2992 1458 3279 1518 simulacra
3307 1481 3371 1521 ex
3399 1469 3596 1526 mctal-
3669 1513 3687 1534 ,

2005 1527 2071 1585 lis
2097 1529 2310 1603 tierent,
2342 1537 2411 1592 ab
2442 1539 2813 1614 imperatoris,
2833 1549 2924 1616 qui
2948 1549 3139 1609 horum
3164 1567 3283 1613 erat
3319 1561 3594 1634 dominus,

2006 1623 2273 1725 pendebat
2317 1629 2543 1687 arbitrio
2587 1633 2945 1706 (Tertullian.,
3004 1645 3272 1718 Apologet.
3330 1669 3446 1725 cap.
3505 1623 3596 1724 29',

2004 1729 2059 1781 p.
2079 1713 2230 1789 459).
2262 1718 2368 1775 Pro
2415 1722 2556 1780 illius
2581 1741 2710 1798 ergo
2742 1740 2872 1788 nutu
2909 1749 2970 1789 ac
2995 1713 3267 1796 voluntate
3292 1741 3366 1798 dii
3394 1713 3471 1801 illi
3501 1713 3601 1805 lie;

300 1827 702 1886 existimabant.
745 1806 931 1902 Neque
971 1806 1088 1888 haec
1129 1843 1309 1890 tamen
1354 1835 1580 1892 deorum
1613 1839 1896 1896 simulacra
1929 1823 1976 1883 Β
2007 1806 2149 1902 bam}
2179 1810 2680 1902 Ye'reiiciebamur-
2702 1821 3161 1899 QuaMiSinsuper
3176 1838 3514 1893 contumeliis
3532 1839 3603 1896 ab

300 1916 527 1975 Romam
557 1930 831 1991 asportata
870 1931 1017 1993 sunt,
1051 1925 1232 1981 statim
1265 1935 1426 1998 atque
1461 1927 1633 1985 Numa
1675 1931 1896 2002 POmpi-

299 2011 404 2067 lius
433 2022 678 2070 mortuus
716 2023 823 2071 est.
870 2014 1099 2074 Romani
1141 2019 1429 2103 siquidem,
1465 2031 1526 2078 ut
1555 2023 1804 2103 laudatus
1828 2025 1897 2081 ab

297 2105 600 2175 Augustino
618 2103 813 2175 Varro,
837 2115 892 2163 et
916 2108 1170 2166 Clemens
1184 2101 1577 2170 Alexandrinus
1608 2101 1892 2185 testantur,

295 2193 428 2252 deos
453 2210 582 2252 suos
611 2211 708 2266 per
734 2208 952 2256 centum
987 2203 1324 2275 septuaginta
1353 2216 1408 2262 et
1446 2207 1676 2279 amplius
1718 2225 1895 2269 annos

294 2286 412 2344 sine
452 2288 759 2346 simulacris
784 2291 1089 2350 coluerunt.
1130 2293 1236 2352 Sed
1283 2297 1353 2354 de
1384 2297 1469 2355 his
1493 2300 1546 2355 in
1587 2301 1750 2358 citato
1774 2303 1886 2374 jam

293 2381 597 2451 Apparatus
635 2383 805 2440 nostri
844 2394 990 2442 tomo
1029 2387 1424 2458 disputavimus
1471 2393 1672 2466 (ibid.),
1711 2396 1891 2468 ibique

289 2484 550 2546 praeterea
568 2477 905 2535 ostendimus
923 2478 1150 2538 Numam
1172 2485 1427 2554 vetuisse,
1450 2503 1517 2545 ne
1545 2489 1708 2546 ullum
1725 2493 1892 2548 simu-

292 2566 498 2623 lacrum
528 2567 708 2626 ullave
739 2570 1119 2644 imagoﬁeret.

359 2683 465 2741 Per
503 2694 675 2744 totum
720 2688 901 2761 itaque
944 2690 1074 2747 illud
1121 2701 1352 2766 tempus,
1381 2711 1487 2768 quo
1524 2697 1755 2755 Romani
1804 2700 1889 2759 his

287 2789 612 2834 caruerunt:
637 2777 797 2850 Deus,
817 2782 893 2838 ait
914 2781 1300 2850 Tertullianus,
1331 2787 1441 2858 ipse
1467 2806 1714 2860 nusquam
1736 2791 1800 2865 (Τ
1803 2811 1888 2848 er-

243 2897 255 2906 -
286 2869 489 2924 tullian.
508 2869 802 2945 Apologet.,
837 2891 955 2946 cap.
978 2876 1071 2943 25,
1091 2895 1146 2946 p.
1182 2878 1337 2951 450).
1359 2880 1622 2956 Curergo,
1646 2887 1744 2940 nisi
1763 2889 1884 2957 quia

215 2966 220 2971 '
286 2963 485 3019 ethnici
542 2963 596 3020 in
631 2959 891 3023 animum
943 2969 1267 3027 induxerant
1319 2973 1541 3032 deorum
1597 2979 1884 3036 simulacra

285 3054 463 3125 reipsa
495 3070 622 3113 suos
651 3072 774 3114 esse
812 3058 982 3115 deos?
1014 3061 1084 3118 Et
1115 3080 1241 3119 vero
1278 3065 1534 3125 Clemens
1565 3071 1884 3127 Alexandri-

285 3161 405 3214 nus,
440 3164 470 3203 a
500 3149 655 3206 nobis
697 3151 858 3207 etiam
901 3153 1028 3209 alibi
1068 3155 1313 3213 laudatus
1345 3159 1491 3230 (tam.
1549 3160 1568 3215 1
1599 3163 1879 3234 Apparat.,

288 3255 411 3308 pag.
442 3239 772 3312 734),haud
819 3242 1126 3301 dubitanter
1176 3261 1452 3306 asseverat
1489 3256 1879 3324 posterioribus

285 3330 386 3385 illis
416 3333 745 3402 temporibus
785 3333 940 3392 fictos
969 3338 1037 3392 ab
1061 3339 1292 3396 ethnicis
1326 3341 1480 3408 deos,
1512 3361 1650 3416 quos
1679 3349 1877 3404 adora-

284 3421 431 3478 hant.
464 3423 823 3492 Quamobrem
851 3426 1217 3487 Tertullianus
1241 3434 1368 3490 alibi
1411 3434 1620 3492 dixerat
1652 3438 1782 3494 deos
1810 3443 1877 3498 ab

282 3515 474 3572 iisdem
518 3517 748 3574 ethnicis
790 3522 1044 3578 aestimari
1085 3539 1116 3578 a
1159 3526 1398 3596 templis,
1450 3530 1539 3585 ubi
1588 3534 1874 3590 simulacra

280 3622 466 3662 eorum
508 3609 678 3679 posita
710 3623 864 3668 erant
894 3612 1253 3685 (Tertullian.,
1292 3619 1590 3692 Apologet.,
1631 3640 1748 3695 cap.
1783 3627 1872 3694 10,

281 3714 334 3767 p.
367 3699 475 3755 550
505 3709 550 3756 et
579 3716 693 3773 cap.
727 3701 821 3772 25,
854 3722 976 3778 pag.
1007 3705 1164 3779 427).
1194 3709 1337 3766 Alibi
1364 3728 1490 3768 vero
1517 3705 1704 3771 eadem
1739 3717 1872 3774 deo-

278 3805 397 3844 rum
429 3791 742 3860 simulacra,
787 3810 905 3865 qua:
952 3796 1201 3867 Romani,
1244 3811 1300 3857 ut
1338 3813 1494 3860 antea
1534 3805 1870 3879 dicebamus,

278 3881 504 3939 Romam
525 3885 576 3940 in
599 3885 855 3958 triumphi
876 3904 1123 3960 pompam
1135 3890 1473 3965 deferebant,
1489 3887 1727 3968 captivos
1743 3900 1873 3958 deos

275 3977 529 4046 appellat.
563 3977 668 4034 Sed
700 3994 1088 4050 supervacuum
1134 3994 1217 4040 est
1253 3985 1354 4042 hoc
1387 3988 1626 4057 pluribus
1659 3993 1871 4062 probari

262 4070 416 4140 quod
447 4071 515 4125 ab
546 4071 638 4126 illo
668 4073 865 4145 ubique
894 4076 1092 4145 passim
1135 4093 1231 4149 pro
1255 4088 1408 4136 certo
1435 4082 1670 4154 ponitur,
1711 4093 1872 4157 atque

273 4176 400 4218 mox
428 4162 670 4220 dicendis
698 4166 1036 4225 manifestius
1057 4170 1283 4240 patebit.

347 4297 554 4364 Quanta
575 4311 753 4357 autem
774 4305 1015 4363 cmcitate
1045 4326 1058 4362 :
1092 4307 1232 4365 Deus
1258 4327 1423 4380 verus,
1460 4314 1630 4386 inquit
1660 4316 1770 4383 ille,
1803 4317 1872 4374 ab

276 4391 507 4446 ethnicis
555 4395 876 4476 spcrnitur,_
899 4398 1076 4455 eidem
1118 4402 1361 4470 profecto
1414 4405 1637 4462 deorum
1691 4418 1872 4466 statuae

273 4485 555 4538 adorantur
592 4484 770 4557 (idem,
799 4488 1095 4562 Apologet.,
1127 4510 1242 4564 cap.
1262 4496 1356 4563 41,
1391 4515 1507 4569 pag.
1543 4499 1696 4571 488).
1729 4502 1867 4568 Quid

272 4577 414 4632 enim
455 4577 508 4630 in
535 4577 614 4634 eis
648 4578 1054 4650 deprehendere
1085 4596 1200 4650 erat
1221 4630 1236 4656 ,
1271 4590 1370 4642 nisi
1401 4592 1638 4648 materias
1669 4611 1868 4651 sorores
1892 4619 1946 4679 D

272 4685 379 4724 esse
405 4671 723 4726 vasculorum
751 4674 1299 4752 instrumentorumque
1314 4686 1680 4750 communium,
1713 4690 1790 4742 rel
1805 4705 1869 4743 ea:

273 4763 460 4818 eisdem
487 4764 727 4838 vasculis,
755 4778 801 4822 et
834 4769 1204 4839 instrumentis,
1236 4776 1383 4844 quasi
1402 4781 1566 4849 fatum
1595 4797 1866 4836 consecra-

271 4855 406 4909 tione
453 4867 703 4912 mutantes
757 4859 962 4916 licentia
1010 4866 1135 4918 artis
1193 4868 1624 4940 transﬁgurante?
1674 4871 1865 4942 (Ibid.

270 4963 390 5017 cap.
417 4946 504 5013 l2,
532 4966 587 5020 p.
613 4949 763 5021 559).
812 4953 992 5010 Palam
1021 4955 1198 5027 itaque
1225 4965 1533 5027 pronuntiat
1552 4965 1866 5023 simulacro-

272 5056 392 5096 rum
419 5045 683 5112 materias,
715 5046 828 5103 sive
856 5047 1021 5119 ligna,
1052 5058 1108 5105 et
1133 5052 1367 5119 metalla,
1395 5056 1590 5125 quibus
1620 5058 1705 5113 illa
1728 5058 1864 5115 facta

273 5141 446 5197 erant,
489 5134 678 5190 eadem
727 5136 926 5207 luisse,
978 5149 1138 5211 atque
1184 5144 1520 5202 vasculorum
1567 5159 1619 5204 et
1667 5151 1864 5206 instru-

275 5231 602 5292 mentorum,
653 5243 773 5297 qnze
817 5234 1087 5288 communi
1135 5243 1191 5289 et
1237 5237 1560 5310 quandoque
1608 5241 1866 5299 vilissimo

274 5313 550 5370 hominum
576 5318 689 5372 usui
707 5317 1133 5381 destinabantur.
1159 5325 1348 5384 Fatum
1376 5330 1555 5402 itaque
1577 5348 1640 5389 ac
1666 5345 1866 5391 sortem

273 5421 424 5463 suam
447 5416 804 5480 mutaverant,
829 5414 1058 5484 primum
1084 5419 1298 5488 quidem
1326 5421 1546 5478 arbitrio
1567 5435 1621 5480 et
1649 5425 1870 5484 libidine

274 5502 539 5555 artilicum
563 5516 594 5556 a
621 5501 817 5572 quibus
843 5504 1018 5562 eflicta
1047 5511 1277 5581 fuerant,
1317 5529 1385 5570 ac
1410 5514 1604 5571 deinde
1649 5517 1868 5575 ridicula

275 5595 708 5663 consecratione,
764 5614 866 5668 qua
909 5600 1124 5658 demum
1166 5617 1404 5677 accepta,
1457 5619 1708 5681 tanquam
1759 5615 1869 5669 veri

277 5684 350 5740 dii
384 5703 412 5740 a
440 5688 725 5757 gentilibus
754 5692 1084 5751 colebantur.
1114 5696 1220 5752 Sed
1251 5701 1365 5756 haac
1389 5702 1514 5757 alibi
1546 5698 1720 5778 fusins'
1740 5722 1868 5776 pro-

264 5780 459 5854 _sccuti
503 5796 687 5837 sumus
714 5781 1008 5852 (Dissertat.
1050 5787 1103 5842 in
1127 5789 1342 5861 Arnob.,
1369 5810 1485 5862 cap.
1520 5795 1608 5863 l9,
1643 5808 1744 5854 art.
1789 5796 1868 5870 4),

570 5873 1008 5942 Taurorum:
1055 5881 1107 5948 Ι.

2001 1900 2300 1976 artificibus
2319 1903 3034 1988 fingunturfabricanturque
3050 1922 3074 1974 ‘i
3092 1921 3327 1980 Primum
3346 1931 3504 1996 cruci,
3524 1933 3602 1988 ait

2001 1987 2363 2052 Tertullianus
2389 1996 2575 2070 (Ibid.,
2595 2018 2711 2074 cap.
2736 2005 2824 2073 te,
2857 2025 2912 2078 p.
2943 1987 3097 2082 339),
3144 2031 3206 2069 ac
3234 2017 3392 2088 stipiti
3411 1987 3599 2093 super-

1999 2092 2303 2152 struuntur,
2333 2091 2485 2145 nsciis
2509 2092 2704 2150 deinde
2748 2097 3017 2170 dolantur,
3065 2115 3119 2160 et
3147 2120 3398 2166 secantur
3426 2091 3600 2171 runci-

1997 2176 2097 2242 nis,
2144 2179 2258 2234 sive
2296 2181 2466 2238 serris
2493 2185 2810 2257 majoribus,
2853 2201 2911 2246 et
2948 2195 3187 2265 scabinis,
3229 2200 3283 2255 id
3309 2211 3410 2272 est,
3454 2207 3600 2264 limis

1996 2270 2391 2362 perpoliuntur.
2423 2274 2561 2342 Quid
2601 2293 2749 2346 vero,
2795 2283 2938 2353 quod
2966 2296 3085 2342 ante
3117 2270 3402 2362 plumbum,
3443 2297 3594 2354 addit

1996 2360 2108 2431 ille,
2133 2364 2408 2436 glutinum,
2440 2381 2491 2423 et
2509 2373 2778 2444 gomphos,
2811 2393 2977 2448 graece
2995 2385 3217 2453 γόμφους,
3243 2387 3358 2444 sive
3385 2360 3593 2458 clavos,

1994 2455 2186 2524 quibus
2199 2460 2633 2533 compinguntur,
2648 2467 2756 2522 sine
2766 2472 2933 2540 capite
2943 2486 3061 2528 sunt
3075 2475 3146 2530 dii
3158 2477 3184 2531 ?
3196 2480 3215 2551 (
3229 2477 3378 2539 Varr.
3394 2481 3509 2540 Lib.
3524 2455 3595 2543 Vl

1993 2548 2058 2602 de
2078 2547 2229 2622 Ling.
2259 2552 2434 2622 latin.,
2468 2573 2590 2628 pag.
2613 2558 2731 2629 54.)
2757 2561 2947 2619 Nonne
2979 2579 3159 2624 autem
3192 2547 3275 2628 his
3304 2576 3483 2633 verbis
3510 2580 3585 2635 si-

1990 2640 2207 2710 gniﬁcat
2253 2645 2526 2703 simulacri
2561 2660 2720 2720 caput
2754 2658 3042 2723 separatim
3084 2658 3315 2729 factum,
3361 2667 3584 2739 imposi-

1993 2743 2212 2808 tumque
2240 2750 2422 2809 postea
2448 2743 2564 2812 ejus
2584 2747 2820 2816 corpori,
2849 2749 3120 2822 clavisque
3149 2755 3226 2810 illi
3256 2756 3501 2816 affixum.

2063 2828 2169 2884 Sed
2198 2829 2360 2888 hasce
2399 2833 2743 2904 ignominias,
2778 2848 2834 2893 ut
2864 2839 2953 2896 ille
2981 2843 3056 2897 ait
3091 2843 3447 2919 (Tertullian.,
3481 2853 3582 2911 loc.

1987 2921 2101 2988 cit.,
2132 2940 2184 2992 p.
2219 2922 2372 2998 559),
2405 2924 2458 2981 hi
2490 2939 2808 2997 praestantes
2837 2932 2920 2988 dii
2954 2935 3072 2990 sive
3097 2939 3402 3008 simulacra,
3435 2947 3587 3004 nullo

1986 3014 2112 3071 vita:
2142 3016 2270 3073 ﬂatu
2301 3019 2555 3088 animata,
2584 3037 2691 3078 non
2715 3027 2974 3082 sentiunt.
2997 3029 3196 3087 Statum
3227 3036 3504 3093 enimvero
3532 3049 3587 3095 et

1985 3105 2194 3179 frigida:
2238 3110 2500 3182 imagines
2549 3102 2887 3172 mortuorum
2932 3118 3210 3178 hominum
3253 3126 3580 3197 simillimas,

1908 3220 1953 3282 ρ
1987 3203 2125 3258 sicut
2153 3204 2517 3261 fabricationis
2547 3221 2661 3264 sua:
2704 3211 2971 3268 dedecore
3001 3232 3106 3270 non
3153 3228 3461 3290 tanguntur,
3512 3227 3584 3281 ita

1985 3308 2084 3349 nec
2125 3293 2466 3351 adorantium
2518 3299 2666 3354 cultu
2723 3310 2779 3356 et
2827 3303 3108 3374 obsequio.
3158 3309 3276 3365 Huc
3336 3315 3580 3385 accedit,

1981 3385 2123 3456 quod
2152 3386 2304 3442 istam
2331 3390 2744 3446 simulacrorum
2768 3395 3160 3467 stupiditatem,
3191 3403 3351 3470 milvi,
3383 3407 3577 3479 inquit,

1981 3492 2150 3530 mures
2177 3487 2224 3531 et
2252 3495 2456 3534 aranew
2474 3481 2761 3554 intelligunt
2781 3483 2990 3558 (Ibid.),
3013 3503 3133 3544 cum
3167 3493 3382 3565 impune
3414 3499 3465 3554 in
3495 3502 3578 3558 his

1979 3569 2169 3624 statuis
2183 3568 2479 3638 nidificant,
2502 3587 2706 3644 easque
2721 3576 2831 3632 suis
2852 3579 3200 3650 coinquinant
3219 3591 3568 3651 stercoribus.

1979 3658 2213 3717 Facilius
2243 3678 2372 3720 vero
2401 3663 2553 3720 illam
2585 3667 2953 3739 intelligebaut
2975 3675 3140 3743 fures,
3173 3679 3372 3752 aliique
3401 3686 3576 3745 homi-

1978 3769 2075 3812 nes
2096 3756 2266 3828 impii,
2296 3773 2327 3812 a
2369 3773 2595 3829 quorum
2626 3764 2828 3832 rapinis
2852 3776 2906 3820 et
2932 3773 3270 3828 contumeliis
3298 3791 3572 3851 nunquam

1977 3848 2096 3905 sine
2137 3865 2498 3906 caasareorum
2547 3853 2784 3910 militum
2843 3861 3084 3918 excubiis
3133 3865 3248 3924 haec
3290 3848 3571 3933 simulacra

1978 3949 2088 3996 tuta
2114 3957 2234 3997 esse
2259 3952 2528 4013 poterant.
2571 3945 2677 4002 Sed
2707 3948 2854 4006 istmc
2887 3951 2940 4007 in
2971 3958 3344 4026 superioribus
3371 3971 3572 4027 nostris

1973 4033 2446 4094 dissertationibus
2467 4039 2884 4098 ‘enucleavimus
2929 4043 3226 4114 (Dissertat.
3271 4057 3324 4110 in
3353 4056 3568 4129 Μίνωι,

1974 4144 2089 4198 cap.
2121 4129 2213 4195 21,
2252 4139 2352 4183 art.
2384 4131 2436 4195 l,
2476 4141 2522 4186 et
2566 4132 2618 4186 in
2650 4134 2868 4203 Arnob.,
2909 4154 3030 4209 cap.
3062 4139 3154 4209 22,
3191 4155 3291 4201 art.
3334 4149 3388 4214 5,
3431 4163 3478 4207 et
3517 4155 3569 4211 in

1973 4221 2210 4278 Lactant.
2238 4241 2354 4296 cap.
2384 4225 2471 4292 55,
2503 4237 2603 4281 art.
2631 4228 2713 4298 5).

2045 4317 2242 4374 Contra
2291 4334 2418 4374 vero
2464 4320 2815 4377 clamitabant
2841 4324 3044 4382 etlmici
3094 4329 3283 4402 impias
3309 4353 3430 4396 esse
3471 4343 3569 4401 has

1973 4423 2136 4465 voces
2163 4420 2216 4467 et
2241 4411 2482 4466 convicia
2528 4415 2786 4485 sacrilega
2836 4434 2850 4470 :
2898 4417 3007 4473 Sed
3051 4421 3343 4496 infundite,
3376 4434 3450 4488 ait
3488 4439 3568 4492 eis

1973 4511 2158 4558 auctor
2179 4511 2381 4567 noster,
2414 4513 2463 4557 et
2481 4504 2790 4574 inspumate,
2811 4519 3068 4579 quantum
3101 4516 3396 4587 volueritis,
3433 4525 3568 4584 nihil

1973 4610 2105 4650 sane
2144 4595 2193 4648 hi
2212 4594 2474 4651 clamores
2505 4597 2657 4653 vobis
2679 4600 2998 4668 proderunt.
3024 4605 3264 4664 Audistis
3295 4613 3437 4669 enim
3462 4617 3565 4672 ali-

1973 4687 2184 4758 quando
2207 4687 2453 4742 Senecam
2481 4688 2731 4762 aliquem,
2759 4695 2845 4748 cui
2878 4697 3136 4769 refragari
3162 4705 3412 4772 nequitis,
3441 4711 3564 4778 plu-

1972 4780 2108 4835 ribus
2124 4791 2171 4835 et
2197 4782 2532 4837 amarioribus
2562 4785 2722 4840 verbis
2749 4786 2813 4841 de
2833 4798 3000 4866 vestra
3028 4796 3383 4862 superstitione
3415 4818 3564 4870 pera-

1970 4867 2164 4928 rantem
2191 4872 2516 4944 (Tertullian.
2549 4878 2837 4952 Apologet.,
2871 4899 2987 4952 cap.
3015 4885 3100 4949 12,
3133 4905 3186 4958 ρ.
3234 4890 3341 4946 559
3365 4867 3564 4965 ).-Quze

1970 4979 2100 5021 vero
2116 4965 2222 5020 sint
2242 4964 2358 5022 haec
2376 4965 2594 5025 Senecas
2614 4971 2775 5027 verba
2799 4971 3156 5030 indicavimus
3183 4979 3233 5032 in
3256 4982 3358 5037 alia
3379 4964 3562 5046 nostra

1971 5055 2372 5127 dissertatione,
2404 5060 2492 5115 ubi
2520 5071 2577 5116 et
2607 5061 2748 5117 hunc
2791 5062 3113 5121 Tertulliani
3146 5070 3320 5129 locum
3371 5077 3563 5136 citavi—

1969 5163 2090 5203 mus
2119 5147 2413 5220 (Dissertat.
2441 5151 2494 5206 in
2521 5149 2782 5218 Lactant.,
2813 5169 2929 5222 cap.
2951 5156 3039 5218 55,
3074 5169 3173 5213 art.
3203 5161 3259 5234 5)
3289 5164 3564 5234 .Quamvis

1970 5250 2145 5296 autem
2159 5241 2362 5299 Seneca
2379 5244 2647 5310 tacuisset,
2666 5259 2772 5300 non
2792 5246 2973 5303 minus
2990 5249 3221 5307 validum
3238 5267 3318 5312 est
3330 5264 3564 5321 auctoris

1971 5335 2139 5390 nostri
2157 5345 2554 5406 argumentum,
2572 5345 2758 5392 contra
2790 5338 2936 5407 quod
2967 5343 3197 5411 gentiles
3216 5348 3427 5408 rabiosc
3443 5357 3566 5426 qui-

1973 5425 2095 5482 dem
2139 5427 2466 5496 inspumare,
2503 5427 2596 5483 sed
2633 5428 2749 5497 ejus
2785 5431 2891 5485 vim
2929 5431 3219 5506 infringere
3249 5425 3565 5514 nequibant.

2047 5514 2177 5587 Quis
2207 5521 2364 5590 igitur
2395 5535 2499 5575 non
2532 5520 2832 5591 deplorabit
2859 5541 3056 5580 caream
3083 5527 3296 5588 illorum
3319 5535 3568 5607 impieta.

1975 5622 2107 5678 teni,
2139 5615 2225 5682 qui
2255 5597 2308 5668 ut
2335 5615 2507 5683 major
2532 5616 2637 5671 diis
2663 5619 2793 5684 suis,
2824 5635 2919 5675 seu
2947 5616 3247 5680 simulacris
3283 5629 3572 5692 haberetur

1975 5705 2257 5760 veneratio
2309 5725 2322 5760 :
2361 5705 2580 5775 Bestius,
2632 5709 2804 5780 inquit
2851 5711 3237 5785 Tertullianus,
3271 5723 3472 5793 Libero,
3521 5740 3570 5783 et

1979 5797 2183 5869 Cybele,
2220 5806 2266 5852 et
2293 5797 2497 5855 Caelesti
2522 5802 2861 5873 applicabant
2891 5803 3248 5877 (Tertullian.,
3280 5813 3576 5890 Apologet.,

2866 5898 3310 5980 (Trenle-st'xl.
