4076 6356
440 182 578 245 ttat
1512 180 1577 239 lN
1614 174 2076 240 'l‘liB’l'ULLlANl
2112 176 2644 246 arctocmcun
3216 174 3225 179 “
3596 183 3752 248 ηπ

436 320 555 375 cap.
584 303 672 371 η,
714 318 770 375 ρ.
803 302 955 373 539),
982 301 1036 358 id
1055 307 1163 370 est,
1190 300 1407 358 illorum
1427 302 1757 373 eurrui,quo
1770 299 1893 357 vehi
1914 298 2036 353 6η-
2060 297 2116 358 A
2138 298 2231 368 qui
2259 309 2419 358 recte
2440 304 2664 362 rationis
2690 298 2894 369 lumini,
2919 302 3033 360 sole
3060 302 3370 361 meridiano
3400 304 3602 364 clarius
3632 305 3745 362 fui-

440 395 956 468 gebantnr?Currus
983 394 1123 449 enim
1143 393 1319 451 Liberi
1338 395 1650 451 trahebatur
1663 394 1891 466 tigribus
1907 405 2041 463 que-
2142 392 2313 462 geuti,
2357 396 2541 455 oculos
2571 399 2713 455 ultro
2739 397 3072 465 claudentes,
3098 397 3237 453 mira
3265 398 3564 469 pervicacis
3604 399 3747 454 ima-

445 491 787 549 mdmodum
801 492 871 547 ab
884 491 1075 547 Ovidio
1093 489 1297 564 (Ouid.,
1317 491 1685 563 Metantorph.,
1706 490 1813 564 fat.
1852 489 1973 554 ala,
1994 496 2042 543 et
2142 483 2316 554 sines,
2349 496 2573 558 statuas,
2603 491 2888 547 simulacra
2915 488 3174 544 falsorum
3196 489 3424 546 deorum
3454 484 3746 547 retinenda

446 586 538 641 lib.
566 585 629 639 dc
653 585 777 639 Arte
791 584 1021 639 animai.
1049 600 1096 639 υ.
1127 583 1279 655 560),
1302 583 1529 656 aliisque
1561 582 1805 653 pluribus
1830 579 2041 637 discere
2142 578 2476 653 colendoque
2497 598 2618 640 esse
2642 581 3062 642 contendebant.
3091 582 3197 640 Pro
3220 583 3434 640 ratione
3457 582 3621 649 enim,
3656 583 3747 638 in-

444 687 522 735 est
533 721 546 734 .
562 678 921 747 Quamobrem
936 679 1071 734 satis
1084 679 1187 734 erit
1202 677 1319 733 haec
1333 678 1529 734 citasse
1544 676 1747 749 Virgilii
1764 671 2037 761 carmina:

594 812 717 879 lico.
742 814 824 879 qui
847 814 1418 879 pampineisvictorjuga
1443 811 1826 879 ﬂectititabenis

594 874 775 939 Liber;
785 874 941 941 agens
960 874 1096 927 celso
1118 877 1261 940 Nysa:
1281 874 1346 927 de
1364 874 1559 926 vertice
1583 875 1756 937 tigres.

1036 958 1259 1028 (Virgil.,
1282 958 1366 1012 lib.
1390 965 1447 1008 vi
1469 954 1685 1022 Md,
1710 969 1757 1010 υ.
1777 957 1916 1022 m.)

443 1068 673 1141 Cybeles
700 1080 831 1126 vero
868 1083 1086 1125 currum
1129 1041 1398 1126 vehebant
1438 1067 1660 1134 leones,
1690 1066 1850 1123 sicuti
1896 1064 2037 1124 canit

442 1158 723 1219 Lucretius
756 1181 768 1217 :
832 1170 835 1177 '
1060 1174 1065 1178 ‘

590 1276 728 1340 Hanc
748 1283 948 1327 veteres
972 1277 1168 1329 Graium
1189 1278 1319 1328 docti
1342 1276 1573 1340 cecinere
1598 1283 1757 1340 poene

591 1339 810 1404 Sedibus
830 1340 879 1389 in
900 1341 1264 1404 curru‘bijugos
1286 1342 1478 1404 agitare
1498 1336 1694 1404 leones,

592 1402 740 1465 Aeris
763 1405 809 1451 in
832 1405 988 1465 spatio
1008 1402 1229 1464 magnam
1254 1403 1475 1465 pendere
1494 1402 1738 1452 docentes

588 1462 872 1525 Tellurem,
897 1478 1062 1528 neque
1091 1462 1305 1528 possein
1328 1474 1458 1515 terra
1483 1465 1661 1515 sistere
1685 1470 1886 1514 terram.

1031 1548 1267 1611 (Lucret.,
1293 1547 1376 1599 lib.
1403 1552 1458 1609 il,
1481 1561 1525 1599 υ.
1544 1545 1637 1598 600
1654 1553 1699 1598 et
1720 1544 1879 1613 seqq.)

444 1654 710 1711 Diodorus
757 1671 883 1712 vero
909 1654 1124 1712 Siculus
1169 1656 1355 1711 scribit
1398 1653 1560 1725 hujus
1595 1653 1713 1709 dea:
1743 1653 2035 1710 simulacro

442 1746 641 1805 idcirco
668 1746 914 1804 admotos
943 1747 1131 1804 leones
1155 1759 1208 1805 et
1238 1748 1515 1821 pardales,
1547 1749 1672 1820 quia
1711 1748 1779 1804 ab
1809 1747 1895 1804 bis
1923 1764 2030 1804 nu-

443 1841 564 1897 trita
594 1838 862 1898 ferebatur
888 1838 1128 1911 (Diodar.
1160 1843 1249 1897 lib.
1295 1841 1365 1897 lli
1405 1841 1679 1909 Biblioth.,
1708 1847 1831 1914 pag.
1866 1842 1972 1898 155
1989 1842 2030 1912 ).

454 1916 463 1921 Α
507 1932 687 1992 Tertia
705 1951 867 2006 porro
888 1937 1009 2003 dea,
1032 1937 1187 2005 cujus
1212 1936 1393 1991 currui
1418 1936 1621 2005 junctae
1643 1944 1800 1992 erant
1820 1936 2029 2004 bestias,

445 2043 475 2082 a
500 2023 836 2083 Tertulliano
854 2037 1073 2082 vocatur
1093 2026 1342 2094 Calestis,
1368 2027 1444 2082 uti
1464 2029 1515 2082 in
1532 2026 1808 2083 codicibus
1832 2028 2033 2085 nostris

438 2117 719 2190 scriptum,
753 2120 804 2174 in
831 2118 1154 2190 quibusdam
1193 2134 1324 2175 vero
1352 2117 1473 2174 aliis
1500 2118 1672 2174 Cereri
1708 2118 1924 2191 legitur.
1964 2121 2036 2176 At

438 2208 554 2266 hinc
574 2211 790 2283 quidem
809 2213 1101 2268 vocabatur
1117 2211 1389 2278 Caelestis,
1413 2211 1636 2282 ejusque
1662 2225 1853 2267 currus
1874 2210 2035 2269 vehe-

438 2304 594 2360 batur
609 2305 893 2377 anguibus,
923 2304 1380 2391 quemadmodum
1410 2304 1492 2360 bis
1508 2304 1732 2363 Ovidius
1749 2300 2037 2363 conﬁrmat

437 2395 685 2455 versibus
711 2417 724 2453 :

592 2555 604 2565 .
709 2553 719 2564 .
820 2554 833 2565 .
890 2576 897 2577 ί
932 2515 1165 2577 Geminos
1185 2516 1279 2566 dea
1310 2513 1488 2565 fertilis
1508 2524 1698 2577 engines

590 2576 823 2640 Curribus
843 2576 1069 2640 admovit,
1099 2575 1362 2640 frenisque
1386 2575 1604 2627 coercuit
1620 2590 1725 2637 ora,

593 2639 656 2691 Et
676 2639 893 2689 medium
917 2638 1028 2689 creti
1053 2638 1299 2702 terraque
1324 2650 1415 2702 per
1450 2651 1566 2690 aera
1584 2648 1723 2690 vecta
1750 2646 1843 2689 est.

962 2724 1148 2791 tom,
1167 2724 1252 2779 lib.
1278 2735 1312 2776 ν
1338 2727 1554 2792 Metam,
1578 2726 1675 2794 fab.
1700 2724 1882 2793 ultim.)

435 2830 554 2889 Non
580 2831 692 2888 sola
722 2840 901 2889 tamen
939 2830 1125 2889 Ceres.
1157 2828 1251 2888 sed
1277 2830 1461 2888 Venus
1493 2831 1657 2889 etiam
1682 2832 2036 2903 cognomina-

436 2926 593 2983 batur
614 2922 885 2989 Coelestis,
919 2937 1243 2996 currumque
1264 2924 1409 2981 illius
1430 2923 1669 2980 oloribus
1697 2932 1751 2980 et
1772 2922 2038 2980 columbis

435 3017 578 3075 trahi
592 3018 918 3090 garriebant.
937 3015 994 3073 Si
1014 3024 1204 3072 testem
1224 3027 1392 3087 petas,
1411 3017 1564 3073 adest
1586 3014 1758 3074 adhuc
1777 3016 1999 3075 Ovidius
2018 3035 2033 3073 :

587 3110 751 3162 Vecta
772 3108 869 3174 levi
886 3122 1031 3174 curru
1047 3108 1238 3174 medias
1250 3105 1491 3174 Cytherea
1516 3122 1606 3173 per
1618 3120 1786 3174 auras,

589 3174 779 3238 Cypron
801 3171 1018 3225 Olorinis
1034 3173 1247 3223 nondum
1266 3171 1564 3236 pervenerat
1584 3173 1691 3223 alis.

1344 3256 1619 3321 (ιωάηιέι.
1639 3265 1696 3321 x,
1714 3259 1744 3325 ε
1763 3258 1882 3324 αα.)

443 3340 639 3399 Postea
671 3354 799 3397 vero
829 3359 843 3396 :

592 3455 792 3519 Perque
814 3454 958 3506 leves
978 3467 1123 3506 auras
1137 3455 1325 3518 junctis
1345 3457 1541 3509 invecta
1554 3457 1817 3509 columbis.

440 3557 683 3631 Denique
703 3559 953 3628 lunonis,
972 3575 1091 3631 qua:
1104 3558 1359 3617 lecstis
1376 3576 1589 3634 quoque
1608 3563 2036 3636 nuncupabatur,

438 3666 659 3709 currum
684 3653 833 3724 equi,
890 3654 1028 3710 sicut
1060 3652 1346 3720 Homerus,
1385 3654 1655 3726 Virgilius,
1694 3666 1748 3713 ct
1778 3671 2038 3728 pavones,

2145 671 2259 741 quit
2279 671 2386 740 ille,
2422 676 2620 732 insulsa
2643 678 2901 733 duntaxat
2924 685 3043 732 erat
3078 676 3165 731 illa
3206 677 3516 732 vociferatio
3547 696 3562 733 :
3591 674 3743 743 ﬂatu,

2148 758 2291 821 nobis
2308 766 2381 820 dii
2395 768 3196 842 mutTertullian.,Apologet.,
3215 786 3335 841 cap.
3362 772 3453 836 15,
3499 789 3552 842 Ρ·
3584 770 3743 842 5“)-

2145 854 2341 913 Verum
2365 875 2513 915 mera
2536 863 2694 921 verba
2727 870 2902 928 erant,
2935 862 3131 931 quibus
3159 861 3262 932 ipsi
3290 871 3504 918 suomet
3528 861 3741 933 judicio

2142 948 2303 1021 plane
2328 952 2843 1011 condemnabannir.
2880 953 3103 1010 Dilﬂteri
3131 954 3331 1025 quippe
3356 969 3463 1010 non
3490 963 3748 1025 poterant

2145 1044 2370 1112 nullum,
2398 1047 2516 1104 sine
2544 1056 2766 1104 senatus
2785 1047 3194 1120 approbatione,
3229 1055 3287 1102 ut
3314 1062 3474 1117 supra
3500 1047 3740 1109 vidimus

2143 1135 2282 1208 (cap.
2314 1136 2404 1203 18,
2432 1149 2537 1194 art.
2575 1139 2656 1211 9),
2687 1140 2846 1198 deum
2891 1140 3132 1211 potuisse
3160 1140 3459 1211 nuncupari
3480 1149 3536 1197 et
3563 1138 3749 1195 hono-

2142 1228 2659 1288 rari.Verumtanien
2686 1232 2741 1287 in
2767 1232 2965 1291 ethnici
2984 1232 3276 1302 cujuslibet
3296 1241 3562 1303 potestate
3577 1232 3747 1289 situm

2143 1320 2241 1377 luit
2265 1338 2426 1394 quem
2451 1324 2734 1393 voluisset,
2758 1325 2947 1393 deum,
2970 1325 3085 1382 sive
3099 1325 3478 1398 quodcumque
3500 1326 3606 1383 sibi
3630 1325 3750 1397 pla-

2142 1415 2461 1483 cuisset,dei
2477 1418 2826 1475 simulacrum
2841 1419 3151 1490 auteligere
3173 1430 3266 1475 aut
3285 1419 3595 1492 reprobate.
3618 1420 3751 1477 Sus-

2141 1516 2353 1576 ceptum
2370 1509 2551 1580 itaque
2564 1510 2638 1565 ab
2657 1511 2838 1582 aliquo
2852 1512 3011 1569 deum
3028 1512 3167 1566 alius
3188 1527 3285 1583 pro
3307 1512 3460 1568 libito
3480 1527 3747 1583 asperna—

2141 1599 2317 1655 batur.
2341 1601 2410 1657 At
2430 1601 2559 1657 illud
2588 1603 2707 1659 sine
2723 1604 2993 1675 reprobati
3015 1603 3208 1675 injuria
3238 1604 3478 1661 ﬁerinon
3508 1615 3747 1675 poterat,

2064 1699 2113 1762 Β
2138 1701 2252 1761 aut,
2284 1697 2355 1763 ut;
2375 1695 2492 1767 ipse
2521 1696 2887 1753 Tertullianus
2913 1713 3009 1755 eos
3039 1699 3416 1771 compellando
3436 1698 3746 1772 (loquitur:

2138 1785 2266 1843 Cum
2285 1787 2377 1842 alii
2393 1790 2529 1845 alios
2546 1791 2735 1859 colitis,
2762 1792 2934 1861 utique
2948 1810 3078 1865 quos
3096 1811 3207 1850 non
3229 1795 3420 1861 colitis,
3449 1794 3743 1864 olenditis.

2140 1875 2387 1934 Prclatio
2416 1882 2567 1936 unius
2589 1882 2699 1938 sine
2725 1884 2937 1940 alterius
2960 1887 3273 1943 contumelia
3290 1904 3393 1944 non
3418 1897 3581 1959 potest
3608 1905 3738 1960 pro-

2141 1971 2317 2027 cedere
2344 1971 2708 2046 (Tertullian.,
2738 1977 2836 2032 loc.
2865 1977 3006 2049 cit.).

2212 2066 2443 2133 Quidam
2486 2079 2668 2125 autem
2711 2080 2905 2141 putent
2926 2072 3283 2144 Augustinum
3323 2073 3393 2131 ad
3419 2075 3534 2131 hac
3577 2075 3748 2133 verba

2139 2161 2447 2231 respexisse
2467 2201 2482 2226 ,
2511 2162 2600 2218 ubi
2630 2170 2797 2218 totam
2825 2164 2970 2220 illam
2991 2166 3509 2236 argumentationem
3535 2167 3747 2239 impro-

2143 2252 2255 2319 bat,
2274 2253 2464 2325 sicque
2502 2254 2699 2311 refellit
2726 2273 2740 2310 :
2762 2255 2885 2312 Non
2906 2258 3022 2313 dico
3045 2261 3184 2329 quod
3199 2260 3413 2330 [cutim
3428 2262 3504 2317 ait
3529 2259 3748 2317 Tertul-

2145 2345 2332 2409 lianus,
2360 2351 2578 2418 fortasse
2597 2366 2749 2418 quam
2773 2351 2939 2406 uerius
2958 2368 2980 2405 :
3001 2351 3067 2408 Si
3084 2353 3158 2406 dii
3176 2353 3481 2426 adiguntur,
3506 2363 3565 2409 ut
3577 2354 3744 2425 bulbi,

2144 2438 2317 2508 utique
2335 2441 2501 2494 caeteri
2527 2442 2728 2511 reprobi
2751 2442 3075 2511 iudicaretur.
3116 2443 3242 2501 Non
3266 2447 3364 2502 hoc
3390 2446 3529 2502 dico.
3579 2445 3745 2503 Video

2146 2530 2282 2584 enim
2319 2533 2471 2586 etiam
2497 2549 2562 2589 ex
2590 2535 2784 2590 selectis
2812 2537 2957 2608 seligi
2991 2538 3188 2609 aliquos
3222 2539 3292 2594 ad
3329 2540 3537 2612 aliquod
3571 2542 3747 2613 majus

2147 2631 2193 2677 et
2222 2622 2576 2694 praestantius,
2601 2627 2734 2682 sicut
2759 2627 2812 2683 in
2843 2630 3050 2699 militia,
3073 2648 3191 2687 cum
3222 2642 3424 2706 tyroncs
3450 2634 3593 2690 electi
3621 2638 3746 2705 fus-

2146 2712 2270 2781 rint,
2302 2732 2365 2771 ea:
2391 2715 2470 2772 his
2487 2733 2683 2788 quoque
2704 2720 2962 2792 eliguntur
2985 2725 3056 2777 ad
3085 2739 3213 2795 opus
3234 2725 3443 2796 aliquod
3464 2727 3630 2797 ntajus
3649 2744 3746 2782 ar-
3761 2784 3776 2795 _

2147 2821 2467 2863 morum.....
2495 2807 2617 2864 Non
2643 2827 2771 2883 opus
2798 2822 2874 2868 est
2903 2815 3064 2869 multa
3092 2832 3404 2886 percurrere,
3434 2835 3549 2873 cum
3571 2835 3651 2889 res
3680 2821 3742 2875 in

2147 2908 2325 2970 aperto
2370 2900 2453 2955 sit.
2491 2900 2831 2970 Quamobrem
2881 2923 2983 2962 non
3010 2924 3074 2963 ea:
3099 2908 3192 2964 hoc
3216 2909 3353 2980 quod
3378 2910 3451 2966 dii
3478 2927 3541 2966 ea:
3568 2911 3748 2967 multis

2146 2992 2356 3063 quidam
2380 2994 2551 3051 selecti
2577 3008 2717 3065 sunt,
2735 2999 2813 3054 vel
2836 3001 2902 3068 is,
2934 3004 3022 3073 qui
3041 3004 3263 3073 scripsit,
3292 3004 3558 3061 celsorum
3581 3006 3747 3063 culto-

2067 3100 2114 3165 C
2149 3100 2251 3152 res,
2268 3085 2345 3140 vel
2362 3085 2433 3140 dii
2449 3086 2549 3158 ipsi
2571 3087 2890 3160 vituperandi
2910 3104 3027 3147 sunt
3047 3094 3169 3149 :sed
3195 3095 3558 3152 advertendum
3573 3099 3749 3170 potius

2149 3179 2355 3249 quinam
2367 3178 2450 3234 isti
2461 3180 2578 3247 sint,
2595 3191 2654 3263 et
2655 3181 2724 3235 ad
2735 3200 2885 3254 quam
2899 3202 3003 3240 rem
3016 3186 3184 3241 selecti
3195 3172 3714 3263 uideantur-(August.
3724 3231 3742 3258 ,

2149 3268 2241 3325 lib.
2264 3268 2355 3327 Vll
2379 3272 2442 3327 dc
2466 3254 2654 3340 Civil:
2672 3292 2790 3348 cap.
2815 3278 2867 3345 l,
2886 3296 3007 3352 pag.
3039 3280 3186 3351 ibi).
3205 3280 3402 3338 Verum
3428 3254 3746 3356 responderi

2150 3360 2370 3420 forsitan
2417 3366 2611 3436 poterit
2650 3366 2721 3423 ibi
2757 3372 3110 3441 Augustinum
3146 3373 3215 3429 de
3256 3374 3357 3430 diis
3405 3376 3748 3435 ethnicorum

2149 3453 2386 3511 selectis.
2437 3456 2826 3515 Tertullianum
2856 3478 2987 3518 vero
3018 3463 3086 3520 de
3127 3466 3483 3535 quorumlibet
3519 3467 3748 3527 deorum

2150 3546 2456 3605 simulacris
2486 3549 2651 3608 citato
2695 3552 2813 3609 loco
2846 3553 3142 3627 disputare.
3192 3558 3299 3613 Sed
3345 3554 3603 3629 objicient
3651 3558 3747 3617 alii

2148 3638 2417 3710 ethnicos,
2436 3641 2574 3699 sicut
2592 3643 2847 3715 diximus,
2877 3647 3172 3706 credidisse
3194 3648 3310 3707 haec
3326 3650 3437 3722 ipsa
3452 3653 3749 3710 simulacra

442 3756 503 3803 ut
536 3747 630 3802 alii
657 3745 1041 3817 testiﬁcantur,
1084 3746 1373 3804 ducebant.
1423 3746 1555 3804 Nam
1602 3764 1813 3807 rursum
1846 3753 2034 3809 cecinit

2146 3746 2275 3788 suos
2304 3748 2425 3791 esse
2452 3735 2604 3792 deos.
2638 3736 2719 3792 Ad
2753 3738 2868 3795 haec
2915 3756 3062 3806 vero,
3102 3744 3349 3814 quamvis
3385 3743 3454 3801 de
3495 3745 3747 3817 utrisque

438 3838 662 3896 Ovidius
690 3856 703 3895 :

601 3988 614 4002 .
716 3989 727 4000 .
830 3987 841 3998 .
945 3989 956 4000 .
1060 3989 1072 4000 .
1168 3949 1579 4006 HabiliSalnrnia
1600 3972 1748 4010 curru

596 4013 877 4074 Ingreditur
893 4012 1129 4077 liquidum
1152 4016 1420 4078 pavonibus
1442 4019 1624 4069 mulera
1650 4023 1808 4085 pictis.

792 4093 975 4159 (Ovid,
1000 4098 1083 4149 lib.
1110 4104 1145 4146 tt
1167 4102 1386 4163 Metam,
1404 4100 1551 4165 paulo
1571 4104 1881 4173 autem.)

444 4179 575 4236 Tam
601 4194 731 4252 ergo
749 4180 969 4236 difﬁcile
992 4182 1137 4238 dictu
1164 4184 1293 4254 quid
1323 4185 1572 4243 leestis
1598 4190 1817 4246 nomine
1845 4207 1876 4247 a
1903 4190 2036 4249 Ter-

450 4271 673 4328 tulliano
713 4272 1068 4342 signiﬁcetur,
1116 4290 1275 4345 quam
1318 4278 1546 4348 probatu
1585 4280 1741 4338 facile
1786 4282 2038 4340 bestiasn

439 4364 758 4438 gentilibus.
790 4364 928 4420 sicut
952 4366 1027 4420 ait
1053 4364 1444 4438 Tertullianus,
1474 4372 1737 4441 applicari
1768 4375 1872 4431 diis
1898 4376 2038 4444 suis,

2149 3839 2258 3880 non
2289 3825 2478 3883 eodem
2509 3843 2724 3900 semper
2765 3831 2927 3887 modo
2965 3832 3333 3905 loquerentur,
3365 3850 3470 3893 non
3518 3838 3751 3913 minoris

2149 3927 2327 3974 tamen
2355 3920 2566 3979 roboris
2594 3921 2807 3980 videtur
2842 3929 3123 3998 Augustini
3155 3930 3208 3984 in
3240 3929 3630 3987 Tertulliauum
3658 3948 3752 3989 ar-

2148 4013 2501 4080 gumentatio.
2526 4010 2720 4071 Verum
2739 4021 2921 4089 negari
2941 4035 3048 4076 non
3071 4030 3246 4091 potest
3259 4022 3418 4094 longe
3436 4024 3610 4096 majus
3626 4039 3750 4099 esse

2149 4102 2292 4158 illius
2322 4105 2552 4174 pondus,
2598 4109 2641 4164 si
2677 4111 3005 4182 Augustinus
3039 4112 3105 4169 ad
3153 4129 3213 4169 ea
3256 4117 3581 4185 respexerit,
3624 4132 3748 4188 qua:

2155 4196 2360 4252 Auctor
2384 4209 2570 4257 noster
2603 4202 2657 4258 in
2680 4202 2841 4260 libris
2866 4208 2936 4259 ad
2963 4205 3232 4276 Nationes,
3270 4214 3463 4264 contra
3480 4207 3745 4268 Varronis

2146 4289 2214 4344 de
2240 4291 2466 4360 ipsismet
2507 4294 2611 4352 diis
2639 4297 2857 4354 selectis
2882 4301 3200 4358 sententiam
3240 4298 3411 4359 fusius
3455 4300 3750 4376 disputavit

2144 4382 2441 4456 (Tertull,
2519 4390 2609 4448 lib.
2690 4386 2735 4447 11
2805 4394 2875 4448 ad
2947 4391 3100 4464 Nat.,
3149 4412 3268 4469 cap.
3304 4395 3339 4454 9
3369 4396 3412 4471 ),
3467 4409 3627 4471 atque
3675 4400 3748 4458 ad

442 4458 562 4515 sive
591 4458 805 4513 illorum
835 4458 1162 4563 simulacris.
1195 4461 1264 4514 At
1293 4477 1456 4517 nemo
1477 4480 1627 4519 sanie
1651 4468 1847 4524 mentis
1877 4470 2040 4524 homo
2064 4499 2120 4563 Β
2146 4474 2265 4533 haec
2302 4480 2639 4548 potissimum
2684 4484 2804 4555 ejus
2834 4486 2998 4543 verba
3031 4505 3046 4543 :
3075 4458 3137 4545 Si
3164 4458 3326 4545 certos
3370 4458 3569 4548 aihiiiei
3610 4492 3747 4551 deos

439 4564 678 4649 unquam
720 4549 933 4649 negabit
976 4548 1107 4605 nihil
1144 4564 1265 4607 esse
1300 4554 1612 4649 αὺξυηιὶιιεν
1644 4573 1805 4628 quam
1852 4558 2042 4633 hujus-
2064 4548 2117 4563 ν
2144 4570 2646 4642 ltobcbant,contenti
2669 4548 2776 4633 esse
2799 4579 3095 4649 debuerunt,
3120 4598 3210 4637 nec
3231 4572 3410 4638 electos
3430 4548 3741 4641 desiderare;

440 4644 586 4700 modi
601 4644 886 4700 simulacra
905 4655 1154 4716 tanquam
1175 4658 1333 4702 veros
1353 4646 1509 4716 deos,
1531 4658 1625 4704 aut
1644 4650 1825 4709 divina
1844 4654 2034 4714 virtute

2145 4662 2214 4719 In
2236 4681 2338 4736 quo
2360 4667 2511 4723 etiam
2530 4672 2801 4741 irreligiosi
2823 4644 3290 4744 deprehenduntur.
3322 4672 3386 4732 Si
3404 4676 3536 4731 enim
3559 4676 3653 4746 dii,
3684 4687 3745 4734 ut

439 4735 718 4809 praeditos,
741 4737 885 4793 serio
910 4737 1154 4794 venerari
1176 4745 1231 4793 et
1254 4737 1504 4795 adorare.

1042 4866 1340 4912 Αιττςῠωε
1378 4869 1435 4911 ll.

442 4964 611 5034 Quam
651 4967 866 5025 absurde
915 4969 1102 5025 ethnici
1154 4970 1387 5027 dixerint.
1429 4970 1708 5031 simulacra
1752 4994 1871 5035 suos
1925 4999 2035 5042 esse

524 5062 682 5128 deos;
717 5063 917 5117 tametsi
964 5064 1174 5133 plurimi
1211 5066 1455 5137 quosdam
1501 5066 1617 5124 aliis
1641 5070 1943 5145 incognitas,
1988 5087 2036 5134 et

532 5170 564 5209 α
601 5170 654 5209 se
674 5154 941 5223 adoptatus
967 5157 1204 5223 colerent,
1237 5166 1324 5212 aut
1349 5158 1646 5217 domesticos
1674 5163 2030 5237 pignerarent,

468 5251 472 5256 ’
524 5247 859 5316 venditorem,
889 5258 1038 5320 atque
1059 5249 1110 5305 in
1128 5250 1368 5307 vilissima
1388 5265 1750 5312 commutarent
1778 5274 1917 5330 vasa,
1940 5274 2032 5320 aut

522 5343 748 5414 publicos
776 5342 829 5397 in
852 5342 1074 5400 hastario
1094 5346 1293 5401 uenales
1320 5346 1576 5417 haberent,
1603 5368 1783 5424 eosque
1802 5359 2029 5413 sanctio-

527 5452 607 5491 res
633 5434 991 5500 existimarent,
1033 5437 1120 5507 qui
1144 5437 1307 5508 magis
1337 5439 1587 5500 tributarii
1622 5453 1799 5513 eram,
1829 5448 2029 5506 carius—

505 5548 602 5605 que
619 5528 1069 5587 uenumdabantur.

495 5666 614 5729 Non
652 5665 823 5742 potuit
863 5662 1227 5726 Tertullianus
1269 5669 1535 5741 patienter
1567 5675 1714 5743 rem
1740 5675 2022 5757 ethnicos,

2144 4756 2298 4810 uultis
2315 4760 2633 4831 seliguntur;
2653 4765 2739 4831 qui
2754 4780 2853 4818 non
2871 4765 3171 4837 srligunlur,
3186 4767 3389 4837 reprobi
3402 4769 3745 4840 pronuntian-

2146 4858 2230 4903 tur
2259 4847 2467 4925 (Ibid).
2499 4853 2780 4913 Nonnullis
2807 4864 2986 4913 autem
3020 4857 3093 4913 ita
3122 4872 3440 4929 persuasum
3474 4862 3571 4918 fuit
3596 4860 3745 4919 hunc

2142 4940 2323 4997 locum
2347 4943 2417 4999 ab
2464 4947 2764 5018 Augustino
2792 4950 2986 5016 notari,
3017 4957 3079 5005 ut
3123 4964 3245 5008 eum
3285 4952 3496 5022 secuti,
3536 4952 3591 5010 in
3634 4950 3742 5012 hoc

2141 5044 2292 5092 textu
2322 5051 2423 5108 pro
2469 5042 2635 5098 verbo
2663 5041 2815 5099 uultis
2859 5056 3058 5101 nomen
3108 5044 3246 5102 bulbi
3274 5044 3533 5106 audacter
3573 5063 3741 5123 repo-

2138 5130 2372 5186 suerint.
3398 5157 3402 5161 θ

2212 5221 2414 5279 Contra
2442 5230 2624 5282 tamen
2652 5225 2871 5285 instabit
2893 5227 3090 5304 aliquis
3115 5230 3528 5301 Tertullianum,
3556 5237 3657 5293 etsi
3681 5236 3737 5296 in

2140 5315 2493 5388 Apologetico
2531 5317 2600 5375 de
2626 5317 2855 5377 deorum
2904 5322 3203 5382 simulacris
3250 5316 3503 5394 disserat,
3533 5342 3599 5385 ex
3627 5328 3735 5388 illis

2140 5406 2510 5476 nihilominus,
2535 5424 2654 5482 qua:
2670 5412 2871 5470 ethnici
2893 5412 3024 5473 deos
3045 5431 3170 5474 esse
3186 5416 3565 5490 opinabantur,
3588 5411 3743 5479 eam?

2140 5498 2265 5554 dem
2312 5508 2472 5572 atque
2498 5501 2551 5558 in
2581 5503 2719 5561 libro
2746 5505 2811 5562 ad
2841 5506 3094 5566 Nationes
3120 5509 3190 5566 de
3229 5511 3333 5567 diis
3361 5510 3493 5584 ipsis
3521 5512 3742 5572 selectis

2142 5588 2285 5648 hanc
2312 5592 2558 5652 intulisse
2603 5600 3007 5659 conclusionem
3039 5620 3053 5660 :
3086 5601 3263 5661 Status
3289 5603 3371 5661 dei
3390 5607 3656 5679 cujusque,
3680 5602 3740 5665 in

2139 5691 2347 5742 senatus
2374 5688 2709 5749 aestimatione
2736 5693 3003 5766 pendebat.
3025 5690 3166 5754 Deus
3198 5709 3298 5755 non
3319 5706 3441 5770 erat,
3471 5714 3619 5774 quem
3636 5703 3737 5760 tta-
