4076 6356
324 349 468 414 “33

1450 347 1904 409 DISSERTATIO
1940 348 2003 407 D.
2043 347 2134 406 LE
2170 346 2478 408 NOURRY.

3483 352 3626 412 {I55

333 484 417 524 nio
442 465 704 522 consultus
727 464 969 522 noluisset
990 464 1183 541 (Idem,
1209 465 1504 540 Apologet.,
1534 485 1650 540 cap.
1684 470 1770 537 15,
1796 484 1920 540 pag.
1952 469 2007 531 Α
2030 479 2167 523 onus
2197 466 2588 538 depoucbatur.
2626 467 2733 524 Sed
2780 468 2957 538 priore
3006 483 3171 527 sensu
3210 484 3242 526 a
3288 470 3624 529 Tertulliann

333 561 479 630 544).
524 560 723 616 Verum
770 561 817 615 is
846 560 1275 616 animadvertere
1299 560 1458 616 debet
1485 560 1572 617 bis
1611 561 1789 618 verbis
1815 577 1925 617 non

330 651 577 709 denotari
631 652 763 708 deos
806 652 1057 721 selectos,
1107 653 1204 709 sed
1254 657 1572 725 quarumvis
1600 653 1823 710 deorum
1851 653 1928 710 si-

327 746 590 813 mulacra,
614 760 733 817 qua:
762 744 984 815 ethnici,
1018 747 1091 802 uti
1137 746 1227 802 ille
1257 747 1454 803 ibidem
1482 747 1701 819 adjecit,
1732 758 1828 819 pro
1867 747 1930 803 li-

324 835 437 893 bito
460 837 1021 908 pignerare,vendcre,
1042 839 1345 906 immutare,
1378 840 1627 913 frangere
1652 850 1914 911 poterant.

325 930 397 986 At
422 930 476 985 id
499 931 615 986 sine
647 932 857 987 illorum
886 932 1086 1003 probro
1116 942 1171 990 et
1192 933 1458 993 dedecere
1484 936 1739 1006 nequibat
1764 934 1921 1002 ﬁeri;

324 1032 485 1094 atque
512 1031 637 1079 tunc
664 1025 897 1081 maxime
923 1026 1141 1096 quando
1165 1042 1274 1083 uno
1301 1028 1622 1099 reprobate,
1648 1029 1794 1085 aliud
1818 1029 1921 1084 eli-

323 1116 566 1189 gebatur.
610 1115 805 1174 Nonne
831 1119 993 1174 etiam
1034 1119 1139 1174 dici
1170 1128 1346 1191 potest
1387 1121 1709 1191 argumenti,
1739 1119 1865 1176 inde
1888 1133 1920 1175 a

325 1207 660 1267 Tertulliano
689 1209 853 1276 ducti,
879 1212 987 1266 vim
1010 1211 1062 1267 in
1090 1226 1157 1267 eo
1183 1213 1412 1283 positam
1434 1227 1580 1281 esse,
1608 1212 1752 1285 quod
1795 1212 1921 1284 qui-

322 1314 553 1373 cumque
576 1302 654 1359 dii
676 1304 970 1375 tinguntur,
990 1304 1022 1359 ii
1041 1312 1131 1359 aut
1152 1305 1546 1375 omnipotentes
1566 1319 1685 1361 esse
1701 1302 1925 1374 debent,

322 1405 414 1463 aut
435 1395 564 1451 nulli
586 1395 659 1452 dii
687 1406 834 1452 sunt.
870 1397 942 1452 At
965 1411 1073 1453 non
1115 1396 1257 1453 inter
1287 1397 1470 1468 plures
1494 1398 1917 1468 omnipotentes,

321 1487 417 1545 sed
448 1488 586 1544 bene
619 1488 836 1561 quidem
863 1489 1002 1547 inter
1024 1498 1247 1563 tyrones
1282 1500 1335 1547 et
1368 1492 1569 1548 milites
1618 1506 1757 1549 unus
1781 1491 1916 1547 vali‘

322 1579 461 1648 dior,
494 1581 670 1651 potius
701 1597 859 1653 quam
891 1583 1049 1651 alter,
1076 1591 1255 1655 potest
1274 1584 1451 1656 seligi.

391 1673 658 1729 Ca-terum
701 1674 746 1729 si
790 1683 897 1730 tota
928 1675 1044 1732 hac
1074 1676 1468 1748 argumentatio
1515 1677 1725 1732 intirma
1759 1677 1921 1748 plane

322 1765 417 1825 tibi
450 1767 714 1832 videatur,
741 1767 900 1823 aliam
934 1769 1005 1824 ab
1030 1769 1124 1825 illo
1142 1771 1348 1841 accipe,
1363 1787 1525 1841 quant
1547 1771 1733 1843 procul
1754 1771 1918 1827 dubio

2027 570 2302 630 acceptum
2327 560 2492 616 fuisse
2516 576 2582 617 eo
2610 561 2817 617 facilius
2841 563 2998 619 nobis
3021 564 3353 634 probabitur,
3380 565 3523 638 quod
3551 567 3622 631 de

2027 646 2155 709 vase
2173 654 2238 708 ad
2261 654 2412 710 cibos
2434 655 2806 711 conﬁciendos
2834 655 3032 712 ibidem
3056 658 3263 714 locutus
3279 659 3368 714 sit.
3395 660 3470 715 De
3493 659 3626 715 trul-

2025 748 2076 804 la
2110 757 2289 805 autem
2344 756 2401 806 et
2444 750 2706 807 cacahulo
2732 751 2937 823 aliquid
2969 753 3020 807 in
3051 753 3213 809 citata
3241 753 3623 812 dissertatione

2024 840 2273 898 diximus.
2861 849 2871 858 ‘

2094 934 2238 990 Duas
2262 951 2422 1006 porro
2437 936 2507 993 ob
2522 951 2744 993 caussas
2771 936 2824 993 hi
2842 937 2940 1005 dii,
2961 940 3077 996 sive
3099 940 3383 998 simulacra
3408 942 3480 997 ab
3500 941 3625 999 eth-

2023 1027 2159 1083 nicis
2187 1029 2625 1096 innuutabantur,
2652 1031 3093 1102 pignerabantur,
3120 1043 3177 1089 et
3221 1034 3621 1093 vendebantur.

2022 1121 2101 1177 Ac
2124 1123 2297 1192 prima
2326 1124 2541 1195 quidem
2582 1134 2722 1192 erat,
2755 1126 2929 1196 inquit
2984 1125 3366 1197 Tertullianus,
3396 1141 3449 1185 at
3475 1133 3621 1202 quis-

2020 1228 2117 1285 que
2139 1216 2263 1270 deus
2293 1217 2563 1286 contritus,
2592 1227 2743 1288 atque
2782 1228 3027 1276 contusus
3053 1222 3291 1288 est,.dunt
3318 1224 3408 1277 diu
3437 1225 3622 1279 colitur
3734 1222 3744 1240 '

2022 1306 2351 1378 (Tcrtullian.
2385 1311 2678 1383 .ipologct.,
2704 1328 2819 1381 cap.
2864 1312 3018 1384 544).
3046 1313 3231 1385 Itaque
3256 1315 3407 1371 illum
3434 1316 3621 1382 deum,

2029 1412 2298 1460 vetustate
2347 1418 2590 1470 exosum,
2636 1414 2730 1461 aut
2780 1404 3141 1463 deformatum
3170 1409 3624 1479 rojiciehant,aut

2020 1497 2426 1553 commutabant
2453 1498 2505 1552 in
2533 1496 2700 1553 aliud.
2730 1497 2913 1554 Altera
2934 1513 3123 1555 caussa
3148 1511 3300 1557 erat:
3324 1500 3393 1557 Ut
3411 1504 3624 1573 quisque

2021 1588 2173 1643 deum
2237 1591 2540 1644 sanctiorem
2586 1601 2824 1662 expertus
2872 1601 2948 1646 est
2976 1593 3303 1649 domesticam
3353 1596 3623 1649 necessita-

2022 1688 2138 1735 tem.
2163 1680 2240 1735 Ita
2268 1681 2485 1752 quidem
2506 1682 2767 1752 Rigaltius
2794 1700 2807 1738 :
2835 1684 2886 1739 in
2918 1684 3256 1741 Frobeniana
3285 1701 3415 1743 vero
3428 1688 3622 1743 editio-

2021 1788 2129 1829 ne':
2171 1771 2468 1845 thuisqttc
2491 1774 2773 1829 dominum.
2822 1775 3011 1832 Melius
3042 1777 3093 1831 in
3125 1776 3246 1833 aliis
3291 1777 3619 1835 editiouibus

320 1858 541 1930 etaim-is
565 1860 816 1931 ponderis
841 1876 963 1918 esse
992 1861 1268 1919 fateberis.
1302 1863 1548 1933 Constat,
1574 1865 1768 1937 inquit,
1800 1881 1917 1922 om-
1945 1869 1994 1930 B
2024 1874 2078 1923 et
2100 1867 2354 1923 omnibus
2382 1868 2599 1925 ineditis
2621 1869 3024 1940 exemplaribus
3052 1871 3252 1927 nostris
3283 1888 3295 1923 :
3332 1871 3401 1927 Ut
3415 1873 3625 1943 quisque

320 1951 408 2011 nia
438 1953 716 2024 gentilium
744 1955 1055 2025 simulacra,
1085 1958 1169 2014 vel
1189 1959 1336 2030 quod
1368 1959 1509 2016 idem
1537 1971 1624 2015 est
1638 1976 1828 2017 omnes
1857 1962 1919 2017 il~

319 2041 492 2099 lorum
511 2044 641 2100 deos
660 2055 754 2101 aut
779 2046 1107 2104 domesticos
1126 2056 1182 2104 et
1204 2050 1460 2119 privatos,
1485 2063 1577 2107 aut
1604 2066 1919 2111 communes

320 2144 375 2211 et
404 2132 650 2207 publicos
681 2137 865 2195 fuisse.
902 2140 1065 2195 Primi
1095 2151 1277 2197 autem
1306 2142 1473 2211 lares,
1507 2154 1561 2200 et
1580 2155 1801 2216 penates
1826 2161 1918 2203 vo-

318 2230 602 2297 cahautur,
630 2247 766 2302 quos
794 2234 1163 2305 unusquisque
1189 2235 1337 2291 domi
1377 2247 1645 2308 servatos,
1680 2241 1783 2295 ritu
1824 2256 1918 2311 pe-

319 2323 501 2378 culiari
533 2324 713 2380 colere
737 2325 945 2381 solebat
969 2325 1166 2400 (Idem,
1190 2328 1486 2401 Apologet.,
1513 2346 1632 2402 cap.
1684 2332 1773 2399 15,
1789 2350 1914 2405 pag.

318 2414 442 2493 5M,
472 2424 518 2469 et
542 2414 634 2470 lib.
663 2417 680 2470 Ι
722 2416 790 2470 ad
818 2416 1056 2488 Nation.,
1089 2436 1206 2490 cap.
1230 2420 1339 2494 10).
1394 2422 1469 2478 De
1494 2423 1778 2495 penatibus
1812 2439 1909 2480 au-

318 2514 424 2574 tem
451 2508 564 2565 haec
589 2520 713 2566 sunt
743 2510 940 2567 Tibulli
965 2513 1205 2568 carmina
1232 2530 1245 2567 :

471 2623 675 2700 Atnmihi
697 2626 1151 2700 eontiugatpatrios
1173 2620 1433 2700 celebrare
1458 2636 1692 2700 penates,
1810 2662 1813 2663 ν

530 2686 1089 2753 Reddereque'antiquo
1111 2699 1363 2742 menstrua
1386 2686 1530 2743 thura
1550 2694 1661 2744 lari.

976 2771 1201 2837 (Tibull,
1226 2773 1311 2827 lib.
1338 2783 1373 2840 ι,
1389 2774 1511 2843 eleg.
1537 2777 1585 2840 5,
1612 2791 1656 2829 v.
1679 2780 1788 2842 53.)

388 2883 683 2956 Addamus,
713 2886 758 2943 si
786 2886 954 2957 lubet,
982 2898 1038 2945 et
1066 2889 1166 2945 ista
1187 2905 1219 2946 a
1246 2889 1468 2963 Virgilio
1493 2893 1650 2950 edita
1682 2910 1698 2948 :
1813 2961 1829 2976 ἢ

440 3000 804 3074 Quinquaginta
822 3004 956 3074 intus
977 3003 1187 3074 famulae,
1213 3009 1396 3072 quibus
1414 3010 1587 3074 ordine
1610 3010 1763 3074 longo

472 3062 799 3129 Cura'pe'num
822 3072 1038 3130 struere,
1067 3077 1119 3119 et
1140 3062 1346 3121 ﬂammis
1366 3071 1569 3124 adolere
1594 3062 1822 3139 penates.

897 3152 1125 3221 (νίν-9η,
1153 3153 1235 3208 tib.
1262 3163 1277 3206 ι
1558 3144 1602 3211 υζ
1627 3162 1760 3229 707.)

318 3251 395 3309 De
423 3252 631 3310 laribus
662 3271 791 3312 vero
816 3258 1090 3315 Juvenalis
1119 3261 1349 3318 cecinit:

472 3368 516 3444 ρ
541 3373 672 3444 parvi
699 3373 951 3438 nostrique
973 3375 1122 3444 lares,
1144 3389 1270 3441 quos
1294 3377 1441 3429 thure
1464 3380 1669 3444 minuto,

476 3433 575 3483 Aut
597 3435 745 3497 turre,
769 3444 856 3488 aut
871 3433 1013 3488 tenui
1028 3433 1178 3517 soleo'
1192 3453 1436 3491 exornare
1454 3455 1653 3495 corona.

1000 3525 1269 3592 (Juvenal.,
1293 3525 1434 3581 satir.
1453 3531 1502 3594 9,
1522 3531 1629 3583 sub.
1645 3530 1764 3597 ﬁn.)

324 3624 482 3682 Plura
502 3637 679 3686 autem
701 3631 769 3688 de
795 3634 1034 3705 utrisque
1056 3637 1254 3708 saepius
1274 3638 1461 3695 stricto
1480 3638 1765 3714 soluteque
1790 3654 1915 3700 ser-

325 3733 486 3777 mone
514 3722 582 3779 ab
608 3724 837 3782 ethnicis
861 3727 1144 3784 decantata
1185 3731 1289 3801 huc
1322 3745 1616 3803 congerere
1654 3734 1799 3791 nihil
1824 3748 1921 3793 ne-

324 3825 477 3880 cesse
504 3826 606 3870 est.
642 3816 844 3874 Verum
869 3834 931 3875 ea
957 3820 1390 3879 Iuiteorumdem
1416 3825 1695 3896 gentilium
1724 3833 1921 3886 mentis

324 3906 681 3966 inconstantia
704 3955 719 3979 ,
748 3913 901 3983 isque
928 3913 1125 3986 impius
1160 3916 1387 3974 deorum
1420 3932 1640 3976 suorum
1675 3930 1922 3978 omnm

324 4011 466 4070 plus,
523 4013 580 4058 ut
636 4022 770 4076 quos
824 4006 916 4063 diu
967 4009 1282 4079 coluerant,
1328 4011 1699 4081 domesticam,
1749 4015 1921 4088 inquit

323 4091 703 4165 'I‘crtullianus,
735 4098 788 4155 in
838 4099 984 4170 ipsos
1016 4112 1333 4160 exercerent
1385 4115 1705 4177 “estate!!!
1736 4109 1916 4182 pigne-

324 4188 508 4253 rando,
529 4191 853 4259 venditando,
875 4193 1203 4262 demutando,
1231 4198 1507 4269 aliquando
1530 4200 1587 4255 in
1611 4201 1920 4256 cecabttluut

322 4280 389 4336 de
410 4283 664 4352 Saturno,
685 4288 742 4343 in
770 4289 980 4345 trullam
1001 4294 1065 4347 de
1094 4276 1332 4349 Minerua
1370 4294 1699 4365 (Tcrtullian.
1729 4299 1924 4371 Apolo-

322 4384 451 4446 θοι,
475 4394 592 4448 cap.
609 4379 1230 4453 5M).Queuiadmodum
1259 4389 1419 4460 igitur
1436 4392 1662 4461 gentiles
1689 4406 1756 4448 ex
1784 4392 1929 4448 vasi-

320 4466 429 4521 .bus
451 4469 712 4527 vilissimo
734 4476 872 4540 usui,
902 4485 958 4531 ut
976 4487 1136 4533 antea
1156 4480 1413 4546 vidimus,
1430 4481 1715 4540 destinatis
1759 4486 1929 4541 simu-

327 4556 491 4623 lacra,
520 4561 636 4618 sive
672 4564 826 4633 deos,
860 4567 931 4622 ita
955 4570 1119 4624 etiam
1158 4585 1224 4625 ex
1250 4570 1334 4627 his
1379 4573 1483 4629 alia
1514 4589 1639 4631 vasa
1686 4577 1927 4647 posthac

2022 1960 2285 2025 dominus,
2322 1961 2467 2016 illius
2497 1960 2754 2018 videlicet
2774 1961 2967 2027 dei,et
2992 1964 3293 2029 simulacri,
3318 1966 3625 2020 sanctiorem
3698 1944 3719 1955 ’

2022 2062 2260 2125 expertus
2281 2063 2354 2108 est
2374 2056 2704 2109 domesticam
2729 2056 3074 2110 necessitatem
3108 2057 3283 2127 (545).
3314 2056 3420 2113 Sed
3463 2056 3621 2128 quid,

2020 2146 2231 2218 rogabit
2281 2146 2496 2218 aliquis,
2528 2160 2723 2203 nomen
2750 2148 3055 2202 sanctiorem
3093 2148 3164 2204 ibi
3192 2150 3491 2219 sugnilieat‘!
3516 2150 3624 2205 Be-

2021 2239 2288 2309 Spondcnt
2307 2239 2545 2294 nonnulli
2573 2239 2707 2294 nihil
2727 2239 2872 2294 aliud
2890 2239 3275 2295 Tertullianum
3293 2241 3393 2297 sibi
3415 2240 3623 2299 voluis-

2020 2345 2102 2399 se,
2153 2331 2256 2386 nisi
2284 2331 2430 2386 hunc
2454 2331 2618 2388 deum
2662 2348 2694 2387 a
2734 2345 2966 2402 paupere
3008 2331 3152 2387 illius
3182 2332 3405 2389 domino
3432 2334 3614 2402 vendi,

2021 2424 2106 2480 cui
2146 2439 2246 2481 sua
2290 2425 2588 2482 necessitas
2615 2433 2669 2480 et
2695 2425 2872 2496 inopia
2898 2423 2999 2480 sibi
3026 2426 3269 2492 sanctior,
3302 2441 3461 2496 quam
3487 2426 3623 2483 deus

2023 2533 2153 2574 suus
2181 2518 2483 2577 videbatur.
2525 2520 2910 2576 Necessitatem
2928 2518 3073 2574 enim
3102 2521 3424 2576 sanctiorem
3452 2535 3617 2576 voca-

2022 2612 2067 2666 ri
2098 2620 2290 2682 putant
2311 2620 2635 2678 extremam,
2667 2612 3010 2682 maximeque
3037 2623 3340 2683 urgentem,
3367 2613 3628 2684 quemad-

2022 2705 2241 2761 modum
2270 2704 2457 2761 Livius
2483 2715 2641 2762 vocat
2668 2705 2910 2759 sanctius
2936 2704 3212 2773 arat-ium,
3242 2705 3389 2775 quod
3407 2704 3477 2759 ad
3507 2704 3635 2760 ulti-

2023 2810 2171 2865 mos,
2224 2798 2433 2867 inquit,
2474 2812 2632 2852 casus
2674 2796 2990 2874 servabatur
3036 2795 3231 2868 (bim,
3261 2797 3350 2852 lib.
3401 2795 3620 2864 XXVII,

2027 2888 2194 2961 §10).
2223 2889 2392 2945 (litari
2436 2903 2649 2961 quoque
2676 2898 2887 2961 poterat
2924 2889 3134 2957 Cicero,
3160 2890 3257 2961 qui
3276 2889 3346 2945 ad
3382 2890 3621 2947 Atticum

2024 2983 2243 3053 scripsit
2283 2982 2563 3039 decretum
2613 2983 2801 3050 fuisse,
2859 2992 2915 3036 ut
2962 2985 3228 3053 pecuniam
3269 2983 3333 3038 de
3373 2986 3625 3040 corretion

2009 3070 2208 3132 Vm
2233 3076 2723 3149 aufermtt(Ciccr.,
2746 3076 2836 3131 lib.
2867 3074 2996 3142 VIII,
3026 3075 3194 3149 Epist.
3224 3076 3318 3145 20,
3343 3080 3412 3133 ad
3439 3079 3624 3147 Attia,

2026 3185 2144 3242 pag.
2170 3169 2299 3235 9.85,
2330 3170 2425 3224 lin.
2455 3169 2533 3240 5).
2581 3167 2963 3224 Verumtamen
3020 3168 3280 3239 numquid
3323 3183 3355 3224 a
3380 3184 3550 3239 scopo
3575 3170 3622 3225 is

1949 3268 1997 3335 ρ
2029 3264 2245 3335 penitus
2290 3262 2582 3328 aberrabit,
2614 3262 2707 3332 qui
2748 3261 2948 3316 dixerit
2983 3261 3112 3316 illud
3154 3261 3477 3333 adjectivum
3503 3278 3624 3319 sau-

2025 3356 2251 3422 ctiorem,
2272 3370 2379 3410 non
2403 3354 2470 3409 ad
2501 3368 2698 3409 nomen
2720 3354 3088 3420 necessitatem,
3110 3354 3208 3410 sed
3240 3355 3391 3409 deum
3410 3356 3631 3412 referri?

2024 3448 2158 3507 Nam
2179 3448 2384 3505 ethnici
2417 3464 2526 3519 quo
2556 3448 2882 3503 sanctiorem
2913 3448 3071 3502 deum
3096 3462 3218 3503 esse
3245 3449 3624 3520 epinabantur,

2025 3559 2092 3600 eo
2121 3542 2347 3600 carioris
2377 3541 2530 3597 illum
2560 3541 2889 3597 vendebant.
2934 3539 3003 3595 Et
3025 3549 3173 3597 certe
3202 3541 3316 3612 ipse
3344 3542 3630 3598 Tertullia.

2028 3652 2127 3694 nus
2156 3636 2352 3692 ibidem
2378 3645 2435 3691 et
2467 3634 2519 3689 in
2549 3634 2690 3689 libro
2718 3634 2785 3688 ad
2816 3633 3072 3688 Nationes
3101 3632 3229 3687 :Dii
3249 3674 3264 3701 ,
3290 3635 3485 3705 inquit,
3537 3636 3629 3707 qui

2028 3732 2189 3804 magis
2205 3732 2387 3795 sancti,
2408 3729 2568 3801 magis
2594 3728 2845 3781 tributarii
2867 3724 3221 3799 (Tertulliam,
3257 3727 3345 3782 lib.
3368 3727 3385 3780 l
3407 3728 3478 3781 ad
3502 3725 3590 3782 Na
3603 3757 3625 3769 -

2028 3825 2119 3890 tio,
2165 3840 2281 3896 cup.
2312 3822 2424 3892 ω).
2482 3820 2652 3875 Porro
2680 3828 2858 3873 autem
2910 3820 3023 3873 sive
3078 3817 3244 3885 deus,
3291 3834 3387 3874 seu
3440 3819 3620 3889 potius

2027 3918 2323 3973 necessitas
2370 3912 2709 3981 ethnicorum
2743 3910 2844 3965 hoc
2891 3911 3162 3964 sanctioris
3215 3910 3432 3965 nomine
3476 3910 3625 3965 desi-

2027 4018 2243 4082 gnetur,
2268 4006 2392 4062 illos
2419 4004 2783 4061 Tertullianus
2812 4003 3005 4058 merito
3021 3999 3105 4056 his
3126 4002 3304 4056 verbis
3331 4001 3624 4073 redarguit:

2031 4100 2269 4156 Privatos
2290 4099 2431 4163 deos,
2456 4112 2583 4167 quos
2611 4095 2768 4160 lares,
2795 4103 2842 4147 et
2884 4101 3089 4160 penates
3121 4092 3396 4147 domestica
3440 4108 3627 4148 censu

2028 4192 2255 4247 oratione
2296 4188 2585 4260 perhibetis,
2617 4186 2893 4241 dontcsticu
2939 4184 3144 4239 licentia
3196 4185 3480 4251 inculcatis,
3512 4186 3628 4243 sive

2028 4284 2377 4349 conculcatis,
2405 4282 2735 4345 venditando;
2775 4278 3092 4351 pignerando
3121 4295 3215 4351 pro
3238 4281 3536 4336 necessitate
3562 4296 3625 4337 ac

2031 4379 2291 4436 voluntate
2320 4376 2526 4449 (Ibid,
2552 4393 2673 4447 pag.
2696 4372 2811 4445 55).

2105 4473 2289 4543 Neque
2340 4470 2503 4542 pluris
2536 4467 2797 4523 lacicbant
2826 4465 2958 4521 deos
2989 4479 3117 4521 suos
3164 4466 3429 4537 publicos,
3477 4484 3629 4535 quos,

2036 4568 2110 4622 uti
2141 4566 2230 4620 ille
2260 4562 2618 4636 prosequitur,
2644 4575 2784 4629 teque
2799 4558 2999 4631 publica
3010 4560 3132 4630 jure
3155 4559 3411 4630 foedabant
3435 4558 3625 4631 (Idem,

326 4652 633 4723 ﬁngebant,
665 4670 759 4714 aut
797 4676 860 4716 ea
887 4662 1261 4737 pignerabant,
1309 4676 1399 4721 aut
1448 4668 1800 4726 vinditabant.
1836 4669 1923 4727 Ex

2038 4660 2328 4735 Apologet.,
2356 4673 2471 4727 cap.
2507 4655 2593 4720 15,
2619 4670 2736 4726 pag.
2771 4652 2901 4720 545,
2930 4663 2977 4708 et
3006 4651 3092 4705 lib.
3129 4651 3233 4706 Iad
3255 4650 3494 4720 Nation.,
3527 4652 3629 4710 loc.

320 4743 560 4805 Saturno
583 4750 750 4819 etaim,
784 4753 898 4810 sive
922 4755 1135 4811 Saturni
1165 4757 1455 4815 simulacro
1472 4759 1782 4818 fumabant
1816 4764 1921 4821 ali-

327 4842 543 4911 quando
572 4845 909 4915 cacabulum,
928 4848 1047 4904 sive
1085 4852 1261 4908 minus
1281 4855 1561 4923 cacabum,
1603 4856 1747 4928 quod
1789 4863 1929 4916 teste

316 4931 593 5002 .Varrune,
616 4954 711 4997 vas
731 4953 867 5012 erat,
891 4943 977 4999 ubi
993 4946 1163 5001 cibum
1182 4947 1461 5016 coquebant
1477 4962 1498 5016 ;
1514 4949 1581 5005 ob
1604 4964 1664 5005 ea
1680 4952 1928 5008 cacabum

324 5028 656 5097 appellarunt
678 5031 888 5103 (Varr.,
916 5037 1004 5094 lib.
1035 5037 1125 5104 IV,
1157 5041 1221 5095 de
1241 5038 1394 5111 Ling.
1419 5043 1536 5111 lat.,
1569 5042 1597 5115 ᾗ
1622 5042 1930 5115 27).Trulla

331 5132 461 5174 vero
492 5136 583 5178 vas
610 5125 878 5194 potorium
912 5140 1055 5202 erat,
1087 5132 1165 5188 uti
1193 5145 1261 5189 ex
1287 5132 1372 5191 his
1400 5144 1546 5205 patet
1571 5135 1780 5193 Horatii
1806 5152 1932 5195 ver-

332 5211 482 5271 sibus
502 5231 516 5269 :

582 5332 675 5408 Qui
696 5332 1027 5408 Veientanum
1050 5339 1191 5408 festis
1222 5347 1392 5408 potare
1412 5343 1593 5397 diebus

584 5396 824 5463 Campana
838 5401 1007 5454 solitus
1024 5404 1192 5455 trulla.

959 5485 1159 5550 (Horat.
1181 5487 1266 5542 lib.
1292 5498 1348 5554 tt,
1363 5493 1503 5545 satir.
1522 5494 1572 5555 li,
1593 5506 1639 5545 υ.
1666 5494 1805 5559 143.)

330 5583 487 5653 Quod
533 5587 747 5659 quidem
770 5607 802 5648 a
822 5590 1080 5651 Iuvenale
1106 5598 1458 5657 conﬁrmatur
1486 5601 1507 5676 (
1533 5601 1809 5672 latroneL,
1836 5612 1929 5660 sev

328 5678 423 5735 tlr.
468 5680 527 5746 5,
572 5698 626 5737 ο.
656 5682 808 5757 ΗΞ).
832 5686 1135 5759 Aliquando
1156 5698 1348 5746 tamen
1367 5692 1581 5750 videtur
1604 5695 1676 5751 ab
1702 5694 1824 5751 aliis
1840 5708 1934 5752 ae-

335 5771 440 5843 cipi
468 5789 562 5844 pro
589 5791 734 5844 vase,
766 5795 874 5850 quo
899 5783 1103 5838 ventris
1136 5824 1153 5852 ,
1183 5784 1323 5841 sicut
1345 5786 1446 5842 alia
1476 5787 1531 5843 in
1556 5788 1941 5848 dissertatione

325 5865 667 5925 «tendimus
683 5867 980 5943 (Disseruit.
1001 5874 1057 5933 in
1080 5874 1300 5947 Arnob.,
1322 5890 1440 5950 cap.
1455 5878 1573 5949 «ιι,
1591 5890 1691 5939 art.
1716 5882 1935 5955 ultim.),

2033 4752 2171 4827 cit.),
2228 4753 2336 4808 imo
2386 4764 2518 4804 vero
2571 4745 2870 4802 tractabant
2916 4744 3123 4815 turpius
3164 4758 3227 4799 ac
3274 4745 3633 4831 contumelio-

2034 4848 2165 4905 sius.
2198 4844 2330 4901 Nam
2364 4842 2598 4914 privatos
2624 4839 2992 4910 unusquisque
3019 4852 3116 4906 pro
3139 4834 3364 4892 arbitrio
3390 4832 3634 4908 quidem,

2035 4940 2129 4998 sed
2171 4936 2416 5011 privatim
2448 4933 2742 4998 vendebat;
2777 4929 3017 5002 publicos
3046 4943 3172 4983 vero
3192 4927 3426 4999 publice,
3452 4938 3507 4985 ut
3534 4947 3635 5001 po-

2037 5044 2090 5092 te
2119 5047 2253 5105 quos
2275 5027 2615 5085 habebantin
2645 5023 2868 5079 hastario
2898 5019 3164 5092 vectigales
3195 5016 3409 5093 (Ibid).
3447 5020 3636 5078 IlaSta-

2038 5132 2178 5189 rium
2209 5138 2406 5195 autem,
2428 5124 2471 5181 si
2498 5118 2750 5178 Turnebo
2771 5114 2963 5172 credas
2997 5106 3268 5187 (Turneb.,
3297 5114 3385 5169 lib.
3416 5114 3634 5173 XXVIII

2041 5227 2276 5290 Advers.,
2309 5237 2426 5292 cap.
2449 5216 2529 5290 5),
2562 5215 2710 5270 locus
2739 5218 2879 5277 erat,
2926 5208 3015 5263 ubi
3048 5206 3474 5279 proscriptorum
3496 5209 3638 5265 b'ona

2041 5315 2526 5377 venumdabantur.
2583 5303 2850 5377 Rigaltius
2901 5308 3078 5356 autem
3120 5307 3270 5370 putat
3314 5315 3380 5356 eo
3419 5301 3640 5357 nomine

2020 5407 2335 5484 signiﬁcari
2359 5405 2553 5461 librum
2602 5397 2917 5462 hastarium,
2970 5408 3067 5449 seu
3098 5391 3418 5448 tabularium
3462 5398 3519 5448 et
3548 5407 3637 5449 re-

2041 5514 2248 5582 gestum
2274 5497 2686 5571 vectigaliorum
2715 5534 2731 5561 ,
2782 5504 2903 5562 qua:
2943 5487 3044 5543 sub
3080 5487 3239 5543 hasta
3264 5496 3322 5543 et
3349 5501 3478 5543 voce
3498 5501 3644 5559 pm-

2042 5602 2196 5660 conis
2229 5591 2591 5670 quinquennio
2617 5601 2830 5660 quoque
2869 5583 3049 5640 addici
3092 5582 3524 5653 redemptoribus
3543 5598 3641 5640 so-

2044 5694 2246 5753 lebant.
2286 5690 2356 5745 Et
2394 5694 2541 5743 certe
2572 5683 2774 5747 Auctor
2824 5686 3010 5735 noster
3046 5694 3061 5731 :
3096 5676 3638 5753 Quosintmtariuin,

2045 5786 2239 5859 inquit,
2269 5778 2549 5855 regessiatis
2582 5773 2867 5848 publicanis
2891 5768 3052 5826 sub...
3071 5769 3159 5836 tis,
3190 5769 3331 5823 omni
3357 5769 3645 5841 quinam.

2046 5880 2156 5950 nio,
2174 5878 2308 5935 inter
2327 5869 2592 5945 vectigalia
2617 5874 2784 5933 ucstra
2800 5863 3112 5939 proscriptos
3126 5860 3365 5918 addicitis
3378 5860 3642 5934 (Tertull.,
