4076 6356
527 295 670 354 Ηόδ

1577 300 1642 355 IN
1685 296 2146 359 TEHTULLIANI
2183 303 2710 368 APOLOGETICUM

3686 319 3850 381 “56

528 418 618 471 tib.
651 419 664 472 Ι
703 419 771 472 ad
800 417 1037 485 Nation.,
1083 434 1200 490 cap.
1231 417 1342 490 10).
1369 417 1472 474 Sed
1516 429 1800 491 utrumque
1830 419 1960 474 illud
1990 419 2122 476 'l‘er-
2147 423 2205 483 Α
2227 424 2472 492 adoratis,
2505 444 2619 482 cum
2647 430 2909 485 Simonem
2962 448 3169 505 magum
3213 444 3382 490 statua
3411 445 3456 490 et
3493 436 3843 510 inscriptione

529 512 777 566 tullianus
803 509 1104 583 significare
1135 512 1319 582 procul
1374 511 1536 567 dubio
1582 511 1813 569 videtur.
1852 513 1939 568 Ait
1973 513 2118 568 enim

525 605 654 660 deos
697 605 934 676 publicos
963 607 1013 660 in
1040 621 1163 662 eum
1214 605 1395 662 locum
1445 604 1752 673 transferri,
1809 606 1920 673 ubi,
1982 607 2124 662 sicut

526 698 631 752 alia
663 699 1082 768 proscriptorum
1108 698 1245 753 bona
1272 701 1326 752 in
1357 697 1621 754 tabulario
1649 698 1865 766 publico
1888 699 2121 769 primum

526 790 814 861 descripta,
854 808 948 861 per
967 792 1200 862 quinque
1242 806 1412 846 annos
1455 791 1901 860 asservabantur,
1947 791 2120 847 donec

527 883 890 938 venderentur
921 884 1152 954 publice,
1180 893 1343 955 atque
1370 884 1440 938 ita
1473 886 1567 938 sub
1603 885 1779 938 eadem
1799 927 1812 949 ,
1843 885 1980 939 sicut
2027 883 2122 940 ille

526 974 622 1043 ait,
647 975 814 1043 hasta,
844 975 934 1030 sub
999 975 1173 1030 eadem
1216 976 1542 1032 annotatione
1571 977 1836 1046 quwstoris
1883 975 2123 1030 divinitas

528 1068 740 1124 illorum
787 1069 1060 1124 addicitur.
1107 1068 1297 1125 Nonne
1341 1079 1517 1124 autem
1549 1069 1851 1135 Itastarium,
1880 1076 1939 1123 et
1968 1067 2034 1122 ab
2055 1081 2118 1122 ea

526 1161 678 1219 hasta
695 1205 709 1228 ,
739 1172 794 1219 et
819 1163 887 1217 ab
911 1164 1257 1219 annotatione
1273 1162 1386 1218 sive
1415 1163 1646 1233 registro
1668 1161 1952 1232 quaestoris
1978 1175 2118 1214 tntu-

526 1256 712 1327 cupari
740 1255 956 1326 potuit?

597 1349 863 1420 Quidquid
892 1351 996 1416 sit,
1026 1350 1080 1406 hi
1122 1351 1194 1406 dii
1221 1365 1327 1406 non
1360 1349 1532 1406 solum
1562 1348 1804 1415 venales,
1838 1346 1932 1402 sed
1963 1347 2116 1400 vecti-

523 1444 664 1516 gales
691 1459 921 1514 quoque,
955 1443 1125 1514 inquit
1155 1443 1554 1507 Tertullianus,
1591 1441 1966 1505 habebantur;
1994 1440 2117 1510 quia

522 1553 622 1605 pro
658 1537 1046 1612 quinquennali
1065 1537 1117 1590 itt
1148 1536 1384 1591 hastario
1409 1550 1554 1589 mora
1582 1575 1597 1600 ,
1626 1532 1842 1602 aliquod
1868 1531 2116 1587 solveba-

525 1641 612 1684 tur
640 1631 886 1701 vectigal,
939 1646 1000 1683 ac
1056 1629 1310 1684 tributum
1343 1627 1530 1696 (Idem,
1568 1625 1858 1696 Apologet.,
1883 1642 1998 1695 cap.
2025 1625 2113 1687 l5,

521 1740 576 1792 p.
603 1723 754 1792 5M).
796 1723 1009 1789 Quanto
1057 1723 1233 1793 igitur,
1257 1721 1448 1775 amabo
1468 1731 1537 1784 te,
1558 1719 1822 1774 dedecore
1851 1727 1906 1772 et
1921 1732 2116 1786 oppro-

2224 523 2386 576 sancti
2409 523 2490 578 dei
2506 526 2818 598 inauguratis
2841 529 3062 603 (Tertul.
3091 535 3267 605 Apol.,
3292 553 3408 606 cap.
3437 537 3527 592 15.
3558 556 3609 609 p.
3667 526 3842 608 547)?

2224 613 2575 672 Observatum
2607 629 2786 676 autem
2815 639 2843 676 a
2885 624 3038 680 nobis
3095 627 3194 681 fuit
3247 643 3276 681 a
3317 627 3530 683 Justino
3586 643 3842 701 martyre

2226 711 2474 765 traditum
2498 713 2685 780 fuisse,
2711 715 2936 773 Claudio
2966 717 3283 790 imperante,
3315 732 3544 778 statuam
3571 725 3621 778 in
3649 723 3839 779 insula

2225 800 2477 858 Tiberina
2506 805 2642 860 duos
2683 807 2823 863 inter
2855 821 3045 878 pontes
3096 811 3220 867 huic
3252 814 3458 868 Simoni
3489 830 3647 886 mago
3675 815 3837 884 posi-

2227 904 2331 949 tam
2359 911 2478 951 cum
2527 899 2615 953 illa
2666 900 3017 973 inscriptione
3051 923 3064 959 :
3095 905 3296 960 Simoni
3322 918 3496 961 sancto
3518 907 3612 962 deo
3644 906 3834 978 (Tom.

2224 987 2243 1042 l
2276 989 2545 1059 Apparat.,
2602 1010 2720 1063 pag.
2753 994 2834 1064 6).
2864 995 3081 1069 Martyri
3127 980 3468 1055 sanctissimo
3499 999 3840 1072 suffragatur

2222 1079 2455 1151 Cyrillus
2469 1082 2981 1158 Hierosolymitanus
3002 1087 3213 1160 (Cyril.,
3238 1093 3431 1146 cateclt.
3449 1093 3502 1158 6,
3520 1111 3640 1165 pag.
3662 1095 3692 1150 1
3705 1092 3834 1166 57),

2222 1175 2311 1243 qui
2341 1173 2485 1228 illam
2510 1175 2578 1230 ab
2598 1175 2786 1232 eodem
2837 1177 3064 1235 Claudio
3097 1183 3442 1252 imperatore,
3475 1193 3529 1238 ct
3555 1185 3836 1242 Eusebius

2223 1263 2460 1334 (Euseb.,
2493 1269 2580 1322 lib.
2613 1269 2653 1324 ll
2687 1269 2882 1325 Hister.
2914 1275 3118 1338 cccles.,
3142 1294 3262 1346 pag.
3297 1277 3411 1347 52),
3443 1279 3530 1348 qui
3556 1293 3585 1332 a
3615 1277 3836 1334 Roma-

2223 1360 2307 1414 nis
2361 1362 2676 1419 collocatam
2701 1365 2894 1436 ﬁnisse
2967 1367 3106 1423 haud
3169 1370 3478 1427 dubitanter
3528 1372 3833 1428 aflirmant.

2222 1452 2371 1510 Alios
2400 1464 2562 1512 testes
2594 1457 2679 1513 hic
2707 1460 2876 1515 citare
2907 1469 3014 1516 tam
3058 1461 3213 1518 facile
3239 1475 3407 1532 esset,
3437 1481 3598 1537 quam
3629 1482 3834 1537 super-

2221 1563 2532 1606 vacaneum.
2567 1550 2767 1608 Omnes
2807 1555 3425 1614 enimveroconcedunt
3470 1575 3828 1617 communem

2221 1642 2358 1696 hanc
2389 1641 2552 1698 fuisse
2571 1654 2813 1700 veterum
2846 1647 3179 1718 Scriptorum
3213 1653 3544 1720 opinionem.

2295 1732 2490 1788 Verum
2518 1739 2848 1793 recentiores
2887 1742 3062 1796 critici
3101 1743 3362 1799 audacter
3389 1756 3713 1803 asseverant
3766 1748 3830 1803 il-

520 1816 639 1872 brio
660 1817 840 1872 miseri
892 1817 966 1871 illi
1002 1817 1073 1870 dii
1113 1815 1518 1870 afficit-bantur?
1541 1814 1658 1881 Quo
1687 1814 1829 1867 enim
1861 1810 2022 1866 modo
2045 1809 2111 1864 ad
2143 1824 2191 1884 Β
2221 1824 2322 1878 tam
2349 1841 2532 1880 crasso
2563 1829 2656 1883 ηίιί
2687 1845 2894 1893 οτι-οπερ,
2921 1834 3008 1901 qui
3033 1833 3101 1887 ab
3131 1835 3321 1890 eodem
3351 1838 3582 1905 JustinO.
3633 1839 3827 1895 ιθιίηπ

517 1925 612 1966 eos
642 1911 949 1967 vendendos
993 1920 1047 1965 et
1083 1909 1338 1967 emendos
1371 1909 1493 1963 illuc
1517 1909 1644 1975 itum
1680 1907 1725 1962 si
1747 1919 1958 1976 quietas
1985 1906 2110 1959 :Sic

517 2005 848 2076 Capitolium,
892 2003 1236 2074 reSpondehit
1293 2001 1677 2065 Tertullianus,
1731 1999 1804 2053 sic
1853 1997 2109 2052 olitorium

517 2101 687 2170 forum
707 2098 902 2169 petitur
925 2095 1118 2169 (Idem,
1156 2096 1329 2165 ibid.).
1363 2094 1536 2148 Minus
1555 2093 1692 2149 bene
1714 2093 1765 2146 in
1787 2090 2107 2163 quibusdam

438 2201 442 2205 ’
514 2191 712 2245 editis:
747 2189 904 2245 Si....
954 2191 1018 2254 si,
1063 2204 1157 2260 pro
1183 2189 1346 2242 sic....
1378 2188 1471 2240 sic.
1515 2185 1572 2240 ln
1629 2185 1766 2239 ltbro
1803 2183 2003 2254 quippe
2041 2181 2108 2236 ad

512 2281 770 2339 Nationes
799 2283 1028 2354 legimus
1063 2301 1084 2344 ε,
1110 2280 1201 2337 Sic
1227 2280 1549 2351 Serapwnm,
1581 2279 1653 2333 sic
1683 2275 1994 2347 Capitolium
2021 2291 2107 2345 pe-

514 2379 636 2434 titur
662 2377 752 2450 (Et
773 2377 861 2431 lib.
895 2377 1007 2432 lad
1035 2375 1272 2440 Nation.,
1304 2392 1421 2442 cap.
1446 2374 1531 2438 10,
1563 2390 1684 2444 pag.
1710 2372 1824 2442 55),
1860 2373 1963 2425 hoc
2003 2379 2105 2434 est,

511 2472 701 2528 eodem
725 2471 1191 2542 modo,similique
1220 2470 1416 2524 tributo
1446 2468 1737 2523 bastarium
1768 2465 1834 2520 ad
1865 2465 1996 2521 deos
2025 2479 2111 2519 re-

511 2564 808 2635 ponendos,
833 2579 896 2620 ac
918 2563 1321 2618 venumdandos
1349 2563 1573 2627 locatur,
1598 2559 1869 2631 quomodo
1893 2558 2109 2629 Capito-

510 2655 660 2720 lium,
692 2657 1021 2726 Seraptenm,
1052 2665 1106 2710 et
1147 2653 1322 2710 forum
1349 2652 1644 2710 olitorium.
1684 2651 1824 2706 Nulli
1849 2660 2030 2706 autem
2053 2651 2106 2704 in

515 2749 632 2804 lucc
660 2748 856 2819 templa
906 2749 1130 2819 ingredi,
1180 2746 1630 2818 quemadmodum
1680 2760 1784 2801 nec
1821 2744 2023 2815 aliquid
2055 2744 2108 2798 in

512 2841 632 2897 foro
652 2839 870 2895 olitorio
891 2839 1123 2895 vendere
1153 2880 1168 2904 ,
1199 2841 1297 2894 nisi
1329 2837 1503 2893 soluto
1544 2838 1745 2893 tributo
1769 2837 1985 2892 licebat.
2013 2837 2110 2891 Er-

508 2949 580 3004 go
593 2932 678 3006 qui
703 2934 864 3006 magis
887 2933 1160 2999 tributarii,
1183 2931 1456 2987 concludit
1481 2932 1590 2998 ille,
1613 2932 1776 3001 magis
1796 2930 1979 2995 sancti,
2005 2930 2110 2983 into

503 3029 591 3098 qui
641 3029 801 3098 magis
851 3028 1036 3092 sancti,
1078 3026 1237 3097 magis
1309 3024 1560 3078 tributarii
1616 3023 1634 3095 (
1669 3022 1811 3077 Ibid.
1854 3023 1892 3093 ),
1927 3021 1975 3076 id
2003 3031 2106 3087 est,

506 3135 614 3191 quo
633 3121 768 3177 deus
797 3120 926 3174 falsa
952 3118 1296 3176 ethnicorum
1339 3117 1593 3188 Opinione
1618 3115 1855 3171 sanctior
1879 3113 2112 3170 aestima-

2215 1917 2407 1989 lingua:
2429 1921 2644 1989 penitus
2669 1922 2855 1992 ignaro
2882 1925 3178 1996 profectus,
3205 1937 3525 1985 caeterorum
3550 1930 3820 2001 deinceps

2212 2009 2419 2064 animos
2448 2014 2702 2080 pervasit.
2727 2014 2862 2070 Cum
2885 2017 3030 2071 enim
3062 2019 3151 2096 ille
3174 2020 3224 2074 in
3257 2032 3515 2089 mentem,
3546 2023 3823 2095 inquiunt,

2213 2102 2512 2160 induxisset
2557 2118 2785 2163 statuam
2826 2111 3075 2166 Semonis
3104 2112 3262 2170 Sanci
3290 2114 3374 2170 dei
3406 2116 3543 2172 Fidii
3568 2119 3822 2174 eamdem

2212 2211 2332 2253 esse
2360 2213 2422 2252 ac
2447 2198 2685 2256 Simonis
2716 2203 2878 2274 magi,
2911 2204 3008 2275 ipsi
3040 2206 3170 2261 falsa
3202 2210 3434 2265 nominis
3460 2211 3822 2270 similitudine

2211 2290 2457 2361 decepto,
2484 2293 2572 2348 alii
2599 2309 2787 2350 omnes
2812 2299 3006 2352 incauti
3031 2299 3493 2371 subscripserunt.

2282 2382 2421 2451 Quid
2445 2400 2574 2456 ergo
2590 2387 2614 2440 ’ἓ
2630 2386 2896 2459 Numquid
2921 2406 3111 2447 omnes
3140 2408 3246 2448 non
3277 2395 3449 2450 solum
3473 2411 3674 2467 graec,
3721 2399 3817 2456 sed

2212 2476 2374 2533 latine
2404 2479 2662 2545 scientes,
2691 2490 2850 2551 atque
2878 2482 2911 2536 ii
2931 2483 3115 2547 etiam,
3144 2486 3234 2556 qui
3265 2487 3490 2543 Romam
3521 2498 3642 2559 post
3656 2490 3816 2546 Justi-

2213 2586 2339 2625 num
2392 2581 2684 2643 martyrem
2733 2576 3030 2629 venerant?
3078 2576 3345 2648 Numquid
3390 2580 3532 2636 hunc
3571 2597 3815 2640 errorem

2213 2662 2388 2716 nullus
2417 2679 2479 2718 ex
2508 2663 2610 2718 illis
2653 2664 3040 2734 deprehendit,
3075 2679 3168 2724 aut
3215 2672 3355 2726 illius
3396 2689 3425 2727 a
3456 2689 3516 2728 se
3544 2675 3721 2745 agniti
3749 2689 3817 2732 ne

2214 2755 2379 2810 ullum
2413 2757 2630 2828 quidem
2682 2759 3002 2815 admonuit?
3053 2761 3321 2834 Numquid
3371 2767 3494 2837 quia
3544 2779 3814 2837 postrema

2212 2857 2369 2903 aetate
2390 2848 2626 2904 Simonis
2651 2851 2811 2907 Sanci
2855 2862 3032 2908 statua
3063 2854 3280 2911 inventa
3311 2869 3414 2923 est,
3468 2861 3592 2915 inde
3637 2877 3817 2918 neces-

2213 2940 2356 2994 sario
2389 2941 2631 3010 sequitur
2659 2942 2856 2998 Justini
2890 2956 3131 3016 tempore
3157 2950 3359 3004 nullam
3386 2950 3551 3008 fuisse
3578 2952 3813 3010 Simonis

2216 3030 2390 3102 Magi?
2417 3032 2554 3100 Quid
2586 3049 2738 3098 vero,
2770 3038 2908 3105 quod
2966 3041 3297 3108 Augustinus
3356 3053 3605 3100 testatum
3657 3049 3812 3118 plane

2221 3121 2348 3177 facit
2376 3123 2580 3179 effictas
2609 3126 2680 3181 ab
2707 3129 3139 3188 eodcm'Simone
3166 3149 3324 3206 mago
3353 3147 3405 3190 et
3441 3153 3592 3192 suam
3621 3149 3678 3194 et
3709 3140 3813 3196 lle-

508 3215 686 3280 batur,
731 3227 798 3270 eo
827 3212 998 3283 majus
1027 3228 1122 3282 pro
1166 3212 1307 3266 illius
1355 3213 1406 3264 in
1437 3209 1673 3264 hastario
1705 3224 1880 3274 mora,
1931 3217 1990 3263 et
2020 3207 2110 3262 illo
2136 3218 2182 3281 C
2215 3215 2364 3272 leues
2391 3219 2690 3275 meretricis
2744 3220 3039 3292 imagines,
3091 3241 3225 3295 quas
3280 3230 3564 3301 discipulis,
3619 3232 3808 3303 inquit,

509 3305 884 3364 venumdando
911 3305 1194 3376 exigebant
1220 3304 1446 3372 pretium
1477 3312 1534 3358 et
1557 3302 1836 3358 tributum.

581 3400 813 3468 Quinam
865 3415 1028 3470 porro
1060 3399 1133 3454 illi
1173 3399 1246 3453 dii
1291 3398 1484 3468 publici
1532 3401 1750 3463 iuerint,
1779 3413 1808 3451 a
1848 3396 2008 3452 nobis
2059 3396 2106 3451 si

509 3493 630 3563 quis
660 3492 878 3547 forsitan
906 3492 1280 3549 sciscitabitur.
1315 3490 1760 3561 respondebimus
1789 3488 1890 3543 hos
1929 3488 2105 3558 tripli-

509 3584 588 3638 cis
613 3583 945 3654 potissimum
969 3583 1131 3638 fuisse
1156 3585 1389 3654 generis.
1424 3584 1522 3637 Alii
1553 3583 1694 3637 enim
1718 3591 1874 3638 erant
1895 3582 1945 3634 in
1972 3590 2109 3636 tem-

511 3675 614 3745 plis
633 3673 902 3738 collocati,
934 3675 1022 3729 alii
1053 3676 1136 3730 vel
1166 3674 1430 3740 fabricati,
1457 3675 1538 3730 vel
1567 3682 1754 3744 empti,
1781 3685 1833 3728 et
1858 3673 2102 3739 advecti;

509 3767 599 3822 alii
625 3767 839 3823 tandem
870 3783 965 3838 per
992 3768 1140 3823 vicos
1162 3776 1217 3822 et
1244 3768 1465 3837 plateas,
1497 3776 1556 3821 ut
1576 3783 1732 3836 supra
1771 3764 2108 3820 animadver-

509 3859 903 3930 timus(Snpr.,
937 3877 1052 3930 cap.
1083 3861 1173 3923 2t,
1201 3868 1299 3914 art.
1333 3860 1408 3931 4),
1441 3859 1613 3928 palam
1658 3857 2115 3914 circumfereban-

513 3966 620 4011 tur.
648 3958 718 4010 At
761 3955 912 4024 primi
956 3953 1040 4008 vel
1084 3955 1251 4008 solam
1277 3953 1347 4006 oh
1379 3961 1719 4015 vetustatem,
1781 3950 2008 4006 secundi
2058 3959 2112 4006 et

517 4045 742 4102 tertii‘atl
767 4045 1102 4100 ethnicorum
1129 4045 1406 4097 arbitrium
1431 4043 1622 4098 tributa
1649 4043 1885 4112 pendere
1911 4052 1963 4098 et
1987 4057 2113 4097 ven-

515 4139 570 4194 di
609 4145 1023 4209 consueverant.
1056 4135 1243 4190 Nonne
1283 4150 1411 4204 ergo
1459 4135 1550 4205 qui
1596 4133 1698 4189 diis
1750 4135 1861 4190 suis
1911 4142 2112 4188 tantam

515 4231 800 4286 inurebant
828 4230 1100 4284 infamiam
1125 4273 1140 4295 ,
1172 4245 1268 4284 nec
1296 4229 1437 4296 illos,
1484 4245 1584 4284 nec
1610 4244 1798 4284 eorum
1831 4229 2115 4283 simulacra

517 4325 672 4390 deos,
729 4335 820 4378 aut
873 4323 1053 4377 divino
1103 4324 1281 4394 aliquo
1314 4323 1520 4380 honore
1562 4323 1756 4396 dignos
1787 4337 1908 4379 esse
1954 4323 2116 4379 etiam

519 4415 670 4470 inviti
701 4415 874 4485 palam
908 4412 1229 4470 fatebantur.

1105 4548 1394 4590 AnTlCULUS
1434 4550 1511 4589 Ill.

523 4647 690 4716 Quam
723 4660 1028 4723 prwpostere
1055 4652 1265 4723 gentiles
1287 4651 1546 4707 Simonem
1578 4671 1802 4726 magum,
1833 4659 1964 4712 sicut
1985 4657 2116 4712 alios

503 4724 507 4729 ’
592 4745 714 4800 deos
765 4760 882 4798 suos
921 4753 1091 4798 statua
1147 4744 1227 4798 dei
1267 4746 1430 4800 sancti
1455 4746 1888 4817 inaugurarerint,
1937 4767 2117 4820 eosque

505 4831 508 4834 ’
595 4839 1253 4909 omnesreprwsentaverint
1284 4839 1456 4893 eodem
1507 4839 1702 4906 habitu,
1732 4843 2006 4908 iisdemque
2032 4847 2135 4898 in-‘

591 4929 834 5000 signibus,
853 4930 1034 5002 quibus
1057 4940 1202 4998 tutas,
1227 4948 1332 4997 ars,
1354 4930 1604 5001 negotium
1632 4943 1749 4986 ante
1769 4944 1979 4987 ntortcm
2005 4939 2120 5006 fue-

590 5033 726 5088 rant,
779 5040 838 5078 ac
875 5041 1024 5096 pares
1075 5034 1270 5079 statuas
1300 5024 1683 5096 imperatoribus
1710 5026 1835 5092 suis,
1865 5043 1951 5082 seu
1981 5045 2117 5084 mor-

591 5115 710 5180 tuis,
729 5131 814 5169 seu
841 5115 963 5170 vivis
986 5118 1250 5171 statuerint
1269 5134 1288 5184 ,°
1311 5133 1400 5172 nec
1419 5117 1537 5171 inde
1554 5117 1750 5187 aliquid
1763 5119 1944 5188 conﬁci
1966 5137 2115 5191 posse

588 5213 764 5260 contra
797 5217 996 5262 sanctas
1019 5204 1424 5263 Christianorum
1447 5209 1716 5280 imagines.

499 5369 510 5372 -
585 5339 845 5398 Ultimum
882 5340 1196 5398 Tertulliani
1225 5343 1491 5399 adversus
1538 5345 1759 5400 insanos
1791 5346 2109 5404 simulacro-

487 5448 635 5490 -rum
667 5433 903 5488 cultores
925 5444 1300 5504 argumentum
1333 5450 1438 5490 non
1463 5437 1607 5491 omni
1639 5452 1858 5507 prorsus
1882 5437 2114 5494 difficul-

511 5537 619 5583 tate
641 5536 810 5583 caret.
843 5527 1181 5597 Quapropter
1206 5529 1354 5584 illum
1402 5545 1694 5600 parumper
1720 5532 1894 5588 adhuc
1923 5532 2108 5588 audia-

508 5635 650 5687 mus,
679 5621 925 5676 ethnicos
954 5619 1037 5676 his
1062 5622 1242 5676 verbis
1273 5622 1640 5693 increpantem
1677 5642 1688 5677 :
1724 5624 1860 5694 Qua,
1913 5625 2105 5694 inquit,

504 5714 701 5780 trante,
747 5710 997 5777 Iunones,
1046 5712 1270 5778 Cereres,
1321 5712 1543 5781 Dianas,
1577 5717 1691 5772 sive
1721 5718 1952 5786 illarum,
1975 5719 2102 5776 alia-

500 5817 723 5876 rumque
777 5814 1073 5862 vestrarum
1125 5807 1345 5862 dearum
1411 5822 1473 5860 ac
1543 5809 1764 5870 deorum
1817 5812 2103 5872 simulacra

2208 3309 2312 3362 suis
2333 3311 2586 3380 prwbebat
2613 3312 2922 3379 adorandus,
2955 3327 3002 3370 et
3032 3315 3209 3372 Romae
3233 3329 3472 3388 tanquam
3507 3323 3718 3379 deorum
3741 3326 3812 3380 si-

2211 3400 2436 3455 mulacra
2476 3405 2772 3458 auctoritate
2826 3407 3027 3476 publica
3063 3412 3389 3467 constituerat
3419 3415 3688 3486 (August.,
3719 3417 3803 3474 tib.

2213 3495 2276 3547 de
2309 3492 2529 3561 Haeres,
2563 3512 2678 3567 cap.
2709 3499 2761 3561 1,
2788 3516 2904 3570 pag.
2929 3500 3004 3570 6).
3039 3501 3196 3572 Atqui
3224 3505 3268 3558 si
3301 3504 3396 3559 has
3437 3507 3698 3578 imagines
3718 3509 3813 3565 Ro-

2215 3602 2316 3641 ma:
2343 3590 2636 3653 constituit,
2671 3607 2847 3646 nonne
2871 3593 3066 3648 Justitti
3118 3595 3296 3651 adhuc
3346 3608 3588 3670 tempore
3628 3602 3804 3674 aliqua

2215 3688 2428 3735 exstare
2457 3683 2710 3751 poterat?
2737 3684 2871 3750 Quid
2903 3702 3031 3757 ergo
3063 3689 3318 3758 prohibet
3355 3695 3641 3762 quominus
3685 3710 3812 3752 san-

2215 3781 2332 3826 ctus
2363 3774 2451 3828 ille
2494 3783 2701 3846 martyr
2730 3786 2784 3832 et
2811 3779 2902 3832 alii
2924 3779 3188 3852 deinceps
3217 3783 3452 3854 aliquam
3495 3803 3559 3842 ex
3591 3789 3697 3843 illis
3723 3796 3812 3843 aut

2219 3865 2482 3932 viderent,
2515 3879 2607 3923 aut
2645 3870 2714 3924 ab
2749 3870 2870 3926 aliis
2907 3873 3073 3929 visam
3123 3891 3244 3932 esse
3295 3876 3421 3934 facti
3475 3882 3586 3946 sint
3614 3883 3810 3938 certio-
3875 3859 3887 3877 δ

2219 3974 2306 4014 res
2334 3961 2357 4013 ?

2291 4052 2395 4108 Sed
2425 4054 2524 4120 fac,
2558 4057 2602 4112 si
2635 4057 2740 4113 Deo
2771 4060 2961 4128 placet,
2991 4062 3285 4129 Justinum,
3340 4069 3722 4140 Augustinum,
3755 4080 3808 4128 et

2219 4142 2355 4199 alios
2385 4163 2542 4213 quam
2578 4150 2839 4217 plurimos
2869 4168 3102 4223 errasse,
3141 4173 3246 4212 non
3271 4161 3447 4216 minus
3479 4172 3656 4219 tamen
3683 4164 3815 4219 vali-

2220 4231 2287 4287 da
2317 4244 2400 4290 est
2422 4235 2738 4294 Tertulliani
2760 4233 3019 4300 adversus
3047 4247 3272 4302 deorum
3299 4261 3502 4307 Statuas
3525 4268 3809 4324 argumen-

2221 4328 2375 4383 tatio.
2399 4329 2586 4387 Cuncti
2613 4335 2897 4393 enimvero
2917 4340 3106 4396 saltem
3137 4342 3368 4399 fatentur
3400 4347 3634 4416 positum
3655 4351 3809 4404 fuisse

2224 4421 2407 4479 Roma:
2427 4425 2677 4484 Semonis
2700 4430 2858 4486 Sanci
2881 4433 3248 4490 simulacrum.
3275 4441 3343 4492 At
3369 4455 3473 4494 non
3507 4442 3684 4498 minus
3711 4443 3809 4496 im-

2224 4514 2369 4584 pium
2401 4527 2517 4572 erat
2546 4519 2663 4576 falsi
2697 4522 2858 4593 hujus
2891 4524 3014 4592 dei,
3047 4543 3204 4597 quam
3236 4530 3472 4586 Simonis
3503 4535 3641 4605 magi
3679 4534 3810 4591 ima-

2141 4614 2195 4675 D
2225 4609 2402 4679 ginem
2425 4611 2668 4668 adorare.
2700 4615 2968 4673 Praeterea
2999 4619 3140 4675 idem
3183 4634 3302 4678 erat
3351 4624 3401 4679 in
3437 4626 3687 4696 deorum,
3739 4627 3809 4682 ait

2225 4701 2612 4773 Tertullianus,
2650 4711 2842 4765 statuis
2879 4709 3122 4780 Habitus,
3149 4715 3336 4770 eadem
3381 4718 3625 4789 insignia,
3657 4731 3808 4792 atque

2222 4806 2276 4849 nt
2303 4807 2447 4865 aetas,
2477 4809 2527 4852 ut
2555 4816 2661 4868 ars,
2695 4813 2750 4854 ut
2780 4806 3038 4874 negotium
3079 4813 3268 4862 mortui
3312 4811 3434 4880 fuit,
3484 4813 3555 4864 ita
3596 4815 3720 4867 deus
3743 4821 3808 4867 est

2223 4885 2551 4952 (Tertullian.
2582 4894 2878 4966 Apologet.,
2913 4915 3028 4966 cap.
3055 4899 3206 4969 547).
3235 4900 3372 4969 Quid
3399 4916 3580 4960 autem
3626 4906 3807 4962 absur-

2221 4979 2363 5045 dius,
2395 4997 2552 5052 quam
2583 4999 2708 5039 cum
2759 5004 2914 5043 senex
2941 4989 3005 5042 de
3026 4990 3255 5046 Saturno
3275 5037 3290 5059 ,
3343 4995 3481 5050 sicut
3513 4996 3602 5052 ille
3627 4997 3734 5053 alio
3759 4996 3808 5052 in

2219 5071 2357 5126 libro
2383 5075 2616 5146 scripsit,
2640 5077 2879 5156 imberbis
2906 5079 2969 5134 de
2993 5081 3247 5151 Apolline,
3278 5085 3418 5156 virgo
3447 5087 3511 5140 de
3540 5085 3715 5143 Diana
3749 5088 3809 5157 ᾖ·

2219 5175 2454 5235 guratur,
2488 5169 2698 5223 etutiles
2727 5171 2782 5224 in
2829 5171 3017 5239 Marte,
3066 5184 3113 5228 et
3159 5177 3209 5228 in
3272 5175 3500 5233 Vulcano
3526 5180 3670 5250 faber
3693 5177 3808 5251 ferri

2217 5269 2542 5312 consecratur
2568 5260 2759 5330 (Idem,
2791 5263 2880 5319 lib.
2911 5262 2931 5317 Ι
2957 5265 3023 5318 ad
3057 5264 3300 5335 Nation.,
3334 5285 3479 5341 cap.‘
3511 5271 3642 5342 l0)?
3683 5271 3808 5342 Quis

2218 5347 2360 5402 enim
2393 5364 2454 5403 ea
2486 5353 2783 5420 Spectando
2803 5395 2819 5420 ,
2849 5371 2955 5411 non
2989 5357 3134 5413 illico
3165 5358 3384 5416 videbat
3412 5360 3534 5418 illos
3564 5361 3805 5419 homines

2217 5441 2404 5510 fuisse,
2436 5427 2631 5500 Vilide
2657 5446 2822 5502 etiam
2850 5449 3054 5505 artibus
3089 5451 3218 5506 olim
3273 5462 3580 5526 occupatos,
3605 5456 3697 5527 qui
3725 5454 3796 5511 dii

2216 5536 2419 5593 idcirco
2445 5553 2565 5594 esse
2608 5556 2879 5612 nunquam
2913 5547 3239 5614 potuerunt?
3261 5546 3379 5603 Non
3410 5562 3619 5604 summa
3645 5551 3804 5621 igitur

2216 5630 2334 5685 sine
2359 5631 2633 5700 impietate
2660 5633 2873 5690 illorum
2904 5646 3154 5710 tanquam
3174 5638 3398 5697 deorum
3423 5640 3708 5698 simulacra
3746 5649 3798 5698 et

2218 5721 2477 5792 imagines
2498 5721 2882 5784 adorabantur.

2218 5815 2526 5891 LDenique
2566 5817 2723 5877 iidem
2749 5822 2975 5894 gentiles
3002 5839 3106 5880 non
3137 5825 3309 5885 solum
3347 5825 3430 5884 bis
3451 5827 3680 5902 aliisque
3701 5845 3795 5888 ve-
