4076 6356
328 337 475 398 1157

1447 349 1900 408 DISSEB'I‘ATIO
1941 352 2001 409 D.
2043 353 2132 409 LE
2170 354 2475 413 NOUthY.

3487 355 3627 420 1138

333 455 540 510 terihus
569 455 671 513 diis
699 458 834 525 suis,
862 461 955 518 sed
985 460 1097 517 suis
1123 461 1289 518 etiam
1330 461 1739 535 imperatoribus
1768 482 1918 521 mor-
1946 468 2003 528 Α
2023 480 2432 542 componantur,
2455 487 2644 527 novam
2674 480 3020 550 mttlltamqne
3046 474 3219 531 lucem
3244 476 3344 534 sibi
3386 477 3614 537 afferent

331 547 458 613 tuis,
481 563 545 603 ac
565 551 885 624 quandoque
926 553 1103 609 adhuc
1132 556 1459 626 viventibus,
1491 559 1567 614 uti
1612 558 1771 629 paulo
1801 568 1923 630 post

329 640 592 708 dicemus,
613 655 987 703 exstruxerant
1022 649 1246 721 templa,
1278 649 1330 705 in
1349 650 1541 722 quibus
1572 653 1742 722 posita
1769 661 1928 709 erant

331 748 517 791 eorum
546 737 853 805 simulacra,
889 756 1059 813 eaque
1085 741 1276 798 eodem
1326 754 1489 816 atque
1536 746 1763 802 aliorum
1790 746 1921 803 deoo

329 841 449 883 rum
501 842 721 884 suorum
787 831 1039 888 colebant.
1086 833 1310 892 honore.
1362 835 1493 904 Quae
1527 846 1703 893 autem
1752 838 1926 907 major

328 907 596 991 impietas,
621 937 779 993 quam
804 925 1029 987 viventis
1052 926 1303 995 hominis,
1334 938 1426 984 aut
1451 930 1665 997 mortui,
1699 945 1763 985 ae
1792 930 1919 987 dum

330 1012 538 1068 viveret
574 1014 719 1070 omni
752 1017 1017 1073 scelerum
1068 1034 1267 1089 genere
1311 1023 1508 1091 smpins
1554 1024 1920 1092 conspurcati,

329 1103 673 1161 simulacrum
707 1115 956 1178 tanquam
987 1110 1097 1165 veri
1127 1110 1212 1166 dei
1255 1112 1484 1169 adorare
1511 1128 1574 1169 ac
1595 1180 1598 1185 ‘
1618 1116 1870 1171 venerari
1897 1116 1922 1170 ?

329 1197 401 1251 At
441 1208 592 1253 certe
641 1214 748 1253 non
780 1200 951 1255 insani
1005 1202 1356 1276 imperitique
1405 1213 1610 1261 tantum
1640 1206 1779 1278 vulgi
1811 1207 1926 1265 haec

328 1286 429 1343 fuit
475 1290 786 1347 detestanda
816 1294 1126 1363 superstitio
1149 1337 1164 1362 ,
1197 1296 1289 1351 scd
1318 1298 1543 1353 aliorum
1574 1300 1735 1354 etiam
1761 1342 1778 1368 ,
1823 1302 1912 1371 qui

326 1381 542 1453 ingenio
570 1393 624 1439 et
648 1390 964 1442 auctoritate
993 1390 1225 1446 maxime
1253 1390 1551 1461 pollebant.
1580 1392 1658 1448 De
1691 1407 1751 1449 se
1778 1393 1921 1449 enim

326 1474 447 1544 ipso
477 1485 531 1530 et
576 1475 917 1546 quibusdam,
967 1480 1059 1550 qui
1113 1495 1173 1536 se
1225 1482 1550 1538 christianos
1593 1497 1714 1539 esse
1760 1499 1922 1555 nega-

325 1564 476 1632 bant,
507 1566 711 1623 Plinius
729 1569 844 1624 lnec
868 1571 933 1626 ad
958 1571 1246 1644 Trajanum
1281 1575 1660 1645 imperatorem
1702 1579 1922 1648 scripsit

327 1659 383 1715 in
413 1660 728 1716 verba:Cum
753 1674 1009 1734 praeeunte
1038 1683 1116 1721 me
1135 1668 1256 1724 deos
1282 1670 1619 1742 appellarent,
1642 1682 1691 1726 et
1714 1672 1926 1745 imagini

322 1759 442 1816 tute,
470 1768 619 1822 quam
645 1766 854 1827 propter
880 1757 976 1812 hoc
992 1759 1251 1829 jusserunt
1293 1777 1407 1816 cum
1433 1762 1724 1819 simulacris
1749 1766 1920 1818 numi-

2027 579 2090 620 ac
2115 568 2391 640 recipient.

2597 686 2825 748 CAPUT
2874 690 3045 749 XXX.

2317 800 2393 857 De
2416 804 2680 875 gentilium
2706 807 2924 881 templis,
2953 818 3004 866 et
3031 811 3319 883 sacriﬁciis.

2552 915 2845 958 mrtcuws
2881 918 3089 959 paruus.
3305 889 3318 902 ’

2031 1037 2239 1107 Quanta
2263 1042 2518 1112 impietate
2544 1041 2730 1096 ethnici
2755 1041 2944 1109 tentpla
2980 1049 3029 1096 et
3063 1056 3181 1096 aras
3206 1040 3307 1097 diis
3331 1042 3442 1099 suis
3465 1052 3620 1114 atque

2098 1132 2490 1204 imperatoribus
2519 1134 2729 1188 mortuis
2755 1143 2798 1187 et
2823 1133 2946 1187 vivis
2969 1134 3363 1203 tediﬁcauerint,
3417 1152 3611 1191 merce-

2099 1225 2312 1297 demque
2330 1228 2585 1298 exegerint
2613 1244 2706 1298 pro
2734 1227 3036 1297 templorum
3063 1227 3196 1292 solo,
3220 1243 3314 1298 pro
3333 1228 3498 1295 aditu,
3523 1244 3617 1300 pro

2100 1319 2240 1373 ostiis
2259 1326 2305 1373 et
2326 1319 2597 1389 stipitibus,
2625 1337 2686 1373 ac
2712 1336 2863 1391 quant
2889 1319 3126 1390 nefandis
3147 1319 3415 1376 sceleribus
3442 1322 3620 1375 eadem

2100 1412 2290 1482 templa
2336 1416 2762 1475 contaminarent,
2793 1429 2908 1486 qute
2945 1412 3226 1469 Christiani
3265 1429 3358 1469 nec
3397 1414 3619 1470 interdiu

2102 1514 2342 1559 noverant
2348 1546 2362 1560 .

2097 1640 2303 1709 Quibus
2347 1641 2675 1713 argumentis
2714 1641 3074 1698 Tertullianns
3105 1642 3359 1698 falsorum
3387 1642 3611 1699 deorum

2028 1734 2287 1806 imagines
2327 1742 2382 1792 et
2409 1736 2688 1792 simulacra
2707 1778 2723 1804 ,
2752 1736 2938 1792 iisdem
2969 1737 3125 1808 plane
3154 1736 3368 1794 illorum
3415 1736 3610 1808 templa

322 1861 442 1899 num
467 1846 648 1917 afferri
672 1889 689 1915 ,
720 1848 882 1917 thure,
907 1867 968 1905 ac
993 1828 1109 1907 uino
1140 1854 1506 1923 supplicarent,
1537 1865 1780 1926 praeterea
1806 1874 1919 1912 ma-
1948 1867 1996 1928 Β
2029 1843 2169 1884 Veri“
2211 1828 2461 1928 religi)“:
2498 1845 2827 1928 repugnare.
2981 1830 3311 1928 atdillcanda
3357 1845 3477 1928 esse
3513 1831 3614 1888 de-

324 1937 596 1995 ledicerent
625 1940 851 2011 Christo,
893 1960 1110 2015 quorum
1152 1947 1282 2002 nihil
1321 1950 1433 2021 cogi
1476 1966 1624 2019 posse
1656 1951 1919 2018 dicuntur,

332 2037 419 2102 qui
450 2044 567 2089 sunt
586 2051 758 2091 revera
777 2037 1052 2094 Christiani
1080 2040 1099 2112 (
1124 2039 1290 2109 Plin.,
1320 2042 1408 2097 lib.
1446 2043 1512 2108 X,
1535 2046 1683 2115 epist.
1714 2045 1810 2101 101
1854 2047 1922 2100 ad

320 2121 586 2197 Troiam).
637 2126 749 2184 Nec
804 2130 996 2185 mirum
1048 2133 1286 2202 profecto
1309 2134 1353 2190 si
1386 2135 1501 2191 veri
1531 2135 1825 2193 Christiani
1866 2138 1918 2205 id

321 2218 478 2289 plane
509 2219 825 2293 penitusque
848 2235 1181 2291 recusarent,
1205 2227 1345 2298 quod
1374 2244 1477 2283 non
1518 2230 1635 2286 sine
1685 2231 1920 2286 maximo

320 2306 639 2367 idololatrire
661 2315 886 2372 crimine
906 2316 1021 2372 ﬁeri
1047 2326 1271 2388 poterat.

392 2423 508 2479 Non
536 2427 767 2498 amplius
793 2444 922 2501 ergo
943 2431 1191 2489 audiendi
1223 2445 1348 2490 sunt
1374 2436 1623 2507 gentiles,
1643 2438 1732 2508 qui
1756 2438 1923 2494 nobis.

318 2519 641 2591 obj'ccbant
666 2523 735 2580 ab
770 2524 1139 2597 hujuscemodi
1167 2528 1414 2596 deorum,
1444 2533 1742 2603 praesertim
1770 2532 1916 2588 anti-

317 2629 570 2684 quorum,
601 2617 811 2684 statuis,
837 2627 892 2674 et
921 2620 1247 2685 simulacris,
1267 2637 1425 2693 opem
1451 2624 1552 2678 sibi
1584 2625 1737 2690 ferri,
1769 2626 1914 2682 fundi

316 2708 571 2773 oracula,
602 2711 907 2771 autncscio
951 2729 1068 2783 qua:
1113 2713 1250 2769 facta
1296 2716 1574 2771 miracula.
1607 2717 1739 2786 Qum
1766 2717 1912 2774 enim
1954 2768 1958 2773 .

316 2799 384 2856 de
412 2801 559 2858 hisce
585 2802 709 2870 diis,
727 2820 822 2861 seu
843 2806 1149 2864 simulacris
1178 2807 1433 2873 diximus,
1459 2810 1585 2866 Sole
1612 2811 1914 2868 meridiano

315 2893 620 2950 evidentius
656 2896 1029 2955 demonstrant
1067 2902 1200 2956 nihil
1241 2903 1308 2957 ab
1348 2903 1485 2970 illis,
1528 2904 1696 2959 multo
1736 2904 1916 2960 minus

314 2988 571 3042 miracula
622 2991 862 3061 potuisse
905 2991 1064 3048 fieri?
1111 2994 1314 3050 Deinde
1360 3011 1488 3051 vero
1518 2996 1910 3065 Tertullianus,

314 3090 372 3136 ut
415 3094 575 3150 supra
626 3082 884 3150 vidimus,
918 3085 1077 3154 plane
1114 3087 1347 3142 ostendit
1372 3089 1415 3142 si
1443 3088 1568 3158 quid
1601 3098 1747 3144 extra
1779 3106 1909 3145 con-

313 3183 525 3226 suetum
573 3182 777 3229 natura:
823 3175 1066 3231 ordinem
1098 3177 1166 3233 ab
1198 3179 1303 3234 illis
1335 3178 1531 3235 laetum
1566 3181 1827 3245 videatur,
1860 3183 1912 3236 id

314 3263 655 3329 tribuendum
685 3266 843 3321 malis
870 3268 1100 3336 artibus,
1130 3270 1416 3340 praestigiis
1442 3280 1606 3340 atque
1634 3270 1908 3326 fraudibus
1935 3258 1980 3321 C

314 3353 650 3426 daemonum,
690 3358 779 3427 qui
827 3358 1209 3416 delitescentes
1246 3362 1339 3415 sub
1380 3363 1694 3434 imaginum,
1720 3364 1793 3419 nti
1821 3363 1911 3420 ille

314 3446 570 3520 loquitur,
600 3452 988 3523 prostitutione,
1013 3463 1062 3508 et
1106 3454 1445 3509 humanorum
1493 3457 1754 3511 nominum
1782 3473 1907 3511 con-

313 3545 593 3599 secratione
623 3544 641 3616 (
666 3543 968 3602 Tertullian.
1019 3547 1310 3620 Apologet.,
1336 3565 1452 3621 cap.
1473 3548 1550 3604 27
1580 3547 1621 3620 ),
1655 3549 1907 3620 improvi-

314 3634 412 3693 das
438 3637 716 3707 gentilium
763 3648 970 3696 mentes
1002 3639 1276 3696 fallebant.
1304 3640 1408 3697 Sed
1440 3640 1515 3698 de
1543 3640 1627 3695 his
1652 3643 1779 3697 satis
1807 3657 1906 3697 an-

312 3737 399 3789 tea
427 3733 821 3803 disputavimus
848 3736 866 3805 (
892 3734 1078 3807 Supr.,
1109 3751 1225 3805 cap.
1256 3734 1348 3802 10,
1378 3744 1479 3791 art.
1505 3736 1539 3791 5
1558 3733 1603 3789 et
1628 3752 1763 3806 seqq.
1793 3735 1832 3807 ).

384 3866 569 3941 Neque
596 3887 756 3940 porro
786 3882 885 3938 est,
919 3871 1058 3943 quod
1093 3872 1378 3929 luereticus
1420 3873 1614 3945 aliquis
1657 3873 1813 3929 nobis
1854 3874 1906 3930 in

317 3975 503 4017 aurem
549 3963 868 4033 obganniat,
913 3968 997 4021 vel
1042 3967 1219 4038 palam
1271 3967 1507 4023 clamitet
1545 3984 1609 4023 ex
1652 3967 1754 4031 his,
1788 3984 1909 4037 qua:

314 4050 576 4108 hactenus
609 4063 731 4124 post
757 4054 1143 4111 Tertullianum
1174 4065 1450 4115 enucleata
1482 4068 1625 4124 sunt,
1658 4058 1907 4114 concludi

312 4158 473 4215 posse
513 4163 701 4203 omnes
730 4149 943 4220 penitus
972 4165 1154 4205 sacras
1181 4149 1612 4224 Christianorum
1645 4151 1907 4222 imagines

312 4242 381 4296 ab
423 4244 516 4298 illo
563 4245 930 4300 condemnari.
980 4246 1095 4300 Non
1138 4247 1282 4301 enim
1311 4247 1376 4302 de
1416 4247 1536 4301 aliis
1575 4232 1913 4316 disputavit,

312 4353 473 4408 qnam
498 4337 763 4393 falsorum
790 4341 1036 4408 deorum,
1066 4356 1185 4412 qum
1212 4340 1329 4397 sine
1353 4341 1629 4413 sacrilega:
1656 4340 1900 4411 impieta-

312 4429 380 4483 tis
412 4429 562 4494 vitio,
592 4431 733 4485 sient
773 4432 1225 4500 satis'probatnm
1261 4442 1362 4499 est,
1394 4433 1604 4487 adorari
1635 4442 1910 4502 nequeunt

317 4522 343 4593 ('
366 4518 675 4583 Tertullian.
706 4523 795 4576 lib.
825 4522 888 4575 de
927 4521 1201 4588 Idololat.,
1224 4541 1341 4594 cap.
1372 4525 1466 4596 5).
1495 4524 1679 4595 Neque
1710 4523 1905 4594 potiori

306 4612 429 4684 jure
450 4598 591 4670 alius
617 4606 835 4670 instabit
866 4615 1013 4671 illum
1042 4626 1421 4672 asseveranter
1436 4616 1563 4672 alibi
1604 4616 1905 4672 affirmasse
1929 4652 1984 4714 Β

311 4705 489 4761 divina
540 4708 740 4780 Moysis
790 4708 942 4777 lege,
974 4708 1242 4779 quaslibet
1289 4718 1495 4763 statuas
1546 4717 1600 4763 et
1648 4707 1907 4778 imagines

310 4800 607 4871 prohiberi.
658 4799 792 4856 Nam
844 4798 1042 4856 ibidem
1096 4800 1185 4855 ille
1238 4814 1344 4856 non
1397 4800 1577 4855 minus
1623 4799 1909 4871 perspicue

310 4895 585 4950 asseverat
608 4892 785 4948 factas
818 4892 911 4948 Dei
932 4893 1088 4963 jussu
1119 4892 1187 4948 ab
1211 4893 1403 4947 eodem
1436 4891 1616 4965 Moyse
1641 4891 1909 4962 serpentis

311 4987 471 5053 aenei,
498 4987 958 5053 Cherubinornm,
983 4986 1220 5057 aliasque
1238 4986 1497 5058 imagines
1528 4986 1647 5042 sive
1676 4995 1902 5052 statuas,

308 5093 429 5149 quae
455 5077 654 5134 idcirco
680 5078 811 5133 nihil
840 5079 982 5149 pravi
1022 5078 1199 5133 cultus
1245 5086 1301 5133 et
1346 5076 1661 5132 idololatria:
1714 5090 1900 5132 secum

308 5168 691 5240 importabant.
741 5170 1087 5226 Existimavit
1124 5184 1255 5241 ergo
1276 5184 1368 5225 eas
1396 5185 1500 5223 non
1521 5164 1902 5239 improbandas

309 5276 450 5327 esse,
480 5277 600 5332 qua:
630 5261 761 5316 nihil
791 5262 956 5333 impio
987 5262 1251 5318 idolorum
1283 5262 1448 5318 cultui
1501 5261 1660 5317 affine
1682 5261 1899 5318 habent.

308 5354 415 5412 Sed
441 5355 557 5410 haec
582 5353 752 5409 fusius
771 5355 823 5409 in
852 5360 1024 5426 primo
1048 5358 1351 5428 Apparatus
1369 5357 1539 5412 nostri
1566 5365 1732 5425 torno,
1753 5356 1905 5411 aliis-

309 5463 416 5520 que
462 5448 830 5516 superioribus
873 5449 1072 5504 nostris
1115 5450 1581 5506 dissertationilms
1639 5450 1904 5521 esplicata

309 5548 437 5596 sunt
479 5539 499 5610 (
534 5537 677 5593 Tom.
708 5537 729 5593 Ι
756 5540 1029 5612 Apparat.,
1060 5558 1113 5611 p.
1141 5542 1284 5608 748;
1321 5541 1588 5598 Dissertat.
1615 5543 1669 5598 in
1698 5541 1888 5600 Minut.

315 5630 455 5699 θοι,
477 5649 594 5704 cap.
616 5632 709 5701 29,
729 5643 828 5687 art.
855 5634 873 5689 Ι
900 5643 948 5689 et
974 5650 1137 5706 seqq.;
1160 5633 1435 5693 Dissertat.
1471 5638 1525 5692 in
1544 5636 1765 5706 Arnob.,
1783 5655 1902 5709 cap.

306 5729 402 5798 22,
433 5740 534 5788 art.
562 5732 589 5787 1
624 5741 672 5786 et
698 5748 866 5803 seqq.;
911 5741 955 5786 et
986 5730 1255 5788 Dissertat.
1287 5733 1341 5787 iu
1371 5732 1638 5802 Lactant,
1661 5750 1779 5806 cap.
1808 5735 1899 5803 54,

307 5826 459 5881 art.l
496 5833 542 5880 et
565 5822 702 5898 seqq.
725 5823 769 5902 ).
793 5825 871 5882 Ea
909 5820 1035 5883 vero
1063 5826 1109 5884 si
1138 5825 1384 5883 cumchis
1428 5844 1549 5899 qua:
1595 5829 1897 5896 retulimus,

2030 1928 2312 1975 monstrat.
2343 1912 2501 1976 Nulla
2530 1925 2726 1993 quippe.
2754 1921 2869 1978 falsi
2909 1922 3029 1990 dei,
3061 1923 3227 1978 multo
3254 1922 3432 1994 magis
3461 1938 3613 1979 mor-

2031 2013 2139 2078 tui,
2167 2022 2259 2070 aut
2308 2015 2538 2070 viventis
2582 2016 2810 2070 hominis
2841 2024 3091 2087 tanquam
3132 2016 3241 2071 veri
3282 2015 3366 2070 dei
3400 2016 3600 2086 templa

2023 2114 2338 2163 construere
2383 2100 2616 2178 unquam
2648 2107 2815 2162 licuit.
2857 2107 2988 2178 Quis
3033 2108 3193 2179 igitur
3232 2122 3388 2180 teque
3434 2107 3615 2164 animo

2024 2195 2164 2255 ferre
2197 2199 2390 2269 poterit
2420 2197 2698 2260 ethnicus.
2728 2198 2817 2271 qui
2848 2214 2951 2252 non
2986 2198 3146 2254 modo
3177 2199 3312 2254 lictis
3339 2196 3613 2254 veteribus

2024 2290 2129 2345 diis
2150 2331 2166 2357 ,
2191 2289 2287 2346 sed
2325 2290 2550 2346 mortuis
2576 2290 2734 2346 etiam
2765 2305 2829 2345 ac
2855 2290 3157 2347 viventibus
3197 2289 3612 2361 imperatoribus

2024 2382 2138 2438 suis
2183 2381 2416 2452 templa,
2457 2390 2549 2437 ant
2600 2391 2653 2436 ut
2701 2380 3057 2437 Tertullianus
3088 2380 3354 2453 loquitur,
3380 2379 3524 2436 aedes
3556 2388 3619 2436 et.-

2021 2486 2144 2527 aras
2172 2471 2503 2542 posuerant?
2541 2472 2897 2539 Quamobrem
2931 2471 3012 2527 bis
3043 2471 3163 2526 illus
3182 2471 3469 2541 compellat
3490 2470 3614 2526 irri-

2021 2565 2218 2636 detque
2238 2564 2413 2620 verbis
2439 2583 2450 2619 :
2483 2564 2644 2636 Digne
2666 2565 3053 2637 imperatoribus
3076 2562 3332 2634 defunctis
3361 2563 3606 2618 honorem

2020 2655 2301 2710 divinitatis
2328 2655 2508 2709 dicatis
2528 2697 2542 2721 ,
2580 2656 2758 2724 quibus
2788 2665 2833 2709 et
2861 2654 3136 2710 viventibus
3180 2670 3295 2709 eum
3333 2654 3573 2709 addicitis
3591 2694 3607 2720 ,

2020 2747 2104 2803 vel
2131 2748 2283 2803 sicuti
2313 2748 2420 2802 alio
2452 2748 2504 2803 in
2534 2746 2668 2801 libro
2698 2746 2912 2816 adjecit,
2945 2744 3270 2811 sacerdotia,
3295 2760 3481 2802 sacros
3506 2761 3604 2816 ap-

2020 2849 2271 2912 paratus,
2306 2841 2545 2906 thensas,
2577 2854 2786 2901 Clll'rtlS,
2820 2839 3130 2905 solislernitt,
3160 2837 3213 2895 id
3240 2848 3323 2894 est
3343 2881 3357 2899 .
3387 2837 3521 2892 solia
3552 2822 3611 2893 et

2021 2934 2276 3000 thronos,
2300 2943 2461 3004 atque
2486 2933 2645 2988 etiam
2686 2933 2989 2986 lectisternia
3037 2932 3313 2987 cxstruitis
3343 2929 3606 3000 (Tertull.

2019 3020 2311 3101 Apologet.,
2340 3044 2454 3100 cap.
2491 3027 2592 3087 l5;
2623 3025 2710 3080 lib.
2746 3026 2761 3080 Ι
2799 3025 2866 3079 ad
2892 3024 3128 3089 Nation.,
3171 3043 3284 3098 cap.
3309 3024 3416 3080 3M
3451 3025 3491 3092 ).
3525 3023 3604 3079 Ne

2018 3125 2140 3193 quis
2161 3133 2336 3176 autem
2365 3120 2628 3176 dubitaret
2661 3137 2721 3173 ca
2754 3119 2949 3188 templa
2988 3119 3137 3172 novis
3166 3122 3269 3171 tllts
3288 3118 3391 3172 diis
3417 3131 3605 3171 conse-

2020 3216 2180 3280 crari,
2211 3215 2424 3286 ipsinu-t
2451 3216 2671 3283 ςυιιιίἰωπ
2700 3230 2883 3266 eorum
2913 3212 3186 3266 liminibus
3209 3253 3223 3275 ,
3254 3220 3306 3265 et
3335 3209 3443 3264 aris
3473 3209 3604 3263 insi-

2016 3323 2150 3381 gnes
2190 3308 2446 3372 deorum,
2479 3306 2673 3377 quibus
2715 3305 3118 3370 dt-dicabantur,
3154 3305 3334 3359 titulos
3381 3303 3606 3358 inscribi

2014 3408 2359 3455 curaverant.
2390 3398 2592 3468 Siquis
2622 3406 2796 3453 autem
2853 3396 3026 3468 aliqua
3078 3396 3400 3466 templorum
3429 3398 3601 3467 impe-

2011 3494 2284 3551 ratoribus
2329 3492 2695 3553 dedicatorum
2738 3490 2982 3561 exempla
3027 3490 3126 3545 sibi
3177 3488 3400 3560 proferri
3439 3488 3601 3554 velit,

2012 3607 2081 3649 en
2128 3589 2373 3647 Suetonii
2411 3588 2479 3644 de
2517 3587 2657 3643 Julio
2685 3586 2899 3641 Caesare
2939 3583 3132 3639 verba:
3160 3584 3423 3656 Ampliora
3451 3584 3605 3639 etiam

2014 3687 2239 3741 humano
2277 3683 2483 3753 fastigio
2513 3683 2606 3739 sibi
2634 3679 2834 3734 decerni
2863 3696 3046 3758 ραιεηε
3077 3689 3146 3733 est
3168 3720 3182 3743 ,
3207 3677 3423 3749 templa,
3449 3693 3566 3731 aras
3586 3716 3603 3741 ,

2014 3780 2313 3846 simulacra,
2329 3780 2481 3850 juxta
2510 3777 2632 3833 deos
2652 3777 2907 3850 pulvinar,
2927 3775 3179 3846 ﬂantines,
3200 3773 3432 3842 lupercos
3447 3767 3605 3842 (Sue-

2015 3882 2148 3941 ton.,
2180 3872 2269 3927 lib.
2293 3873 2336 3934 l,
2369 3871 2547 3945 §76).
2577 3871 2713 3937 Quin
2757 3871 2917 3925 etiam
2955 3884 3022 3924 eo
3063 3866 3321 3938 processit
3367 3862 3481 3917 lucc
3520 3862 3602 3915 in-

2012 3982 2141 4023 sana
2168 3966 2505 4021 ethnicorum
2540 3965 2785 4034 impietas
2806 4004 2821 4031 ,
2851 3973 2911 4017 ut
2936 3961 3182 4017 Valerius
3220 3958 3478 4013 Maximus
3506 3970 3601 4009 an-

2011 4075 2104 4115 sus
2131 4059 2201 4113 sit
2227 4058 2369 4114 hunc
2407 4060 2579 4126 ipsum
2622 4055 2819 4111 Julium
2847 4053 3111 4108 Caesarem
3142 4049 3228 4105 his
3264 4046 3444 4104 verbis
3476 4060 3606 4135 pre:

2010 4152 2121 4209 euri
2152 4170 2165 4205 :
2197 4150 2335 4218 Tuas
2367 4167 2505 4215 aras,
2534 4131 2715 4211 tuaque
2742 4144 3059 4201 sanctissima
3088 4142 3293 4214 templa,
3318 4139 3430 4194 dire
3456 4136 3592 4205 Iuli,

2010 4253 2274 4301 veneratus
2300 4259 2411 4309 oro,
2440 4251 2494 4295 ut
2520 4239 2743 4313 propitio
2771 4254 2832 4291 ac
2870 4236 3077 4315 fauenti
3097 4234 3301 4287 numine
3336 4240 3593 4284 tantorum

2011 4354 2161 4395 casus
2197 4337 2419 4391 virorum
2457 4333 2547 4387 sub
2581 4333 2654 4385 tui
2690 4329 2907 4401 exempli
2937 4326 3174 4397 praesidio
3199 4341 3260 4378 ac
3284 4323 3440 4378 tutela
3464 4322 3595 4376 deli-

2012 4444 2195 4489 tescere
2218 4408 2430 4501 patiaris
2459 4424 2477 4497 (
2511 4423 2625 4479 Val.
2657 4420 2829 4484 Μαι..
2861 4419 2948 4473 lib.
2980 4418 3018 4483 l,
3050 4413 3473 4488 cap.6,§13).
3608 4414 3612 4421 '

2082 4523 2374 4581 Modestior
2415 4517 2629 4591 quidem
2677 4515 2773 4570 fuit
2808 4516 3097 4584 imperator
3136 4512 3442 4580 Augustus,
3475 4508 3588 4577 qui,

2013 4628 2148 4675 teste
2167 4615 2341 4671 adhuc
2367 4611 2644 4672 Suetonio,
2670 4607 2859 4677 templa
2877 4605 3103 4678 quamvis
3123 4603 3272 4658 sciret
3298 4602 3453 4657 etiam
3480 4615 3600 4670 pro-

2010 4711 2301 4769 consulibus
2348 4704 2548 4763 decerni
2590 4702 2786 4768 solere,
2818 4702 2872 4754 in
2919 4698 3062 4753 nulla
3104 4706 3270 4752 tamen
3311 4693 3601 4766 provincia,

2010 4806 2112 4862 nisi
2139 4800 2397 4858 communi
2421 4814 2514 4854 suo
2553 4796 2828 4867 Romaque
2856 4792 3060 4847 nomine
3101 4788 3288 4857 recepit
3313 4787 3334 4856 (
3360 4786 3600 4853 Sueten,

2011 4897 2098 4954 lib.
2120 4893 2185 4958 ll,
2216 4893 2244 4966 ᾖ
2279 4891 2350 4949 52
2374 4890 2411 4962 ).
2442 4888 2546 4946 Sed
2579 4869 2695 4943 ha‘c
2739 4896 2916 4941 tamen
2962 4882 3156 4951 templa
3202 4880 3433 4950 recepit,
3477 4893 3600 4948 que

2012 5003 2119 5046 non
2158 4986 2278 5043 sine
2314 4983 2426 5038 veri
2457 4979 2761 5049 sunnniquc
2794 4975 2885 5029 hei
2912 4974 3108 5041 injuria
3139 4971 3300 5042 recipi
3329 4979 3595 5040 poterant.

2011 5080 2117 5138 Alii
2154 5080 2334 5150 itaque
2359 5077 2527 5132 multo
2557 5072 2725 5144 magis
2747 5067 3070 5131 damnandi,
3099 5067 3189 5137 qni
3232 5066 3346 5121 haec
3392 5067 3601 5136 aliaque

2010 5174 2207 5246 templa
2248 5171 2364 5228 sive
2408 5166 2747 5239 imperatoris
2768 5204 2782 5230 ,
2810 5163 2923 5219 sive
2958 5160 3124 5216 etiam
3154 5158 3465 5229 reipublicae
3493 5172 3593 5213 no-

2008 5269 2154 5325 mine
2195 5264 2507 5323 condidere.
2542 5256 2679 5328 Qaid
2732 5270 2861 5326 ergo
2890 5251 3175 5309 dicendum
3197 5251 3266 5307 de
3303 5250 3612 5307 Domitiano

2006 5360 2235 5431 aliisque
2274 5350 2700 5411 sceleratissimis
2741 5345 3191 5422 imperatoribus,
3224 5345 3346 5416 qni,
3387 5344 3595 5399 ut‘lto-

2009 5468 2182 5509 mante
2202 5451 2438 5507 historia:
2465 5446 2755 5518 scriptores
2782 5452 3018 5507 narrant,
3033 5443 3308 5512 jusserunt
3333 5453 3393 5494 se
3422 5440 3603 5509 appel-

2009 5546 2109 5602 lari
2143 5544 2294 5608 deos,
2324 5541 2536 5610 sibique
2567 5537 2763 5607 templa
2791 5534 3079 5592 aediﬁcari?
3116 5535 3283 5591 Nemo
3308 5546 3454 5591 certe
3485 5536 3598 5587 sani

2009 5636 2202 5709 capitis
2231 5637 2391 5690 homo
2414 5631 2516 5685 hoc
2539 5644 2805 5685 summum
2838 5626 3122 5698 impietatis
3149 5628 3326 5682 scelus
3359 5640 3476 5681 esse
3499 5623 3602 5680 dif-

2008 5728 2268 5786 litebitur.

2081 5821 2189 5882 Sed
2218 5823 2458 5889 adverte,
2482 5831 2685 5890 quaeso,
2704 5831 2863 5889 quam
2902 5838 3044 5883 caeca
3069 5832 3122 5880 et
3151 5819 3407 5879 indomita
3439 5818 3596 5877 fuerit
