4076 6356
477 338 617 397 1139

1545 334 1612 391 1N
1651 329 2113 393 TERTULLIANI
2146 330 2688 393 APOLOGETICUM

3629 320 3785 401 iub

479 454 754 527 gentilium
778 452 1098 526 pervicacia,
1119 451 1391 523 impietas,
1410 458 1468 508 et
1493 450 1739 507 avaritia.
1759 449 1876 506 Non
1905 450 2063 507 aliam
2088 447 2146 510 Î‘
2172 456 2462 520 tyrannus,
2495 457 2553 505 et
2604 448 2727 516 alii,
2758 462 2987 521 quorum
3004 449 3142 509 alibi
3174 451 3397 510 fecimus
3426 455 3777 528 mentionem,

479 562 610 604 sane
635 545 704 602 ob
737 560 981 603 caussam
1009 544 1093 601 dei
1116 543 1405 616 cujuslibet
1426 542 1961 615 tentplum,:rdesque
1984 558 2071 598 sa-

480 655 570 696 cra
601 640 953 707 construitur,
1000 639 1105 697 nisi
1147 648 1209 697 ut
1254 638 1627 711 frequentctur
1672 637 1741 693 ab
1784 636 2066 705 omnibus,

478 742 640 803 atque
667 731 867 788 idcirco
904 732 1077 787 facilis
1095 773 1109 799 ,
1143 732 1476 787 voluntarius
1496 746 1560 790 ac
1580 730 1844 805 gratuitos
1867 730 2073 787 cunctis

481 818 601 881 es'se
639 825 804 882 debet
836 825 979 881 illius
1013 826 1211 881 aditus.
1246 824 1626 882 Verumtamen
1672 825 1905 893 etlmici,
1935 825 2075 882 sicut

481 937 690 978 summa
735 923 1015 995 iniquitate
1053 922 1385 979 Christianos
1432 922 1500 978 ad
1543 938 1609 979 ea
1650 921 1893 979 adeunda
1924 920 2074 976 omni

479 1030 764 1087 panacea:
796 1031 998 1087 genere
1015 1030 1213 1091 cogere
1233 1017 1568 1082 nitebantur;
1590 1016 1662 1072 ita
1690 1016 1925 1071 maximo
1942 1029 2071 1071 avao

478 1108 619 1165 ritite
642 1106 781 1164 vitio
810 1108 1043 1179 gentiles
1066 1123 1194 1164 suos
1218 1108 1284 1163 iis
1314 1108 1419 1164 nisi
1445 1108 1573 1164 dato
1596 1108 1775 1178 pretio
1796 1106 2070 1164 arcebant.

480 1201 586 1258 Per
637 1216 733 1257 eos
775 1201 1060 1258 enimvero
1088 1201 1219 1257 nulli
1249 1216 1466 1273 prorsus
1494 1200 1696 1257 licebat
1723 1202 1777 1257 in
1810 1201 2070 1271 templum

479 1294 703 1366 aliquod
732 1295 899 1365 gratis
925 1293 1156 1365 ingredi,
1180 1293 1275 1351 sed
1299 1310 1329 1349 a
1365 1294 1608 1366 quolibet
1634 1294 1940 1350 introeunte
1962 1294 2076 1350 exi-

490 1388 707 1459 gebant,
738 1388 910 1457 inquit
930 1386 1310 1453 Tertulliaeus,
1333 1387 1607 1443 accedent
1629 1403 1725 1457 pro
1740 1386 1851 1443 solo
1877 1386 2074 1457 templi,

480 1494 574 1549 pro
620 1480 763 1533 aditu
806 1479 940 1533 sacri
979 1478 997 1552 (
1026 1478 1332 1534 Tet'tullian.
1366 1479 1660 1550 Apologet.,
1701 1496 1818 1551 cap.
1850 1481 1924 1537 15
1948 1478 1994 1550 ),
2020 1479 2074 1535 id

486 1580 590 1637 est,
616 1561 788 1626 sacr'ae
815 1571 947 1631 aedis
978 1571 1244 1642 ingressu.
1275 1571 1390 1627 Soli
1418 1582 1595 1627 autem
1637 1572 1855 1628 nomine
1883 1572 1952 1629 ibi
1981 1571 2076 1628 de-

482 1663 725 1735 signatur
768 1662 952 1727 locus.
996 1665 1047 1717 in
1090 1679 1195 1734 quo
1234 1663 1353 1719 lucc
1387 1677 1540 1719 Sacra
1587 1662 1731 1719 :cdes
1770 1671 2077 1719 constructa

481 1763 622 1808 erat.
656 1753 808 1822 Quod
853 1754 1067 1826 quidem
1111 1755 1303 1810 Cicero
1346 1754 1495 1811 hisce
1524 1755 1705 1811 verbis
1728 1755 1873 1813 clare
1901 1755 2077 1828 expli-

483 1837 601 1903 cat:
636 1846 820 1903 Solum
850 1857 1071 1916 vertunt,
1099 1848 1192 1902 Itoc
1231 1857 1324 1915 est,
1352 1848 1520 1903 sedem
1559 1864 1619 1902 ac
1673 1848 1844 1904 locum
1882 1857 2077 1903 mutant

488 1940 508 2011 (
538 1939 698 1995 Cicer.
732 1950 863 1995 orat.
894 1940 961 1995 12
992 1958 1085 2013 pro
1112 1940 1327 2009 chin.,
1364 1957 1484 2014 pag.
1516 1940 1617 1998 2M
1647 1941 1686 2013 ).
1722 1940 1862 2011 Alibi
1899 1955 2028 1997 vero
2056 1957 2071 1994 :

486 2031 751 2088 Civitatem
778 2034 944 2102 hanc,
981 2036 1186 2106 inquit,
1218 2045 1336 2089 ante
1370 2045 1570 2089 mutare
1616 2050 1717 2088 non
1760 2035 2072 2107 potuissent,

484 2142 639 2196 quam
663 2126 815 2199 hujus
840 2125 1004 2181 solum
1033 2127 1249 2183 civitatis
1276 2128 1555 2182 mutatione
1580 2127 1841 2183 vertissent
1884 2124 2071 2200 (Orat.

489 2218 559 2274 36
596 2235 689 2290 pro
730 2218 931 2273 Cornel.
966 2218 1141 2286 Balb.,
1174 2238 1293 2295 pag.
1327 2220 1452 2285 519,
1485 2221 1578 2275 lin.
1608 2218 1677 2275 58
1698 2221 1739 2292 ).
1769 2219 1934 2277 Paulo
1972 2219 2076 2274 ila-

481 2326 587 2383 que
616 2310 901 2367 obscurius
932 2312 1292 2370 Tertullianus
1321 2314 1373 2368 iu
1403 2314 1574 2383 primo
1620 2311 1687 2367 ad
1725 2310 1981 2368 Nationes
2008 2310 2076 2366 li-

479 2408 580 2464 bro
630 2410 763 2467 dixit
801 2410 870 2465 ab
914 2407 1142 2464 ethnicis
1193 2406 1500 2477 extorqueri
1561 2405 1862 2461 mercedem
1897 2446 1911 2472 ,
1982 2421 2076 2479 pro

482 2502 777 2577 stipitibus,
808 2518 901 2575 pro
949 2501 1090 2556 ostiis
1147 2502 1467 2571 templorum
1521 2498 1736 2555 cuilibet
1773 2496 2077 2570 aperiendis

490 2591 707 2653 Tertull.
741 2596 827 2650 lib.
852 2594 960 2649 [ad
989 2593 1146 2661 Nat.,
1166 2610 1213 2648 c.
1239 2591 1352 2664 10).
1375 2591 1738 2649 Gothofredus
1757 2602 1939 2648 autem
1963 2591 2076 2663 opi-

487 2696 648 2743 natur
676 2696 990 2757 corruptum
1033 2701 1153 2742 esse
1196 2683 1299 2740 hoc
1343 2699 1541 2739 nomen
1583 2684 1868 2754 stipitibus,
1899 2698 1963 2739 ac
1992 2681 2117 2743 le--

480 2776 711 2848 gendum
751 2777 1006 2846 stipibus;
1038 2776 1159 2847 quia
1196 2776 1310 2843 ipse
1335 2775 1693 2830 Tertullianus
1734 2775 1787 2829 in
1810 2775 2078 2847 Apologe-

482 2869 590 2922 tico
617 2866 832 2937 scripsit
858 2884 871 2920 :
901 2865 1072 2937 Stipes
1098 2875 1278 2937 quotus
1317 2866 1526 2937 quisque
1536 2867 1652 2939 jam
1670 2866 1838 2938 jactat
1864 2865 1882 2938 (
1906 2863 2073 2935 Idem,

482 2958 778 3030 Apologet.,
820 2972 936 3028 cap.
970 2955 1112 3029 42)?
1146 2959 1217 3012 At
1261 2958 1437 3027 mora
1482 2958 1625 3014 illius
1654 2958 1821 3013 verba
1858 2965 1983 3013 sunt
2007 2957 2077 3013 de

480 3050 736 3121 templum
766 3049 1218 3121 ingredientibus,
1255 3049 1551 3121 posteriora
1578 3064 1706 3105 vero
1730 3049 1798 3105 de
1831 3050 1943 3123 jam
1989 3050 2075 3107 in-

480 3143 701 3216 gressis.
730 3141 845 3197 Non
890 3142 1029 3197 male
1069 3157 1197 3213 ergo
1226 3141 1487 3214 Rigaltius
1516 3142 1734 3198 retinuit
1761 3158 1957 3199 nomen
1986 3144 2076 3198 sti-

2176 538 2337 609 plane
2379 538 2736 611 Spoliassent,
2769 555 2889 596 non.
2926 542 3143 612 quidem
3194 546 3332 601 sicut
3373 546 3485 615 illi,
3537 550 3782 607 avaritia:

2174 644 2388 699 caussa,
2416 630 2513 687 sed
2542 635 2776 704 propter;
2797 633 3001 691 scelera
3039 649 3103 691 ac
3130 636 3408 710 sacrilegia
3432 680 3447 707 ,
3476 655 3594 710 quae
3620 640 3673 696 in
3698 640 3783 699 eis

2174 725 2547 796 patrabantur.
2592 725 2750 784 Plura
2780 743 2910 784 vero
2936 728 3005 785 de
3038 729 3375 787 ethnicorum
3403 742 3563 803 atque
3607 733 3783 792 etiam

2176 814 2602 873 Christianon
2652 820 2865 890 templis
2892 821 2944 876 in
2975 821 3156 878 citatis
3174 822 3643 883 dissertationibus
3669 843 3782 884 no-

2176 909 2305 964 stris
2349 908 2742 980 disputavimus
2781 912 2799 983 (
2844 912 3115 969 Dissertat.
3170 916 3227 969 in
3265 914 3481 985 Mirum,
3520 935 3637 991 cap.
3671 920 3782 990 Î¹Îµ,

2177 1011 2281 1057 art.
2299 1001 2369 1069 3;
2400 1006 2454 1058 in
2477 1004 2695 1074 Arnob.,
2724 1021 2841 1079 cap.
2865 1005 2960 1077 2i,
2988 1016 3090 1063 art.
3124 1009 3153 1065 1
3181 1024 3196 1075 ;
3222 1018 3270 1064 et
3292 1009 3351 1065 in
3373 1009 3633 1084 Lactant.,
3657 1028 3781 1089 cap.

2178 1094 2277 1161 33,
2303 1103 2406 1150 art.
2439 1096 2538 1167 1).

2780 1252 3076 1294 ABTICULUS
3114 1255 3172 1295 11.

2183 1348 2353 1418 Quam
2387 1350 2635 1407 scelerata
2661 1352 3002 1422 conscientia,
3030 1362 3322 1423 quantaque
3345 1355 3558 1410 avaritia
3582 1357 3787 1414 ethnici

2250 1444 2350 1500 diis
2392 1444 2503 1502 suis
2540 1445 2940 1515 sacriï¬caverint
2960 1487 2978 1513 ,
3010 1456 3058 1501 et
3097 1446 3369 1503 obtulerint
3409 1465 3573 1520 grana
3618 1451 3793 1507 thuris

2251 1535 2403 1591 unius
2447 1536 2773 1602 assis,duas
2818 1539 2945 1593 meri
2991 1547 3195 1610 guttas,
3240 1542 3543 1611 sanguineus
3582 1542 3795 1612 reprobi

2252 1627 2411 1693 bovis,
2442 1628 2572 1683 mori
2611 1629 2859 1699 optantis,
2889 1638 3041 1701 atque
3069 1639 3265 1698 enecta,
3296 1631 3514 1699 tabiosa,
3542 1634 3789 1705 ungulas,

2250 1720 2500 1791 capitula,
2525 1721 2814 1793 plumarum
2840 1732 3158 1794 satorumque
3184 1724 3457 1795 prmulsa,
3475 1740 3537 1781 ac
3560 1726 3791 1782 debitam

2106 1847 2155 1909 Î’
2256 1811 2469 1868 Herculi
2499 1812 2748 1871 decimam
2778 1815 3211 1884 defraudaverint.

2242 1947 2358 2004 Non
2386 1948 2561 2020 major
2582 1948 2821 2021 profecto
2840 1950 2939 2007 fuit
2956 1953 3233 2025 gentilium
3262 1955 3313 2009 in
3337 1955 3621 2013 sacrificiis
3646 1961 3787 2028 suis,

2179 2053 2338 2111 quam
2368 2038 2419 2093 iu
2454 2041 2668 2112 templis
2719 2042 2889 2111 pietas
2918 2059 2981 2099 ac
3007 2045 3225 2115 religio,
3260 2061 3360 2102 nec
3402 2033 3579 2103 minor
3620 2051 3788 2112 etiam

2179 2133 2399 2189 avaritia
2419 2176 2435 2203 ,
2465 2145 2809 2205 qumstusque
2852 2139 3099 2195 aviditas.
3134 2141 3242 2194 Dtis
3271 2142 3412 2196 enim
3440 2144 3551 2199 suis
3570 2147 3784 2203 sacriï¬-

2179 2236 2399 2294 cantes,
2427 2227 2729 2285 oï¬‚â€˜erebant
2770 2240 2883 2301 post
2918 2234 3124 2300 omnia,
3168 2234 3341 2306 inquit
3377 2236 3743 2297 Tertullianus
3765 2282 3783 2311 ,

2179 2320 2559 2391 inquinamenta
2588 2323 2739 2376 etiam
2769 2324 3129 2379 conscientiam
3168 2344 3403 2394 spurcam
3433 2327 3781 2402 (Tertullian.

2183 2411 2483 2483 Apologet.,
2513 2429 2632 2483 cap.
2678 2413 2749 2471 50
2793 2419 2837 2486 ),
2890 2416 3005 2471 sive
3057 2421 3476 2476 contaminatam
3533 2424 3784 2481 omnibus

2182 2506 2289 2562 illis
2311 2506 2661 2575 criminibus,
2696 2516 2816 2580 qua:
2842 2510 3005 2580 paulo
3030 2521 3186 2567 antea
3211 2554 3226 2579 ,
3261 2524 3318 2569 et
3344 2515 3544 2585 passim
3583 2517 3638 2571 in
3679 2518 3785 2576 hac

2180 2600 2559 2657 dissertatione
2614 2610 2794 2658 notata
2841 2612 2986 2659 sunt.
3031 2604 3200 2672 Quale
3245 2622 3376 2663 vero
3411 2624 3475 2664 ac
3520 2621 3780 2681 quantum

2181 2692 2355 2749 thuris
2383 2692 2683 2760 adolerent,
2715 2694 2760 2749 si
2781 2696 2920 2751 scire
2948 2712 3131 2764 aveas,
3163 2700 3510 2770 respondebit
3538 2702 3633 2759 tibi
3664 2706 3783 2759 Au-

2179 2794 2297 2841 ctor
2321 2795 2525 2853 noster,
2552 2802 2714 2857 grana
2742 2786 2906 2841 thuris
2933 2788 3085 2843 unius
3111 2791 3257 2855 assis,
3292 2803 3340 2844 et
3374 2791 3595 2847 arabicar
3624 2794 3784 2849 arbo-

2179 2879 2251 2933 ris
2274 2879 2528 2951 lacrymas
2548 2881 2565 2953 (
2587 2879 2760 2951 ibid),
2788 2880 2841 2936 id
2871 2891 2972 2949 est,
3001 2897 3166 2954 grana
3199 2884 3389 2948 thuris,
3423 2903 3528 2942 non
3558 2890 3783 2959 quidem

2185 2968 2389 3053 sabaei,
2436 2970 2577 3040 quod
2605 2973 2809 3041 majore
2836 2974 3174 3030 vcndebatur
3193 3019 3208 3045 ,
3237 2978 3330 3033 sed
3366 2981 3565 3036 arabici
3586 3024 3600 3049 ,
3634 2984 3784 3053 quod

2183 3047 2662 3132 pretio'emcbatur
2688 3065 2970 3122 vilissimo.
3000 3068 3138 3135 Quin
3166 3071 3325 3125 etiam
3352 3074 3498 3128 avari
3526 3047 3784 3133 homines

2183 3172 2293 3213 non
2320 3158 2469 3229 plura
2499 3159 2657 3231 hujus
2684 3160 2879 3227 thuris,
2912 3165 3303 3232 quantumlibet
3332 3170 3632 3224 communis
3652 3186 3784 3241 gra-

490 3236 700 3308 pitibus,
732 3234 827 3333 sed
853 3234 1085 3306 aliquam
1126 3234 1395 3333 opinionis
1422 3249 1534 3289 suae
1561 3234 1842 3333 rationemâ€”
1853 3234 2082 3333 reddere
2109 3245 2156 3308 Î¿
2189 3264 2278 3313 Î·Îµ,
2307 3249 2402 3305 sed
2434 3250 2605 3306 Ï…á½·Î¹Î¹Ï‰
2629 3259 2855 3315 tamam,
2886 3263 2944 3308 Î¹Î·
2969 3265 3124 3310 amca
3147 3257 3563 3315 observabamus
3586 3234 3782 3333 (Î´á¿‡ÏÎ·

486 3327 737 3385 debebat.
769 3326 935 3384 Nobis
978 3343 1109 3397 vero
1153 3326 1308 3383 facile
1352 3325 1757 3398 persuadebitur
1799 3326 2080 3384 Tertullia-

493 3437 626 3478 uum
675 3421 779 3477 hoc
825 3421 1042 3477 nomine
1083 3421 1336 3493 stipitibus
1365 3422 1666 3495 significare
1710 3423 1945 3481 voluisse
1988 3433 2079 3482 aut

486 3512 721 3587 lapides,
760 3522 851 3568 aut
890 3512 1110 3569 forsitan
1140 3513 1271 3570 deos
1308 3513 1640 3571 Terminales
1664 3557 1680 3585 ,
1708 3525 1834 3571 ante
1858 3516 2076 3587 januam

483 3611 802 3682 templorum
845 3611 1083 3682 positos,
1114 3611 1204 3682 qui
1234 3610 1442 3682 stipites
1482 3625 1672 3667 revera
1715 3611 2074 3682 vocabantur,

479 3702 638 3759 sicuti
662 3702 716 3756 in
740 3701 915 3756 citatis
943 3701 1063 3755 aliis
1102 3702 1300 3756 nostris
1324 3700 1787 3757 dissertationibus
1829 3714 2075 3759 veterunt

478 3807 759 3868 poetarum
790 3795 1034 3852 versibus
1060 3793 1392 3852 ostendimus
1418 3797 1437 3867 (
1463 3794 1736 3851 Dissertat.
1765 3796 1821 3850 in
1860 3794 2071 3865 Minut.,

484 3907 601 3962 cap.
633 3888 723 3954 19.
754 3900 853 3947 art.
879 3890 916 3944 2
940 3899 986 3944 et
1009 3889 1106 3957 i7;
1131 3899 1175 3946 et
1207 3888 1478 3944 Dissertat.
1510 3890 1563 3944 in
1589 3888 1849 3957 Lactant.,
1880 3908 1936 3962 p.
1964 3891 2072 3961 '52,

481 3984 702 4056 art.2).
741 3982 875 4039 Nam
921 3984 992 4039 ibi
1037 3983 1128 4040 ille
1163 3978 1505 4056 distinguere
1533 3983 1745 4040 videtur
1797 3986 2071 4057 stipitem,

479 4077 672 4133 ostium
693 4117 707 4144 ,
738 4085 795 4134 et
835 4076 1036 4133 aditum
1070 4077 1286 4148 templi;
1315 4087 1373 4132 ut
1403 4076 1485 4132 his
1505 4075 1769 4135 distinctis
1793 4082 2071 4138 avaritiam

480 4168 914 4241 impietatemque
939 4167 1276 4227 ethnicorum
1317 4168 1493 4225 acrius
1519 4168 1892 4228 insectaretur.
1935 4173 2073 4240 Quid

483 4272 658 4320 tamen
702 4273 849 4321 certo
890 4272 1122 4320 statuere
1171 4263 1407 4333 audeas,
1436 4265 1482 4321 si
1524 4274 1835 4338 corruptum
1876 4283 2074 4325 nomen

482 4365 586 4423 est,
617 4370 719 4411 nec
743 4354 1018 4412 meliorem
1046 4354 1288 4413 codicem
1317 4357 1644 4417 nanciscaris
1669 4360 1694 4415 7

547 4448 811 4506 Caeterum
859 4448 1056 4505 ethnici
1098 4460 1291 4519 praeter
1320 4451 1414 4507 has
1445 4452 1795 4510 intoleranda)
1833 4455 2072 4512 avaritias

479 4542 700 4611 sordes,
726 4540 913 4597 eadem
944 4540 1166 4597 deorum
1205 4557 1424 4598 suorum
1468 4545 1668 4617 templa
1711 4547 1992 4605 lenociniis
2017 4556 2073 4604 et

478 4634 776 4701 adulteriis,
802 4632 1253 4705 quemadmodum
1280 4649 1442 4706 supra
1468 4636 1606 4708 (cap.
1624 4637 1717 4705 26,
1745 4648 1845 4694 art.
1865 4637 1920 4712 4)
1946 4656 2066 4696 cum
2091 4643 2155 4707 Î’

477 4718 806 4783 Tertulliano
846 4736 1033 4782 nostro
1059 4725 1401 4783 observatum
1427 4738 1511 4785 est
1541 4729 1561 4799 (
1589 4727 1890 4787 Tertullian.
1924 4733 2067 4804 Apo-

475 4822 649 4894 loget.,
679 4837 795 4894 cap.
825 4822 895 4880 15
916 4820 958 4895 ),
990 4830 1100 4878 tam
1140 4812 1503 4895 impudenter,
1528 4840 1687 4897 quam
1715 4826 1932 4898 impune
1956 4828 2068 4917 pol-

471 4913 714 4971 luebant.
739 4915 853 4982 Qua
876 4931 1004 4987 ergo
1033 4915 1240 4971 ratione
1268 4915 1490 4972 credere
1512 4926 1759 4987 poterant
1782 4918 1914 4974 deos
1940 4913 2068 4978 suos

470 5004 526 5061 in
556 5005 636 5060 his
667 5006 908 5062 habitare
948 5008 1180 5079 templis,
1209 5022 1328 5080 qua:
1373 5008 1669 5080 saepissime
1698 5011 1857 5066 tantis
1894 5010 2062 5070 dede-

472 5096 732 5152 corabant
758 5097 971 5169 ï¬‚agitiis
1000 5115 1062 5155 ac
1092 5099 1424 5156 sceleribus?

542 5190 685 5247 Nihil
716 5193 907 5248 mirum
949 5194 1125 5264 itaque
1163 5195 1208 5251 si
1235 5193 1544 5263 Christiani,
1567 5195 1640 5250 ait
1663 5193 2057 5268 Tertullianus,

466 5285 587 5343 hac
612 5287 799 5357 templa
824 5304 912 5341 nec
936 5287 1158 5343 interdiu
1185 5288 1353 5342 norint
1394 5288 1415 5365 (
1441 5287 1747 5345 Tertullian.
1776 5289 1876 5345 loc.
1906 5291 1988 5347 cit.
2017 5291 2060 5365 ),

472 5379 527 5436 id
566 5389 679 5446 est,
708 5380 800 5435 illa
844 5395 948 5435 non
994 5381 1224 5451 adierint
1252 5397 1346 5453 per
1370 5383 1511 5439 diem
1531 5426 1546 5453 ,
1578 5383 1851 5456 multoque
1880 5385 2058 5444 minus

467 5488 566 5545 per
592 5484 828 5539 noctem,
850 5482 1117 5530 tantorum
1135 5475 1420 5532 criminum
1447 5478 1738 5534 consciam.
1764 5477 1820 5534 Si
1843 5479 2058 5551 quando

464 5575 645 5622 tamen
685 5565 1111 5637 ingrederentur,
1158 5569 1434 5640 spoliarent
1476 5570 1697 5642 forsitan
1743 5587 1831 5640 ea,
1859 5579 1919 5626 ut
1965 5570 2057 5629 ille

463 5660 570 5723 ait,
616 5666 661 5711 et
709 5657 839 5727 ipsi,
886 5658 931 5710 si
977 5674 1034 5712 eu
1077 5659 1380 5725 adorarent,
1413 5658 1515 5715 ltoc
1554 5668 1664 5728 est,
1696 5660 1740 5716 si
1768 5661 2056 5736 aliquando

463 5748 753 5815 christiani
773 5749 885 5805 ltrec
907 5750 957 5805 in
983 5751 1200 5823 templa,
1226 5751 1677 5825 quemadmodum
1699 5754 1943 5826 gentiles,
1970 5753 2053 5814 in-

458 5838 621 5897 troire
646 5842 964 5912 potuissent,
996 5843 1084 5899 illa
1115 5844 1298 5917 procul
1326 5844 1506 5913 dubio,
1542 5844 1709 5903 veluti
1752 5845 2037 5918 Dionysius

2182 3360 2298 3416 cap.
2324 3344 2397 3402 24
2419 3387 2435 3412 ,
2465 3355 2569 3400 art.
2591 3346 2661 3413 5,
2705 3354 2752 3401 et
2787 3344 3056 3403 Dissertat.
3097 3351 3151 3404 in
3202 3350 3458 3422 Lactant.,
3499 3371 3613 3427 cap.
3667 3358 3742 3414 55
3763 3401 3781 3429 ,

2181 3451 2279 3497 art.
2312 3442 2348 3497 2
2379 3442 2417 3515 ),
2441 3443 2778 3514 apprehensa
2817 3445 2998 3518 digitis
3021 3488 3036 3516 ,
3063 3447 3259 3518 quibus
3288 3448 3605 3519 paucissima
3645 3466 3787 3510 sane

2180 3535 2300 3605 capi
2332 3545 2597 3606 poterant.
2754 3588 2777 3613 ,
3186 3559 3197 3565 â€™

2250 3626 2388 3694 Quid
2417 3644 2583 3695 vero,
2630 3639 2821 3701 arguet
2864 3631 3091 3703 aliquis,
3126 3647 3309 3689 nonne
3349 3633 3564 3704 plurimi
3616 3636 3785 3707 plena

2181 3736 2343 3778 manu
2389 3731 2531 3779 t0tos
2574 3722 2933 3781 incendebant
2972 3725 3146 3781 thuris
3182 3727 3347 3782 etiam
3373 3727 3594 3798 pretiosi
3620 3743 3786 3787 acer-

2180 3831 2307 3884 vos,
2337 3816 2792 3888 quemadmodum
2820 3819 3071 3879 Tibullus
3095 3819 3180 3877 bis
3208 3822 3454 3879 versibus
3481 3822 3720 3883 cecinit:

2331 3930 2515 3984 Natalis
2535 3931 2681 3995 Juno,
2696 3941 2890 3993 sanctos
2909 3947 3031 4046 caJie
3055 3936 3211 3987 thuris
3229 3949 3445 4001 acervos,

2395 3995 2527 4046 Ottos
2546 3996 2637 4046 tibi
2657 3997 2740 4046 dat
2755 4004 2927 4046 tenera
2985 4006 3089 4046 octa
3117 3999 3277 4046 puella
3300 4014 3441 4046 manu

2395 3995 2527 4057 Quos
2546 3996 2637 4046 tibi
2657 3997 2740 4047 dat
2755 4004 2939 4070 tenera,
2951 3995 3277 4070 docta-puella
3300 3995 3463 4070 manli.

2922 4056 3149 4126 (TibullI,
3177 4056 3259 4112 lib.
3287 4068 3357 4126 Î¹Î½,
3394 4062 3515 4130 eleg.
3540 4062 3617 4126 6.)

2174 4162 2363 4221 Nonne
2387 4164 2545 4219 etiam
2573 4165 2826 4221 Martialis
2851 4168 3130 4224 cantabat:

2329 4255 2613 4324 Consumpsi
2635 4258 2878 4323 falsasque
2901 4261 3073 4323 molas,
3098 4267 3153 4313 et
3172 4261 3327 4312 thuris
3337 4275 3570 4324 acervos;

2391 4318 2681 4373 Deu'evere
2702 4318 2909 4389 greges,
2926 4324 3040 4389 dum
3060 4318 3192 4389 cadit
3213 4338 3337 4389 agna
3361 4318 3596 4389 frequens
3610 4326 3636 4376 á¿¬

2793 4384 3052 4448 (Martiat.,
3074 4384 3161 4439 tib.
3187 4384 3278 4452 vu',
3302 4384 3466 4454 epigr.â€˜
3481 4389 3586 4452 55.)

2174 4486 2282 4547 Sed
2312 4487 2428 4547 haec
2454 4491 2638 4561 procul
2667 4490 2835 4549 dubio
2862 4493 3085 4563 poeticae
3128 4495 3564 4566 exaggerationes
3595 4507 3781 4569 sunt;

2174 4590 2231 4640 et
2274 4583 2534 4641 Martialis
2577 4585 2649 4642 ibi
2686 4585 2924 4660 loquitur
2967 4587 3036 4646 de
3074 4589 3409 4645 somniorum
3442 4590 3781 4661 interpreta-

2177 4675 2341 4733 tione.
2370 4675 2504 4746 Quis
2545 4692 2675 4735 vero
2719 4679 2927 4736 nesciat
2966 4694 3063 4736 eos
3086 4720 3102 4746 ,
3134 4681 3223 4752 qui
3271 4680 3449 4737 futura
3498 4683 3644 4740 scire
3665 4724 3683 4751 ,
3714 4693 3779 4743 et

2171 4771 2412 4828 maxime
2434 4771 2613 4842 cupita
2638 4771 2882 4832 obtinere
2911 4774 3096 4830 volunt
3113 4816 3129 4841 ,
3149 4774 3309 4829 nullis
3336 4790 3558 4845 parcere
3575 4790 3774 4850 sump.

2171 4863 2350 4922 tibus?
2391 4864 2577 4937 Neque
2614 4867 2795 4925 minus
2817 4876 3021 4926 eertum
3048 4876 3104 4925 et
3129 4868 3273 4925 solos
3299 4868 3491 4927 divites
3514 4911 3531 4937 ,
3556 4872 3779 4945 hosque

2169 4957 2525 5035 paucissimos
2573 4958 2678 5017 diis
2729 4961 2842 5018 suis
2880 4969 2975 5017 aut
3008 4961 3274 5034 plurima,
3314 4971 3406 5019 aut
3463 4964 3775 5034 pretiosum

2167 5049 2329 5107 thura
2356 5050 2681 5121 adolevisse,
2708 5052 2807 5110 sed
2830 5061 2944 5110 tum
2965 5054 3181 5125 quidem
3202 5071 3324 5112 cum
3344 5056 3519 5128 aliqua
3553 5073 3775 5128 premo.

2167 5142 2363 5200 bantur
2411 5145 2757 5213 necessitate,
2787 5157 2882 5202 aut
2908 5156 2967 5202 ut
3012 5148 3187 5204 inanis
3209 5147 3449 5220 gloriolae
3475 5165 3773 5210 rumuscu-

2165 5234 2249 5291 los
2275 5246 2687 5305 aucuparentur.
2723 5235 2916 5293 Cazteri
2955 5248 3134 5296 autem
3175 5241 3417 5312 plerique
3444 5256 3632 5300 omnes
3661 5245 3773 5302 tria

2167 5340 2259 5385 aut
2285 5340 2515 5399 quatuor
2542 5330 2741 5387 dabant
2767 5330 2938 5389 thuris
2962 5349 3148 5404 grana,
3172 5342 3234 5407 et
3257 5334 3386 5390 duas
3406 5375 3421 5402 ,
3452 5337 3592 5392 sicut
3608 5336 3775 5397 addit

2164 5422 2556 5490 Tertullianus,
2580 5425 2705 5481 meri
2731 5434 2901 5496 guttas
2924 5424 2944 5499 (
2968 5425 3272 5484 Tertullian.
3317 5428 3611 5501 Apologet.,
3634 5443 3768 5503 cap.

2161 5517 2238 5577 30
2254 5516 2299 5588 ),
2326 5517 2429 5574 hoc
2449 5525 2555 5582 est.
2587 5533 2751 5590 quam
2773 5519 2945 5577 thuris
2965 5530 3019 5577 et
3041 5523 3149 5578 viui
3177 5530 3425 5593 poterant
3447 5523 3759 5582 minimum.

2159 5611 2266 5671 Sed
2313 5627 2423 5683 quo
2467 5612 2635 5669 animi
2673 5628 2860 5681 sensu,
2890 5615 3069 5675 discas
3104 5616 3191 5673 bk
3216 5616 3391 5675 Ovidii
3418 5618 3662 5676 versibus
3686 5619 3767 5678 de

2074 5754 2077 5759 .
2158 5716 2265 5765 anu
2287 5701 2623 5767 sacrificante
2654 5722 2667 5759 :
3740 5734 3773 5770 Î¹

2276 5793 3381 5929 Î½á¿–á¿—Î¹á½²á¿—á½²Ï‰Î·á¿—á¿–á¼’á¿—Îµá½³á¼•Î¾á¿—á¿–Îµá¿–Î¸á½²Î¹á½²á¿Œá¿—á¾˜á½²Ï
3402 5802 3627 5917 iiii?â€
3650 5807 3765 5870 Â°'"
