4076 6356
271 330 281 335 -
363 388 499 455 ΜΗ

368 544 373 549 -
476 504 964 578 Micam“.
985 502 1281 578 inimicaque
1302 505 1549 578 venimus
1566 518 1705 569 om»

538 568 682 619 Dixit
702 568 985 631 discedens,
1004 569 1375 634 ebriaqueexit
1406 582 1543 619 anus.

1000 628 1184 695 (Ovidi,
1210 628 1291 683 lib.
1320 637 1374 680 ιιι
1398 639 1585 684 Pastor.
1608 630 1635 697 §
1658 630 1757 695 15.]

366 738 570 797 Eodem
601 739 761 813 plane
801 738 1038 794 avaritia:
1057 738 1189 795 vitio
1224 738 1426 795 ethnici
1456 737 1808 795 immolabant
1847 735 1917 791 ho

354 822 517 903 stias,
547 848 653 889 non
702 834 925 906 pingues
970 833 1246 904 profecto,
1288 843 1381 889 aut
1407 833 1666 898 selectas,
1697 840 1788 886 aut
1813 830 1950 885 inte-

353 944 507 1003 grus,
540 928 635 985 sed
677 929 1013 1000 sanguinem,
1042 927 1491 997 quemadmodum
1538 925 1713 981 adhuc
1736 923 1948 981 Tertul-
1988 1004 1991 1005 ν

353 1023 562 1089 lianus,
591 1021 793 1094 reprobi
836 1022 977 1077 bovis
1020 1022 1149 1077 mori
1192 1022 1414 1093 optantis
1453 1020 1473 1093 (
1504 1020 1811 1076 Tertullian.
1846 1019 1946 1074 loc.

353 1116 444 1172 cit.
471 1116 514 1185 ).
545 1115 616 1171 At
641 1114 858 1186 quidam
887 1112 1232 1169 delicatiores
1256 1112 1429 1167 critici
1456 1112 1712 1183 scriptum
1743 1110 1812 1166 ibi
1840 1108 1949 1164 vel-

242 1194 251 1198 -
353 1208 467 1265 lent
496 1223 602 1263 non
657 1208 794 1263 bovis
825 1205 1075 1279 quidem,
1104 1206 1198 1263 sed
1229 1207 1448 1262 hominis
1467 1248 1480 1272 ,
1510 1206 1601 1276 qui
1628 1204 1774 1261 solus
1801 1220 1948 1262 mor-

353 1299 1953 1375 mommVerumhcemeavillatioest

353 1404 541 1451 contra
565 1409 908 1451 communem
931 1393 1175 1450 codicum
1200 1394 1439 1448 omnium
1457 1406 1799 1447 consensum.
1818 1390 1949 1458 Quis

356 1502 590 1558 namque
644 1504 749 1543 non
796 1486 942 1542 videt
968 1486 1095 1542 illud
1122 1502 1150 1539 a
1182 1485 1515 1542 Tertulliano
1559 1492 1746 1539 nostro
1776 1492 1948 1539 meta-

352 1579 576 1651 phorice
599 1579 798 1634 dictum
820 1578 887 1634 de
905 1578 1063 1643 bove,
1086 1578 1261 1646 senio,
1284 1578 1476 1645 macie,
1494 1586 1551 1635 et
1579 1575 1707 1633 tabe
1729 1576 1803 1633 its
1823 1590 1951 1633 cett-

354 1670 496 1728 fecto
518 1713 533 1736 ,
562 1680 620 1727 ut
644 1682 895 1739 mortem,
927 1671 972 1726 si
1001 1671 1072 1726 ita
1104 1680 1283 1741 posset
1311 1670 1449 1738 ﬁeri,
1483 1670 1605 1724 vita:
1637 1666 1951 1739 νηπίοιταῖ

350 1764 710 1833 Quamobrem
754 1764 868 1834 ipse
908 1744 1083 1819 adhuc
1112 1762 1472 1818 Tertullianus
1500 1762 1749 1818 ethnicos
1788 1771 1949 1816 antea

354 1859 440 1915 his
470 1856 646 1912 verbis
691 1854 1143 1926 compellaverat:
1176 1854 1388 1922 Enecta,
1418 1864 1464 1908 et
1511 1854 1725 1921 rabiosa,
1759 1862 1806 1907 et
1832 1869 1947 1907 sca-

354 1949 496 2004 biosa
525 1963 739 2019 quaeque
766 1948 1167 2011 mactatis......,
1195 1962 1308 2016 qua:
1333 1946 1489 2003 derisi
1516 1961 1715 2017 quoque
1743 1944 1945 2019 pueris,

351 2041 467 2096 sive
492 2038 685 2105 servis,
712 2038 789 2093 vel
814 2036 1024 2092 canibus
1052 2034 1437 2110 destutassetis(
1468 2035 1771 2093 Tertullian.
1804 2035 1949 2107 Apo-

351 2134 530 2205 loget.,
554 2148 669 2202 cap.
700 2131 788 2197 M,
819 2139 867 2185 et
897 2130 985 2184 lib.
1015 2127 1127 2184 Iad
1158 2127 1401 2195 Nation.,
1431 2145 1545 2200 cap.
1580 2127 1704 2200 10).
1738 2127 1951 2183 Hostias

353 2236 532 2282 tamen
564 2224 824 2291 integras,
846 2223 1098 2293 optimas,
1122 2231 1177 2276 et
1196 2220 1419 2277 decoras
1448 2221 1553 2276 diis
1576 2222 1689 2277 suis
1716 2231 1952 2275 mactare

352 2317 456 2374 hac
484 2316 805 2375 tenebantur
830 2312 948 2388 lege
965 2355 985 2382 ,
1012 2328 1171 2385 quam
1212 2312 1404 2369 Cicero
1429 2311 1655 2369 totidem
1680 2311 1833 2371 hisce
1855 2327 1948 2371 re-

353 2412 473 2467 tulit
499 2408 678 2465 verbis
704 2424 737 2461 :*
757 2405 967 2478 Quaque
995 2405 1178 2477 cuique
1201 2404 1317 2459 divo
1347 2405 1548 2459 decora:
1576 2415 1722 2476 grata
1738 2420 1834 2476 que
1850 2404 1953 2459 sint

355 2503 555 2567 hostire,
593 2498 887 2571 providente
925 2496 1129 2569 (Cicer.
1161 2496 1249 2551 lib.
1284 2494 1330 2550 ΙΙ
1370 2496 1432 2550 de
1466 2495 1640 2568 legib.,
1674 2513 1793 2567 pag.
1823 2497 1949 2564 5'54,

356 2594 449 2649 lin.
480 2591 598 2664 46).
628 2590 716 2646 Εςυ
743 2598 945 2657 autem,
978 2587 1426 2661 quemadmodum
1457 2587 1749 2656 Vitruvius,
1777 2603 1808 2643 a
1837 2587 1952 2644 Ma-

356 2686 540 2742 crobio
583 2685 814 2752 citatus,
849 2682 1006 2738 docet
1031 2724 1046 2748 ,
1078 2681 1414 2737 vocabantur
1455 2680 1699 2749 eximite,
1727 2680 1809 2736 vel
1832 2684 1957 2753 quis

357 2785 647 2837 exinmntur
674 2794 707 2832 a
733 2793 902 2849 grege,
934 2776 1013 2831 vel
1044 2776 1182 2848 quod
1218 2775 1409 2830 eximia
1450 2775 1615 2845 specie
1645 2776 1789 2847 quasi
1820 2776 1950 2843 olfe-

356 2873 530 2926 rendie
558 2870 847 2925 numinibus
873 2868 1127 2941 eliguntur
1157 2866 1411 2939 (Macrob.
1440 2867 1525 2921 lib.
1557 2864 1625 2923 III
1657 2866 1949 2935 Saturnal.,

359 2983 476 3038 cap.
500 2964 597 3035 5).
644 2964 819 3034 Atque
864 2962 1018 3027 inde,
1053 2969 1191 3019 te5te
1226 2960 1438 3027 Plinio,
1464 2974 1583 3019 mos
1604 2970 1723 3019 erat
1752 2961 1957 3021 hostias

359 3058 619 3132 probandi
669 3074 731 3113 ac
776 3039 1057 3129 seligend‘i.
1106 3055 1348 3111 Meminit
1389 3063 1568 3113 autem
1599 3054 1759 3128 hujus
1788 3055 1953 3112 moris
2002 3115 2008 3120 _

362 3151 616 3224 Virgilius
644 3151 733 3205 illo
752 3164 910 3206 versu
934 3165 948 3202 :

686 3303 697 3314 .
766 3263 977 3313 Mactaut
998 3260 1153 3312 lectas
1173 3260 1237 3310 de
1253 3272 1392 3325 more
1415 3260 1666 3329 bidentes.

974 3343 1201 3412 (γᾶ-ρει,
1223 3342 1308 3396 lib.
1334 3352 1388 3395 ιν
1405 3341 1601 3396 Λυκία.
1622 3357 1669 3395 υ.
1691 3343 1798 3407 s7.)

362 3457 497 3515 Nam
524 3456 679 3514 sicuti
707 3455 843 3511 scite
872 3454 947 3510 ibi
971 3460 1196 3509 atmotat
1220 3450 1475 3511 Servius:
1504 3451 1660 3511 moris
1685 3450 1786 3521 [sit
1821 3456 1877 3511 ut
1896 3449 1965 3506 ad

365 3550 623 3620 sacriﬁcia
650 3548 954 3620 eligerentur
982 3559 1131 3611 oves,
1171 3542 1351 3613 quibus
1381 3541 1512 3596 nihil
1552 3541 1745 3598 deesset
1765 3583 1779 3610 ,
1814 3550 1869 3596 ut
1910 3542 1966 3597 in

367 3649 508 3696 sexto
528 3681 544 3708 ,
575 3638 817 3711 ejusdem
859 3635 1111 3693 nimirum
1154 3633 1336 3690 Poetae
1361 3673 1377 3700 ,
1409 3632 1581 3702 libro,
1612 3632 1701 3689 ubi
1751 3648 1967 3689 rursum

368 3731 561 3789 cecinit
577 3748 591 3787 :

526 3846 667 3898 Nunc
694 3857 855 3908 grege
876 3845 941 3895 de
964 3845 1145 3908 intacto
1166 3850 1357 3908 septem
1381 3843 1847 3908 mactarejuvencos

524 3904 839 3971 Praestiierit,
864 3907 1069 3959 totidem
1090 3904 1244 3958 lectas
1264 3906 1328 3957 de
1346 3918 1484 3956 more
1507 3904 1753 3956 bidentes.

982 4014 985 4017 ‘
1019 3994 1227 4059 (Idem,
1251 3988 1336 4044 ει».
1362 3990 1575 4052 “v.38,
1596 3991 1819 4056 etsqq.)

377 4106 447 4162 At
484 4104 624 4161 sicut
652 4103 905 4176 Virgilius
931 4100 1118 4158 eadem
1159 4098 1385 4170 repetit,
1414 4098 1486 4153 ita
1531 4095 1754 4153 Servius
1786 4098 1839 4152 in
1871 4095 1972 4153 hos

376 4214 563 4256 versus
588 4198 763 4255 denuo
788 4197 905 4254 hate
928 4195 1216 4253 observat:
1249 4191 1331 4248 De
1367 4208 1507 4248 more
1548 4192 1788 4263 antiquo,
1826 4208 1975 4263 quem

379 4294 720 4366 prmtermisit,
775 4292 921 4359 quasi
950 4289 1183 4347 ennius
1213 4296 1408 4356 notum,
1439 4286 1612 4354 idest,
1632 4301 1735 4343 me
1757 4285 1976 4343 lubeant

379 4388 599 4442 caudam
624 4386 932 4453 aculeatam,
952 4400 1052 4441 asc
1076 4382 1311 4455 lingunt
1336 4382 1537 4451 ﬁssam,
1558 4396 1654 4435 nec
1682 4395 1865 4435 autem
1895 4381 1977 4434 nio

381 4498 527 4553 grant
551 4497 568 4535 :
600 4496 689 4550 per
717 4481 855 4550 quod
876 4479 1020 4532 docet
1047 4476 1192 4532 aliud
1220 4478 1491 4541 intactum,
1522 4474 1667 4529 aliud
1699 4476 1905 4528 lectum.

455 4575 667 4633 Ethnici
700 4588 829 4646 ergo
873 4582 1059 4629 contra
1102 4571 1280 4626 datam
1329 4570 1534 4639 legem,
1563 4582 1627 4623 ac
1654 4582 1858 4631 morem
1890 4582 1978 4623 re-

384 4678 628 4743 ceptum,
657 4667 888 4738 pessima
929 4679 1152 4736 qumque
1179 4662 1475 4719 offerebant
1493 4702 1509 4728 ,
1540 4669 1596 4717 et
1632 4660 1937 4733 sanguine.
1959 4699 1976 4729 ,

384 4762 460 4818 uti
509 4762 709 4817 dictum
760 4770 863 4827 εει,
887 4756 1090 4829 reprobi
1118 4755 1276 4822 bovis,
1309 4753 1410 4810 hoc
1450 4761 1565 4821 est,
1595 4752 1761 4809 veteri
1788 4767 1975 4809 eorum

386 4857 506 4929 lege
547 4869 802 4924 moreque
840 4849 1113 4923 reprobati
1153 4865 1213 4905 ac
1254 4847 1461 4918 rejecti.
1488 4847 1543 4904 Si
1581 4848 1670 4919 qui
1709 4860 1840 4903 vero
1877 4846 1979 4901 ali-

387 4948 602 5022 quando
628 4945 859 5018 optimas
885 4987 899 5010 ,
930 4953 1086 5015 prout
1130 4942 1338 5011 jussum
1375 4948 1491 4995 erat
1511 4982 1525 5008 ,
1559 4938 1762 4995 hostias
1790 4953 1982 4995 revera

390 5040 699 5111 seligerent,
734 5054 837 5092 non
867 5051 959 5093 eas
982 5033 1223 5108 profecto
1248 5033 1482 5103 integras
1508 5039 1562 5087 et
1591 5032 1817 5088 intactas
1849 5046 1986 5103 pra:-

392 5126 591 5187 bebant
611 5173 625 5197 ,
658 5127 752 5185 sed
777 5127 983 5199 aliquas
1020 5125 1281 5182 duntaxat
1325 5133 1382 5181 et
1408 5123 1621 5196 pejores
1649 5139 1835 5180 earum
1865 5138 1987 5195 par-

1467 381 1920 445 DISSEBTATIO
1957 334 2027 442 οξ
2065 381 2155 440 LE
2192 382 2499 442 nounnv.

1976 502 2033 563 Α
2058 496 2309 571 prmulsa
2334 502 2354 575 (
2380 503 2469 557 lib.
2511 499 2534 557 l
2571 501 2642 556 ad
2684 499 2927 571 Notium,
2976 517 3092 573 cap.
3141 503 3212 560 10
3245 504 3287 575 ),
3330 506 3496 578 atque
3540 508 3648 563 alia

1977 3296 2024 3358 C

3504 388 3651 449 “42

2054 595 2235 661 etiam,
2270 610 2389 665 qua:
2407 593 2608 649 domini
2634 602 2690 649 et
2719 602 2898 665 patres
2922 594 3153 654 familias
3176 598 3354 652 servis
3381 600 3512 666 suis,
3539 601 3643 657 im-

2054 704 2146 765 mo
2175 688 2397 744 canibus
2423 688 2865 744 destinavissent.
2906 688 2980 744 At
3020 689 3068 744 si
3114 690 3234 761 quis
3278 691 3351 747 ibi
3389 693 3587 764 aliquid
3618 710 3649 750 a

2053 781 2383 839 Tertulliano
2414 788 2729 853 ὑπερϐολικῶς
2758 781 2963 839 dictum
2988 782 3273 839 evidenter
3306 786 3649 855 probaverit,

2052 875 2178 931 huic
2204 890 2310 931 non
2341 876 2570 931 multum
2590 874 2994 930 reluctabimur.
3020 875 3188 931 Nemo
3231 884 3408 933 tamen
3453 894 3651 950 negare

2052 976 2233 1039 potest
2251 977 2397 1023 recte
2415 966 2571 1022 illum
2591 966 2825 1023 ethnicis
2853 967 2984 1021 vitio
3005 968 3237 1023 vertisse
3260 976 3520 1025 mactatas
3544 970 3650 1028 diis

2051 1060 2351 1116 deteriores
2377 1058 2657 1122 victimas.
2686 1066 2848 1128 atque
2889 1058 2959 1113 de
2983 1059 3211 1129 epimis,
3240 1069 3399 1130 atque
3427 1061 3650 1133 integris

2051 1151 2194 1224 quod
2226 1151 2418 1207 melius
2446 1162 2595 1217 erat,
2630 1149 2959 1216 detractum,
2992 1165 3230 1221 suosque
3274 1161 3544 1208 servatum
3593 1154 3646 1209 in

2052 1260 2204 1301 usus.

2123 1336 2308 1408 Neque
2333 1335 2419 1391 hic
2447 1339 2596 1391 stetit
2621 1348 2779 1389 avara
2807 1332 3146 1390 ethnicorum
3181 1334 3445 1405 impietas.
3478 1322 3638 1393 Debi-

2056 1442 2163 1487 tam
2219 1428 2484 1498 siquidem
2532 1426 2748 1482 Herculi
2791 1425 3055 1481 decimam
3114 1427 3378 1482 bonorum
3429 1444 3649 1483 suorum

2055 1529 2261 1594 partem
2289 1518 2609 1574 defraudare
2633 1533 2737 1573 non
2767 1516 3113 1573 verebantur.
3146 1516 3409 1584 Quocirca
3441 1518 3655 1575 Tertul-

2053 1614 2231 1670 lienus
2259 1628 2355 1670 eos
2381 1613 2433 1669 sl
2448 1609 2718 1685 loquendo
2747 1610 2831 1667 his
2854 1610 3036 1667 verbis
3062 1611 3284 1681 corripit
3311 1630 3323 1666 :
3358 1611 3434 1667 De
3459 1614 3655 1668 decima

2056 1708 2296 1763 Herculis
2334 1723 2425 1761 nec
2466 1706 2668 1760 tertiam
2708 1714 2905 1776 partem
2942 1704 2998 1758 in
3045 1720 3193 1757 aram
3236 1705 3344 1773 ejus
3392 1705 3655 1775 imponitis

2057 1799 2401 1874 (Tertullian.
2424 1798 2720 1869 Apologet.,
2744 1794 2937 1867 cap.”
2958 1797 3003 1866 ).
3028 1798 3097 1850 At
3122 1796 3310 1851 Cicero
3339 1796 3514 1865 palam
3547 1807 3656 1854 tes-

1979 1903 2027 1962 Β
2057 1893 2289 1947 tillcatur
2333 1898 2498 1944 totam
2547 1888 2685 1943 hanc
2721 1887 2984 1944 decimam
3024 1886 3276 1942 debuisse
3301 1887 3369 1941 ab
3395 1888 3497 1942 illis
3528 1904 3653 1959 pera
3692 1920 3701 1929 -

2055 1987 2189 2043 solvi
2213 1983 2413 2060 (Cicer.
2442 1982 2533 2043 lib.
2566 1980 2635 2041 Ill
2657 1981 2723 2039 de
2745 1991 2915 2037 natur.
2941 1978 3108 2048 deor.,
3130 1996 3249 2052 pag.
3277 1979 3407 2048 255,
3426 1981 3520 2035 lin.
3536 1979 3650 2053 22).

2054 2078 2229 2147 Quam
2254 2091 2393 2132 sane
2415 2074 2487 2130 ob
2512 2088 2733 2129 eatrsam
2772 2072 2990 2129 Plautus
3015 2071 3330 2129 Gelusinum
3369 2072 3652 2144 quemdam

2056 2171 2365 2241 loquentem
2394 2166 2472 2222 sic
2511 2164 2716 2221 inducit
2743 2182 2757 2219 :

2177 2282 2287 2335 Huc
2309 2283 2505 2333 venisse
2529 2294 2653 2344 Opus
2674 2286 3024 2344 est,_quantum
3037 2284 3217 2344 potest,

2166 2318 2511 2427 statam;
3308 2400 3309 2403 γ

2607 2424 2789 2490 (Plaut.
2822 2423 3064 2485 Trucull.,
3088 2429 3183 2475 act.
3202 2425 3251 2485 2,
3269 2437 3398 2477 scen.
3424 2427 3500 2489 tt.)

2056 2540 2185 2609 Nec,
2214 2551 2419 2611 quaeso,
2449 2534 2664 2592 dubites
2690 2543 2856 2589 totam
2885 2533 3149 2589 bonorum
3172 2530 3438 2587 decimam
3464 2533 3532 2587 ab
3554 2531 3657 2588 hoc

2056 2641 2215 2704 poeta
2241 2628 2533 2705 designari.
2571 2626 2703 2683 Nam
2730 2624 2856 2680 alibi
2885 2624 3023 2679 dixit
3059 2622 3185 2679 inde
3218 2637 3249 2678 a
3288 2638 3450 2679 servo
3499 2623 3656 2680 facile

2064 2722 2315 2796 cognosci
2345 2736 2504 2792 posse
2530 2728 2789 2789 quantum
2818 2716 2962 2772 illius
2981 2716 3232 2772 dominus
3256 2716 3373 2771 auri
3405 2715 3655 2773 habebat.

2057 2816 2200 2873 Ecce
2228 2816 2461 2885 ipsamet
2487 2811 2607 2882 ejus
2633 2809 2871 2866 carmina
2903 2826 2914 2861 :

2182 2928 2281 2980 Sed
2310 2927 2451 2978 lubet
2472 2926 2603 2976 scire
2626 2929 2860 2988 quantum
2882 2934 3057 2988 aurum
3071 2920 3225 2988 herus
3247 2921 3339 2972 sibi
3353 2920 3584 2988 dempsit,
3611 2928 3665 2973 et

2790 2985 2908 3048 quid
2931 2996 3023 3037 suo
3040 2982 3246 3037 reddidit
3270 2986 3411 3048 patri.

2181 3053 2235 3105 Si
2259 3051 2389 3116 frugi
2413 3059 2507 3115 est,
2528 3046 2938 3100 Herculemieeit
2962 3061 3026 3097 ex
3051 3054 3222 3111 parte;
3250 3046 3508 3116 decimam
3552 3059 3663 3111 par-

2345 3115 2358 3116 ί
3245 3115 3346 3160 tem
3369 3115 3421 3160 et

2184 3177 2356 3240 Dedit,
2380 3176 2474 3228 sibi
2493 3186 2673 3226 novem
2695 3170 2915 3223 abstulit.

2648 3256 2827 3327 (Idem.
2854 3253 3091 3315 Bacchid.
3116 3261 3178 3308 ct.
3196 3262 3268 3321 1v,
3291 3267 3419 3310 scen.
3445 3256 3519 3319 4.)

2067 3366 2239 3438 Hujus
2268 3372 2449 3421 autem
2472 3360 2641 3419 morls
2667 3372 2722 3417 et
2747 3361 2977 3416 instituti
3008 3360 3183 3416 varias
3208 3359 3524 3416 Plutarchus
3541 3359 3679 3419 reda

2068 3459 2204 3517 didit
2230 3458 2487 3526 rationes,
2519 3469 2653 3527 quas
2682 3454 3046 3524 unusquisque
3073 3454 3127 3508 in
3168 3452 3283 3523 ejus
3309 3454 3461 3509 libris
3487 3457 3666 3525 legere

2070 3538 2228 3609 facile
2257 3557 2433 3623 potest
2462 3548 2482 3621 (
2510 3548 2781 3603 Plutarch.
2831 3547 3029 3627 Qutest.
3074 3544 3323 3615 Romam,
3354 3558 3535 3620 quast.
3566 3549 3664 3615 l5,

2069 3662 2194 3720 pag.
2224 3642 2354 3710 267,
2385 3651 2509 3696 tom.
2537 3640 2582 3695 ll
2603 3640 2648 3711 ).
2674 3638 2874 3695 Verum
2902 3638 3131 3719 gentiles
3157 3638 3226 3694 de
3253 3638 3355 3695 hoc
3392 3639 3669 3715 religionis

2071 3754 2184 3796 sua:
2215 3736 2394 3794 ofﬁcio
2422 3749 2610 3807 parum
2658 3731 2907 3800 solliciti,
2941 3730 3197 3802 quidquid
3248 3731 3467 3801 impune
3513 3742 3667 3803 pote-

2072 3842 2231 3901 rant,
2257 3847 2321 3887 ex
2354 3830 2454 3885 hac
2478 3828 2685 3885 decima
2715 3824 3131 3893 subtrahentes,
3161 3840 3260 3882 nec
3290 3826 3501 3882 tertiam
3549 3827 3669 3897 qui-

2075 3927 2197 3984 dem
2228 3924 2507 3982 solvebant
2534 3921 2678 3977 illius
2708 3929 2935 3994 partem.
2961 3918 3134 3999 Quam
3172 3928 3350 3977 autem
3397 3920 3451 3976 id
3480 3935 3667 3977 verum

2075 4023 2168 4091 sit,
2194 4019 2375 4076 disces
2399 4016 2489 4073 bis
2508 4014 2689 4072 adhuc
2711 4012 2957 4086 ejusdem
2980 4012 3156 4069 Plauti
3182 4013 3459 4073 vorsibus:

2201 4132 2311 4195 Non
2327 4131 2427 4195 jam
2448 4131 2514 4181 de
2537 4129 2631 4180 hoc
2652 4129 2872 4190 obsonio,
2894 4128 3111 4195 demina
3133 4140 3232 4195 una
3251 4128 3454 4179 diminui

2201 4189 2346 4246 Modo
2367 4194 2587 4259 quinque
2622 4189 2870 4254 nummos,
2895 4191 3016 4241 mihi
3037 4191 3261 4315 detraxlil,1
3265 4197 3463 4303 gnatam
3484 4189 3676 4243 Hercu-

2644 4334 2848 4403 (Ναὶ,
2875 4332 3078 4391 τωοῌὶ
3098 4342 3193 4389 act.
3217 4343 3271 4400 tt,
3294 4349 3425 4389 sem.
3447 4337 3521 4400 7.)

2082 4448 2212 4505 Tam
2241 4445 2419 4519 lepide
2440 4445 2598 4518 igitur
2618 4459 2780 4517 quam
2801 4443 2926 4514 jure
2949 4443 3145 4499 merito
3168 4441 3534 4500 Tertullianus
3561 4444 3677 4499 eth-

2081 4540 2235 4597 nicos
2264 4540 2342 4594 sic
2374 4537 2561 4594 irridet
2592 4555 2606 4591 :
2637 4534 2820 4591 Laudo
2857 4535 3027 4607 magis
3068 4535 3401 4605 sapientiam,
3432 4539 3566 4605 quod
3614 4535 3683 4589 de

2085 4633 2287 4708 perdite
2333 4629 2530 4702 aliquid
2578 4628 2773 4701 eripitis
2806 4625 3160 4698 (Tertullian.
3211 4626 3506 4697 Apologet.,
3554 4641 3673 4697 cap.

2003 4695 2060 4756 Β
2085 4695 2157 4789 l4
2184 4729 2224 4805 ).
2253 4695 2526 4786 Perditum
2570 4695 2748 4785 autem
2790 4695 2892 4785 rite
2934 4726 3106 4793 dixit,
3133 4695 3275 4799 quod
3304 4695 3454 4784 falsis
3482 4726 3587 4783 diis
3614 4695 3679 4785 ac

2086 4824 2396 4882 numinibus
2415 4822 2664 4880 dabatur.

2160 4919 2273 4989 Qua
2306 4918 2468 4991 igitur
2492 4917 2699 4974 ratione
2719 4957 2734 4983 ,
2764 4930 2868 4988 qua
2909 4915 3088 4971 fronte
3129 4914 3329 4971 ethnici
3359 4916 3683 4974 christianos

2090 5013 2158 5069 ad
2188 5012 2410 5067 deorum
2434 5024 2654 5067 suorum
2682 5009 2907 5074 cultum,
2938 5008 3125 5078 eisque
3147 5007 3558 5064 sacrificandum
3578 5024 3686 5065 ma-

2088 5100 2192 5176 j‘ori
2225 5103 2486 5175 profecto,
2510 5117 2669 5174 quam
2691 5099 2861 5157 ferina
2890 5098 3210 5155 crudelitate
3239 5099 3564 5171 compellere
3603 5102 3686 5157 ni-

392 5232 497 5289 tes,
522 5221 595 5276 uti
613 5193 881 5292 "capitula,
894 5220 969 5276 ait
995 5218 1377 5287 Tertullianus,
1407 5193 1521 5276 sive
1545 5219 1739 5290 capita.
1773 5193 1960 5276 Etenin

2093 5197 2383 5256 tebantur?
2407 5197 2662 5265 Quamvis
2693 5194 2972 5250 enimvero
3000 5194 3356 5251 credidissent
3383 5193 3503 5251 illos
3527 5210 3686 5255 veros

294 5371 303 5377 ,
394 5315 510 5386 ipse
552 5312 659 5367 alio
688 5311 742 5366 in
769 5311 910 5367 libro
939 5319 1096 5367 vocat
1130 5309 1531 5367 chammlcontis
1566 5287 1861 5382 capitulum
1882 5323 1960 5368 sta

2093 5307 2215 5349 esse
2240 5292 2390 5359 deos,
2415 5288 2658 5363 quamvis
2683 5303 2776 5344 eos
2797 5295 2906 5341 tam
2934 5287 3147 5343 sincero
3165 5327 3179 5354 ,
3203 5303 3363 5359 quam
3387 5288 3521 5344 falso
3540 5289 3689 5345 cultu

398 5380 490 5462 tim
535 5420 569 5459 α
612 5388 799 5469 dorso;
842 5413 961 5458 nam
1013 5402 1183 5471 deﬁcit
1225 5403 1393 5457 cervix
1421 5400 1441 5473 (
1466 5380 1770 5458 τενιυίιίαη,
1806 5403 1893 5458 (ib,
1932 5404 1995 5460 de
2098 5390 2474 5453 honorassent,
2507 5382 2751 5456 quamvis
2776 5380 2883 5437 illis
2912 5380 3117 5437 hostias
3145 5382 3401 5454 integras,
3433 5383 3686 5451 selectae,

398 5499 568 5561 Pnll.,
600 5513 716 5567 cap.
750 5496 842 5565 5),
874 5510 993 5566 quae
1024 5494 1148 5550 colli
1180 5511 1303 5566 pars
1331 5505 1413 5552 est
1443 5497 1729 5567 posterior.
1770 5493 1996 5570 Capita.
2100 5482 2408 5539 etomnium
2430 5477 2662 5550 optimas
2685 5475 3082 5543 immolassent;
3106 5475 3434 5532 nihiltamen
3458 5476 3692 5549 iniquius

398 5593 509 5649 lum
548 5591 728 5660 itaque
758 5588 831 5643 ibi
860 5587 928 5643 ab
961 5585 1055 5642 illo
1082 5600 1181 5657 pro
1213 5594 1325 5643 toto
1356 5587 1769 5646 chammleontis
1814 5590 1960 5660 capit

2104 5592 2167 5633 ae
2190 5576 2517 5648 perversius,
2544 5572 2681 5655 nihil
2710 5573 2984 5643 humanis,
3016 5572 3231 5643 divinis,
3266 5584 3578 5647 naturaeque
3607 5576 3690 5649 ip-

402 5683 654 5740 sumitur.
677 5680 919 5737 Servatis
948 5680 1109 5751 igitur
1136 5679 1455 5738 melioribus
1493 5680 1789 5740 hostiarum
1839 5683 2002 5754 parti-
2104 5675 2215 5730 sius
2249 5672 2458 5745 legibus
2486 5670 2654 5743 magis
2680 5669 2969 5727 adversum
2998 5677 3143 5737 erat.
3173 5686 3332 5742 quam
3354 5670 3691 5729 Christianos

408 5777 544 5844 bus,
573 5781 735 5846 caput
779 5772 1159 5840 immolabant,
1204 5781 1256 5828 et
1305 5775 1564 5848 ungulas,
1604 5790 1667 5832 ac
1712 5777 2003 5847 plumarum
2108 5783 2211 5827 nec
2232 5765 2514 5837 defensos,
2541 5781 2646 5824 nec
2687 5764 2937 5835 auditos,
2969 5764 3067 5822 sed
3106 5779 3261 5823 suum
3304 5765 3567 5824 duntaxat
3626 5766 3699 5826 ob

411 5874 431 5947 (
457 5872 613 5942 idem,
642 5869 935 5944 Apologet.,
978 5884 1095 5941 cap.
1145 5864 1272 5941 16),
1304 5875 1364 5923 ιιι
1405 5867 1528 5926 alibi
1558 5869 1665 5943 ait,
1712 5926 1718 5937 ,
2109 5878 2307 5922 nonten
2332 5860 2716 5933 «ademere,
2742 5869 2800 5921 et
2823 5859 3277 5933 exquisitissimis,
3309 5875 3432 5932 qua
3470 5860 3720 5920 ως
