4016 6652
328 376 474 437 {MS

1603 372 1809 430 LIBER
1836 371 1926 431 DE
1963 369 2334 431 ΟΒΑΤΙΟΝΕ.

3485 359 3630 431 1146

325 501 592 550 vetustum
609 491 979 549 Ambrosianae
995 489 1332 548 bibliothecae
1354 489 1597 547 codicem
1613 532 1629 558 ,
1654 490 1741 546 ubi
1773 491 1919 562 lege-
1947 488 2000 549 Α
2027 489 2171 546 Cave
2195 533 2209 554 ,
2233 489 2454 561 aliisque
2478 488 2660 562 paucis
2687 488 3038 559 scriptoribus
3069 488 3365 556 habemus;
3394 489 3504 545 imo
3535 489 3629 547 vix

324 585 524 642 bantur
559 602 680 656 quae
718 586 771 640 in
811 584 1024 640 caeteris
1062 583 1290 650 desunt,
1345 584 1599 640 continuo
1641 582 1918 638 anecdotis

325 680 459 734 meis
507 677 689 733 addidi
731 669 891 732 veluti
940 691 1177 746 gemmas
1228 677 1503 732 litterariae
1539 675 1920 748 reipublicaein

326 769 511 839 primis
522 769 858 840 gratas.Quae
872 783 1102 837 cumque
1116 767 1258 824 enim
1277 784 1308 823 c
1326 767 1926 837 Tertulliano,omuium

324 869 469 917 certe
517 860 600 916 sui
642 861 898 932 temporis
944 859 1335 924 eruditissimo,
1384 861 1574 916 litteris
1615 861 1925 931 consignata

324 963 449 1010 sunt
470 996 484 1020 ,
513 969 684 1024 eaque
717 954 1047 1024 praesertim,
1077 969 1198 1025 quae
1227 953 1280 1009 in
1309 954 1500 1009 castris
1537 953 1923 1009 catholicorum

326 1045 570 1117 scripsit,
626 1045 809 1115 quanti
853 1044 961 1100 sint
999 1045 1140 1115 apud
1178 1060 1368 1100 omnes
1408 1045 1791 1102 ecclesiasticae
1847 1048 1922 1103 rei

323 1135 596 1203 cultores,
627 1137 712 1191 vel
743 1136 872 1209 ipsis
897 1137 1176 1209 tyronibus
1203 1144 1368 1210 patet.
1399 1138 1786 1193 Ambrosianus
1825 1153 1924 1194 an-

323 1236 433 1286 tem
457 1228 628 1285 codex
661 1244 766 1284 non
807 1229 875 1283 ab
915 1230 1174 1284 orationis
1215 1229 1496 1285 dominicae
1537 1230 1921 1300 expositione,

323 1331 382 1377 ut
412 1322 462 1376 in
495 1321 652 1377 edilis
679 1321 938 1378 habemus
963 1364 977 1386 ,
1007 1321 1099 1377 sed
1129 1322 1197 1377 ab
1228 1322 1292 1376 iis
1312 1365 1326 1389 ,
1352 1337 1474 1393 quae
1499 1321 1800 1393 bnjusmodi
1830 1337 1926 1376 ex-

325 1413 646 1486 positionem
685 1412 1124 1484 subsequuntur,
1175 1391 1488 1482 opusculum
1545 1391 1925 1469 exordiebatur

320 1519 447 1560 cum
465 1503 632 1561 hocce
655 1505 812 1562 titulo
841 1523 856 1562 ε
879 1503 1070 1576 Incipit
1096 1492 1402 1560 Tertulliani
1425 1505 1738 1559 diversarum
1755 1520 1923 1558 rerum

321 1598 740 1653 necessariarum.
763 1597 899 1653 Tum
924 1606 1082 1668 caput
1100 1599 1332 1668 primum
1355 1640 1369 1663 ,
1389 1598 1545 1668 cujus
1564 1598 1768 1652 initium
1792 1605 1874 1652 est
1903 1614 1919 1652 :

319 1694 646 1766 Compendiis
673 1695 1012 1768 pauculae-um
1040 1697 1306 1753 verborum
1332 1741 1347 1765 ,
1377 1707 1483 1754 etc.
1507 1740 1522 1765 ,
1557 1700 1624 1753 ita
1658 1706 1922 1769 praenota-

318 1786 475 1842 batur
503 1805 515 1841 :
544 1787 1010 1856 Anacephalaeosis.
1047 1787 1210 1844 Posse
1237 1806 1329 1844 nos
1357 1790 1753 1861 superadjlcere,
1789 1800 1920 1846 litu-

2032 582 2097 638 iis
2143 580 2456 649 constabat,
2501 596 2685 636 eorum
2731 581 3015 652 quidquam
3062 595 3361 651 superesse.
3407 580 3627 637 Meliore

2030 677 2271 747 profecto
2300 685 2442 732 sorte
2468 675 2660 746 dignus
2687 685 2805 731 erat
2834 675 2985 730 labor
3011 675 3100 732 ille
3120 673 3382 730 Panciroli
3410 673 3508 730 viri
3545 685 3629 730 ceé

2029 767 2302 826 leberrimi
2328 809 2341 831 ,
2375 767 2461 840 qui
2494 781 2597 822 nou
2623 767 3059 838 jurisprudentiae
3087 767 3258 822 solum
3284 809 3298 832 ,
3330 766 3424 822 sed
3455 769 3624 821 sacrae

2028 851 2187 919 ctiam
2219 870 2272 918 et
2299 860 2534 932 profanae
2562 861 2882 918 eruditionis
2912 860 3066 916 laude
3093 861 3345 917 eximium
3375 861 3512 916 inter
3539 861 3627 915 lit-

2033 962 2233 1010 teratos
2259 953 2361 1011 sibi
2386 953 2716 1023 comparavit
2737 953 2936 1012 locum.
2967 953 3033 1007 Et
3055 953 3269 1025 quidem
3292 953 3519 1023 opinor,
3545 960 3606 1007 ut

2027 1055 2082 1101 et
2109 1046 2431 1102 Possevinus
2478 1045 2532 1100 in
2581 1048 2852 1116 Apparatu
2897 1044 3218 1116 opinabatur
3255 1087 3270 1111 ,
3316 1044 3622 1100 uberrimos

2029 1140 2147 1195 illos
2166 1139 2216 1194 in
2246 1138 2629 1195 Terthllianum
2650 1140 3085 1208 commentarios,
3118 1154 3252 1210 quos
3293 1137 3353 1192 Β.
3402 1136 3620 1194 Rhena-

2029 1251 2163 1300 nus,
2192 1234 2482 1301 Pamelius,
2515 1234 2590 1289 La
2619 1233 2812 1300 Cerda,
2839 1232 3136 1289 Salmasius
3155 1274 3169 1299 ,
3198 1241 3356 1304 atque
3377 1232 3463 1286 alii
3492 1233 3620 1288 doc-

2027 1325 2218 1381 tissimi
2251 1326 2346 1380 viri
2380 1326 2483 1380 luci
2516 1324 2869 1391 mandarunt,
2897 1325 3174 1380 obstitisse
3203 1341 3270 1380 ue
3300 1326 3384 1380 isti
3433 1324 3621 1395 prodi»

2027 1415 2178 1482 rent;
2209 1419 2514 1487 putantibns
2537 1418 2785 1472 nimirqu
2815 1419 2879 1473 iis
2902 1460 2916 1483 ,
2944 1419 3140 1488 quibus
3171 1418 3452 1488 posthuma
3483 1417 3620 1470 Pau-

2025 1511 2180 1566 ciroli
2205 1510 2342 1565 fama
2363 1510 2706 1566 condifutura
2731 1518 2864 1574 erat.
2889 1526 2947 1565 se
2977 1526 3162 1581 parum
3191 1511 3373 1566 utilem
3397 1525 3615 1580 cperam

2026 1603 2275 1670 lnsuros,
2309 1604 2350 1657 si
2381 1603 2597 1660 easdem
2629 1603 2794 1673 dapes
2826 1604 3157 1659 eruditorum
3187 1604 3364 1674 palato
3391 1603 3614 1660 exhibe-

2025 1705 2166 1752 rent.
2196 1695 2392 1752 Verum
2427 1711 2530 1750 non
2562 1695 2606 1750 is
2637 1706 2718 1752 est
2742 1695 3137 1762 Tertullianus,
3163 1696 3249 1766 qui
3278 1695 3464 1764 paucis
3487 1710 3614 1749 cono

2028 1797 2205 1844 tentus
2248 1789 2319 1845 sit
2360 1787 2776 1858 interpretibus;
2825 1795 2880 1844 et
2945 1802 3066 1842 cum
3112 1786 3441 1843 recentiores
3498 1785 3614 1855 ejus

318 1879 402 1934 lus
429 1887 546 1934 erat
568 1880 843 1950 sequentis
895 1881 1104 1952 capitis.
1135 1879 1358 1951 Reliqua
1385 1881 1547 1935 etiam
1576 1882 1748 1952 capita
1791 1896 1918 1936 suos
1946 1886 1995 1948 B
2026 1881 2346 1952 interpretes
2374 1883 2442 1936 ah
2471 1881 2830 1952 antiquiorum
2875 1879 3153 1935 conatibus
3183 1878 3401 1934 minime
3429 1878 3606 1935 deter-

318 1971 502 2027 titulos
533 1969 905 2042 praeferebant,
937 1987 1072 2043 quos
1098 1971 1280 2027 itidem
1303 1972 1356 2027 in
1385 1971 1484 2027 bac
1514 1981 1693 2028 nostra
1724 1971 1920 2029 editio-

319 2075 388 2118 ne
427 2062 735 2117 retinendos
784 2063 1111 2118 censuimus.
1165 2063 1247 2134 (a)
1277 2062 1428 2130 Quod
1473 2072 1721 2132 superest
1750 2079 1915 2134 opus-

318 2154 498 2209 culum
529 2153 668 2209 istud
695 2154 890 2226 quibus
913 2156 1012 2208 'am
1041 2170 1306 2210 exornare
1334 2170 1396 2210 ac
1427 2155 1695 2210 illustrare
1745 2171 1917 2212 anno-

321 2246 609 2302 tationibus
636 2246 860 2318 placuit,
893 2262 960 2302 ne
985 2245 1128 2317 quod
1173 2246 1397 2316 reliquis
1425 2245 1741 2302 Tertulliani
1769 2247 1920 2304 libris

318 2338 662 2396 eruditissimi
685 2339 786 2394 viri
815 2339 1110 2411 praestitere
1126 2381 1140 2404 ,
1163 2339 1289 2395 huic
1309 2341 1467 2407 desit,
1494 2349 1549 2396 et
1576 2356 1643 2396 ne
1666 2341 1919 2400 tenebras

319 2441 376 2489 et
404 2432 644 2510 ferreum
674 2449 1033 2506 asperumque
1058 2436 1336 2507 scriptoris
1365 2434 1522 2506 hujus
1551 2436 1753 2509 stylum
1783 2436 1918 2492 deli-

319 2525 479 2583 catuli
510 2525 722 2598 quidam
773 2536 1084 2583 caussantes
1103 2569 1120 2596 ,
1159 2529 1228 2584 ab
1255 2526 1375 2598 ejus
1405 2527 1636 2584 lectione
1663 2535 1916 2584 avertan-

320 2629 427 2675 tur.
457 2619 676 2675 Nullum
704 2619 934 2692 denique
964 2622 1104 2677 inter
1126 2630 1337 2678 veteres
1363 2618 1704 2677 Christianos
1731 2631 1919 2677 aucto-

320 2727 438 2769 rem
467 2712 721 2769 ostendas
744 2757 762 2782 ,
788 2714 872 2769 cui
894 2715 1217 2770 eruditionis
1256 2724 1312 2770 et
1341 2713 1668 2770 scltoliorum
1715 2713 1918 2769 lumina

319 2806 491 2879 magis
535 2807 868 2863 admovenda
921 2807 1242 2875 videantur,
1293 2823 1454 2888 quam
1489 2806 1854 2873 Tertulliano,
1885 2822 1916 2863 a

321 2916 429 2973 quo
454 2893 752 2959 obscuritas
780 2903 832 2959 in
861 2902 1092 2959 dicendo
1134 2905 1319 2960 nescio
1373 2912 1551 2960 utrum
1597 2903 1787 2960 evitari
1809 2902 1918 2962 ullo

321 3005 478 3066 pacto
507 3005 689 3068 posset
719 3012 784 3053 an
815 2999 866 3052 in
893 2997 1104 3054 deliciis
1127 2997 1436 3053 haberetur.

389 3090 520 3158 Quae
547 3079 759 3163 quidem
801 3094 980 3146 omnia
1020 3106 1142 3147 cum
1186 3091 1530 3163 digessissem
1579 3105 1675 3160 pro
1713 3089 1915 3146 viribus

318 3183 453 3237 meis
477 3225 492 3251 ,
520 3183 681 3238 subiit
704 3199 811 3238 non
839 3185 1104 3254 ingratum
1133 3183 1357 3239 eruditis
1387 3185 1619 3237 futurum
1649 3225 1662 3248 ,
1684 3183 1730 3237 si
1776 3183 1916 3236 notis

2023 1973 2107 2028 riti
2163 1973 2304 2037 sint,
2350 1973 2640 2041 quominus
2683 1980 2736 2026 ct
2782 1986 2909 2026 suos
2955 1971 3029 2026 illi
3077 1971 3465 2042 producerent,
3512 1984 3604 2025 cur

2023 2063 2289 2120 Panciroli
2331 2063 2600 2119 studiosos
2638 2063 2704 2117 de
2747 2063 3058 2119 tam'nobili
3102 2062 3328 2120 consilio
3366 2061 3596 2133 dejicere

2024 2156 2210 2212 debuit
2249 2156 2578 2219 inconsultus
2623 2156 2709 2211 hic
2755 2156 2967 2210 metus?
3016 2153 3196 2210 Facile
3240 2169 3370 2210 vero
3413 2162 3526 2216 est,
3561 2161 3621 2209 ut

2021 2249 2337 2305 coeuntibus
2383 2250 2434 2303 in
2475 2249 2632 2303 unius
2663 2248 2896 2302 auctoris
2938 2245 3344 2317 explicationem
3378 2244 3620 2316 pluribus

2023 2341 2353 2411 diversisque
2394 2339 2655 2410 ingeniis,
2705 2339 2826 2409 ejus
2869 2353 3020 2393 mens
3065 2353 3128 2393 ac
3154 2338 3358 2407 scripta
3388 2336 3619 2392 clariora

2021 2433 2074 2488 in
2102 2432 2220 2488 dies
2246 2431 2374 2486 ﬁant
2398 2473 2411 2496 ,
2441 2441 2600 2502 atque
2627 2445 2656 2486 a
2683 2430 2925 2486 tenebris
2957 2430 3252 2484 liberentur
3277 2436 3369 2482 aut
3407 2443 3473 2482 cx
3517 2443 3618 2482 an-

2019 2524 2266 2594 tiquitate
2311 2532 2650 2593 temporum,
2691 2531 2785 2577 aut
2831 2537 2896 2577 ex
2973 2520 3174 2576 incuria
3225 2520 3566 2576 librariorum
3599 2561 3617 2590 ,

2021 2625 2113 2674 aut
2137 2633 2170 2674 e
2195 2617 2474 2687 scriptoris
2505 2617 2814 2671 austeritate
2862 2613 3227 2670 manantibus.
3277 2612 3408 2680 Quae
3444 2626 3619 2683 quan.

2020 2727 2179 2783 quam
2207 2711 2277 2767 de
2306 2710 2531 2781 singulis
2557 2710 2827 2764 veteribus
2875 2722 3002 2762 vere
3047 2707 3150 2760 dici
3199 2712 3465 2777 possunt,
3517 2706 3617 2759 im-

2021 2803 2208 2874 primis
2233 2812 2412 2858 tamen
2444 2803 2512 2857 de
2538 2800 2868 2857 Tertulliano
2898 2808 3024 2854 sunt
3063 2797 3381 2853 aflirmanda
3407 2838 3420 2863 ,
3454 2812 3612 2866 quem

2021 2908 2142 2970 post
2181 2907 2258 2954 tot
2299 2899 2651 2966 interpretum
2695 2909 2851 2950 curas
2896 2893 3158 2949 habemus
3201 2891 3377 2946 adhuc
3425 2889 3621 2944 obscu-

2019 3007 2135 3047 rum
2170 2989 2269 3062 (a).
2299 2989 2504 3043 Eodem
2552 2995 2728 3042 autem
2774 2996 3048 3055 tempore,
3099 2999 3206 3054 quo
3252 2982 3521 3037 Pamelins
3566 2983 3617 3037 in

2020 3081 2356 3138 Tertulliano
2385 3077 2710 3151 explicando
2739 3077 3100 3133 exercebatur
3122 3115 3138 3140 ,
3173 3072 3485 3129 Pancirolus
3516 3086 3617 3124 no-

2019 3174 2212 3245 bisque
2241 3174 2429 3244 pleuos
2459 3172 2674 3241 reliquit
2703 3169 3121 3226 commentarios
3170 3169 3224 3222 iu
3264 3165 3444 3221 omnia
3475 3165 3618 3220 illius

327 3276 462 3331 meis
493 3276 609 3332 illas
639 3293 850 3348 quoque
879 3277 1370 3347 snbjicerem,quas
1398 3277 1572 3334 Guido
1603 3277 1914 3333 Pancirolus
1941 3279 1986 3343 (ζ
2019 3268 2217 3336 scripta
2247 3265 2313 3319 ad
2345 3274 2570 3318 mortem
2602 3279 2771 3333 usque
2801 3278 2952 3316 suam
2981 3261 3248 3330 evulgata.
3281 3259 3487 3313 Horum
3519 3273 3618 3310 au-

312 3366 737 3438 jurisconsultus
759 3369 1083 3438 rcgieusisin
1113 3368 1358 3423 eumdem
1373 3369 1439 3423 de
1452 3358 1912 3424 Oratiunelibrum

316 3460 729 3530 conscripserat.
765 3460 952 3531 quue
983 3461 1234 3516 libentius
1262 3462 1543 3516 consilium
1575 3477 1753 3517 meum
1797 3476 1916 3532 pro-

314 3550 496 3606 batum
525 3551 588 3606 iri
611 3551 892 3622 sperabam
920 3593 933 3618 ,
966 3551 1109 3623 quod
1138 3553 1620 3609 animadverterem
1649 3553 1912 3622 potiorem

315 3645 597 3700 clarissimi
629 3644 728 3699 viri
755 3660 936 3700 curam
964 3645 1014 3700 in
1039 3644 1284 3699 obscuris
1322 3645 1631 3700 Tertulliani
1663 3643 1914 3700 sensibus

314 3737 643 3808 exponendis
669 3738 895 3810 positam
924 3779 938 3803 ,
1005 3753 1126 3793 cum
1157 3746 1343 3793 contra
1372 3753 1472 3809 ego
1506 3737 1792 3793 historicas
1818 3752 1913 3808 po-

313 3832 420 3887 tius
447 3847 510 3886 ac
537 3832 776 3886 eruditas
806 3832 972 3887 libelli
1005 3831 1162 3902 hujus
1192 3832 1443 3903 reliquias
1472 3831 1603 3887 mihi
1635 3831 1911 3886 illustran-

312 3926 410 3978 das
439 3924 857 3995 proposuissem.
894 3925 1192 3980 Dolendum
1243 3933 1418 3980 autem
1450 3934 1532 3980 est
1563 3967 1578 3990 ,
1632 3925 1904 3980 neminem

311 4014 486 4070 adhuc
515 4017 565 4070 in
599 4016 741 4071 Italia
775 4015 940 4072 fuisse
970 4057 985 4081 ,
1016 4017 1106 4086 qui
1136 4016 1201 4071 ad
1235 4026 1434 4072 nostrae
1479 4017 1653 4087 gentis
1680 4016 1908 4087 gloriam

311 4117 541 4164 caeteros
608 4108 868 4164 Panciroli
919 4111 971 4164 in
1033 4109 1428 4166 Tertulliauum
1485 4109 1908 4165 commentarios

310 4199 548 4257 edendos
575 4203 862 4257 curaverit.
894 4202 994 4258 Vix
1028 4202 1244 4259 brevem
1277 4202 1342 4258 de
1373 4203 1438 4258 iis
1495 4203 1828 4259 mentionem
1876 4217 1905 4256 a

309 4294 638 4352 Thomasiuo
669 4297 720 4350 in
750 4296 1014 4352 Panciroli
1051 4297 1166 4353 Vita
1196 4339 1210 4364 ,
1245 4312 1275 4351 a
1325 4282 1575 4368 Dupinio,
1617 4295 1907 4353 Guillelmo

1129 4506 1286 4590 AD
1394 4505 2044 4592 LECTOREM

2021 3370 2126 3415 tem
2156 3356 2525 3428 autograpbon
2559 3356 2708 3426 Regii
2747 3354 2934 3426 Lepidi
2987 3354 3037 3408 in
3085 3352 3202 3423 ejus
3245 3351 3417 3424 patria
3468 3349 3616 3404 latet.

2017 3455 2147 3510 Mihi
2179 3454 2362 3509 videre
2389 3469 2454 3508 ac
2479 3453 2786 3508 describere
2815 3450 3039 3521 contigit
3085 3448 3202 3519 ejus
3251 3444 3618 3502 tantnuunodo

2018 3547 2312 3617 exemplar,
2345 3545 2485 3616 quod
2501 3543 2903 3599 accuratissime
2923 3541 3180 3610 scriptum
3213 3539 3263 3592 in
3297 3552 3390 3592 sua
3419 3535 3617 3591 biblio-

2017 3639 2174 3694 theca
2217 3645 2394 3693 servat
2425 3636 2485 3690 Ι).
2535 3633 2769 3689 Joannes
2797 3631 3030 3701 Baptista
3077 3629 3370 3684 Cattauens
3394 3670 3407 3690 .
3442 3627 3617 3683 Fran-

2013 3733 2211 3789 ciscani
2245 3730 2468 3795 ordinis,
2499 3736 2554 3783 ut
2583 3735 2792 3791 vocant,
2822 3726 2890 3782 de
2919 3724 3289 3787 Observantia,
3321 3736 3615 3776 ornamen-

2015 3835 2149 3881 tum.
2187 3825 2253 3880 Et
2280 3823 2532 3895 quoniam
2565 3820 2723 3890 hujus
2752 3833 2976 3874 munere
3007 3817 3200 3871 factum
3231 3822 3315 3870 est
3337 3856 3352 3877 ,
3385 3824 3440 3867 ut
3470 3812 3613 3883 quod

2017 3918 2146 3972 mihi
2178 3917 2246 3972 de
2300 3932 2404 3971 ms.
2456 3914 2548 3968 illo
2601 3927 2766 3982 opere
2820 3910 3035 3981 placet,
3088 3907 3305 3962 haurire
3353 3920 3610 3976 possem,

2018 4012 2105 4067 hic
2134 4011 2415 4080 epistolam
2447 4023 2660 4079 quoque
2689 4004 2821 4059 dare
2849 4003 3006 4058 statui
3039 4001 3229 4058 iisdem
3280 4006 3613 4054 commenta-

2013 4106 2109 4161 riis
2139 4103 2511 4175 praepositam,
2544 4101 2670 4155 inde
2702 4098 2846 4153 cuitu
2879 4096 3049 4166 palam
3094 4095 3184 4150 [iet
3206 4136 3221 4161 ,
3253 4108 3374 4164 quae
3405 4094 3456 4146 in
3487 4091 3617 4146 Τίτ-

2013 4201 2294 4272 tullianum
2350 4195 2677 4252 Pancirelus
2729 4189 3049 4263 praestiterit.
3118 4187 3196 4243 Ita
3255 4202 3384 4258 ergo
3432 4183 3619 4241 scribit

2005 4293 2098 4350 ille
2123 4309 2136 4346 :

2143 4502 2453 4592 PANC
2468 4499 2800 4588 IROLI

1645 4721 2326 4911 ᾖβῖθεῗαιὶο.

1746 5017 2224 5060 -οοο-

381 5174 616 5232 Feliccm
647 5175 777 5231 mihi
805 5175 1094 5232 adventum
1140 5173 1359 5232 Patavio
1408 5159 1705 5229 Tanriunm'
1741 5187 1810 5229 ex
1839 5189 1906 5229 eo
1931 5175 1984 5234 D
2010 5175 2113 5230 lius
2137 5173 2328 5229 Cicero
2357 5189 2385 5227 a
2418 5173 2482 5242 Q.
2511 5171 2653 5228 Μυιῆ
2683 5169 2923 5226 Scevolae
2967 5168 3133 5231 latere
3177 5166 3390 5224 doctior
3437 5166 3614 5223 disce-

309 5267 644 5338 potissimum
677 5266 840 5324 fuisse
889 5270 1164 5332 existimo,
1199 5268 1339 5340 quod
1371 5268 1511 5322 inter
1540 5267 1676 5321 alios
1700 5307 1715 5330 ,
1765 5283 1901 5337 quos

306 5359 486 5416 iuveni
513 5359 855 5414 doctissimos
887 5361 1029 5414 viros
1054 5403 1069 5427 ,
1113 5361 1372 5430 imprimis
1406 5358 1720 5413 Vincentius
1764 5359 1902 5413 Lauo

306 5470 400 5510 rus
429 5453 819 5523 Montisrcgalis
845 5454 1130 5522 episcopus
1157 5461 1212 5508 et
1239 5455 1294 5507 S.
1325 5453 1387 5507 D.
1504 5451 1743 5523 Gregorii
1782 5447 1899 5505 XIII

306 5545 468 5601 Pent.
523 5543 660 5598 Max.
693 5544 831 5614 apud
863 5544 1130 5600 Sereniss.
1185 5545 1590 5600 Etnmanuclem
1639 5543 1901 5598 Pliiliber-

308 5649 418 5694 tum
445 5638 725 5696 Sabaudiae
755 5638 945 5694 ducent
977 5639 1196 5694 nuntius
1223 5640 1571 5709 apostolicus,
1629 5651 1693 5693 ac
1719 5635 1898 5692 cardi-

307 5734 445 5790 nalis
466 5733 518 5787 in
545 5731 689 5788 omni
711 5731 1114 5802 disciplinarum
1145 5745 1342 5801 genere
1367 5740 1613 5786 versatus
1637 5729 1891 5796 occurrit,

305 5827 396 5898 qui
425 5827 552 5882 dum
581 5841 667 5882 me
695 5825 1005 5882 domesticis
1027 5825 1312 5895 colloquiis
1340 5825 1450 5880 suis
1478 5824 1696 5895 dignum
1750 5833 1900 5894 puta-

304 5921 403 5990 vit,
427 5920 667 5979 doctrina
693 5919 970 5978 meliorem
1000 5934 1214 5990 semper
1239 5917 1402 5985 fecit;
1425 5925 1478 5974 ct
1502 5917 1640 5974 sicut
1673 5916 1740 5974 Μ.
1768 5915 1898 5973 Tul-

2009 5267 2171 5322 (lebat
2199 5267 2272 5336 (in
2306 5265 2495 5330 Lwlio,
2525 5265 2630 5319 sive
2658 5263 2721 5317 de
2751 5260 3002 5332 Amicit.),
3035 5261 3101 5314 ita
3131 5275 3229 5330 ego
3259 5275 3326 5314 ex
3355 5258 3612 5313 eruditis-

2005 5358 2156 5413 simis
2167 5359 2504 5412 sermonibus
2522 5357 2633 5410 suis
2653 5371 2756 5408 non
2774 5369 2937 5424 pauca
2953 5353 3278 5409 exhauriens
3295 5350 3616 5421 locupletior

2011 5450 2141 5505 abii.
2169 5449 2322 5504 Modo
2350 5449 2490 5502 enim
2516 5463 2599 5502 res
2617 5446 2685 5501 ab
2715 5447 2846 5501 orbe
2871 5446 3087 5500 condito
3110 5454 3284 5515 gestas
3307 5445 3608 5509 enarrahat,

2006 5542 2167 5597 modo
2197 5539 2549 5612 philosophiae
2577 5555 2773 5594 arcana
2801 5537 3157 5610 depromcbat
3182 5580 3195 5603 ,
3227 5544 3322 5592 aut
3349 5537 3608 5592 obscuros

2065 5735 2136 5798 (a)
2173 5735 2298 5786 Hinc
2323 5736 2460 5784 novis
2484 5734 2604 5784 item
2629 5735 2903 5798 editoribus
2925 5737 3080 5787 visum
3105 5741 3180 5798 est
3203 5733 3477 5798 lectoribus
3497 5732 3602 5783 fore

2002 5795 2286 5862 pergratum
2308 5799 2700 5862 annotationibus
2719 5797 2971 5862 clarissim.
2996 5810 3073 5862 v_v.
3100 5795 3420 5862 Panciroli‘et
3437 5795 3601 5862 Μυγδ-

2000 5855 2122 5910 ierii
2153 5861 2365 5910 selectas
2408 5873 2471 5908 ex
2496 5858 2728 5922 Rigaltio,
2754 5860 2992 5920 Pamclio,
3021 5858 3256 5920 Lacerda,
3282 5855 3601 5921 Albaspiueo,

2004 5923 2195 5976 Priorio
2219 5930 2361 5975 notas
2382 5923 2707 5986 subjungere.
