4016 6652
386 354 529 422 tm

1781 354 2245 421 TERTULLIANI

390 472 602 545 aliquos
629 475 877 527 auctores
916 465 1264 542 explicabat,
1293 464 1397 528 ~vel
1439 466 1755 529 mendosam
1801 471 1991 530 lectio-
2016 475 2070 540 Α
2094 476 2413 536 auctoritate
2433 479 2670 551 experiri
2696 480 2860 539 volui.
2888 480 3073 539 Inveni
3094 488 3274 541 autem
3293 485 3695 545 Tertulliaunm

390 581 518 623 nem
545 580 611 621 ex
643 562 881 635 probatis
923 562 1323 635 exemplaribus
1368 563 1714 632 emendabat,
1781 566 1868 624 vel
1915 581 1986 624 ex

391 672 491 715 suo
518 658 608 729 pio
637 656 887 714 instituto
911 656 1086 728 aliqua
1134 671 1204 714 ex
1249 657 1418 714 sacris
1443 658 1638 716 litteris
1666 661 1990 731 interpreta-

349 790 361 802 .
392 751 566 810 batur.
597 750 733 807 Cum
758 765 888 807 vero
911 749 1225 806 Tertulliani
1266 751 1483 822 scriptis
1509 752 1733 810 mirifice
1759 753 1993 813 delecta-

393 853 481 904 tus
503 844 590 918 (S.
620 842 789 910 Hien,
817 842 882 898 de
910 841 1106 914 Script.
1130 842 1276 898 cocti.
1306 843 1359 898 iu
1381 842 1652 916 Tertull),
1683 858 1807 903 eum
1849 847 1995 904 velut

395 939 534 996 alter
556 936 858 1008 Cyprianus
882 935 1122 1006 quotidie
1150 935 1205 993 in
1254 936 1503 993 manibus
1548 936 1804 1005 haberet,
1834 937 1992 995 valde

395 1030 614 1093 dolebat
638 1071 655 1096 ,
679 1030 748 1085 ita
771 1029 1057 1086 obscurum
1079 1028 1309 1085 inveniri
1333 1068 1351 1097 ,
1382 1036 1439 1085 ut
1464 1029 1648 1086 nullus
1665 1029 1990 1102 quandoque

397 1140 470 1182 ex
502 1125 594 1180 illo
624 1137 819 1180 sensus
842 1122 956 1178 erui
989 1132 1191 1193 posset.
1231 1121 1340 1178 Sed
1378 1136 1500 1178 cum
1547 1121 1728 1178 multis
1767 1122 1992 1183 obrutus

401 1216 632 1290 negotiis
652 1258 667 1283 ,
698 1231 820 1288 quae
848 1215 951 1271 sibi
998 1214 1387 1286 Montisregalis
1411 1215 1633 1273 antistiti
1660 1232 1729 1273 ex
1750 1217 1865 1283 fsua
1912 1216 1994 1272 di-

399 1312 547 1367 tione
578 1309 930 1366 imminebant
949 1350 966 1375 ,
994 1317 1050 1365 et
1079 1316 1329 1379 tanquam
1358 1308 1553 1365 summi
1595 1308 1864 1379 pontiﬁcis
1911 1309 1993 1365 le-

397 1411 552 1475 gate,
577 1402 659 1458 vel
686 1401 856 1457 Roma
898 1400 1217 1456 demandata
1241 1441 1256 1468 ,
1292 1401 1375 1458 vel
1415 1416 1481 1456 ex
1512 1399 1824 1472 Subalpinis
1843 1441 1857 1466 ,
1889 1416 1994 1456 uu-

400 1496 562 1575 dique
587 1496 913 1567 emergentia
939 1493 1318 1560 occurrebant,
1347 1494 1490 1551 huuc
1516 1506 1792 1551 auctorem
1810 1495 1995 1567 expla-

398 1590 561 1647 nandi
589 1592 757 1645 otium
789 1604 896 1645 non
922 1589 1179 1655 haberet,
1224 1589 1457 1660 aliquem
1490 1589 1653 1645 alium
1694 1590 1993 1662 quareltat,

399 1685 487 1756 qui
520 1691 670 1741 tanto
697 1682 846 1738 oneri
888 1681 1170 1738 subeundo
1217 1690 1399 1752 posset
1436 1681 1710 1739 sufﬁcere.
1764 1682 1994 1741 Videbat

403 1778 472 1834 ad
496 1776 767 1833 hominem
790 1774 1045 1832 omnibus
1067 1774 1365 1844 disciplinis
1390 1774 1675 1843 imbutum,
1705 1789 1772 1832 ac
1797 1775 1994 1846 linguai

2093 581 2192 625 suo
2215 570 2357 642 style
2378 614 2395 640 ,
2427 579 2487 628 ut
2509 582 2565 630 et
2591 572 2904 630 Lactantius
2945 574 3253 635 Firmianus.
3272 619 3288 645 ,
3315 588 3371 633 et
3398 579 3463 634 ι).
3492 579 3691 638 Hiere-

2093 677 2289 736 aymus
2313 664 2551 722 iudicant
2573 665 2746 740 (Lact.
2773 665 2967 736 Finan,
2994 665 3112 723 Div.
3136 668 3272 725 Inst.
3298 670 3337 725 t.
3358 670 3424 739 V,
3446 688 3495 727 ο.
3522 670 3587 739 I;
3618 673 3690 730 8.

2094 755 2243 815 Hier.
2290 774 2373 830 ep.
2428 759 2501 815 15
2564 760 2634 814 ad
2695 758 2970 834 Partim),
3025 761 3314 818 obscurum
3345 805 3362 829 ,
3419 763 3547 819 dum
3593 760 3743 822 aut-

2094 850 2295 908 omissa
2351 850 2516 907 verba
2563 850 2678 908 vult
2739 851 3062 917 subaudiri,
3119 853 3204 908 vel
3253 855 3442 910 minus
3488 855 3697 912 usitata

2093 950 2348 1010 usurpat,
2376 951 2432 1000 et
2455 958 2646 1000 novam
2678 945 2840 1002 etiam
2885 944 3124 1017 pbrasim
3165 946 3267 1001 sibi
3311 946 3526 1003 format.
3568 947 3699 1020 Ego

2096 1042 2156 1092 ut
2202 1034 2447 1107 legentes
2481 1036 2858 1103 sublevarem,
2907 1036 3098 1094 lterum
3141 1038 3416 1108 proprium
3452 1039 3701 1097 iudicem

2096 1128 2371 1199 composui
2400 1167 2418 1195 ,
2450 1137 2511 1187 ut
2536 1129 2589 1184 in
2618 1145 2728 1200 quo
2754 1143 2923 1185 sensu
2940 1130 3206 1186 dictiones
3227 1171 3243 1196 ,
3273 1139 3370 1186 aut
3392 1132 3561 1188 verba
3580 1146 3703 1187 ‘aco

2096 1221 2506 1293 cipiat,cuique
2527 1230 2801 1294 appareat.
2833 1221 2968 1279 Cum
3017 1238 3145 1279 vero
3194 1224 3455 1296 majorem
3496 1225 3705 1296 depra-

2097 1314 2204 1368 vati
2230 1312 2445 1369 codices
2486 1314 2855 1372 difticultatem
2883 1314 3150 1385 afferant,
3180 1316 3331 1388 plura
3360 1317 3642 1374 emendavi
3677 1361 3695 1387 ,

2099 1406 2197 1461 sed
2220 1420 2287 1460 ex
2316 1404 2401 1460 bis
2424 1415 2628 1462 tantum
2655 1450 2670 1474 ,
2700 1422 2821 1477 qua
2847 1406 2986 1462 idem
3011 1417 3362 1480 auctorsznpe
3384 1410 3582 1480 repetit
3606 1410 3703 1468 vel

2101 1497 2551 1571 D.‘lliero'nymus
2589 1500 2787 1570 aliique
2829 1508 2951 1572 post
2980 1516 3106 1556 eum
3155 1501 3399 1558 recitent.
3445 1503 3525 1558 Ex
3570 1517 3711 1560 meo

2099 1603 2232 1645 vero
2256 1590 2431 1661 capite
2455 1598 2651 1660 praeter
2675 1592 2911 1648 litteram
2934 1634 2952 1660 ,
2979 1602 3074 1648 aut
3095 1592 3357 1664 syllabam
3388 1593 3518 1650 nihil
3562 1610 3697 1651 mu-

2100 1692 2219 1739 tare
2260 1697 2381 1739 sum
2426 1698 2594 1741 ausus
2619 1724 2637 1752 ,
2688 1685 2963 1756 maluique
3001 1687 3287 1759 ambiguos
3327 1703 3644 1758 permaneas
3671 1730 3697 1758 ,

2100 1788 2261 1845 quam
2289 1773 2452 1831 falsos
2476 1786 2570 1830 aut
2594 1784 2888 1833 extraneos
2928 1793 3120 1834 sensus
3162 1779 3419 1835 inducere
3440 1820 3457 1847 ,
3503 1790 3559 1837 et
3583 1781 3698 1837 ali.

398 1885 611 1943 graecae,
632 1869 1088 1939 historiarumque
1116 1868 1503 1938 peritissimum
1532 1868 1997 1939 interpretandum
2026 1883 2074 1944 Β
2104 1867 2231 1938 quid
2257 1869 2436 1938 potius
2459 1868 2755 1926 desiderari
2796 1884 2958 1943 quam
2985 1873 3275 1945 comtmpi.
3323 1871 3462 1929 Nihil
3510 1883 3699 1930 tamen

400 1978 539 2035 epus
566 1977 686 2019 esse
715 1960 829 2017 viro
850 2000 868 2028 ,
897 1961 988 2032 qui
1036 1961 1265 2031 plurium
1293 1976 1507 2029 rerum,
1535 1969 1590 2018 et
1619 1962 1884 2033 imprimis
1905 1961 1998 2033 ju-

398 2057 476 2112 ris
501 2056 677 2112 civilis
705 2055 951 2111 notitiam
993 2054 1251 2121 haberet,
1294 2069 1417 2111 cum
1446 2054 1808 2112 Tertullianus
1853 2057 1999 2126 ipse,

400 2157 458 2206 ut
485 2148 673 2203 scribit
703 2146 970 2203 Eusebius
999 2146 1139 2202 Hist.
1170 2146 1334 2212 eccl.,
1367 2146 1460 2202 lib.
1490 2145 1532 2213 ι,
1564 2162 1684 2219 cap.
1714 2148 1796 2216 Ξ..
1825 2148 2000 2219 juris-

399 2240 676 2295 consultus
722 2238 947 2308 plurima
986 2222 1055 2294 ex
1096 2237 1219 2308 jure
1268 2237 1412 2293 civili
1442 2238 1753 2309 deprompta
1798 2239 2001 2310 passim

400 2332 618 2400 scriptis
646 2332 867 2388 inserat.
898 2330 1005 2388 Sed
1035 2331 1135 2387 etsi
1161 2330 1253 2387 alii
1295 2330 1549 2389 doctores
1579 2343 1685 2387 non
1725 2331 1951 2388 deerant
1978 2371 1998 2398 ,

400 2427 490 2496 qui
520 2425 572 2480 id
620 2427 863 2481 exactius
918 2432 1176 2495 praestare
1221 2424 1564 2495 potuissent,
1617 2424 1772 2494 plura
1815 2432 2000 2481 tamen

402 2519 505 2579 sibi
528 2519 596 2575 de
642 2533 733 2575 me
754 2559 768 2584 ,
800 2532 962 2588 quam
1010 2516 1155 2573 ferre
1198 2532 1410 2589 possem
1436 2559 1453 2583 ,
1483 2517 1755 2587 pollicitus
1779 2517 1846 2573 ad
1897 2517 2005 2574 hoc

402 2630 596 2671 munus
638 2624 822 2685 aptum
867 2628 987 2669 esse
1023 2612 1375 2670 existimavit.
1421 2613 1558 2667 llum
1598 2613 1741 2669 enim
1783 2627 1872 2669 me
1910 2612 2004 2669 diu

402 2707 640 2772 Patavii,
670 2717 729 2762 et
768 2706 970 2776 aliquot
1017 2705 1173 2760 annis
1219 2704 1576 2759 Taurinorum
1619 2706 1877 2775 Augustae
1913 2704 2004 2774 jus

403 2800 561 2855 civile
586 2798 885 2869 professum
916 2813 1036 2854 esse
1061 2797 1474 2862 animadvertit,
1520 2812 1585 2852 ac
1628 2797 1867 2853 nondum
1910 2797 1999 2853 in-

402 2893 544 2964 genii
575 2892 678 2946 mei
716 2891 1391 2960 tenuitatemtagnoscens,
1422 2890 1637 2959 publico
1666 2890 1955 2960 profitendi
1979 2932 1997 2958 ,

404 2992 465 3039 ut
487 2984 722 3039 arbitrer
744 3026 757 3049 ,
802 2983 931 3037 mibi
973 2997 1200 3038 munere
1238 2982 1563 3037 demandata
1597 2981 1858 3053 deceptus
1880 3025 1896 3049 ,
1933 2982 2005 3039 ad

2102 1961 2360 2018 intactum
2410 1963 2604 2032 omisi,
2632 1977 2698 2019 ac
2722 1965 2775 2019 in
2824 1966 3033 2036 magnis
3074 1966 3490 2023 obscuritatibus
3527 1969 3705 2024 satiate

2102 2067 2223 2110 esse
2245 2052 2373 2109 duxi
2401 2093 2417 2120 ,
2445 2053 2717 2125 ingenium
2741 2070 2923 2111 meum
2956 2056 3247 2127 periclitari
3274 2100 3289 2125 ,
3319 2071 3483 2129 quam
3507 2059 3709 2115 confu-

2101 2157 2192 2201 sos
2220 2142 2447 2201 lectores
2470 2144 2689 2202 dimitti.
2719 2146 2789 2202 Et
2826 2148 2966 2204 sicut
2995 2148 3327 2221 Protogenes
3349 2193 3364 2217 ,
3392 2165 3711 2223 quanquam

2103 2237 2353 2308 egregius
2378 2238 2554 2307 pictor
2579 2278 2596 2305 ,
2626 2252 2750 2294 cum
2790 2229 3238 2312 anhelantis‘equi
3268 2257 3514 2313 spumam
3537 2286 3552 2311 ,
3578 2259 3707 2300 rem

2106 2336 2287 2385 tanien
2313 2328 2489 2386 levem
2513 2330 2822 2400 exprimere
2843 2346 2953 2387 non
2980 2342 3165 2403 posset
3184 2375 3203 2401 ,
3231 2333 3540 2405 indignatus
3565 2340 3699 2402 arti,

2104 2422 2327 2491 spongia
2373 2423 2626 2479 euntibus
2671 2424 2951 2480 coloribus
2991 2426 3220 2497 impacta
3250 2467 3267 2493 ,
3317 2435 3372 2481 et
3411 2428 3709 2486 animus

2105 2516 2263 2574 labiis
2294 2517 2568 2583 admota,
2615 2533 2743 2575 casu
2784 2518 2928 2590 quod
2974 2519 3196 2590 optabat
3232 2519 3460 2591 perfecit
3484 2523 3504 2591 (
3531 2520 3701 2590 Νι..

2112 2613 2156 2667 ι.
2188 2610 2471 2677 XXXV,¢.
2502 2611 2633 2682 l0):
2659 2611 2893 2682 sicipse,
2923 2611 3051 2668 dum
3077 2621 3311 2670 mentem
3341 2613 3580 2693 pluribus
3610 2616 3707 2670 in.

2103 2704 2299 2773 volvo,
2328 2706 2505 2775 aliquo
2541 2713 2737 2761 conatu
2776 2705 2995 2762 evenire
3039 2720 3199 2777 posse
3235 2705 3450 2776 putavi,
3497 2716 3555 2762 ut
3591 2706 3704 2762 ali-

2105 2812 2265 2869 quem
2317 2795 2471 2853 forte.
2503 2796 2738 2852 auctoris
2780 2811 3000 2855 sensum
3045 2811 3366 2868 assequerer
3397 2835 3414 2851 .
3462 2797 3609 2869 quod
3644 2806 3708 2855 et

2105 2888 2251 2960 apud
2278 2888 2628 2960 philosophos
2655 2891 2921 2947 Averrocs
2948 2890 3004 2946 in
3051 2890 3513 2953 Aristotelem.“
3556 2889 3707 2961 apud

2107 2991 2321 3036 nostros
2350 2980 2585 3050 Angelus
2614 2980 2852 3038 Ubaldus
2880 2981 2936 3037 in
2965 2980 3193 3039 novellis
3210 2981 3703 3039 Constitutionibus

405 3088 611 3134 tantum
639 3092 776 3133 onus
804 3076 1140 3134 subeundum
1186 3077 1438 3132 idoneum
1474 3076 1768 3147 judicavit,
1816 3086 1873 3132 ut
1911 3078 2001 3149 qui
2106 3071 2393 3129 Iustiniani
2410 3071 2744 3142 explicandis
2792 3071 2934 3128 male
2963 3072 3015 3128 in
3055 3073 3217 3128 aliam
3262 3072 3496 3143 linguam
3529 3074 3708 3131 versis

407 3187 513 3227 non
544 3170 707 3226 modo
750 3179 1001 3241 tanquam
1036 3170 1178 3241 juris
1212 3171 1512 3241 interpres,
1551 3170 1696 3227 hunc
1729 3171 2004 3241 juriscon-
2108 3165 2352 3222 olfecisse
2392 3175 2701 3221 censentur.
2742 3163 3007 3221 Historias
3037 3180 3250 3236 quoque
3299 3180 3490 3223 omnes
3520 3206 3543 3233 ι
3569 3181 3712 3236 qm

405 3246 603 3320 sul‘tum
635 3303 651 3329 ,
705 3263 802 3319 sed
856 3265 1017 3320 etiam
1073 3263 1225 3334 plura
1266 3264 1383 3334 ejus
1430 3264 1744 3320 obscuriora
1787 3279 2005 3337 possem
2030 3283 2078 3348 ο
2107 3258 2321 3329 attingit
2347 3257 2522 3328 potius
2549 3272 2710 3326 quam
2731 3266 2950 3325 narrat,
2982 3256 3075 3313 ubi
3103 3273 3239 3328 opus
3266 3258 3385 3327 fuit,
3416 3274 3483 3316 ex
3510 3260 3712 3329 proba—

407 3357 770 3429 interpretari.
2110 3352 2180 3409 tis
2207 3348 2517 3407 auctoribus
2541 3349 2787 3406 enarravi
2812 3390 2828 3416 ,
2858 3365 2925 3406 ne
2952 3350 3039 3406 cui
3064 3349 3343 3408 dubitandi
3396 3352 3712 3423 scrupulum

479 3450 630 3507 lianc
669 3452 849 3522 itaque
896 3450 1228 3521 provinciam
1283 3451 1416 3507 mihi
1464 3452 1640 3523 primo
1680 3451 1912 3520 obtulit,
1952 3459 2011 3508 et
2113 3442 2498 3513 relinquerem.
2530 3440 2589 3497 lu
2616 3442 2811 3513 quibus
2854 3440 2996 3498 liber
3039 3442 3105 3497 de
3133 3442 3335 3499 Corona
3379 3444 3595 3510 militia,
3632 3444 3713 3501 ad

408 3544 578 3601 semel
630 3545 933 3615 iterumque
970 3544 1244 3601 recusanti
1292 3544 1483 3600 institit
1526 3545 1746 3601 demum
1772 3586 1788 3611 ,
1816 3553 1870 3601 et
1912 3560 2012 3617 pro
2114 3533 2391 3606 κατείπω,
2408 3533 2472 3589 άε
2497 3531 2651 3589 δειλία
2679 3533 3021 3605 [ωηιίιιανκηιν
3043 3532 3107 3587 de
3132 3533 3464 3605 δραιααάίεν
3490 3546 3546 3591 ει
3568 3534 3716 3606 Δρο-

409 3651 505 3693 sua
536 3637 858 3693 auctoritate
881 3636 1187 3707 impetravit
1210 3678 1224 3703 ,
1256 3647 1312 3692 ut
1350 3637 1601 3693 mandata
1648 3639 2007 3708 susciperem.
2114 3628 2360 3698 locetiqu
2382 3667 2396 3694 ι
2426 3626 2522 3682 8θά
2547 3625 2811 3697 imprimis
2839 3625 3157 3698 opusculum
3175 3627 3240 3682 de
3267 3626 3441 3682 Pellio
3467 3643 3575 3683 non
3598 3642 3718 3687 uto-

411 3728 713 3785 Cernebam
760 3730 977 3801 quidem
1026 3731 1190 3785 multa
1236 3728 1370 3785 mibi
1420 3729 1685 3786 tenuioris
1748 3731 2013 3787 doctrina

414 3818 621 3876 homini
650 3820 715 3876 ad
747 3831 954 3876 tantum
978 3830 1254 3877 auctorem
1283 3821 1680 3892 explanandum
1699 3821 1893 3878 deesse
1915 3863 1933 3891 ,
1957 3831 2015 3879 et

416 3914 744 3972 mediocrem
774 3915 949 3985 legum
978 3914 1340 3983 cognitionem
1368 3912 1438 3972 ad
1471 3913 1621 3984 plura
1641 3954 1658 3981 ,
1683 3929 1807 3984 quae
1830 3928 1897 3970 ex
1927 3929 2014 3971 re-

416 4006 647 4063 conditis
673 4005 914 4061 historiis
935 4048 951 4074 ,
982 4005 1319 4076 philosophia
1354 4046 1369 4071 ,
1417 4005 1682 4061 medicina
1731 4021 1795 4063 ac
1844 4006 2016 4065 sacris

414 4097 611 4155 litteris
654 4099 887 4169 accipit,
938 4097 1275 4170 explananda
1316 4112 1425 4153 non
1470 4096 1763 4166 sufﬁcere;
1811 4114 1913 4156 nec
1959 4099 2018 4157 id

416 4196 633 4259 tempus
664 4189 907 4260 pluribus
936 4187 1036 4245 fori
1075 4189 1303 4260 negotiis
1332 4190 1591 4259 implicito
1620 4188 2010 4261 permittebat:

415 4281 513 4338 sed
565 4282 709 4354 quod
760 4297 849 4339 me
898 4298 1003 4340 non
1054 4298 1214 4355 posse
1264 4282 1508 4340 dicebam
1558 4284 1647 4340 ille
1704 4284 1847 4341 nolle
1893 4298 2016 4343 cro-

416 4374 603 4432 debat:

545 4493 669 4559 Quid
686 4493 905 4545 facerem
917 4494 941 4543 γ
962 4508 1128 4559 neque
1151 4496 1359 4549 servitio
1378 4506 1461 4545 me
1485 4495 1639 4547 extre
1655 4478 1859 4559 licebat,

538 4557 645 4609 Nec
669 4565 764 4609 tam
790 4556 1065 4622 praesentes
1088 4558 1161 4611 fas
1181 4571 1277 4609 non
1302 4569 1608 4620 cognoscere
1641 4556 1798 4608 divos.

1439 4641 1627 4709 (Virg.,
1653 4639 1757 4693 Ecl.
1786 4640 1854 4707 ι.)

417 4747 499 4805 Illi
530 4750 709 4821 itaque
743 4751 999 4808 resistere
1026 4766 1140 4807 non
1171 4751 1360 4820 licuit,
1390 4751 1737 4823 parendoque
1760 4750 1925 4809 malui
1951 4748 2021 4806 ab

417 4840 510 4896 illo
542 4843 816 4912 ingenium
856 4858 1033 4899 meum
1064 4887 1079 4913 ,
1111 4859 1269 4915 quam
1315 4844 1645 4900 voluntatem
1696 4842 1865 4914 quaeri
1895 4882 1911 4911 ,
1941 4836 1996 4898 ét

418 4937 835 4995 imbecillitatem
857 4955 1018 5011 quam
1049 4939 1443 4996 contumaciam
1472 4936 1819 5009 reprehendi.

498 5029 705 5089 Collum
758 5035 918 5106 igitur
972 5034 1102 5105 jugo
1153 5026 1405 5103 subjeci,‘
1444 5041 1499 5087 et
1544 5030 1687 5102 quod
1735 5044 1834 5086 nec
1882 5041 2019 5085 mete

418 5131 562 5188 vires
588 5127 946 5200 patiebantur,
982 5140 1080 5183 nec
1110 5136 1319 5197 tempus
1345 5122 1627 5179 commode
1651 5120 2018 5195 permittebat,

419 5223 713 5283 subsecivis
758 5220 906 5276 horis
951 5236 1112 5292 agere
1157 5219 1315 5291 crepi.
1365 5218 1473 5274 Sed
1514 5217 1642 5275 dum
1690 5216 1762 5272 illi
1815 5230 2018 5272 morem

417 5330 549 5388 gero
576 5356 589 5379 ,
622 5328 813 5369 vereor
863 5327 933 5367 ne
980 5312 1109 5367 mihi
1139 5310 1386 5380 eveniat,
1418 5308 1562 5381 quod
1605 5309 1795 5380 Sergio
1837 5307 2021 5363 Galbtn

421 5408 646 5480 contigit
669 5448 685 5473 ,
713 5405 802 5475 qui
834 5408 1078 5477 privatus
1104 5404 1332 5475 imperio
1379 5403 1570 5475 dignus
1599 5410 1681 5459 est
1704 5401 1972 5474 judicatus
2004 5442 2019 5467 ,

421 5501 679 5574 princeps
707 5511 836 5553 vero
863 5495 1035 5552 factus
1064 5496 1131 5550 ad
1162 5495 1291 5551 illud
1320 5495 1537 5564 ineptus
1562 5497 1807 5567 apparuit
1829 5492 2019 5567 (Tacit.

421 5593 510 5649 lib.
564 5593 627 5659 Γ,
686 5589 853 5657 Hist,
914 5607 1005 5644 seu
1072 5590 1260 5644 Annal.
1310 5588 1591 5661 LXVII).
1644 5589 1756 5660 Ego
1807 5600 2021 5659 quoque

421 5684 606 5741 dubito
630 5726 648 5753 ,
672 5683 847 5756 utqui
878 5690 1060 5739 tacens
1106 5681 1179 5737 illi
1231 5681 1431 5753 aliquid
1464 5682 1603 5736 scire
1654 5680 1872 5735 videbar
1893 5720 1908 5746 ,
1941 5681 2021 5735 lo-

421 5793 593 5849 quens
656 5776 1056 5837 indoctisﬂmus
1119 5773 1373 5832 omnibus
1439 5773 1679 5845 delegor.
1748 5769 2019 5843 Quidquid

420 5877 602 5926 tamen
631 5867 866 5926 futurum
896 5868 966 5926 sit
992 5911 1008 5938 ,
1028 5867 1175 5938 iusta
1205 5865 1474 5942 capiendo
1501 5907 1515 5935 ,
1548 5864 1675 5938 quid
1696 5864 1900 5936 possim
1922 5876 2021 5941 sua

2042 4605 2097 4666 D

2114 3720 2299 3779 dicere
2328 3719 2460 3776 mihi
2491 3723 2764 3792 negotium
2808 3719 3186 3776 eshibuerunt.
3232 3720 3489 3790 Quadam
3532 3736 3604 3778 ex
3627 3720 3722 3785 bis

2116 3815 2283 3885 aliqui
2309 3814 2643 3885 explicarunt
2666 3829 2682 3880 ;
2705 3812 2804 3870 sed
2829 3812 2957 3883 quid
2980 3814 3077 3879 illi,
3100 3822 3157 3870 et
3181 3813 3299 3885 ipse
3324 3813 3673 3885 praestiterim
3696 3855 3719 3883 ,

2117 3904 2347 3962 aliorum
2373 3904 2479 3961 erit
2504 3904 2786 3976 judicium.
2829 3902 3098 3961 Caeterum
3144 3905 3437 3962 levioribus
3479 3906 3722 3977 quibus-

2117 4013 2348 4068 cumque
2381 4038 2399 4067 ,
2427 4006 2483 4054 et
2512 3998 2577 4054 iis
2604 4014 2726 4070 qua;
2754 3997 2925 4054 facilia
2956 3998 3068 4053 visa
3103 4006 3259 4067 sunt,
3291 3999 3675 4071 prmtermiasis
3699 4039 3724 4069 ,

2120 4088 2358 4147 difﬁcilia
2383 4098 2585 4146 tantum
2621 4089 2889 4160 explicui,
2918 4091 3141 4161 ipsaque
3167 4106 3330 4162 opera
3356 4091 3677 4151 Tertulliani
3698 4135 3723 4162 ,

2121 4190 2330 4239 mutato
2355 4182 2524 4254 ipsius
2547 4181 2755 4250 ordine,
2784 4183 2838 4239 in
2863 4192 2973 4239 tres
2997 4191 3178 4254 partes
3198 4184 3252 4239 in
3265 4184 3491 4256 gratiam
3512 4184 3727 4243 studio-

2121 4292 2306 4337 eorum
2333 4293 2431 4349 pro
2460 4277 2699 4334 materia:
2724 4281 2983 4334 varietate
3013 4277 3278 4335 distribui.

2193 4371 2246 4427 Si
2273 4370 2402 4442 quid
2430 4380 2607 4426 autem
2637 4370 2875 4441 legentes
2903 4369 3159 4440 adjuvero
3177 4412 3193 4436 ,
3227 4370 3337 4426 Deo
3364 4371 3605 4427 omnium
3628 4386 3727 4428 ve-

2117 4478 2182 4520 ro
2208 4463 2403 4521 lumini
2438 4472 2749 4534 acceptum;
2806 4462 2853 4518 si
2888 4472 3074 4518 contra
3100 4477 3235 4519 mea:
3270 4462 3469 4531 imbec,
3498 4463 3676 4519 illitati
3706 4505 3728 4534 ,

2121 4564 2285 4627 atque
2311 4553 2551 4613 facilitati
2577 4553 2719 4610 illius
2743 4595 2757 4621 ,
2784 4553 2876 4625 qui
2908 4554 3106 4610 malum
3138 4554 3487 4627 interpretem
3522 4555 3725 4628 elegit,

2124 4649 2417 4718 imputabo.
2462 4646 2710 4719 Magnum
2754 4653 2939 4713 certe,
2987 4656 3043 4703 et
3079 4646 3422 4717 antiquorum
3468 4648 3731 4705 Ecclesiae

2122 4741 2323 4797 rituum
2372 4739 2685 4810 magistrum
2735 4740 2803 4794 ab
2843 4739 3093 4796 omnibus
3133 4739 3414 4810 legendum
3445 4751 3731 4799 auctorem

2124 4831 2414 4900 habemus,
2458 4832 2550 4902 qui
2576 4841 2630 4887 et
2676 4831 3033 4887 recentiorum
3085 4831 3457 4888 luercticorum
3503 4849 3729 4890 errores

2124 4924 2446 4991 contundit,
2480 4923 2607 4980 dum
2657 4938 2802 4994 szepe
2854 4923 3235 4981 eucharistiam
3286 4940 3474 4981 verum
3524 4941 3735 4997 corpus

2124 5019 2321 5075 Christi
2343 5034 2463 5074 esse
2484 5018 2645 5073 tradit
2666 5016 2754 5090 (de
2779 5031 2885 5087 quo
2912 5026 3091 5074 tamen
3114 5033 3274 5074 nemo
3296 5035 3530 5091 unquam
3552 5036 3736 5093 usque

2123 5113 2189 5168 ad
2216 5112 2599 5183 Berengarium
2620 5110 2877 5166 dubitavit
2892 5120 2983 5166 aut
3003 5112 3247 5187 dubitare
3266 5114 3479 5185 potuit),
3503 5129 3735 5185 exopto.

2124 5203 2349 5277 logesim
2377 5214 2718 5277 peccatorum
2747 5201 3050 5261 faciendam
3078 5216 3262 5262 monet
3287 5249 3303 5276 ,
3332 5222 3429 5280 pro
3455 5205 3736 5266 defunctis

2127 5299 2429 5357 oblationes
2474 5298 2591 5355 ﬁeri
2622 5299 2970 5355 consuevisse
3024 5299 3225 5356 indicat
3254 5343 3268 5367 ,
3298 5287 3531 5357 romana:
3578 5301 3736 5366 sedis

2126 5394 2497 5452 auctoritatam
2516 5391 2791 5464 prtedicat,
2815 5390 3129 5464 animasque
3173 5391 3548 5450 defunctorum
3601 5397 3733 5468 igne

2126 5488 2340 5559 purgari
2368 5530 2383 5554 ,
2406 5485 2608 5557 jejunia
2633 5527 2648 5553 ,
2676 5485 2890 5556 aliaque
2937 5485 3019 5541 his
3067 5484 3263 5542 similia
3290 5528 3306 5555 ,
3334 5501 3455 5558 quae
3502 5474 3737 5560 longum

2127 5588 2271 5637 esset
2290 5593 2574 5635 recensere
2599 5577 2939 5649 comprobat.
2968 5576 3074 5635 Sed
3108 5578 3308 5635 insanis
3331 5595 3439 5635 non
3467 5578 3623 5636 facile
3642 5590 3736 5639 est

2126 5671 2428 5729 rationibus
2451 5712 2468 5739 ,
2509 5679 2601 5727 aut
2643 5672 3046 5729 auctoritatibus
3098 5672 3444 5743 persuadere.
3473 5670 3585 5729 llas
3620 5672 3736 5746 igi-

2127 5775 2213 5822 tur
2241 5778 2389 5821 meas
2415 5763 2904 5823 lucubratiunculas
2933 5765 3164 5840 benigne
3209 5765 3446 5840 accipies
3490 5772 3545 5824 et
3589 5765 3737 5841 atqui

2124 5858 2358 5933 bonique
2384 5858 2647 5918 consules.
2683 5859 2829 5919 Vale.
