4050 6350
266 285 409 366 im
1518 292 1723 355 LIBER
1766 238 1859 354 ne
1895 284 2273 351 unumne.
3250 302 3259 309 -
3421 256 3565 335 ost

268 424 400 479 hinc
427 417 705 478 caelestem
742 412 889 473 illam
918 413 972 473 in
1004 412 1170 473 Deum
1199 422 1409 480 vocem,
1441 421 1496 470 et
1522 412 1755 470 ofﬁcium
1784 410 1859 467 lu-
1882 408 1944 472 Α
1966 407 2160 475 cando,
2190 403 2483 476 operando,
2508 398 2843 460 sustinendo.
2866 396 2957 456 Sic
2998 395 3143 455 enim
3182 395 3298 468 ipse
3325 408 3575 466 pronum

274 529 409 576 tura:
444 514 700 573 claritatis
742 512 1027 569 ediximus.
1085 509 1199 567 Hoc
1233 517 1488 581 quantum
1528 508 1596 563 ad
1641 507 1865 579 gloriam
1936 501 2162 566 'tiavit,
2210 516 2312 553 nou
2360 513 2546 565 suam,
2587 495 2677 551 sed
2725 492 2899 549 Patris
2942 496 3112 563 facere
3156 506 3209 547 se
3255 489 3566 545 uoluntatem

274 610 393 668 Dei.
440 606 685 677 Alioquin
714 612 970 675 quantum
1002 602 1068 659 ad
1093 610 1330 659 nostram
1382 599 1713 671 petitionem,
1742 613 1867 654 cum
1973 594 2178 664 (Joan.,
2226 590 2325 658 Vl,
2372 589 2484 661 39).
2510 589 2640 646 Sine
2680 587 2846 644 dubio
2883 602 3004 658 qua:
3033 584 3290 677 faciebat,
3317 597 3380 677 ea
3417 586 3575 637 erant

274 703 505 759 dicimus
532 718 547 753 :
578 698 944 767 Sanctiﬁcetur
970 712 1154 752 nomen
1182 705 1327 750 tuum
1355 693 1571 765 (Matth.
1597 733 1614 760 ,
1645 692 1734 757 γι,
1784 689 1868 762 9),

272 796 333 853 id
355 795 584 867 petimus
600 800 657 847 ut
674 790 1038 846 sanctiﬁcetur
1066 789 1118 844 in
1144 787 1323 851 nobis,
1350 787 1438 858 qui
1458 786 1509 841 in
1539 785 1632 841 illo
1662 799 1869 841 sumus:

278 888 441 947 simul
467 894 523 941 et
544 884 596 938 in
626 882 859 946 caeteris,
892 895 1028 952 quos
1049 879 1224 936 adhuc
1247 879 1417 951 gratia
1450 878 1544 934 Dei
1571 883 1871 949 exspectat,

278 989 423 1037 utet
472 978 594 1032 huic
642 974 725 1048 (i)
772 982 1041 1046 praecepto
1068 987 1383 1045 pareamus,
1416 971 1614 1027 orando
1653 987 1745 1043 pro
1771 987 1881 1026 om-

284 1075 453 1139 nibus,
482 1072 632 1127 etiam
654 1085 748 1138 pro
773 1069 993 1124 inimicis
1020 1070 1206 1123 nostris
1236 1065 1473 1139 (Matth,
1498 1066 1563 1134 V,
1582 1065 1701 1136 M).
1724 1063 1882 1122 Ideo-

282 1181 391 1238 que
414 1174 677 1236 suspensa
712 1160 1084 1216 enuntiatione
1123 1173 1230 1215 non
1258 1158 1502 1215 dicentes
1530 1174 1545 1214 :
1573 1155 1888 1225 Sanptilice-

288 1269 377 1316 tur
406 1258 460 1314 in
486 1256 662 1323 nobis,
685 1255 741 1309 in
762 1253 1015 1311 omnibus
1044 1253 1294 1311 dicimus.

916 1387 1145 1445 CAPUT
1187 1388 1274 1444 IV.

364 1507 669 1567 Secundum
694 1506 945 1579 (optione
982 1504 1212 1562 formam
1238 1503 1612 1575 subjungimus
1637 1516 1761 1558 ειη
1791 1516 1891 1558 vo-

298 1616 500 1659 Lusus
540 1617 646 1658 rus
677 1600 751 1675 (ὁ)
779 1617 831 1656 IN
856 1613 1030 1657 caus
1055 1613 1126 1655 ur
1152 1613 1204 1654 tu
1228 1612 1407 1654 rma
1426 1636 1444 1665 ,
1468 1611 1580 1652 non
1607 1595 1752 1666 quod
1788 1594 1890 1651 ali-

298 1697 419 1769 quis
437 1694 966 1765 obsistatquominus
993 1690 1241 1747 voluntas
1269 1688 1364 1745 Dei
1395 1690 1508 1753 Iiat,
1531 1699 1583 1744 et
1600 1688 1649 1744 ei
1679 1703 1892 1744 succes-

300 1804 417 1846 sum
446 1786 731 1844 voluntatis
757 1802 867 1842 sum
896 1799 1113 1841 oremus
1138 1800 1152 1851 ;
1181 1782 1275 1840 sed
1305 1782 1356 1837 in
1384 1781 1635 1838 omnibus
1660 1781 1894 1852 petimus

303 1882 425 1938 lieri
444 1882 769 1937 voluntatem
791 1879 1013 1951 ejus.Ex
1043 1878 1485 1949 interpretatione
1508 1877 1581 1947 (ε)
1599 1877 1753 1932 enim
1773 1876 1898 1949 ligu-

304 1985 418 2031 rata
442 1975 619 2031 carnis
640 1983 694 2029 et
715 1974 957 2045 spiritus,
980 1988 1079 2027 nos
1099 1971 1181 2046 (2)
1234 1988 1421 2029 sumus
1448 1973 1640 2029 coelum
1660 1981 1714 2028 et
1731 1980 1895 2029 terra.

305 2067 623 2138 Quanquam
667 2067 768 2122 etsi
806 2065 1121 2137 simpliciter
1160 2064 1563 2136 intelligendum
1600 2074 1718 2132 est,
1753 2062 1895 2120 idem

308 2171 485 2215 tamen
512 2170 593 2215 est
627 2174 819 2216 sensus
850 2158 1143 2229 petitionis,
1173 2167 1233 2214 ut
1270 2159 1322 2214 in
1358 2158 1512 2214 nobis
1536 2161 1627 2214 Iiat
1650 2159 1899 2217 voluntas

308 2251 403 2307 Dei
433 2250 483 2305 in
512 2250 704 2317 terris,
730 2258 789 2304 ut
807 2250 979 2320 possit
1003 2250 1207 2305 scilicet
1240 2250 1357 2305 lieri
1392 2259 1445 2305 et
1472 2250 1523 2305 in
1563 2251 1737 2307 cmlis.
1762 2251 1900 2319 Quid

310 2352 490 2399 autem
540 2342 684 2398 Deus
729 2341 863 2409 vult,
909 2357 1067 2413 quam
1124 2341 1379 2398 incedere
1453 2358 1552 2397 nos
1601 2342 1900 2398 secondum

312 2452 463 2493 suam
492 2435 865 2506 disciplinam?
893 2435 1133 2492 Petimus
1157 2451 1304 2506 ergo,
1336 2436 1710 2505 substantiam,
1743 2446 1796 2493 et
1823 2437 1906 2492 la-

312 2526 566 2586 cultatem
609 2530 901 2585 voluntatis
938 2543 1049 2585 suae
1086 2528 1456 2585 subministret
1485 2530 1663 2598 nobis,
1693 2538 1752 2586 ut
1776 2528 1909 2587 salvi

315 2624 484 2693 simus
502 2633 558 2679 et
585 2623 639 2678 in
658 2623 833 2689 cmlis,
863 2632 917 2679 et
938 2624 988 2678 in
1012 2622 1172 2680 terris
1195 2638 1211 2690 ;
1239 2624 1364 2695 quia
1384 2638 1595 2680 summa
1619 2635 1701 2682 est
1723 2627 1912 2681 volon-

319 2716 443 2772 tstis
466 2714 623 2786 ejus,
654 2714 801 2770 salus
826 2728 1014 2770 eorum
1038 2756 1052 2782 ,
1095 2728 1231 2785 quos
1269 2714 1558 2786 adoptavit.
1593 2716 1687 2773 Est
1724 2724 1783 2773 et
1819 2717 1911 2774 illa

319 2808 414 2866 Dei
454 2808 738 2877 voluntas,
779 2822 939 2880 quam
986 2806 1240 2865 Dominus
1276 2805 1671 2865 administravit
1717 2808 1913 2880 praedi-

1974 688 2220 743 voluntas
2240 686 2413 741 Pstris
2433 726 2447 753 ,
2476 683 2543 739 ad
2572 698 2695 755 quas
2723 696 2866 737 nunc
2893 695 2993 736 nos
3018 679 3163 735 velut
3191 676 3270 751 (α)
3290 676 3356 732 ad
3380 689 3573 733 exem-

1978 782 2148 853 plaria
2177 791 2533 851 provocamus
2549 819 2565 845 ,
2597 785 2656 833 ut
2684 775 3058 848 praedicemus,
3092 781 3149 829 et
3168 785 3457 843 operemur
3481 809 3497 836 ,
3521 774 3579 826 et

1982 874 2343 931 sustineamus
2382 871 2449 927 ad
2489 879 2716 926 mortem
2743 882 2929 941 usque.
2958 866 3089 936 Qua:
3121 872 3178 920 ut
3206 863 3428 935 implere
3453 874 3580 933 pos-

1984 968 2176 1034 simus,
2200 979 2338 1037 opus
2362 975 2445 1022 est
2467 965 2559 1020 Dei
2588 964 2882 1018 voluntate.
2927 960 3006 1016 Ita
3048 959 3123 1030 ('5)
3156 959 3432 1014 dicentes:
3459 955 3583 1009 Fiat

1986 1061 2225 1116 uoluntas
2256 1068 2377 1124 tua,
2408 1058 2493 1114 vel
2523 1072 2590 1113 eo
2619 1056 2776 1112 nobis
2806 1055 2946 1111 bene
2974 1059 3245 1124 Optamus,
3279 1048 3420 1121 quod
3450 1045 3585 1103 nihil

1987 1155 2117 1212 mali
2153 1156 2225 1210 sit
2262 1154 2317 1209 in
2348 1154 2440 1209 Dei
2469 1152 2743 1207 voluntate
2767 1191 2781 1217 ,
2813 1149 2976 1206 etiam
3016 1148 3061 1202 si
3096 1146 3223 1218 quid
3250 1158 3349 1215 pro
3378 1141 3586 1198 meritis

1990 1249 2250 1320 cujusque
2268 1260 2424 1303 secus
2452 1246 2737 1317 irrogatur.
2764 1241 2882 1298 Jam
2911 1240 3012 1296 hoc
3038 1237 3202 1304 dicto,
3236 1236 3301 1291 ad
3326 1236 3589 1291 suil‘eren-

1993 1344 2122 1398 tiam
2177 1339 2539 1411 nosmetipsos
2594 1347 3008 1409 praemonemus.
3067 1331 3324 1387 Dominus
3376 1341 3591 1399 quoque

1992 1452 2115 1495 cum
2164 1437 2264 1493 sub
2322 1435 2626 1491 instantiam
2685 1432 2763 1506 (4)
2819 1430 3083 1503 passionis
3115 1429 3191 1501 (e)
3222 1427 3592 1482 infirmitatem

1993 1530 2170 1588 carnis
2196 1530 2569 1586 demonstrare
2593 1528 2700 1599 jam
2729 1529 2780 1581 in
2803 1542 2897 1582 sua
2924 1539 3084 1581 carne
3103 1522 3385 1588 voluisset,
3412 1519 3592 1589 Pater,

1992 1622 2188 1694 inquit,
2212 1625 2435 1693 transfer
2464 1618 2701 1692 poculum
2724 1617 2863 1673 istud
2892 1615 3069 1689 (Luc.,
3098 1612 3263 1681 XXII,
3290 1612 3404 1686 42).
3430 1611 3496 1667 Et
3519 1623 3598 1666 re-

1920 1740 1969 1802 Β
1996 1715 2246 1772 cordatus
2271 1712 2336 1786 (f)
2358 1755 2372 1779 ,
2405 1714 2504 1769 nisi
2531 1712 2665 1784 quod
2693 1709 2773 1785 (g)
2814 1725 2924 1765 mea
2963 1725 3066 1764 non
3087 1749 3102 1776 ,
3132 1708 3221 1762 sed
3247 1716 3339 1802 tua
3377 1706 3470 1802 ﬁat
3512 1719 3600 1759 ro-

2000 1807 2185 1862 lantas.
2214 1804 2333 1877 Ipse
2359 1813 2478 1861 erat
2510 1805 2594 1876 (It)
2627 1804 2895 1869 voluntas,
2920 1811 2974 1858 et
3012 1809 3251 1872 potestas
3303 1798 3515 1864 Patris;
3544 1805 3601 1853 et

2003 1908 2179 1954 tamen
2209 1896 2275 1953 ad
2305 1897 2821 1954 demonstrationem
2868 1893 3193 1952 sntl‘erentiae
3223 1890 3423 1959 debita:
3443 1932 3459 1961 ,
3501 1905 3602 1948 vo-

2001 1992 2192 2049 luntati
2216 2008 2275 2049 se
2307 1992 2480 2048 Patris
2513 1991 2753 2047 tradidit.
2827 2012 2853 2060 ι

2640 2127 2869 2186 CAPUT
2910 2127 2976 2183 V.

2077 2251 2286 2308 Vsann
2326 2263 2537 2321 quoque
2564 2262 2777 2304 necnon
2802 2260 2948 2301 τυωι
2970 2287 2984 2310 ,
3017 2242 3086 2298 ad
3117 2241 3168 2298 id
3198 2241 3429 2313 pertinet
3455 2237 3598 2311 quod

2007 2352 2063 2401 et
2091 2344 2174 2415 (5)
2209 2343 2329 2397 Fiat
2358 2343 2590 2398 voluntas
2639 2353 2725 2396 tua
2747 2382 2761 2408 ,
2798 2341 2849 2394 in
2877 2339 3031 2394 nobis
3060 2337 3283 2393 scilicet.
3309 2335 3439 2417 Nam
3471 2335 3610 2390 Deus

2012 2437 2226 2510 quando
2253 2452 2360 2491 non
2387 2434 2614 2507 regnat?
2657 2435 2709 2488 in
2753 2434 2903 2501 cujus
2949 2448 3103 2486 manu
3142 2446 3229 2486 cor
3272 2430 3501 2484 omnium
3531 2444 3615 2484 re-

2012 2549 2132 2605 gum
2154 2540 2226 2586 est
2254 2528 2460 2603 (Prom,
2487 2527 2628 2598 XXI,
2657 2528 2731 2601 I).
2758 2527 2863 2585 Sed
2887 2525 3136 2599 quicquid
3165 2525 3319 2581 nobis
3342 2534 3612 2596 optamus,

2017 2626 2072 2681 in
2102 2625 2254 2680 illum
2281 2639 2605 2696 auguramur
2627 2664 2643 2690 ,
2675 2632 2732 2678 et
2756 2621 2831 2676 illi
2859 2621 3179 2692 deputamus
3202 2660 3217 2685 ,
3247 2617 3390 2690 quod
3417 2619 3486 2673 ab
3524 2616 3617 2672 illo

2018 2724 2413 2788 exspectamus.
2444 2714 2630 2787 Itaque
2654 2714 2717 2785 (i)
2747 2714 2792 2769 si
2826 2713 2891 2769 ad
2922 2713 3012 2768 Dei
3042 2712 3367 2767 voluntatem
3396 2750 3410 2775 ,
3455 2714 3510 2763 et
3549 2706 3617 2761 ad

2020 2793 2257 2868 nostram
2301 2811 2369 2884 ti)
2418 2809 2827 2884 suspensionem
2890 2807 3120 2881 pertinet
3163 2804 3314 2879 regni
3364 2801 3624 2862 dominici

1544 2922 1923 2985 LECTIONES
1960 2925 2370 2984 VARIANTES.

424 3040 476 3152 ἐξ
505 3038 662 3152 {imus
681 3038 803 3089 Jun.

551 3115 614 3152 on
645 3103 811 3152 Venet.
830 3097 935 3151 Hal

428 3040 474 3105 l)
505 3040 662 3111 Hujus
681 3040 803 3089 Jun.

402 3040 477 3229 la
506 3097 1055 3217 animus...
1086 3156 1254 3215 γε...
1281 3164 1424 3228 ι...

2122 3041 2170 3091 tl
2205 3037 2323 3091 Cum
2340 3040 2619 3091 Substantia
2642 3036 2848 3090 Semler.

2122 3041 2149 3087 4
2205 3040 2323 3091 Cum
2340 3040 2619 3091 Substantia
2642 3040 2848 3090 Semler.

2205 3102 2411 3168 seniles.
2436 3099 2563 3168 coni.
2590 3102 2717 3168 quod
2737 3110 2840 3168 ρει,
2864 3099 2962 3163 tiat,
2986 3102 3102 3164 etc;
3122 3096 3405 3163 matitLeop.
3418 3092 3630 3149 scribere

2098 3118 2170 3168 to;
2205 3118 2411 3154 aenuer.
2436 3118 2563 3165 conj.
2590 3118 2605 3147 ‹
2623 3118 2717 3152 uou
2745 3118 2840 3164 est,
2864 3118 2957 3163 υειι,

2034 3178 2132 3228 quo
2157 3174 2209 3216 et
2231 3165 2311 3216 ﬂat
2328 3162 2403 3217 vel
2424 3167 2482 3216 ad
2505 3118 2635 3227 quod
2661 3171 2712 3215 et
2733 3164 2834 3225 ﬁat,
2860 3172 2957 3213 etc.

1692 3267 2252 3351 conneqrsmus.

401 3389 561 3446 CAP.
592 3387 759 3443 IV.-—
779 3387 1328 3461 (alSecunaumltanc
1346 3388 1580 3461 formam.
1600 3386 1658 3461 Id_
1681 3397 1763 3443 est
1779 3387 1922 3444 ordi-

332 3475 458 3518 nem
518 3461 689 3531 ipsius
738 3458 995 3514 orationis
1048 3458 1351 3531 dominio-.c.
1388 3458 1456 3514 Et
1486 3459 1738 3515 transfert
1765 3474 1825 3515 se
1853 3460 1922 3516 ad

331 3532 488 3595 illud,
527 3527 732 3604 id_est:
767 3530 1012 3585 Adveniat
1035 3527 1246 3604 regnum
1277 3538 1437 3604 tuum.
1468 3531 1532 3586 G.
1568 3530 1854 3604 ?_ANCIROL.
1903 3556 1925 3604 Α-

409 3586 511 3677 ib.)
541 3600 682 3677 _Fiat
725 3605 956 3657 uoluntas
1002 3586 1116 3658 tua:
1162 3586 1526 3677 “liciturum
1558 3586 1805 3677 Christus
1856 3600 1926 3677 ad

337 3673 509 3732 Deum
539 3674 748 3730 Patrem
778 3679 878 3729 sub
913 3681 1125 3744 tempus
1168 3673 1435 3745 passionis
1478 3674 1612 3728 dixit
1662 3676 1682 3745 ι
1717 3675 1927 3738 Matth"

339 3744 533 3817 XXVI)
564 3762 580 3799 ι
609 3750 672 3800 Ei
702 3750 757 3800 οὗ
777 3749 975 3803 ditur“
998 3752 1134 3803 τοῦτο
1158 3756 1209 3802 τὸ
1233 3758 1595 3818 ποτοίριονβιο.
1616 3754 1853 3818 ger-1,0130:
1881 3757 1935 3804 τὸ

337 3823 526 3887 “inp-5
548 3839 651 3871 σου.
694 3819 948 3873 Socrates
987 3818 1174 3872 cicuta:
1213 3818 1494 3873 sorbeudm
1535 3821 1830 3887 proximus,
1873 3825 1939 3872 El

510 3894 612 3963 τοῖς
628 3893 934 3963 θεοῖς-φίλον.
952 3894 1104 3963 nam
1124 3895 1335 3963 γῇξσθω.
1366 3889 1489 3963 th.
1510 3920 1581 3931 ——
1605 3888 1724 3943 Fiat
1760 3891 1937 3963 colunt

340 3961 540 4034 tuatua
568 3962 634 4034 _in
664 3961 802 4034 ctelis
828 3971 881 4034 et
918 3961 970 4013 in
1002 3961 1155 4015 terra.
1183 3961 1300 4034 Etsi
1327 3962 1539 4016 codices
1567 3976 1754 4018 omnes
1781 3961 1939 4034 ει·ωοὶ

346 4043 404 4088 et
431 4032 580 4086 latini
608 4031 703 4101 qui
735 4031 896 4104 hodie
908 4039 1168 4104 exstant,
1201 4032 1400 4087 addant
1426 4034 1586 4100 sicut,
1613 4034 1734 4104 quia
1765 4031 1943 4090 tamen

344 4104 402 4159 iu
428 4111 683 4158 contextu
712 4101 857 4158 nulla
887 4102 1030 4158 illius
1057 4105 1472 4172 comparationis
1494 4101 1761 4169 eitplicata
1788 4120 1943 4161 men-

348 4175 446 4241 tio,
469 4174 790 4248 retinuimus
812 4174 951 4229 hanc
976 4173 1264 4248 lectionem
1297 4191 1310 4248 :_
1340 4175 1481 4248 quod
1509 4175 1562 4248 in
1588 4174 1647 4232 Β.
1677 4176 1946 4248 Cypriano

349 4260 458 4301 non
486 4245 708 4300 fecimus
731 4286 747 4310 ,
775 4248 900 4316 quia
955 4246 1173 4301 disertis
1202 4246 1382 4302 verbis
1415 4246 1611 4303 ibidem
1640 4245 1769 4305 illud
1820 4250 1947 4304 sicut

350 4318 603 4386 esplicat.
631 4318 765 4371 Plut.
1705 4368 1710 4373 .

424 4387 502 4462 (ο)
546 4385 626 4442 Ea:
667 4389 1085 4463 interpretatione
1126 4389 1261 4443 enim
1301 4389 1567 4463 ﬁgurata._
1585 4388 1777 4446 Nostra
1824 4405 1952 4449 caro

354 4458 1052 4534 terram,_spiritns_cmlu_m
1079 4474 1188 4529 pra:
1214 4474 1272 4516 se
1294 4458 1413 4517 fert.
1446 4461 1504 4517 S.
1531 4461 1832 4534 Cyprianus
1862 4463 1953 4519 ubi

356 4545 517 4599 supra
540 4573 555 4598 ,
586 4531 701 4587 hare
748 4547 777 4586 a
821 4530 1155 4587 Tertulliano
1193 4542 1479 4599 mutuatus,
1503 4530 1627 4589 ait'i
1662 4534 1798 4588 Nam
1838 4551 1953 4589 cum

2022 3397 2208 3473 ponte;
2235 3384 2328 3473 Est
2355 3388 2487 3473 enim
2516 3385 2740 3473 Veer
2770 3385 2866 3441 Dei
2894 3387 3102 3473 artifeai,
3129 3396 3175 3473 et
3200 3384 3450 3473 efﬁciens,
3483 3394 3626 3473 etest

2022 3457 2131 3530 ipse
2161 3457 2336 3515 Patris
2356 3459 2605 3514 voluntas.
2635 3460 2730 3514 Cui
2763 3457 3030 3513 consentit
3055 3460 3112 3530 S.
3145 3457 3497 3529 Augustinus,
3528 3457 3623 3512 lib.

2028 3529 2146 3596 XV,
2173 3533 2239 3586 de
2264 3532 2438 3595 Triu.,
2468 3548 2585 3601 cap.
2611 3532 2700 3594 20,
2733 3530 2819 3585 ubi
2849 3530 3041 3585 Filium
3070 3529 3171 3601 dici
3196 3538 3271 3584 att
3297 3530 3636 3601 Voluntatcm

2034 3603 2102 3658 de
2132 3601 2433 3658 Voluntate.
2471 3600 2691 3668 Quilam
2720 3643 2732 3665 ,
2765 3604 2968 3672 inquit,
2996 3618 3057 3656 ne
3090 3600 3280 3655 Filium
3307 3602 3527 3665 consilii,
3563 3600 3639 3655 uel

2034 3673 2307 3729 uoluntatis
2332 3673 2425 3729 Dei
2456 3676 2677 3727 dicerent
2707 3673 3017 3743 unigenitum
3053 3672 3296 3739 Verbum,
3319 3674 3488 3743 ipsum
3514 3686 3640 3725 con-

2040 3746 2209 3800 silium
2243 3762 2329 3801 seu
2363 3744 2681 3799 Voluntatem
2727 3743 2896 3797 Patris
2938 3745 3069 3797 idem
3110 3744 3320 3798 Verbum
3357 3759 3464 3799 esse
3492 3743 3639 3798 dixe-

2041 3828 2180 3873 runt.
2210 3817 2317 3873 Sed
2344 3818 2522 3871 melius
2546 3858 2561 3881 ,
2591 3827 2837 3886 quantum
2877 3818 3139 3881 existimo,
3168 3816 3351 3869 dicitur
3373 3815 3645 3869 consilium

2042 3889 2107 3942 de
2129 3890 2362 3950 consilia,
2389 3897 2433 3943 et
2466 3888 2711 3943 Voluntas
2729 3891 2791 3942 de
2818 3886 3102 3942 Voluntate.
3128 3886 3411 3942 Faustinus
3436 3886 3641 3951 itidem,

2046 3961 2098 4013 in
2128 3962 2221 4019 lib.
2241 3971 2424 4031 contra
2450 3962 2685 4031 arianos.
2708 3975 2827 4028 cap.
2858 3960 2904 4031 I:
2927 3957 3022 4013 I’ie
3040 3975 3157 4031 ergo
3178 3960 3379 4031 dictum
3390 3969 3481 4025 est,
3509 3957 3647 4026 quod

2047 4031 2222 4086 Filius
2261 4029 2508 4087 Voluntas
2538 4042 2607 4085 est
2640 4030 2832 4086 Patris.
2866 4030 3008 4086 Itlem
3036 4029 3322 4085 senserunt
3347 4029 3607 4102 Origenes
3628 4069 3645 4096 ,

2048 4103 2300 4159 Clemens
2319 4114 2377 4159 et
2389 4104 2623 4175 Cyrillus
2641 4102 3010 4167 Aleuantlrini‘,
3037 4102 3326 4175 Gregorius
3346 4103 3645 4175 Nysscnus,

2052 4175 2414 4243 Hieronymus
2435 4171 2452 4239 ξ
2476 4177 2791 4231 Ambrosius
2811 4215 2827 4240 ,
2860 4174 3057 4229 Marius
3086 4171 3411 4237 Victorinus,
3441 4183 3496 4228 et
3534 4171 3648 4227 alii.

2053 4249 2183 4304 Cum
2210 4259 2465 4318 praeterea
2497 4250 2634 4304 Deus
2653 4248 2830 4301 omnia
2854 4262 2950 4317 per
2969 4247 3164 4303 Filium
3187 4248 3391 4312 fecerit,
3418 4245 3542 4301 hinc
3566 4250 3653 4298 est

2051 4320 2194 4390 quod
2223 4318 2391 4376 Filius
2416 4321 2779 4390 potentiatseu
2808 4330 3058 4385 potestas,
3089 4331 3141 4375 et
3167 4321 3239 4374 vis
3260 4363 3274 4384 ,
3303 4328 3360 4375 et
3386 4320 3562 4382 uirtus,
3592 4322 3653 4390 et

2056 4385 2257 4456 manus,
2284 4401 2340 4447 et
2367 4385 2628 4445 brachium
2657 4388 2833 4445 Patris
2857 4391 3174 4460 appellatur.
3204 4391 3369 4460 Cujus
3396 4391 3472 4445 rei
3503 4385 3655 4445 testi-

2058 4465 2238 4517 monia
2270 4464 2566 4532 producere
2597 4460 2922 4532 superﬂuum
2953 4478 3095 4520 reor.
3125 4463 3337 4518 Manut

2129 4530 2433 4605 CAP.V.—
2451 4535 2516 4605 (i)
2540 4530 2723 4601 Itaque
2739 4534 2782 4587 si
2809 4536 2874 4587 ad
2892 4533 2987 4589 Dei
3016 4535 3342 4589 uoluntatem.
3370 4531 3585 4588 Scilicet
3606 4530 3655 4585 si

358 4576 555 4679 coipus’
568 4618 596 4656 e
619 4612 771 4669 terra,
794 4611 839 4657 et
855 4603 1087 4679 spiritum
1117 4576 1506 4679 possideamus’e
1525 4604 1673 4673 εωιο,
1697 4607 1794 4679 ipsi
1818 4616 1955 4679 terra
1980 4576 2033 4636 D
2058 4618 2093 4679 ο
2105 4604 2207 4679 Dei
2236 4576 2684 4679 arbitriovpend‘et
2699 4607 2845 4674 regni
2869 4576 3652 4679 c-t'nlestiswailven“nosque

356 4682 408 4728 et
433 4670 899 4749 («plum‘sumustet
924 4674 977 4727 in
1003 4683 1248 4749 utroque,
1260 4675 1408 4749 id_cst
1433 4670 1726 4745 corporeet
1746 4678 1952 4749 spiritu,

360 4753 418 4799 ut
440 4743 533 4814 Dei
554 4745 784 4814 uoluntas
815 4746 927 4814 ﬁat,
956 4760 1180 4799 oramus.
1208 4743 1272 4801 G.
1306 4743 1594 4803 PANCtttt‘lL.

432 4812 515 4886 (d)
551 4813 699 4869 Velut
723 4815 791 4868 ad
812 4812 1123 4887 exemplaria
1145 4832 1497 4891 provocamur.
1533 4817 1599 4875 Ut
1623 4819 1740 4891 ejus
1767 4833 1952 4876 exem-

364 4886 534 4958 plum,
566 4897 822 4955 actusque
849 4886 1158 4958 sequamurl
1189 4886 1254 4943 G.
1282 4888 1569 4946 Pincrnos.

443 4956 521 5082 Σο)
549 4958 657 5013 Sub
671 4956 967 5013 instantiam
990 4959 1264 5029 passionis.
1291 4960 1607 5033 Cyprianus,
1634 4961 1952 5033 Rogatiano:

443 5045 444 5077 1
496 5038 599 5082 ictu
615 5030 865 5082 passionis
886 5045 1003 5082 cum
1028 5029 1234 5082 alavam
1254 5033 1542 5082 accepisset.
1563 5032 1692 5082 Leo-
1713 5048 1878 5082 serm.
1898 5034 1952 5082 8.

364 5026 482 5102 Sua
496 5026 606 5102 ictu
615 5030 865 5100 passionis
886 5026 1003 5084 cum
1020 5029 1234 5102 _alapam
1254 5026 1542 5102 accepisset.
1563 5026 1692 5101 Leo,
1713 5026 1878 5088 ξενίη.
1898 5034 1957 5098 8,

366 5098 440 5177 de
465 5098 727 5177 Passione
770 5102 923 5177 Dom.
959 5117 972 5155 :
1006 5098 1260 5177 Dominus
1308 5098 1528 5177 cumde
1574 5098 1827 5177 passionis
1854 5120 1963 5160 sua:

366 5172 662 5300 meretur
707 5173 951 5229 instantia
981 5174 1133 5242 dixit,
1164 5172 1319 5229 Nunc
1349 5172 1606 5247 judicium
1658 5176 1836 5230 mundi
1865 5184 1959 5231 est.

421 5258 437 5297 ι
479 5282 493 5297 .

421 5258 493 5297 ιο.

445 5314 537 5390 ω
568 5315 632 5370 Et
659 5317 967 5390 recordatus.
997 5316 1215 5390 $cilicet
1242 5316 1388 5387 ejus,
1421 5316 1567 5390 quod
1588 5317 1844 5376 docuerat
1864 5360 1880 5387 ,
1912 5324 1969 5377 et

372 5385 609 5450 volebat,
642 5395 699 5442 ut
726 5388 961 5450 subiicit.
988 5387 1054 5444 G.
1086 5385 1373 5445 Pisanos.

447 5457 530 5600 ᾖ)
573 5457 688 5513 Nisi
712 5457 867 5531 quod.
899 5458 1298 5516 Verumtamen.
1324 5458 1393 5518 ϐ.
1424 5460 1712 5547 Ptucmoc.

516 5533 533 5600 )
551 5529 671 5600 Ipse
684 5541 789 5585 erat
810 5530 1042 5585 uoluntas
1053 5541 1097 5585 et
1119 5542 1336 5600 potestas
1357 5531 1544 5588 Patris.
1571 5533 1712 5589 Bectt

516 5529 671 5603 )lpse
684 5529 789 5603 erat
810 5530 1042 5603 uoluntas
1053 5541 1097 5585 et
1119 5542 1336 5603 potestas
1357 5531 1544 5588 Patris.
1571 5533 1752 5601 Recte,
1772 5541 1965 5589 etcum

378 5600 644 5678 theologis
673 5601 985 5659 melioribus
1011 5600 1128 5656 tum
1146 5605 1335 5678 graecis
1356 5644 1371 5670 ,
1403 5613 1515 5678 tum
1542 5600 1745 5678 latinis,
1764 5604 1970 5678 quiEt-

380 5671 513 5729 lium
528 5671 875 5747 voluntatem,
897 5686 961 5747 ac
983 5671 1270 5747 potentiam
1294 5674 1465 5731 Patris
1485 5671 1838 5747 appellarunt.
1860 5676 1969 5733 Ma-

379 5754 520 5816 gnus
548 5744 871 5801 Athanasius
900 5746 952 5799 in
982 5754 1118 5801 orat.
1156 5746 1209 5802 5.
1240 5752 1340 5804 ιστι
1364 5750 1462 5873 {ip
1486 5744 1692 5822 δ’Δόγοε
1728 5754 1829 5813 τοῦ,
1849 5752 1971 5804 Θεοῦ

380 5820 688 5873 δημιςυιδο.
721 5820 801 5873 sui
839 5822 1106 5873 resumit.
1146 5819 1231 5873 ul
1270 5821 1362 5873 αὐτ
1388 5838 1410 5873 ε
1437 5822 1559 5873 εστιν
1601 5826 1631 5873 ἦ
1667 5825 1752 5873 τοῦ
1787 5826 1971 5873 ﬂauas

380 5820 688 5891 ἃημιςυῃδσ,
721 5820 801 5876 κοῒ
839 5822 1106 5888 “turritis,
1146 5819 1231 5879 sel
1270 5819 1410 5883 uiri;
1437 5822 1559 5878 laris
1601 5819 1631 5887 ii
1667 5825 1752 5880 τοῦ
1787 5826 1972 5891 nui-ﬁt

2061 4675 2189 4731 illud
2211 4677 2368 4731 anxie
2394 4674 2775 4747 optare,atque
2805 4687 3121 4745 exspectare
3152 4679 3204 4731 in
3231 4674 3500 4730 recitanda
3531 4688 3655 4747 ora-

2061 4749 2208 4803 tione
2234 4743 2499 4802 dominica
2526 4743 2859 4817 profitemur,
2886 4743 2983 4803 cur
3004 4747 3219 4819 quidam
3245 4746 3426 4819 smculi
3446 4743 3659 4800 mundi-

2060 4835 2164 4889 que
2188 4821 2347 4874 linem
2363 4821 2535 4875 serius
2550 4819 2876 4881 desiderant,
2896 4834 3014 4875 cum
3030 4818 3252 4888 regnum
3273 4818 3387 4880 Dei,
3406 4832 3466 4870 ac
3493 4824 3660 4870 aeter-

2061 4904 2128 4945 an
2148 4891 2392 4955 felicitas,
2412 4907 2569 4960 quam
2592 4892 2728 4945 votis
2752 4891 3142 4961 prosequimur,
3163 4905 3271 4944 non
3290 4889 3659 4961 nisieonsum-

2063 4972 2207 5017 malo
2233 4963 2431 5019 saecqu
2461 4971 2516 5017 et
2548 4959 2784 5027 mundo,
2815 4959 3087 5031 impetrari
3128 4960 3333 5029 possit?
3359 4959 3563 5028 Quibus
3587 4971 3658 5031 ex

2066 5034 2245 5089 verbis
2273 5034 2517 5089 fortassis
2543 5034 2808 5104 intelligas
2831 5076 2846 5101 ,
2876 5027 3017 5103 quod
3042 5027 3161 5086 aliis
3190 5032 3241 5085 in
3284 5027 3414 5086 locis
3436 5027 3659 5104 apertis-
3696 5042 3701 5051 ‘

2066 5107 2201 5161 sime
2252 5106 2613 5161 'I‘crtnllianus
2655 5102 2860 5168 sensit,
2896 5102 2907 5103 7
2939 5117 3134 5171 nempe
3196 5104 3403 5157 animas
3447 5102 3660 5172 piorum

2067 5191 2293 5244 corpore
2318 5176 2522 5232 solutas
2548 5192 2576 5229 a
2599 5175 2807 5232 (ιωιυειί
2835 5173 3122 5231 beatudine
3143 5174 3337 5240 arceri,
3360 5172 3533 5227 donec
3556 5186 3659 5226 no-

2069 5247 2343 5319 vissimum
2360 5248 2617 5319 judicium
2637 5265 2663 5299 a
2686 5246 2902 5319 Christo
2925 5247 2974 5300 in
2999 5246 3104 5300 line
3127 5246 3308 5319 mundi
3333 5246 3663 5319 instituatur,

2070 5317 2201 5374 Cum
2249 5313 2381 5375 vero
2421 5320 2472 5372 in
2517 5319 2705 5373 eadem
2733 5318 2986 5387 opinione
3014 5333 3119 5371 non
3154 5318 3303 5386 pauci
3335 5331 3401 5371 ex
3428 5313 3662 5387 antiquis

2073 5389 2319 5445 Patribns
2344 5389 2575 5455 l'uerint‘,
2624 5385 2781 5443 illam
2799 5387 3127 5443 Tertulliano
3156 5385 3374 5443 veniam
3416 5385 3660 5442 libentis-

2071 5462 2205 5519 sime
2230 5463 2594 5532 impertimur,
2636 5475 2793 5531 quam
2836 5460 3055 5531 reliquis
3096 5472 3434 5531 negaremus,
3467 5460 3667 5532 siupost

2071 5529 2335 5589 contraria
2357 5529 2702 5589 conciliorum
2730 5532 2943 5588 decreta
2958 5529 3106 5588 idem
3130 5529 3329 5588 sentire
3352 5538 3406 5587 et
3425 5529 3666 5584 scribere

2073 5614 2375 5676 pergerent,
2409 5602 2705 5676 cujusmodi
2736 5612 2858 5659 sunt
2888 5605 3085 5659 ilOSIl‘iS
3116 5605 3443 5673 temporibus
3478 5598 3659 5676 Graeci

2071 5671 2395 5733 sctiiSttiatiCi
2432 5671 2488 5732 in
2530 5674 2718 5732 cadent
2770 5677 3034 5735 sententia
3076 5671 3501 5747 perseverantes.
3541 5671 3662 5727 Mu-

2073 5760 2199 5803 RAT.

2144 5817 2210 5892 (j)
2248 5814 2328 5876 Ad
2365 5824 2590 5878 nostram
2619 5815 3020 5891 suspensionem.
3046 5814 3181 5889 Quia
3208 5832 3309 5879 nos
3336 5828 3519 5879 sumus
3539 5823 3664 5873 suae
