  <div class='ocr_page' id='page_1' title='image "/cluster/home/n/w/nwhite01/storage/ocr_20150623/1/hvd.32044015466733/606.png"; bbox 0 0 4016 6652; ppageno 0'>
   <div class='ocr_carea' id='block_1_1' title="bbox 240 289 377 353">
    <p class='ocr_par' dir='ltr' id='par_1_1' title="bbox 240 289 377 353">
     <span class='ocr_line' id='line_1_1' title="bbox 240 289 377 353; baseline -0.015 0"><span class='ocrx_word' id='word_1_1' title='bbox 240 289 377 353; x_wconf 75' lang='lat' dir='ltr'><strong>Ilﬁl</strong></span> 
     </span>
    </p>
   </div>
   <div class='ocr_carea' id='block_1_2' title="bbox 1526 261 2263 345">
    <p class='ocr_par' dir='ltr' id='par_1_2' title="bbox 1526 261 2263 345">
     <span class='ocr_line' id='line_1_2' title="bbox 1526 261 2263 345; baseline -0.004 -1"><span class='ocrx_word' id='word_1_2' title='bbox 1526 282 1733 344; x_wconf 78' lang='lat' dir='ltr'><strong>LIBER</strong></span> <span class='ocrx_word' id='word_1_3' title='bbox 1762 261 2263 345; x_wconf 70' lang='lat' dir='ltr'><strong>buettmann.</strong></span> 
     </span>
    </p>
   </div>
   <div class='ocr_carea' id='block_1_3' title="bbox 3396 269 3542 345">
    <p class='ocr_par' dir='ltr' id='par_1_3' title="bbox 3396 269 3542 345">
     <span class='ocr_line' id='line_1_3' title="bbox 3396 269 3542 345; baseline -0.007 -2"><span class='ocrx_word' id='word_1_4' title='bbox 3396 269 3542 345; x_wconf 64' lang='lat' dir='ltr'><strong>{tua</strong></span> 
     </span>
    </p>
   </div>
   <div class='ocr_carea' id='block_1_4' title="bbox 242 377 3540 480">
    <p class='ocr_par' dir='ltr' id='par_1_4' title="bbox 242 377 3540 480">
     <span class='ocr_line' id='line_1_4' title="bbox 242 377 3540 480; baseline -0.003 -12"><span class='ocrx_word' id='word_1_5' title='bbox 242 415 350 468; x_wconf 89' lang='lat' dir='ltr'><strong>tur.</strong></span> <span class='ocrx_word' id='word_1_6' title='bbox 400 406 520 466; x_wconf 81' lang='lat' dir='ltr'><strong>Hoc</strong></span> <span class='ocrx_word' id='word_1_7' title='bbox 563 377 639 464; x_wconf 77' lang='lat' dir='ltr'><strong>est</strong></span> <span class='ocrx_word' id='word_1_8' title='bbox 666 417 852 480; x_wconf 84' lang='lat' dir='ltr'><strong>corpus</strong></span> <span class='ocrx_word' id='word_1_9' title='bbox 893 417 1062 462; x_wconf 86' lang='lat' dir='ltr'><strong>meum</strong></span> <span class='ocrx_word' id='word_1_10' title='bbox 1094 401 1116 476; x_wconf 88' lang='lat'><strong>(</strong></span> <span class='ocrx_word' id='word_1_11' title='bbox 1143 398 1299 473; x_wconf 89' lang='lat' dir='ltr'><strong>Luc.,</strong></span> <span class='ocrx_word' id='word_1_12' title='bbox 1322 398 1491 472; x_wconf 89' lang='lat' dir='ltr'><strong>XXII,</strong></span> <span class='ocrx_word' id='word_1_13' title='bbox 1517 402 1632 476; x_wconf 84' lang='lat' dir='ltr'><strong>i9).</strong></span> <span class='ocrx_word' id='word_1_14' title='bbox 1658 403 1834 475; x_wconf 91' lang='lat' dir='ltr'><strong>Itaque</strong></span> <span class='ocrx_word' id='word_1_15' title='bbox 1859 403 1912 466; x_wconf 83' lang='lat' dir='ltr'><strong>A</strong></span> <span class='ocrx_word' id='word_1_16' title='bbox 1937 400 2367 460; x_wconf 78' lang='lat' dir='ltr'><strong>accommodavit</strong></span> <span class='ocrx_word' id='word_1_17' title='bbox 2392 398 2552 472; x_wconf 69' lang='lat' dir='ltr'><strong>{illius</strong></span> <span class='ocrx_word' id='word_1_18' title='bbox 2591 399 2846 470; x_wconf 77' lang='lat' dir='ltr'><strong>hominis,</strong></span> <span class='ocrx_word' id='word_1_19' title='bbox 2891 400 2977 474; x_wconf 89' lang='lat' dir='ltr'><strong>qui</strong></span> <span class='ocrx_word' id='word_1_20' title='bbox 3006 400 3409 475; x_wconf 69' lang='lat' dir='ltr'><strong>praecinentibus</strong></span> <span class='ocrx_word' id='word_1_21' title='bbox 3456 403 3540 477; x_wconf 75' lang='lat'><strong>(2)</strong></span> 
     </span>
    </p>
   </div>
   <div class='ocr_carea' id='block_1_5' title="bbox 235 496 1832 575">
    <p class='ocr_par' dir='ltr' id='par_1_5' title="bbox 235 496 1832 575">
     <span class='ocr_line' id='line_1_5' title="bbox 235 496 1832 575; baseline -0.004 -17"><span class='ocrx_word' id='word_1_22' title='bbox 235 501 469 575; x_wconf 89' lang='lat' dir='ltr'><strong>petendo</strong></span> <span class='ocrx_word' id='word_1_23' title='bbox 516 514 710 573; x_wconf 88' lang='lat' dir='ltr'><strong>panem</strong></span> <span class='ocrx_word' id='word_1_24' title='bbox 734 496 1102 570; x_wconf 89' lang='lat' dir='ltr'><strong>quotidianum</strong></span> <span class='ocrx_word' id='word_1_25' title='bbox 1121 537 1136 565; x_wconf 92' lang='lat'><strong>,</strong></span> <span class='ocrx_word' id='word_1_26' title='bbox 1169 497 1578 569; x_wconf 73' lang='lat' dir='ltr'><strong>perpetuitatem</strong></span> <span class='ocrx_word' id='word_1_27' title='bbox 1597 496 1832 568; x_wconf 84' lang='lat' dir='ltr'><strong>postula-</strong></span> 
     </span>
    </p>
   </div>
   <div class='ocr_carea' id='block_1_6' title="bbox 237 588 1837 662">
    <p class='ocr_par' dir='ltr' id='par_1_6' title="bbox 237 588 1837 662">
     <span class='ocr_line' id='line_1_6' title="bbox 237 588 1837 662; baseline -0.005 -9"><span class='ocrx_word' id='word_1_28' title='bbox 237 609 355 653; x_wconf 92' lang='lat' dir='ltr'><strong>mus</strong></span> <span class='ocrx_word' id='word_1_29' title='bbox 375 595 428 652; x_wconf 91' lang='lat' dir='ltr'><strong>in</strong></span> <span class='ocrx_word' id='word_1_30' title='bbox 441 592 682 662; x_wconf 75' lang='lat' dir='ltr'><strong>Christo,</strong></span> <span class='ocrx_word' id='word_1_31' title='bbox 700 601 756 649; x_wconf 91' lang='lat' dir='ltr'><strong>et</strong></span> <span class='ocrx_word' id='word_1_32' title='bbox 770 589 969 648; x_wconf 85' lang='lat' dir='ltr'><strong>individ</strong></span> <span class='ocrx_word' id='word_1_33' title='bbox 977 589 1194 647; x_wconf 84' lang='lat' dir='ltr'><strong>nitatem</strong></span> <span class='ocrx_word' id='word_1_34' title='bbox 1207 605 1239 645; x_wconf 82' lang='lat' dir='ltr'><strong>a</strong></span> <span class='ocrx_word' id='word_1_35' title='bbox 1259 603 1487 662; x_wconf 90' lang='lat' dir='ltr'><strong>corpore</strong></span> <span class='ocrx_word' id='word_1_36' title='bbox 1498 589 1632 661; x_wconf 85' lang='lat' dir='ltr'><strong>ejus.</strong></span> <span class='ocrx_word' id='word_1_37' title='bbox 1655 588 1760 645; x_wconf 89' lang='lat' dir='ltr'><strong>Sed</strong></span> <span class='ocrx_word' id='word_1_38' title='bbox 1782 597 1837 645; x_wconf 93' lang='lat' dir='ltr'><strong>et</strong></span> 
     </span>
    </p>
   </div>
   <div class='ocr_carea' id='block_1_7' title="bbox 241 684 1836 762">
    <p class='ocr_par' dir='ltr' id='par_1_7' title="bbox 241 684 1836 762">
     <span class='ocr_line' id='line_1_7' title="bbox 241 684 1836 762; baseline -0.002 -17"><span class='ocrx_word' id='word_1_39' title='bbox 241 691 363 762; x_wconf 87' lang='lat' dir='ltr'><strong>quia</strong></span> <span class='ocrx_word' id='word_1_40' title='bbox 388 687 678 746; x_wconf 88' lang='lat' dir='ltr'><strong>carnaliter</strong></span> <span class='ocrx_word' id='word_1_41' title='bbox 695 687 998 744; x_wconf 80' lang='lat' dir='ltr'><strong>admittitur</strong></span> <span class='ocrx_word' id='word_1_42' title='bbox 1022 686 1122 743; x_wconf 91' lang='lat' dir='ltr'><strong>ista</strong></span> <span class='ocrx_word' id='word_1_43' title='bbox 1147 700 1275 754; x_wconf 88' lang='lat' dir='ltr'><strong>vox,</strong></span> <span class='ocrx_word' id='word_1_44' title='bbox 1298 700 1406 742; x_wconf 89' lang='lat' dir='ltr'><strong>non</strong></span> <span class='ocrx_word' id='word_1_45' title='bbox 1433 685 1550 742; x_wconf 87' lang='lat' dir='ltr'><strong>sine</strong></span> <span class='ocrx_word' id='word_1_46' title='bbox 1573 684 1836 757; x_wconf 79' lang='lat' dir='ltr'><strong>religione</strong></span> 
     </span>
    </p>
   </div>
   <div class='ocr_carea' id='block_1_8' title="bbox 240 776 1838 856">
    <p class='ocr_par' dir='ltr' id='par_1_8' title="bbox 240 776 1838 856">
     <span class='ocr_line' id='line_1_8' title="bbox 240 776 1838 856; baseline -0.003 -17"><span class='ocrx_word' id='word_1_47' title='bbox 240 791 418 856; x_wconf 85' lang='lat' dir='ltr'><strong>potest</strong></span> <span class='ocrx_word' id='word_1_48' title='bbox 449 781 566 839; x_wconf 81' lang='lat' dir='ltr'><strong>ﬁeri</strong></span> <span class='ocrx_word' id='word_1_49' title='bbox 593 789 649 838; x_wconf 90' lang='lat' dir='ltr'><strong>et</strong></span> <span class='ocrx_word' id='word_1_50' title='bbox 673 779 934 852; x_wconf 80' lang='lat' dir='ltr'><strong>spiritalis</strong></span> <span class='ocrx_word' id='word_1_51' title='bbox 962 777 1282 850; x_wconf 74' lang='lat' dir='ltr'><strong>disciplinte.</strong></span> <span class='ocrx_word' id='word_1_52' title='bbox 1312 778 1510 836; x_wconf 85' lang='lat' dir='ltr'><strong>Panem</strong></span> <span class='ocrx_word' id='word_1_53' title='bbox 1553 777 1697 834; x_wconf 91' lang='lat' dir='ltr'><strong>enim</strong></span> <span class='ocrx_word' id='word_1_54' title='bbox 1727 776 1838 850; x_wconf 87' lang='lat' dir='ltr'><strong>peti</strong></span> 
     </span>
    </p>
   </div>
   <div class='ocr_carea' id='block_1_9' title="bbox 239 872 1838 949">
    <p class='ocr_par' dir='ltr' id='par_1_9' title="bbox 239 872 1838 949">
     <span class='ocr_line' id='line_1_9' title="bbox 239 872 1838 949; baseline -0.004 -15"><span class='ocrx_word' id='word_1_55' title='bbox 239 877 494 944; x_wconf 91' lang='lat' dir='ltr'><strong>mandat,</strong></span> <span class='ocrx_word' id='word_1_56' title='bbox 536 875 680 949; x_wconf 92' lang='lat' dir='ltr'><strong>quod</strong></span> <span class='ocrx_word' id='word_1_57' title='bbox 719 874 893 932; x_wconf 88' lang='lat' dir='ltr'><strong>solum</strong></span> <span class='ocrx_word' id='word_1_58' title='bbox 920 872 1167 932; x_wconf 91' lang='lat' dir='ltr'><strong>ﬁdelibus</strong></span> <span class='ocrx_word' id='word_1_59' title='bbox 1194 873 1556 930; x_wconf 88' lang='lat' dir='ltr'><strong>necessarium</strong></span> <span class='ocrx_word' id='word_1_60' title='bbox 1581 882 1664 930; x_wconf 89' lang='lat' dir='ltr'><strong>est</strong></span> <span class='ocrx_word' id='word_1_61' title='bbox 1690 888 1706 939; x_wconf 92' lang='lat'><strong>;</strong></span> <span class='ocrx_word' id='word_1_62' title='bbox 1734 887 1838 928; x_wconf 78' lang='lat' dir='ltr'><strong>cce-</strong></span> 
     </span>
    </p>
   </div>
   <div class='ocr_carea' id='block_1_10' title="bbox 239 963 1835 1037">
    <p class='ocr_par' dir='ltr' id='par_1_10' title="bbox 239 963 1835 1037">
     <span class='ocr_line' id='line_1_10' title="bbox 239 963 1835 1037; baseline -0.003 -13"><span class='ocrx_word' id='word_1_63' title='bbox 239 977 346 1025; x_wconf 86' lang='lat' dir='ltr'><strong>tera</strong></span> <span class='ocrx_word' id='word_1_64' title='bbox 379 969 513 1025; x_wconf 87' lang='lat' dir='ltr'><strong>enim</strong></span> <span class='ocrx_word' id='word_1_65' title='bbox 546 967 780 1024; x_wconf 84' lang='lat' dir='ltr'><strong>nationes</strong></span> <span class='ocrx_word' id='word_1_66' title='bbox 805 965 1089 1037; x_wconf 88' lang='lat' dir='ltr'><strong>requirunt.</strong></span> <span class='ocrx_word' id='word_1_67' title='bbox 1115 963 1190 1020; x_wconf 87' lang='lat' dir='ltr'><strong>Ita</strong></span> <span class='ocrx_word' id='word_1_68' title='bbox 1215 973 1271 1020; x_wconf 89' lang='lat' dir='ltr'><strong>et</strong></span> <span class='ocrx_word' id='word_1_69' title='bbox 1293 963 1556 1035; x_wconf 77' lang='lat' dir='ltr'><strong>exemplis</strong></span> <span class='ocrx_word' id='word_1_70' title='bbox 1585 963 1835 1031; x_wconf 86' lang='lat' dir='ltr'><strong>inculcat,</strong></span> 
     </span>
    </p>
   </div>
   <div class='ocr_carea' id='block_1_11' title="bbox 240 1046 1838 1132">
    <p class='ocr_par' dir='ltr' id='par_1_11' title="bbox 240 1046 1838 1132">
     <span class='ocr_line' id='line_1_11' title="bbox 240 1046 1838 1132; baseline -0.004 -15"><span class='ocrx_word' id='word_1_71' title='bbox 240 1071 288 1117; x_wconf 90' lang='lat' dir='ltr'><strong>et</strong></span> <span class='ocrx_word' id='word_1_72' title='bbox 321 1046 602 1132; x_wconf 16' lang='lat' dir='ltr'><strong>parabolis.</strong></span> <span class='ocrx_word' id='word_1_73' title='bbox 636 1057 714 1132; x_wconf 92' lang='lat' dir='ltr'><strong>(a)</strong></span> <span class='ocrx_word' id='word_1_74' title='bbox 754 1065 1010 1116; x_wconf 85' lang='lat' dir='ltr'><strong>retractat</strong></span> <span class='ocrx_word' id='word_1_75' title='bbox 1030 1098 1045 1124; x_wconf 95' lang='lat'><strong>,</strong></span> <span class='ocrx_word' id='word_1_76' title='bbox 1073 1071 1195 1114; x_wconf 92' lang='lat' dir='ltr'><strong>cum</strong></span> <span class='ocrx_word' id='word_1_77' title='bbox 1237 1054 1314 1130; x_wconf 91' lang='lat' dir='ltr'><strong>(b)</strong></span> <span class='ocrx_word' id='word_1_78' title='bbox 1363 1056 1495 1113; x_wconf 90' lang='lat' dir='ltr'><strong>dicit</strong></span> <span class='ocrx_word' id='word_1_79' title='bbox 1527 1076 1541 1112; x_wconf 90' lang='lat'><strong>:</strong></span> <span class='ocrx_word' id='word_1_80' title='bbox 1574 1055 1838 1127; x_wconf 83' lang='lat' dir='ltr'><strong>Numquid</strong></span> 
     </span>
    </p>
   </div>
   <div class='ocr_carea' id='block_1_12' title="bbox 237 1149 1834 1227">
    <p class='ocr_par' dir='ltr' id='par_1_12' title="bbox 237 1149 1834 1227">
     <span class='ocr_line' id='line_1_12' title="bbox 237 1149 1834 1227; baseline -0.003 -19"><span class='ocrx_word' id='word_1_81' title='bbox 237 1170 418 1227; x_wconf 87' lang='lat' dir='ltr'><strong>panem</strong></span> <span class='ocrx_word' id='word_1_82' title='bbox 466 1153 591 1222; x_wconf 85' lang='lat' dir='ltr'><strong>filiis</strong></span> <span class='ocrx_word' id='word_1_83' title='bbox 639 1161 785 1224; x_wconf 82' lang='lat' dir='ltr'><strong>pater</strong></span> <span class='ocrx_word' id='word_1_84' title='bbox 828 1155 1031 1225; x_wconf 78' lang='lat' dir='ltr'><strong>aufert,</strong></span> <span class='ocrx_word' id='word_1_85' title='bbox 1079 1159 1126 1207; x_wconf 87' lang='lat' dir='ltr'><strong>et</strong></span> <span class='ocrx_word' id='word_1_86' title='bbox 1162 1150 1375 1207; x_wconf 87' lang='lat' dir='ltr'><strong>canibus</strong></span> <span class='ocrx_word' id='word_1_87' title='bbox 1409 1151 1564 1206; x_wconf 84' lang='lat' dir='ltr'><strong>tradit</strong></span> <span class='ocrx_word' id='word_1_88' title='bbox 1595 1149 1834 1222; x_wconf 78' lang='lat' dir='ltr'><strong>(Matth.,</strong></span> 
     </span>
    </p>
   </div>
   <div class='ocr_carea' id='block_1_13' title="bbox 240 1243 1834 1317">
    <p class='ocr_par' dir='ltr' id='par_1_13' title="bbox 240 1243 1834 1317">
     <span class='ocr_line' id='line_1_13' title="bbox 240 1243 1834 1317; baseline -0.003 -15"><span class='ocrx_word' id='word_1_89' title='bbox 240 1244 407 1314; x_wconf 79' lang='lat' dir='ltr'><strong>XXV,</strong></span> <span class='ocrx_word' id='word_1_90' title='bbox 439 1244 560 1317; x_wconf 71' lang='lat'><strong>26)?</strong></span> <span class='ocrx_word' id='word_1_91' title='bbox 591 1244 721 1303; x_wconf 89' lang='lat' dir='ltr'><strong>Item</strong></span> <span class='ocrx_word' id='word_1_92' title='bbox 755 1263 769 1302; x_wconf 92' lang='lat'><strong>:</strong></span> <span class='ocrx_word' id='word_1_93' title='bbox 801 1243 1072 1316; x_wconf 79' lang='lat' dir='ltr'><strong>Numquid</strong></span> <span class='ocrx_word' id='word_1_94' title='bbox 1115 1244 1224 1315; x_wconf 84' lang='lat' dir='ltr'><strong>ﬁlio</strong></span> <span class='ocrx_word' id='word_1_95' title='bbox 1272 1260 1455 1316; x_wconf 86' lang='lat' dir='ltr'><strong>panem</strong></span> <span class='ocrx_word' id='word_1_96' title='bbox 1498 1245 1724 1317; x_wconf 74' lang='lat' dir='ltr'><strong>poscenti</strong></span> <span class='ocrx_word' id='word_1_97' title='bbox 1751 1244 1834 1300; x_wconf 82' lang='lat' dir='ltr'><strong>la-</strong></span> 
     </span>
    </p>
   </div>
   <div class='ocr_carea' id='block_1_14' title="bbox 243 1335 1838 1413">
    <p class='ocr_par' dir='ltr' id='par_1_14' title="bbox 243 1335 1838 1413">
     <span class='ocr_line' id='line_1_14' title="bbox 243 1335 1838 1413; baseline -0.001 -18"><span class='ocrx_word' id='word_1_98' title='bbox 243 1341 414 1412; x_wconf 83' lang='lat' dir='ltr'><strong>pidem</strong></span> <span class='ocrx_word' id='word_1_99' title='bbox 443 1339 598 1396; x_wconf 84' lang='lat' dir='ltr'><strong>tradit</strong></span> <span class='ocrx_word' id='word_1_100' title='bbox 639 1339 878 1413; x_wconf 81' lang='lat' dir='ltr'><strong>(Matth.,</strong></span> <span class='ocrx_word' id='word_1_101' title='bbox 908 1338 1025 1405; x_wconf 78' lang='lat' dir='ltr'><strong>VII,</strong></span> <span class='ocrx_word' id='word_1_102' title='bbox 1052 1335 1148 1412; x_wconf 78' lang='lat'><strong>9)?</strong></span> <span class='ocrx_word' id='word_1_103' title='bbox 1174 1338 1419 1396; x_wconf 85' lang='lat' dir='ltr'><strong>Ostendit</strong></span> <span class='ocrx_word' id='word_1_104' title='bbox 1447 1339 1612 1407; x_wconf 91' lang='lat' dir='ltr'><strong>enim,</strong></span> <span class='ocrx_word' id='word_1_105' title='bbox 1653 1337 1779 1411; x_wconf 89' lang='lat' dir='ltr'><strong>quid</strong></span> <span class='ocrx_word' id='word_1_106' title='bbox 1807 1353 1838 1394; x_wconf 86' lang='lat' dir='ltr'><strong>a</strong></span> 
     </span>
    </p>
   </div>
   <div class='ocr_carea' id='block_1_15' title="bbox 247 1431 1842 1506">
    <p class='ocr_par' dir='ltr' id='par_1_15' title="bbox 247 1431 1842 1506">
     <span class='ocr_line' id='line_1_15' title="bbox 247 1431 1842 1506; baseline -0.001 -17"><span class='ocrx_word' id='word_1_107' title='bbox 247 1445 400 1505; x_wconf 83' lang='lat' dir='ltr'><strong>patre</strong></span> <span class='ocrx_word' id='word_1_108' title='bbox 428 1431 522 1489; x_wconf 87' lang='lat' dir='ltr'><strong>ﬁlii</strong></span> <span class='ocrx_word' id='word_1_109' title='bbox 543 1442 882 1505; x_wconf 79' lang='lat' dir='ltr'><strong>exspectent.</strong></span> <span class='ocrx_word' id='word_1_110' title='bbox 904 1432 1011 1491; x_wconf 86' lang='lat' dir='ltr'><strong>Sed</strong></span> <span class='ocrx_word' id='word_1_111' title='bbox 1031 1440 1086 1489; x_wconf 90' lang='lat' dir='ltr'><strong>et</strong></span> <span class='ocrx_word' id='word_1_112' title='bbox 1109 1431 1184 1506; x_wconf 78' lang='grc' dir='ltr'><strong>(ε)</strong></span> <span class='ocrx_word' id='word_1_113' title='bbox 1203 1443 1480 1488; x_wconf 82' lang='lat' dir='ltr'><strong>nocturnus</strong></span> <span class='ocrx_word' id='word_1_114' title='bbox 1495 1433 1582 1488; x_wconf 82' lang='lat' dir='ltr'><strong>ille</strong></span> <span class='ocrx_word' id='word_1_115' title='bbox 1612 1434 1842 1505; x_wconf 79' lang='lat' dir='ltr'><strong>pulsator</strong></span> 
     </span>
    </p>
   </div>
   <div class='ocr_carea' id='block_1_16' title="bbox 243 1523 1841 1600">
    <p class='ocr_par' dir='ltr' id='par_1_16' title="bbox 243 1523 1841 1600">
     <span class='ocr_line' id='line_1_16' title="bbox 243 1523 1841 1600; baseline 0.001 -19"><span class='ocrx_word' id='word_1_116' title='bbox 243 1543 428 1598; x_wconf 87' lang='lat' dir='ltr'><strong>panem</strong></span> <span class='ocrx_word' id='word_1_117' title='bbox 448 1526 683 1599; x_wconf 81' lang='lat' dir='ltr'><strong>poscebat</strong></span> <span class='ocrx_word' id='word_1_118' title='bbox 717 1526 897 1600; x_wconf 87' lang='lat' dir='ltr'><strong>(Luc.,</strong></span> <span class='ocrx_word' id='word_1_119' title='bbox 923 1524 1017 1594; x_wconf 79' lang='lat' dir='ltr'><strong>XI,</strong></span> <span class='ocrx_word' id='word_1_120' title='bbox 1045 1523 1101 1599; x_wconf 82' lang='lat'><strong>5)</strong></span> <span class='ocrx_word' id='word_1_121' title='bbox 1141 1524 1242 1597; x_wconf 84' lang='lat' dir='ltr'><strong>(l).</strong></span> <span class='ocrx_word' id='word_1_122' title='bbox 1265 1523 1455 1582; x_wconf 83' lang='lat' dir='ltr'><strong>Merito</strong></span> <span class='ocrx_word' id='word_1_123' title='bbox 1483 1535 1661 1581; x_wconf 91' lang='lat' dir='ltr'><strong>autem</strong></span> <span class='ocrx_word' id='word_1_124' title='bbox 1687 1524 1841 1597; x_wconf 87' lang='lat' dir='ltr'><strong>adje-</strong></span> 
     </span>
    </p>
   </div>
   <div class='ocr_carea' id='block_1_17' title="bbox 238 1615 1845 1692">
    <p class='ocr_par' dir='ltr' id='par_1_17' title="bbox 238 1615 1845 1692">
     <span class='ocr_line' id='line_1_17' title="bbox 238 1615 1845 1692; baseline -0.001 -17"><span class='ocrx_word' id='word_1_125' title='bbox 238 1621 312 1675; x_wconf 90' lang='lat' dir='ltr'><strong>cit</strong></span> <span class='ocrx_word' id='word_1_126' title='bbox 341 1637 356 1675; x_wconf 89' lang='lat'><strong>:</strong></span> <span class='ocrx_word' id='word_1_127' title='bbox 384 1618 468 1674; x_wconf 90' lang='lat' dir='ltr'><strong>Da</strong></span> <span class='ocrx_word' id='word_1_128' title='bbox 492 1621 638 1676; x_wconf 85' lang='lat' dir='ltr'><strong>nobis</strong></span> <span class='ocrx_word' id='word_1_129' title='bbox 663 1619 834 1686; x_wconf 80' lang='lat' dir='ltr'><strong>hodie,</strong></span> <span class='ocrx_word' id='word_1_130' title='bbox 866 1627 928 1676; x_wconf 90' lang='lat' dir='ltr'><strong>ttt</strong></span> <span class='ocrx_word' id='word_1_131' title='bbox 953 1619 1046 1692; x_wconf 88' lang='lat' dir='ltr'><strong>qui</strong></span> <span class='ocrx_word' id='word_1_132' title='bbox 1074 1619 1443 1691; x_wconf 73' lang='lat' dir='ltr'><strong>praemiserat:</strong></span> <span class='ocrx_word' id='word_1_133' title='bbox 1472 1615 1651 1674; x_wconf 84' lang='lat' dir='ltr'><strong>Nolite</strong></span> <span class='ocrx_word' id='word_1_134' title='bbox 1665 1618 1727 1674; x_wconf 88' lang='lat' dir='ltr'><strong>de</strong></span> <span class='ocrx_word' id='word_1_135' title='bbox 1737 1635 1845 1675; x_wconf 88' lang='lat' dir='ltr'><strong>cra-</strong></span> 
     </span>
    </p>
   </div>
   <div class='ocr_carea' id='block_1_18' title="bbox 229 1709 1843 1786">
    <p class='ocr_par' dir='ltr' id='par_1_18' title="bbox 229 1709 1843 1786">
     <span class='ocr_line' id='line_1_18' title="bbox 229 1709 1843 1786; baseline -0.001 -17"><span class='ocrx_word' id='word_1_136' title='bbox 229 1712 368 1769; x_wconf 87' lang='lat' dir='ltr'><strong>stino</strong></span> <span class='ocrx_word' id='word_1_137' title='bbox 396 1712 622 1786; x_wconf 82' lang='lat' dir='ltr'><strong>cogitare</strong></span> <span class='ocrx_word' id='word_1_138' title='bbox 645 1711 772 1785; x_wconf 86' lang='lat' dir='ltr'><strong>quid</strong></span> <span class='ocrx_word' id='word_1_139' title='bbox 796 1709 979 1769; x_wconf 85' lang='lat' dir='ltr'><strong>edatis.</strong></span> <span class='ocrx_word' id='word_1_140' title='bbox 1018 1709 1118 1770; x_wconf 88' lang='lat' dir='ltr'><strong>Cui</strong></span> <span class='ocrx_word' id='word_1_141' title='bbox 1158 1709 1238 1769; x_wconf 91' lang='lat' dir='ltr'><strong>rei</strong></span> <span class='ocrx_word' id='word_1_142' title='bbox 1277 1709 1586 1783; x_wconf 85' lang='lat' dir='ltr'><strong>parabolam</strong></span> <span class='ocrx_word' id='word_1_143' title='bbox 1628 1725 1843 1784; x_wconf 90' lang='lat' dir='ltr'><strong>quoque</strong></span> 
     </span>
    </p>
   </div>
   <div class='ocr_carea' id='block_1_19' title="bbox 1940 495 3544 569">
    <p class='ocr_par' dir='ltr' id='par_1_19' title="bbox 1940 495 3544 569">
     <span class='ocr_line' id='line_1_19' title="bbox 1940 495 3544 569; baseline 0.001 -18"><span class='ocrx_word' id='word_1_144' title='bbox 1940 496 2188 569; x_wconf 74' lang='lat' dir='ltr'><strong>{motibus</strong></span> <span class='ocrx_word' id='word_1_145' title='bbox 2217 495 2923 568; x_wconf 64' lang='lat' dir='ltr'><strong>ampliationem&#39;horreorum</strong></span> <span class='ocrx_word' id='word_1_146' title='bbox 2947 537 2962 564; x_wconf 97' lang='lat'><strong>,</strong></span> <span class='ocrx_word' id='word_1_147' title='bbox 2994 503 3038 550; x_wconf 87' lang='lat' dir='ltr'><strong>et</strong></span> <span class='ocrx_word' id='word_1_148' title='bbox 3067 495 3234 568; x_wconf 76' lang='lat' dir='ltr'><strong>longa:</strong></span> <span class='ocrx_word' id='word_1_149' title='bbox 3259 497 3544 553; x_wconf 79' lang='lat' dir='ltr'><strong>securitatis</strong></span> 
     </span>
    </p>
   </div>
   <div class='ocr_carea' id='block_1_20' title="bbox 1941 586 3538 661">
    <p class='ocr_par' dir='ltr' id='par_1_20' title="bbox 1941 586 3538 661">
     <span class='ocr_line' id='line_1_20' title="bbox 1941 586 3538 661; baseline 0 -18"><span class='ocrx_word' id='word_1_150' title='bbox 1941 589 2112 660; x_wconf 83' lang='lat' dir='ltr'><strong>spatia</strong></span> <span class='ocrx_word' id='word_1_151' title='bbox 2139 587 2399 660; x_wconf 81' lang='lat' dir='ltr'><strong>cogitavit;</strong></span> <span class='ocrx_word' id='word_1_152' title='bbox 2426 587 2471 644; x_wconf 88' lang='lat' dir='ltr'><strong>is</strong></span> <span class='ocrx_word' id='word_1_153' title='bbox 2498 588 2613 661; x_wconf 86' lang='lat' dir='ltr'><strong>ipsa</strong></span> <span class='ocrx_word' id='word_1_154' title='bbox 2639 596 2785 642; x_wconf 85' lang='lat' dir='ltr'><strong>nocte</strong></span> <span class='ocrx_word' id='word_1_155' title='bbox 2821 586 3036 641; x_wconf 88' lang='lat' dir='ltr'><strong>moritur</strong></span> <span class='ocrx_word' id='word_1_156' title='bbox 3056 586 3233 658; x_wconf 89' lang='lat' dir='ltr'><strong>(Luc.,</strong></span> <span class='ocrx_word' id='word_1_157' title='bbox 3263 586 3382 657; x_wconf 81' lang='lat' dir='ltr'><strong>XII,</strong></span> <span class='ocrx_word' id='word_1_158' title='bbox 3415 587 3538 658; x_wconf 81' lang='grc'><strong>16).</strong></span> 
     </span>
    </p>
   </div>
   <div class='ocr_carea' id='block_1_21' title="bbox 2534 678 2914 738">
    <p class='ocr_par' dir='ltr' id='par_1_21' title="bbox 2534 678 2914 738">
     <span class='ocr_line' id='line_1_21' title="bbox 2534 678 2914 738; baseline -0.005 -2"><span class='ocrx_word' id='word_1_159' title='bbox 2534 678 2764 738; x_wconf 83' lang='lat' dir='ltr'><strong>CAPUT</strong></span> <span class='ocrx_word' id='word_1_160' title='bbox 2803 678 2914 735; x_wconf 80' lang='lat' dir='ltr'><strong>VII.</strong></span> 
     </span>
    </p>
   </div>
   <div class='ocr_carea' id='block_1_22' title="bbox 2015 772 3541 849">
    <p class='ocr_par' dir='ltr' id='par_1_22' title="bbox 2015 772 3541 849">
     <span class='ocr_line' id='line_1_22' title="bbox 2015 772 3541 849; baseline 0.001 -17"><span class='ocrx_word' id='word_1_161' title='bbox 2015 776 2365 846; x_wconf 88' lang='lat' dir='ltr'><strong>Consequens</strong></span> <span class='ocrx_word' id='word_1_162' title='bbox 2385 773 2464 849; x_wconf 79' lang='grc' dir='ltr'><strong>(ἀ)</strong></span> <span class='ocrx_word' id='word_1_163' title='bbox 2502 783 2641 843; x_wconf 89' lang='lat' dir='ltr'><strong>erat,</strong></span> <span class='ocrx_word' id='word_1_164' title='bbox 2685 781 2745 829; x_wconf 92' lang='lat' dir='ltr'><strong>ut</strong></span> <span class='ocrx_word' id='word_1_165' title='bbox 2771 772 3053 830; x_wconf 87' lang='lat' dir='ltr'><strong>observata</strong></span> <span class='ocrx_word' id='word_1_166' title='bbox 3079 774 3172 831; x_wconf 91' lang='lat' dir='ltr'><strong>Dei</strong></span> <span class='ocrx_word' id='word_1_167' title='bbox 3199 774 3541 844; x_wconf 86' lang='lat' dir='ltr'><strong>liberalitate,</strong></span> 
     </span>
    </p>
   </div>
   <div class='ocr_carea' id='block_1_23' title="bbox 1941 870 3544 943">
    <p class='ocr_par' dir='ltr' id='par_1_23' title="bbox 1941 870 3544 943">
     <span class='ocr_line' id='line_1_23' title="bbox 1941 870 3544 943; baseline -0.001 -14"><span class='ocrx_word' id='word_1_168' title='bbox 1941 872 2103 929; x_wconf 88' lang='lat' dir='ltr'><strong>etiam</strong></span> <span class='ocrx_word' id='word_1_169' title='bbox 2153 873 2496 929; x_wconf 89' lang='lat' dir='ltr'><strong>clementiam</strong></span> <span class='ocrx_word' id='word_1_170' title='bbox 2525 870 2645 943; x_wconf 89' lang='lat' dir='ltr'><strong>ejus</strong></span> <span class='ocrx_word' id='word_1_171' title='bbox 2694 885 3068 942; x_wconf 88' lang='lat' dir='ltr'><strong>precaremur;</strong></span> <span class='ocrx_word' id='word_1_172' title='bbox 3115 871 3241 943; x_wconf 90' lang='lat' dir='ltr'><strong>quid</strong></span> <span class='ocrx_word' id='word_1_173' title='bbox 3268 871 3412 928; x_wconf 91' lang='lat' dir='ltr'><strong>enim</strong></span> <span class='ocrx_word' id='word_1_174' title='bbox 3442 871 3544 927; x_wconf 86' lang='lat' dir='ltr'><strong>ali-</strong></span> 
     </span>
    </p>
   </div>
   <div class='ocr_carea' id='block_1_24' title="bbox 1941 961 3548 1037">
    <p class='ocr_par' dir='ltr' id='par_1_24' title="bbox 1941 961 3548 1037">
     <span class='ocr_line' id='line_1_24' title="bbox 1941 961 3548 1037; baseline -0.002 -15"><span class='ocrx_word' id='word_1_175' title='bbox 1941 976 2123 1023; x_wconf 87' lang='lat' dir='ltr'><strong>menta</strong></span> <span class='ocrx_word' id='word_1_176' title='bbox 2148 966 2459 1037; x_wconf 89' lang='lat' dir='ltr'><strong>proderunt,</strong></span> <span class='ocrx_word' id='word_1_177' title='bbox 2483 965 2527 1021; x_wconf 91' lang='lat' dir='ltr'><strong>si</strong></span> <span class='ocrx_word' id='word_1_178' title='bbox 2555 964 2627 1020; x_wconf 91' lang='lat' dir='ltr'><strong>illi</strong></span> <span class='ocrx_word' id='word_1_179' title='bbox 2655 961 2735 1037; x_wconf 75' lang='lat'><strong>(3)</strong></span> <span class='ocrx_word' id='word_1_180' title='bbox 2760 973 3069 1035; x_wconf 89' lang='lat' dir='ltr'><strong>repulamur</strong></span> <span class='ocrx_word' id='word_1_181' title='bbox 3095 978 3281 1020; x_wconf 88' lang='lat' dir='ltr'><strong>revera</strong></span> <span class='ocrx_word' id='word_1_182' title='bbox 3299 964 3452 1035; x_wconf 90' lang='lat' dir='ltr'><strong>quasi</strong></span> <span class='ocrx_word' id='word_1_183' title='bbox 3473 963 3548 1036; x_wconf 89' lang='lat' dir='ltr'><strong>(e)</strong></span> 
     </span>
    </p>
   </div>
   <div class='ocr_carea' id='block_1_25' title="bbox 1940 1057 3549 1117">
    <p class='ocr_par' dir='ltr' id='par_1_25' title="bbox 1940 1057 3549 1117">
     <span class='ocr_line' id='line_1_25' title="bbox 1940 1057 3549 1117; baseline 0.001 -2"><span class='ocrx_word' id='word_1_184' title='bbox 1940 1067 2126 1116; x_wconf 89' lang='lat' dir='ltr'><strong>taurus</strong></span> <span class='ocrx_word' id='word_1_185' title='bbox 2154 1060 2221 1116; x_wconf 90' lang='lat' dir='ltr'><strong>ad</strong></span> <span class='ocrx_word' id='word_1_186' title='bbox 2263 1059 2570 1117; x_wconf 83' lang='lat' dir='ltr'><strong>victimam?</strong></span> <span class='ocrx_word' id='word_1_187' title='bbox 2599 1057 2813 1116; x_wconf 89' lang='lat' dir='ltr'><strong>Sciebat</strong></span> <span class='ocrx_word' id='word_1_188' title='bbox 2844 1057 3102 1114; x_wconf 88' lang='lat' dir='ltr'><strong>Dominus</strong></span> <span class='ocrx_word' id='word_1_189' title='bbox 3130 1071 3190 1114; x_wconf 89' lang='lat' dir='ltr'><strong>se</strong></span> <span class='ocrx_word' id='word_1_190' title='bbox 3229 1057 3404 1114; x_wconf 90' lang='lat' dir='ltr'><strong>solum</strong></span> <span class='ocrx_word' id='word_1_191' title='bbox 3431 1059 3549 1116; x_wconf 89' lang='lat' dir='ltr'><strong>sine</strong></span> 
     </span>
    </p>
   </div>
   <div class='ocr_carea' id='block_1_26' title="bbox 1940 1152 3548 1226">
    <p class='ocr_par' dir='ltr' id='par_1_26' title="bbox 1940 1152 3548 1226">
     <span class='ocr_line' id='line_1_26' title="bbox 1940 1152 3548 1226; baseline -0.001 -17"><span class='ocrx_word' id='word_1_192' title='bbox 1940 1152 2139 1210; x_wconf 89' lang='lat' dir='ltr'><strong>delicto</strong></span> <span class='ocrx_word' id='word_1_193' title='bbox 2164 1168 2285 1210; x_wconf 91' lang='lat' dir='ltr'><strong>esse</strong></span> <span class='ocrx_word' id='word_1_194' title='bbox 2331 1153 2424 1226; x_wconf 82' lang='lat' dir='ltr'><strong>(f).</strong></span> <span class='ocrx_word' id='word_1_195' title='bbox 2460 1153 2625 1210; x_wconf 88' lang='lat' dir='ltr'><strong>Docet</strong></span> <span class='ocrx_word' id='word_1_196' title='bbox 2654 1153 2831 1221; x_wconf 90' lang='lat' dir='ltr'><strong>itaque</strong></span> <span class='ocrx_word' id='word_1_197' title='bbox 2858 1159 3106 1224; x_wconf 88' lang='lat' dir='ltr'><strong>petamus</strong></span> <span class='ocrx_word' id='word_1_198' title='bbox 3141 1167 3343 1225; x_wconf 76' lang='lat' dir='ltr'><strong>mut&#39;r-rt</strong></span> <span class='ocrx_word' id='word_1_199' title='bbox 3396 1166 3548 1211; x_wconf 75' lang='lat' dir='ltr'><strong>NOBIS</strong></span> 
     </span>
    </p>
   </div>
   <div class='ocr_carea' id='block_1_27' title="bbox 1940 1243 3547 1316">
    <p class='ocr_par' dir='ltr' id='par_1_27' title="bbox 1940 1243 3547 1316">
     <span class='ocr_line' id='line_1_27' title="bbox 1940 1243 3547 1316; baseline -0.002 -12"><span class='ocrx_word' id='word_1_200' title='bbox 1940 1262 2132 1304; x_wconf 76' lang='lat' dir='ltr'><strong>DEBI’I‘A</strong></span> <span class='ocrx_word' id='word_1_201' title='bbox 2156 1261 2383 1304; x_wconf 75' lang='lat' dir='ltr'><strong>uosrtu.</strong></span> <span class='ocrx_word' id='word_1_202' title='bbox 2407 1243 2816 1316; x_wconf 85' lang='lat' dir='ltr'><strong>Exomologesis</strong></span> <span class='ocrx_word' id='word_1_203' title='bbox 2842 1253 2947 1312; x_wconf 90' lang='lat' dir='ltr'><strong>est,</strong></span> <span class='ocrx_word' id='word_1_204' title='bbox 2975 1244 3163 1316; x_wconf 89' lang='lat' dir='ltr'><strong>petitio</strong></span> <span class='ocrx_word' id='word_1_205' title='bbox 3185 1243 3392 1310; x_wconf 67' lang='lat' dir='ltr'><strong>venire;</strong></span> <span class='ocrx_word' id='word_1_206' title='bbox 3421 1245 3547 1316; x_wconf 90' lang='lat' dir='ltr'><strong>quia</strong></span> 
     </span>
    </p>
   </div>
   <div class='ocr_carea' id='block_1_28' title="bbox 1940 1337 3548 1412">
    <p class='ocr_par' dir='ltr' id='par_1_28' title="bbox 1940 1337 3548 1412">
     <span class='ocr_line' id='line_1_28' title="bbox 1940 1337 3548 1412; baseline 0 -17"><span class='ocrx_word' id='word_1_207' title='bbox 1940 1341 2032 1412; x_wconf 88' lang='lat' dir='ltr'><strong>qui</strong></span> <span class='ocrx_word' id='word_1_208' title='bbox 2063 1339 2445 1412; x_wconf 89' lang='lat' dir='ltr'><strong>petitveniam,</strong></span> <span class='ocrx_word' id='word_1_209' title='bbox 2470 1338 2724 1397; x_wconf 91' lang='lat' dir='ltr'><strong>delictum</strong></span> <span class='ocrx_word' id='word_1_210' title='bbox 2753 1338 3060 1395; x_wconf 88' lang='lat' dir='ltr'><strong>conﬁtetur.</strong></span> <span class='ocrx_word' id='word_1_211' title='bbox 3088 1337 3178 1396; x_wconf 92' lang='lat' dir='ltr'><strong>Sic</strong></span> <span class='ocrx_word' id='word_1_212' title='bbox 3203 1347 3256 1395; x_wconf 88' lang='lat' dir='ltr'><strong>et</strong></span> <span class='ocrx_word' id='word_1_213' title='bbox 3278 1338 3548 1410; x_wconf 63' lang='lat' dir='ltr'><strong>poeniten-</strong></span> 
     </span>
    </p>
   </div>
   <div class='ocr_carea' id='block_1_29' title="bbox 1944 1430 3548 1505">
    <p class='ocr_par' dir='ltr' id='par_1_29' title="bbox 1944 1430 3548 1505">
     <span class='ocr_line' id='line_1_29' title="bbox 1944 1430 3548 1505; baseline -0.002 -15"><span class='ocrx_word' id='word_1_214' title='bbox 1944 1434 2014 1490; x_wconf 89' lang='lat' dir='ltr'><strong>tia</strong></span> <span class='ocrx_word' id='word_1_215' title='bbox 2043 1433 2443 1490; x_wconf 88' lang='lat' dir='ltr'><strong>demonstratur</strong></span> <span class='ocrx_word' id='word_1_216' title='bbox 2481 1431 2825 1503; x_wconf 90' lang='lat' dir='ltr'><strong>acceptabilis</strong></span> <span class='ocrx_word' id='word_1_217' title='bbox 2855 1431 2966 1487; x_wconf 92' lang='lat' dir='ltr'><strong>Deo</strong></span> <span class='ocrx_word' id='word_1_218' title='bbox 2993 1473 3008 1498; x_wconf 91' lang='lat'><strong>,</strong></span> <span class='ocrx_word' id='word_1_219' title='bbox 3039 1431 3164 1503; x_wconf 92' lang='lat' dir='ltr'><strong>quia</strong></span> <span class='ocrx_word' id='word_1_220' title='bbox 3207 1430 3286 1502; x_wconf 75' lang='grc'><strong>(4)</strong></span> <span class='ocrx_word' id='word_1_221' title='bbox 3318 1432 3423 1488; x_wconf 84' lang='lat' dir='ltr'><strong>vult</strong></span> <span class='ocrx_word' id='word_1_222' title='bbox 3469 1431 3548 1505; x_wconf 90' lang='lat' dir='ltr'><strong>(g)</strong></span> 
     </span>
    </p>
   </div>
   <div class='ocr_carea' id='block_1_30' title="bbox 1949 1523 3544 1601">
    <p class='ocr_par' dir='ltr' id='par_1_30' title="bbox 1949 1523 3544 1601">
     <span class='ocr_line' id='line_1_30' title="bbox 1949 1523 3544 1601; baseline -0.001 -18"><span class='ocrx_word' id='word_1_223' title='bbox 1949 1543 2082 1595; x_wconf 88' lang='lat' dir='ltr'><strong>eam,</strong></span> <span class='ocrx_word' id='word_1_224' title='bbox 2112 1543 2264 1601; x_wconf 87' lang='lat' dir='ltr'><strong>quam</strong></span> <span class='ocrx_word' id='word_1_225' title='bbox 2292 1536 2508 1583; x_wconf 86' lang='lat' dir='ltr'><strong>mortem</strong></span> <span class='ocrx_word' id='word_1_226' title='bbox 2549 1527 2826 1598; x_wconf 89' lang='lat' dir='ltr'><strong>peccatoris</strong></span> <span class='ocrx_word' id='word_1_227' title='bbox 2868 1523 3081 1597; x_wconf 83' lang='lat' dir='ltr'><strong>(Ezech.</strong></span> <span class='ocrx_word' id='word_1_228' title='bbox 3125 1524 3368 1592; x_wconf 78' lang='lat' dir='ltr'><strong>XXXIII,</strong></span> <span class='ocrx_word' id='word_1_229' title='bbox 3428 1527 3544 1598; x_wconf 80' lang='lat' dir='ltr'><strong>ll).</strong></span> 
     </span>
    </p>
   </div>
   <div class='ocr_carea' id='block_1_31' title="bbox 1949 1617 3542 1691">
    <p class='ocr_par' dir='ltr' id='par_1_31' title="bbox 1949 1617 3542 1691">
     <span class='ocr_line' id='line_1_31' title="bbox 1949 1617 3542 1691; baseline -0.004 -13"><span class='ocrx_word' id='word_1_230' title='bbox 1949 1621 2199 1678; x_wconf 88' lang='lat' dir='ltr'><strong>Debitum</strong></span> <span class='ocrx_word' id='word_1_231' title='bbox 2228 1629 2409 1677; x_wconf 90' lang='lat' dir='ltr'><strong>autem</strong></span> <span class='ocrx_word' id='word_1_232' title='bbox 2458 1619 2513 1677; x_wconf 94' lang='lat' dir='ltr'><strong>in</strong></span> <span class='ocrx_word' id='word_1_233' title='bbox 2543 1619 2835 1690; x_wconf 78' lang='lat' dir='ltr'><strong>Scrip&#39;turis</strong></span> <span class='ocrx_word' id='word_1_234' title='bbox 2876 1617 3058 1675; x_wconf 88' lang='lat' dir='ltr'><strong>delicti</strong></span> <span class='ocrx_word' id='word_1_235' title='bbox 3105 1617 3270 1690; x_wconf 83' lang='lat' dir='ltr'><strong>ﬁgura</strong></span> <span class='ocrx_word' id='word_1_236' title='bbox 3327 1626 3410 1675; x_wconf 90' lang='lat' dir='ltr'><strong>cst</strong></span> <span class='ocrx_word' id='word_1_237' title='bbox 3435 1617 3542 1691; x_wconf 78' lang='lat' dir='ltr'><strong>(Ii),</strong></span> 
     </span>
    </p>
   </div>
   <div class='ocr_carea' id='block_1_32' title="bbox 1948 1710 3549 1787">
    <p class='ocr_par' dir='ltr' id='par_1_32' title="bbox 1948 1710 3549 1787">
     <span class='ocr_line' id='line_1_32' title="bbox 1948 1710 3549 1787; baseline -0.002 -16"><span class='ocrx_word' id='word_1_238' title='bbox 1948 1713 2094 1787; x_wconf 90' lang='lat' dir='ltr'><strong>quod</strong></span> <span class='ocrx_word' id='word_1_239' title='bbox 2112 1712 2333 1784; x_wconf 87' lang='lat' dir='ltr'><strong>perinde</strong></span> <span class='ocrx_word' id='word_1_240' title='bbox 2352 1713 2556 1786; x_wconf 87' lang='lat' dir='ltr'><strong>judicio</strong></span> <span class='ocrx_word' id='word_1_241' title='bbox 2575 1713 2856 1783; x_wconf 86' lang='lat' dir='ltr'><strong>debeatur,</strong></span> <span class='ocrx_word' id='word_1_242' title='bbox 2878 1719 2934 1770; x_wconf 90' lang='lat' dir='ltr'><strong>et</strong></span> <span class='ocrx_word' id='word_1_243' title='bbox 2974 1710 3039 1767; x_wconf 90' lang='lat' dir='ltr'><strong>ab</strong></span> <span class='ocrx_word' id='word_1_244' title='bbox 3067 1727 3126 1768; x_wconf 88' lang='lat' dir='ltr'><strong>eo</strong></span> <span class='ocrx_word' id='word_1_245' title='bbox 3171 1712 3421 1785; x_wconf 72' lang='lat' dir='ltr'><strong>exigatur,</strong></span> <span class='ocrx_word' id='word_1_246' title='bbox 3456 1727 3549 1767; x_wconf 84' lang='lat' dir='ltr'><strong>nec</strong></span> 
     </span>
    </p>
   </div>
   <div class='ocr_carea' id='block_1_33' title="bbox 1449 1843 2284 1910">
    <p class='ocr_par' dir='ltr' id='par_1_33' title="bbox 1449 1843 2284 1910">
     <span class='ocr_line' id='line_1_33' title="bbox 1449 1843 2284 1910; baseline 0.001 -7"><span class='ocrx_word' id='word_1_247' title='bbox 1449 1843 1832 1906; x_wconf 85' lang='lat' dir='ltr'><strong>LECTIONES</strong></span> <span class='ocrx_word' id='word_1_248' title='bbox 1868 1847 2284 1910; x_wconf 82' lang='lat' dir='ltr'><strong>VARIAN’I‘ES.</strong></span> 
     </span>
    </p>
   </div>
   <div class='ocr_carea' id='block_1_34' title="bbox 294 1979 868 2044">
    <p class='ocr_par' dir='ltr' id='par_1_34' title="bbox 294 1979 868 2044">
     <span class='ocr_line' id='line_1_34' title="bbox 294 1979 868 2044; baseline -0.009 -8"><span class='ocrx_word' id='word_1_249' title='bbox 294 1984 370 2044; x_wconf 78' lang='lat' dir='ltr'><strong>tl)</strong></span> <span class='ocrx_word' id='word_1_250' title='bbox 401 1981 637 2035; x_wconf 77' lang='lat' dir='ltr'><strong>Pulsabat</strong></span> <span class='ocrx_word' id='word_1_251' title='bbox 655 1979 868 2034; x_wconf 83' lang='lat' dir='ltr'><strong>Semler.</strong></span> 
     </span>
    </p>
   </div>
   <div class='ocr_carea' id='block_1_35' title="bbox 319 2038 1484 2111">
    <p class='ocr_par' dir='ltr' id='par_1_35' title="bbox 319 2038 1484 2111">
     <span class='ocr_line' id='line_1_35' title="bbox 319 2038 1484 2111; baseline -0.003 -15"><span class='ocrx_word' id='word_1_252' title='bbox 319 2038 370 2110; x_wconf 72' lang='lat'><strong>2)</strong></span> <span class='ocrx_word' id='word_1_253' title='bbox 403 2046 499 2111; x_wconf 83' lang='lat' dir='ltr'><strong>Qui</strong></span> <span class='ocrx_word' id='word_1_254' title='bbox 522 2058 611 2111; x_wconf 85' lang='lat' dir='ltr'><strong>pro</strong></span> <span class='ocrx_word' id='word_1_255' title='bbox 624 2045 942 2098; x_wconf 86' lang='lat' dir='ltr'><strong>venientibus</strong></span> <span class='ocrx_word' id='word_1_256' title='bbox 965 2040 1192 2111; x_wconf 53' lang='lat' dir='ltr'><strong>distinct}</strong></span> <span class='ocrx_word' id='word_1_257' title='bbox 1201 2038 1318 2109; x_wconf 80' lang='lat' dir='ltr'><strong>legit</strong></span> <span class='ocrx_word' id='word_1_258' title='bbox 1338 2043 1484 2111; x_wconf 53' lang='lat' dir='ltr'><strong>litin,</strong></span> 
     </span>
    </p>
   </div>
   <div class='ocr_carea' id='block_1_36' title="bbox 319 2105 1838 2174">
    <p class='ocr_par' dir='ltr' id='par_1_36' title="bbox 319 2105 1838 2174">
     <span class='ocr_line' id='line_1_36' title="bbox 319 2105 1838 2174; baseline -0.001 -12"><span class='ocrx_word' id='word_1_259' title='bbox 319 2105 373 2174; x_wconf 76' lang='lat'><strong>3)</strong></span> <span class='ocrx_word' id='word_1_260' title='bbox 404 2105 460 2163; x_wconf 85' lang='lat' dir='ltr'><strong>Si</strong></span> <span class='ocrx_word' id='word_1_261' title='bbox 482 2105 538 2161; x_wconf 80' lang='lat' dir='ltr'><strong>iti</strong></span> <span class='ocrx_word' id='word_1_262' title='bbox 559 2109 634 2161; x_wconf 89' lang='lat' dir='ltr'><strong>eis</strong></span> <span class='ocrx_word' id='word_1_263' title='bbox 655 2112 966 2172; x_wconf 86' lang='lat' dir='ltr'><strong>reputamur.</strong></span> <span class='ocrx_word' id='word_1_264' title='bbox 990 2106 1114 2160; x_wconf 76' lang='lat' dir='ltr'><strong>Jun.</strong></span> <span class='ocrx_word' id='word_1_265' title='bbox 1139 2105 1355 2172; x_wconf 65' lang='lat' dir='ltr'><strong>Frtiteq.</strong></span> <span class='ocrx_word' id='word_1_266' title='bbox 1398 2105 1586 2158; x_wconf 41' lang='lat' dir='ltr'><strong>Si’illis</strong></span> <span class='ocrx_word' id='word_1_267' title='bbox 1628 2108 1838 2162; x_wconf 83' lang='lat' dir='ltr'><strong>Sentler.</strong></span> 
     </span>
    </p>
   </div>
   <div class='ocr_carea' id='block_1_37' title="bbox 1547 1943 1919 2098">
    <p class='ocr_par' dir='ltr' id='par_1_37' title="bbox 1547 1943 1919 2098">
     <span class='ocr_line' id='line_1_37' title="bbox 1547 1943 1919 2098; baseline 0.003 -2"><span class='ocrx_word' id='word_1_268' title='bbox 1547 2056 1689 2096; x_wconf 86' lang='lat' dir='ltr'><strong>arum</strong></span> <span class='ocrx_word' id='word_1_269' title='bbox 1706 2043 1840 2098; x_wconf 87' lang='lat' dir='ltr'><strong>bene.</strong></span> <span class='ocrx_word' id='word_1_270' title='bbox 1869 1943 1919 2006; x_wconf 77' lang='grc' dir='ltr'><strong>Β</strong></span> 
     </span>
    </p>
   </div>
   <div class='ocr_carea' id='block_1_38' title="bbox 1948 1990 3002 2118">
    <p class='ocr_par' dir='ltr' id='par_1_38' title="bbox 1948 1990 3002 2118">
     <span class='ocr_line' id='line_1_38' title="bbox 1948 1990 3002 2118; baseline -0.002 -15"><span class='ocrx_word' id='word_1_271' title='bbox 1948 1990 2093 2117; x_wconf 38' lang='lat' dir='ltr'><strong>Mai).</strong></span> <span class='ocrx_word' id='word_1_272' title='bbox 2119 2051 2213 2113; x_wconf 90' lang='lat' dir='ltr'><strong>Qui</strong></span> <span class='ocrx_word' id='word_1_273' title='bbox 2235 2052 2420 2106; x_wconf 80' lang='lat' dir='ltr'><strong>mavult</strong></span> <span class='ocrx_word' id='word_1_274' title='bbox 2439 2048 2629 2118; x_wconf 83' lang='lat' dir='ltr'><strong>primus</strong></span> <span class='ocrx_word' id='word_1_275' title='bbox 2650 2056 2696 2103; x_wconf 89' lang='lat' dir='ltr'><strong>et</strong></span> <span class='ocrx_word' id='word_1_276' title='bbox 2710 2049 2840 2104; x_wconf 84' lang='lat' dir='ltr'><strong>solus</strong></span> <span class='ocrx_word' id='word_1_277' title='bbox 2857 2049 3002 2115; x_wconf 81' lang='lat' dir='ltr'><strong>Leop.</strong></span> 
     </span>
    </p>
   </div>
   <div class='ocr_carea' id='block_1_39' title="bbox 660 2233 2106 2303">
    <p class='ocr_par' dir='ltr' id='par_1_39' title="bbox 660 2233 2106 2303">
     <span class='ocr_line' id='line_1_39' title="bbox 660 2233 2106 2303; baseline 0.006 -10"><span class='ocrx_word' id='word_1_278' title='bbox 660 2244 690 2272; x_wconf 71' lang='grc' dir='ltr'><strong><em>ο</em></strong></span> <span class='ocrx_word' id='word_1_279' title='bbox 1540 2233 2106 2303; x_wconf 73' lang='lat' dir='ltr'><strong>COMMENTARIUS.</strong></span> 
     </span>
    </p>
   </div>
   <div class='ocr_carea' id='block_1_40' title="bbox 219 2372 1831 2452">
    <p class='ocr_par' dir='ltr' id='par_1_40' title="bbox 219 2372 1831 2452">
     <span class='ocr_line' id='line_1_40' title="bbox 219 2372 1831 2452; baseline -0.005 -10"><span class='ocrx_word' id='word_1_280' title='bbox 219 2381 526 2442; x_wconf 77' lang='lat' dir='ltr'><strong>admodum</strong></span> <span class='ocrx_word' id='word_1_281' title='bbox 587 2379 952 2452; x_wconf 78' lang='lat' dir='ltr'><strong>Augustinus.</strong></span> <span class='ocrx_word' id='word_1_282' title='bbox 1016 2376 1113 2434; x_wconf 91' lang='lat' dir='ltr'><strong>lib.</strong></span> <span class='ocrx_word' id='word_1_283' title='bbox 1160 2372 1438 2452; x_wconf 68' lang='lat' dir='ltr'><strong>lQuaast._</strong></span> <span class='ocrx_word' id='word_1_284' title='bbox 1494 2377 1831 2452; x_wconf 76' lang='lat' dir='ltr'><strong>evang._45,</strong></span> 
     </span>
    </p>
   </div>
   <div class='ocr_carea' id='block_1_41' title="bbox 222 2446 1836 2522">
    <p class='ocr_par' dir='ltr' id='par_1_41' title="bbox 222 2446 1836 2522">
     <span class='ocr_line' id='line_1_41' title="bbox 222 2446 1836 2522; baseline -0.007 -8"><span class='ocrx_word' id='word_1_285' title='bbox 222 2456 403 2514; x_wconf 83' lang='lat' dir='ltr'><strong>dixit:</strong></span> <span class='ocrx_word' id='word_1_286' title='bbox 448 2453 554 2510; x_wconf 88' lang='lat' dir='ltr'><strong>Per</strong></span> <span class='ocrx_word' id='word_1_287' title='bbox 595 2446 704 2509; x_wconf 74' lang='lat' dir='ltr'><strong>uini</strong></span> <span class='ocrx_word' id='word_1_288' title='bbox 745 2464 1123 2509; x_wconf 85' lang='lat' dir='ltr'><strong>sacramentum</strong></span> <span class='ocrx_word' id='word_1_289' title='bbox 1172 2446 1492 2522; x_wconf 77' lang='lat' dir='ltr'><strong>commendat</strong></span> <span class='ocrx_word' id='word_1_290' title='bbox 1539 2446 1836 2522; x_wconf 65' lang='lat' dir='ltr'><strong>sanguinem</strong></span> 
     </span>
    </p>
   </div>
   <div class='ocr_carea' id='block_1_42' title="bbox 221 2519 1836 2594">
    <p class='ocr_par' dir='ltr' id='par_1_42' title="bbox 221 2519 1836 2594">
     <span class='ocr_line' id='line_1_42' title="bbox 221 2519 1836 2594; baseline -0.007 -9"><span class='ocrx_word' id='word_1_291' title='bbox 221 2544 407 2585; x_wconf 84' lang='lat' dir='ltr'><strong>suum.</strong></span> <span class='ocrx_word' id='word_1_292' title='bbox 438 2525 560 2583; x_wconf 85' lang='lat' dir='ltr'><strong>th.</strong></span> <span class='ocrx_word' id='word_1_293' title='bbox 599 2555 672 2567; x_wconf 91' lang='lat'><strong><em>—</em></strong></span> <span class='ocrx_word' id='word_1_294' title='bbox 718 2522 854 2578; x_wconf 86' lang='lat' dir='ltr'><strong>Tum</strong></span> <span class='ocrx_word' id='word_1_295' title='bbox 890 2525 1028 2594; x_wconf 86' lang='lat' dir='ltr'><strong>quod</strong></span> <span class='ocrx_word' id='word_1_296' title='bbox 1047 2535 1232 2594; x_wconf 82' lang='lat' dir='ltr'><strong>corpus</strong></span> <span class='ocrx_word' id='word_1_297' title='bbox 1256 2519 1367 2592; x_wconf 81' lang='lat' dir='ltr'><strong>ejus</strong></span> <span class='ocrx_word' id='word_1_298' title='bbox 1407 2521 1461 2573; x_wconf 88' lang='lat' dir='ltr'><strong>in</strong></span> <span class='ocrx_word' id='word_1_299' title='bbox 1503 2519 1653 2594; x_wconf 60' lang='lat' dir='ltr'><strong>pane}</strong></span> <span class='ocrx_word' id='word_1_300' title='bbox 1678 2519 1836 2590; x_wconf 83' lang='lat' dir='ltr'><strong>Quis-</strong></span> 
     </span>
    </p>
   </div>
   <div class='ocr_carea' id='block_1_43' title="bbox 223 2591 1838 2672">
    <p class='ocr_par' dir='ltr' id='par_1_43' title="bbox 223 2591 1838 2672">
     <span class='ocr_line' id='line_1_43' title="bbox 223 2591 1838 2672; baseline -0.006 -15"><span class='ocrx_word' id='word_1_301' title='bbox 223 2600 361 2672; x_wconf 86' lang='lat' dir='ltr'><strong>quis</strong></span> <span class='ocrx_word' id='word_1_302' title='bbox 381 2597 671 2672; x_wconf 80' lang='lat' dir='ltr'><strong>diligenter</strong></span> <span class='ocrx_word' id='word_1_303' title='bbox 685 2594 804 2672; x_wconf 63' lang='grc' dir='ltr'><strong>ιιφο</strong></span> <span class='ocrx_word' id='word_1_304' title='bbox 826 2591 991 2651; x_wconf 82' lang='lat' dir='ltr'><strong>verba</strong></span> <span class='ocrx_word' id='word_1_305' title='bbox 1021 2591 1326 2672; x_wconf 82' lang='lat' dir='ltr'><strong>attenderit,</strong></span> <span class='ocrx_word' id='word_1_306' title='bbox 1346 2591 1624 2672; x_wconf 76' lang='lat' dir='ltr'><strong>nunquam</strong></span> <span class='ocrx_word' id='word_1_307' title='bbox 1633 2594 1838 2672; x_wconf 67' lang='grc' dir='ltr'><strong>⁵Αιιειο-</strong></span> 
     </span>
    </p>
   </div>
   <div class='ocr_carea' id='block_1_44' title="bbox 227 2662 1839 2728">
    <p class='ocr_par' dir='ltr' id='par_1_44' title="bbox 227 2662 1839 2728">
     <span class='ocr_line' id='line_1_44' title="bbox 227 2662 1839 2728; baseline -0.006 0"><span class='ocrx_word' id='word_1_308' title='bbox 227 2662 355 2728; x_wconf 76' lang='lat' dir='ltr'><strong>retn</strong></span> <span class='ocrx_word' id='word_1_309' title='bbox 393 2669 447 2725; x_wconf 90' lang='lat' dir='ltr'><strong>in</strong></span> <span class='ocrx_word' id='word_1_310' title='bbox 477 2662 905 2728; x_wconf 69' lang='lat' dir='ltr'><strong>adversariorum</strong></span> <span class='ocrx_word' id='word_1_311' title='bbox 935 2663 1256 2723; x_wconf 87' lang='lat' dir='ltr'><strong>sententiam</strong></span> <span class='ocrx_word' id='word_1_312' title='bbox 1285 2662 1564 2723; x_wconf 75' lang='lat' dir='ltr'><strong>transiisse</strong></span> <span class='ocrx_word' id='word_1_313' title='bbox 1593 2663 1839 2720; x_wconf 90' lang='lat' dir='ltr'><strong>dicturus</strong></span> 
     </span>
    </p>
   </div>
   <div class='ocr_carea' id='block_1_45' title="bbox 227 2731 1838 2801">
    <p class='ocr_par' dir='ltr' id='par_1_45' title="bbox 227 2731 1838 2801">
     <span class='ocr_line' id='line_1_45' title="bbox 227 2731 1838 2801; baseline -0.007 0"><span class='ocrx_word' id='word_1_314' title='bbox 227 2751 346 2801; x_wconf 83' lang='lat' dir='ltr'><strong>est.</strong></span> <span class='ocrx_word' id='word_1_315' title='bbox 365 2741 648 2800; x_wconf 85' lang='lat' dir='ltr'><strong>Trilariam</strong></span> <span class='ocrx_word' id='word_1_316' title='bbox 667 2740 809 2796; x_wconf 91' lang='lat' dir='ltr'><strong>enim</strong></span> <span class='ocrx_word' id='word_1_317' title='bbox 827 2737 943 2796; x_wconf 67' lang='lat' dir='ltr'><strong>haec</strong></span> <span class='ocrx_word' id='word_1_318' title='bbox 957 2736 1155 2796; x_wconf 89' lang='lat' dir='ltr'><strong>Christi</strong></span> <span class='ocrx_word' id='word_1_319' title='bbox 1168 2733 1331 2790; x_wconf 90' lang='lat' dir='ltr'><strong>verba</strong></span> <span class='ocrx_word' id='word_1_320' title='bbox 1351 2750 1366 2787; x_wconf 89' lang='lat'><strong>:</strong></span> <span class='ocrx_word' id='word_1_321' title='bbox 1393 2731 1592 2792; x_wconf 85' lang='lat' dir='ltr'><strong>Panem</strong></span> <span class='ocrx_word' id='word_1_322' title='bbox 1608 2743 1838 2790; x_wconf 83' lang='lat' dir='ltr'><strong>nostrum</strong></span> 
     </span>
    </p>
   </div>
   <div class='ocr_carea' id='block_1_46' title="bbox 268 2804 1834 2883">
    <p class='ocr_par' dir='ltr' id='par_1_46' title="bbox 268 2804 1834 2883">
     <span class='ocr_line' id='line_1_46' title="bbox 268 2804 1834 2883; baseline -0.004 -15"><span class='ocrx_word' id='word_1_323' title='bbox 268 2821 387 2868; x_wconf 74' lang='grc' dir='ltr'><strong>ωσι.</strong></span> <span class='ocrx_word' id='word_1_324' title='bbox 417 2812 670 2883; x_wconf 85' lang='lat' dir='ltr'><strong>explicat.</strong></span> <span class='ocrx_word' id='word_1_325' title='bbox 699 2809 938 2883; x_wconf 74' lang='lat' dir='ltr'><strong>Primum</strong></span> <span class='ocrx_word' id='word_1_326' title='bbox 963 2810 1032 2868; x_wconf 88' lang='lat' dir='ltr'><strong>de</strong></span> <span class='ocrx_word' id='word_1_327' title='bbox 1058 2821 1195 2880; x_wconf 85' lang='lat' dir='ltr'><strong>pane</strong></span> <span class='ocrx_word' id='word_1_328' title='bbox 1223 2809 1518 2883; x_wconf 84' lang='lat' dir='ltr'><strong>communi,</strong></span> <span class='ocrx_word' id='word_1_329' title='bbox 1547 2805 1741 2863; x_wconf 88' lang='lat' dir='ltr'><strong>deinde</strong></span> <span class='ocrx_word' id='word_1_330' title='bbox 1766 2804 1834 2883; x_wconf 79' lang='lat' dir='ltr'><strong>de</strong></span> 
     </span>
    </p>
   </div>
   <div class='ocr_carea' id='block_1_47' title="bbox 230 2831 1835 2956">
    <p class='ocr_par' dir='ltr' id='par_1_47' title="bbox 230 2831 1835 2956">
     <span class='ocr_line' id='line_1_47' title="bbox 268 2831 1834 2883; baseline -0.004 -15"><span class='ocrx_word' id='word_1_331' title='bbox 268 2831 387 2868; x_wconf 69' lang='grc' dir='ltr'><strong>τισι.</strong></span> <span class='ocrx_word' id='word_1_332' title='bbox 417 2831 670 2883; x_wconf 76' lang='lat' dir='ltr'><strong>explicat.</strong></span> <span class='ocrx_word' id='word_1_333' title='bbox 700 2831 938 2867; x_wconf 79' lang='lat' dir='ltr'><strong>rrtmum</strong></span> <span class='ocrx_word' id='word_1_334' title='bbox 963 2831 1032 2868; x_wconf 88' lang='lat' dir='ltr'><strong>ue</strong></span> <span class='ocrx_word' id='word_1_335' title='bbox 1058 2831 1195 2880; x_wconf 76' lang='lat' dir='ltr'><strong>pauc</strong></span> <span class='ocrx_word' id='word_1_336' title='bbox 1223 2831 1518 2876; x_wconf 80' lang='lat' dir='ltr'><strong>cuuuuunt,</strong></span> <span class='ocrx_word' id='word_1_337' title='bbox 1547 2831 1741 2863; x_wconf 80' lang='lat' dir='ltr'><strong>uetnue</strong></span> <span class='ocrx_word' id='word_1_338' title='bbox 1766 2831 1834 2862; x_wconf 78' lang='lat' dir='ltr'><strong>ue</strong></span> 
     </span>
     <span class='ocr_line' id='line_1_48' title="bbox 230 2831 1835 2956; baseline -0.006 -14"><span class='ocrx_word' id='word_1_339' title='bbox 230 2831 296 2942; x_wconf 49' lang='lat' dir='ltr'><strong>El</strong></span> <span class='ocrx_word' id='word_1_340' title='bbox 311 2885 459 2940; x_wconf 85' lang='lat' dir='ltr'><strong>tristo</strong></span> <span class='ocrx_word' id='word_1_341' title='bbox 481 2886 571 2956; x_wconf 89' lang='lat' dir='ltr'><strong>qui</strong></span> <span class='ocrx_word' id='word_1_342' title='bbox 595 2880 928 2956; x_wconf 82' lang='lat' dir='ltr'><strong>credentium</strong></span> <span class='ocrx_word' id='word_1_343' title='bbox 949 2879 1430 2956; x_wconf 83' lang='lat' dir='ltr'><strong>verus_est_pat_tis_:</strong></span> <span class='ocrx_word' id='word_1_344' title='bbox 1454 2888 1726 2956; x_wconf 79' lang='lat' dir='ltr'><strong>postremo</strong></span> <span class='ocrx_word' id='word_1_345' title='bbox 1767 2877 1835 2956; x_wconf 90' lang='lat' dir='ltr'><strong>d_e</strong></span> 
     </span>
    </p>
   </div>
   <div class='ocr_carea' id='block_1_48' title="bbox 235 2947 1836 3028">
    <p class='ocr_par' dir='ltr' id='par_1_48' title="bbox 235 2947 1836 3028">
     <span class='ocr_line' id='line_1_49' title="bbox 235 2947 1836 3028; baseline -0.006 -15"><span class='ocrx_word' id='word_1_346' title='bbox 235 2970 474 3028; x_wconf 89' lang='lat' dir='ltr'><strong>corpore</strong></span> <span class='ocrx_word' id='word_1_347' title='bbox 492 2947 693 3012; x_wconf 78' lang='lat' dir='ltr'><strong>Christi</strong></span> <span class='ocrx_word' id='word_1_348' title='bbox 715 2952 1009 3028; x_wconf 64' lang='lat' dir='ltr'><strong>quodest</strong></span> <span class='ocrx_word' id='word_1_349' title='bbox 1030 2955 1083 3008; x_wconf 89' lang='lat' dir='ltr'><strong>in</strong></span> <span class='ocrx_word' id='word_1_350' title='bbox 1108 2948 1441 3028; x_wconf 84' lang='lat' dir='ltr'><strong>Eucharistia</strong></span> <span class='ocrx_word' id='word_1_351' title='bbox 1455 2947 1568 3028; x_wconf 66' lang='lat' dir='ltr'><strong>&#39;ubi</strong></span> <span class='ocrx_word' id='word_1_352' title='bbox 1594 2947 1836 3028; x_wconf 77' lang='lat' dir='ltr'><strong>animad-</strong></span> 
     </span>
    </p>
   </div>
   <div class='ocr_carea' id='block_1_49' title="bbox 235 3019 1835 3084">
    <p class='ocr_par' dir='ltr' id='par_1_49' title="bbox 235 3019 1835 3084">
     <span class='ocr_line' id='line_1_50' title="bbox 235 3019 1835 3084; baseline -0.006 0"><span class='ocrx_word' id='word_1_353' title='bbox 235 3019 564 3084; x_wconf 80' lang='lat' dir='ltr'><strong>vcriendum</strong></span> <span class='ocrx_word' id='word_1_354' title='bbox 590 3037 674 3084; x_wconf 89' lang='lat' dir='ltr'><strong>est</strong></span> <span class='ocrx_word' id='word_1_355' title='bbox 701 3019 824 3082; x_wconf 77' lang='lat' dir='ltr'><strong>eum</strong></span> <span class='ocrx_word' id='word_1_356' title='bbox 849 3025 1140 3082; x_wconf 86' lang='lat' dir='ltr'><strong>discrimen</strong></span> <span class='ocrx_word' id='word_1_357' title='bbox 1179 3022 1508 3079; x_wconf 85' lang='lat' dir='ltr'><strong>constituere</strong></span> <span class='ocrx_word' id='word_1_358' title='bbox 1557 3021 1696 3077; x_wconf 90' lang='lat' dir='ltr'><strong>inter</strong></span> <span class='ocrx_word' id='word_1_359' title='bbox 1746 3019 1835 3076; x_wconf 80' lang='lat' dir='ltr'><strong>Je-</strong></span> 
     </span>
    </p>
   </div>
   <div class='ocr_carea' id='block_1_50' title="bbox 239 3090 1834 3171">
    <p class='ocr_par' dir='ltr' id='par_1_50' title="bbox 239 3090 1834 3171">
     <span class='ocr_line' id='line_1_51' title="bbox 239 3090 1834 3171; baseline -0.006 -16"><span class='ocrx_word' id='word_1_360' title='bbox 239 3114 387 3167; x_wconf 84' lang='lat' dir='ltr'><strong>snm,</strong></span> <span class='ocrx_word' id='word_1_361' title='bbox 409 3109 671 3171; x_wconf 84' lang='lat' dir='ltr'><strong>quatenus</strong></span> <span class='ocrx_word' id='word_1_362' title='bbox 700 3095 889 3171; x_wconf 69' lang='lat' dir='ltr'><strong>ﬁdeles</strong></span> <span class='ocrx_word' id='word_1_363' title='bbox 913 3105 967 3171; x_wconf 78' lang='lat' dir='ltr'><strong>et</strong></span> <span class='ocrx_word' id='word_1_364' title='bbox 984 3095 1270 3171; x_wconf 81' lang='lat' dir='ltr'><strong>credentes</strong></span> <span class='ocrx_word' id='word_1_365' title='bbox 1295 3095 1564 3171; x_wconf 69' lang='lat' dir='ltr'><strong>nutrit,_et</strong></span> <span class='ocrx_word' id='word_1_366' title='bbox 1582 3090 1834 3171; x_wconf 76' lang='lat' dir='ltr'><strong>eumdem</strong></span> 
     </span>
    </p>
   </div>
   <div class='ocr_carea' id='block_1_51' title="bbox 243 3163 1836 3240">
    <p class='ocr_par' dir='ltr' id='par_1_51' title="bbox 243 3163 1836 3240">
     <span class='ocr_line' id='line_1_52' title="bbox 243 3163 1836 3240; baseline -0.006 -14"><span class='ocrx_word' id='word_1_367' title='bbox 243 3163 632 3240; x_wconf 71' lang='lat' dir='ltr'><strong>ipsum&#39;lesum</strong></span> <span class='ocrx_word' id='word_1_368' title='bbox 652 3171 706 3226; x_wconf 91' lang='lat' dir='ltr'><strong>in</strong></span> <span class='ocrx_word' id='word_1_369' title='bbox 733 3167 1068 3240; x_wconf 81' lang='lat' dir='ltr'><strong>Eucharistia</strong></span> <span class='ocrx_word' id='word_1_370' title='bbox 1095 3166 1437 3240; x_wconf 85' lang='lat' dir='ltr'><strong>existentem.</strong></span> <span class='ocrx_word' id='word_1_371' title='bbox 1468 3164 1602 3221; x_wconf 85' lang='lat' dir='ltr'><strong>Nam</strong></span> <span class='ocrx_word' id='word_1_372' title='bbox 1618 3163 1717 3240; x_wconf 77' lang='lat' dir='ltr'><strong>ubi</strong></span> <span class='ocrx_word' id='word_1_373' title='bbox 1741 3177 1836 3218; x_wconf 88' lang='lat' dir='ltr'><strong>ex-</strong></span> 
     </span>
    </p>
   </div>
   <div class='ocr_carea' id='block_1_52' title="bbox 244 3235 1908 3322">
    <p class='ocr_par' dir='ltr' id='par_1_52' title="bbox 244 3235 1908 3322">
     <span class='ocr_line' id='line_1_53' title="bbox 244 3235 1908 3322; baseline -0.004 -28"><span class='ocrx_word' id='word_1_374' title='bbox 244 3235 447 3322; x_wconf 77' lang='lat' dir='ltr'><strong>posnit,</strong></span> <span class='ocrx_word' id='word_1_375' title='bbox 477 3241 824 3322; x_wconf 82' lang='lat' dir='ltr'><strong>quamobrem</strong></span> <span class='ocrx_word' id='word_1_376' title='bbox 852 3238 1006 3295; x_wconf 82' lang='lat' dir='ltr'><strong>Jesus</strong></span> <span class='ocrx_word' id='word_1_377' title='bbox 1033 3239 1190 3322; x_wconf 81' lang='lat' dir='ltr'><strong>panis</strong></span> <span class='ocrx_word' id='word_1_378' title='bbox 1214 3236 1295 3322; x_wconf 74' lang='lat' dir='ltr'><strong>sit</strong></span> <span class='ocrx_word' id='word_1_379' title='bbox 1316 3251 1512 3322; x_wconf 63' lang='lat' dir='ltr'><strong>eorum</strong></span> <span class='ocrx_word' id='word_1_380' title='bbox 1544 3235 1642 3322; x_wconf 87' lang='lat' dir='ltr'><strong>qui</strong></span> <span class='ocrx_word' id='word_1_381' title='bbox 1660 3236 1832 3322; x_wconf 56' lang='lat' dir='ltr'><strong>ipsum</strong></span> <span class='ocrx_word' id='word_1_382' title='bbox 1862 3258 1908 3322; x_wconf 70' lang='grc' dir='ltr'>ρ</span> 
     </span>
    </p>
   </div>
   <div class='ocr_carea' id='block_1_53' title="bbox 246 3303 1837 3380">
    <p class='ocr_par' dir='ltr' id='par_1_53' title="bbox 246 3303 1837 3380">
     <span class='ocr_line' id='line_1_54' title="bbox 246 3303 1837 3380; baseline -0.006 -14"><span class='ocrx_word' id='word_1_383' title='bbox 246 3303 573 3367; x_wconf 69' lang='grc' dir='ltr'><strong>ἱοοιιῆιέηἱιιι-</strong></span> <span class='ocrx_word' id='word_1_384' title='bbox 599 3321 759 3380; x_wconf 87' lang='lat' dir='ltr'><strong>atque</strong></span> <span class='ocrx_word' id='word_1_385' title='bbox 786 3311 841 3365; x_wconf 91' lang='lat' dir='ltr'><strong>in</strong></span> <span class='ocrx_word' id='word_1_386' title='bbox 864 3325 986 3365; x_wconf 91' lang='lat' dir='ltr'><strong>eum</strong></span> <span class='ocrx_word' id='word_1_387' title='bbox 1007 3303 1256 3374; x_wconf 79' lang='lat' dir='ltr'><strong>credunt,</strong></span> <span class='ocrx_word' id='word_1_388' title='bbox 1283 3307 1448 3380; x_wconf 86' lang='lat' dir='ltr'><strong>alium</strong></span> <span class='ocrx_word' id='word_1_389' title='bbox 1466 3303 1655 3380; x_wconf 53' lang='lat' dir='ltr'><strong>{ursus</strong></span> <span class='ocrx_word' id='word_1_390' title='bbox 1677 3303 1837 3380; x_wconf 78' lang='lat' dir='ltr'><strong>aﬁ‘ert</strong></span> 
     </span>
    </p>
   </div>
   <div class='ocr_carea' id='block_1_54' title="bbox 247 3377 1838 3454">
    <p class='ocr_par' dir='ltr' id='par_1_54' title="bbox 247 3377 1838 3454">
     <span class='ocr_line' id='line_1_55' title="bbox 247 3377 1838 3454; baseline -0.006 -15"><span class='ocrx_word' id='word_1_391' title='bbox 247 3383 470 3439; x_wconf 88' lang='lat' dir='ltr'><strong>modum</strong></span> <span class='ocrx_word' id='word_1_392' title='bbox 497 3397 621 3454; x_wconf 89' lang='lat' dir='ltr'><strong>quo</strong></span> <span class='ocrx_word' id='word_1_393' title='bbox 640 3377 870 3454; x_wconf 82' lang='lat' dir='ltr'><strong>ipsemet</strong></span> <span class='ocrx_word' id='word_1_394' title='bbox 895 3380 1145 3454; x_wconf 76' lang='lat' dir='ltr'><strong>Christus</strong></span> <span class='ocrx_word' id='word_1_395' title='bbox 1153 3389 1213 3454; x_wconf 80' lang='lat' dir='ltr'><strong>et</strong></span> <span class='ocrx_word' id='word_1_396' title='bbox 1242 3377 1415 3454; x_wconf 69' lang='lat' dir='ltr'><strong>panis.</strong></span> <span class='ocrx_word' id='word_1_397' title='bbox 1438 3449 1451 3454; x_wconf 92' lang='lat'>_</span> <span class='ocrx_word' id='word_1_398' title='bbox 1470 3377 1654 3454; x_wconf 78' lang='lat' dir='ltr'><strong>Itaque</strong></span> <span class='ocrx_word' id='word_1_399' title='bbox 1702 3377 1838 3454; x_wconf 80' lang='lat' dir='ltr'><strong>duos</strong></span> 
     </span>
    </p>
   </div>
   <div class='ocr_carea' id='block_1_55' title="bbox 251 3446 1840 3537">
    <p class='ocr_par' dir='ltr' id='par_1_55' title="bbox 251 3446 1840 3537">
     <span class='ocr_line' id='line_1_56' title="bbox 251 3446 1840 3537; baseline 0 0"><span class='ocrx_word' id='word_1_400' title='bbox 251 3454 378 3537; x_wconf 62' lang='lat' dir='ltr'><strong>suos</strong></span> <span class='ocrx_word' id='word_1_401' title='bbox 403 3446 572 3537; x_wconf 69' lang='lat' dir='ltr'><strong>ianés</strong></span> <span class='ocrx_word' id='word_1_402' title='bbox 595 3446 1696 3537; x_wconf 50' lang='lat' dir='ltr'><strong>anticemqiaaedtarteriasue</strong></span> <span class='ocrx_word' id='word_1_403' title='bbox 1728 3446 1840 3537; x_wconf 60' lang='lat' dir='ltr'><strong>es:</strong></span> 
     </span>
    </p>
   </div>
   <div class='ocr_carea' id='block_1_56' title="bbox 250 3515 1841 3595">
    <p class='ocr_par' dir='ltr' id='par_1_56' title="bbox 250 3515 1841 3595">
     <span class='ocr_line' id='line_1_57' title="bbox 250 3515 1841 3595; baseline -0.007 -14"><span class='ocrx_word' id='word_1_404' title='bbox 250 3515 466 3595; x_wconf 83' lang='lat' dir='ltr'><strong>tinguit,</strong></span> <span class='ocrx_word' id='word_1_405' title='bbox 488 3523 629 3595; x_wconf 90' lang='lat' dir='ltr'><strong>quod</strong></span> <span class='ocrx_word' id='word_1_406' title='bbox 654 3515 828 3595; x_wconf 77' lang='lat' dir='ltr'><strong>facere</strong></span> <span class='ocrx_word' id='word_1_407' title='bbox 855 3515 984 3595; x_wconf 79' lang='lat' dir='ltr'><strong>nihil</strong></span> <span class='ocrx_word' id='word_1_408' title='bbox 1006 3520 1103 3576; x_wconf 83' lang='lat' dir='ltr'><strong>luit</strong></span> <span class='ocrx_word' id='word_1_409' title='bbox 1121 3528 1366 3595; x_wconf 85' lang='lat' dir='ltr'><strong>necesse,</strong></span> <span class='ocrx_word' id='word_1_410' title='bbox 1390 3520 1434 3574; x_wconf 89' lang='lat' dir='ltr'><strong>si</strong></span> <span class='ocrx_word' id='word_1_411' title='bbox 1458 3519 1701 3595; x_wconf 71' lang='lat' dir='ltr'><strong>Christus</strong></span> <span class='ocrx_word' id='word_1_412' title='bbox 1726 3515 1841 3595; x_wconf 79' lang='lat' dir='ltr'><strong>soia</strong></span> 
     </span>
    </p>
   </div>
   <div class='ocr_carea' id='block_1_57' title="bbox 251 3588 1844 3662">
    <p class='ocr_par' dir='ltr' id='par_1_57' title="bbox 251 3588 1844 3662">
     <span class='ocr_line' id='line_1_58' title="bbox 251 3588 1844 3662; baseline -0.007 -9"><span class='ocrx_word' id='word_1_413' title='bbox 251 3588 364 3653; x_wconf 70' lang='lat' dir='ltr'><strong>title</strong></span> <span class='ocrx_word' id='word_1_414' title='bbox 390 3588 462 3652; x_wconf 21' lang='lat' dir='ltr'><strong>ini</strong></span> <span class='ocrx_word' id='word_1_415' title='bbox 480 3588 821 3652; x_wconf 82' lang='lat' dir='ltr'><strong>Eucharistia</strong></span> <span class='ocrx_word' id='word_1_416' title='bbox 846 3594 1096 3660; x_wconf 86' lang='lat' dir='ltr'><strong>sumitur,</strong></span> <span class='ocrx_word' id='word_1_417' title='bbox 1121 3591 1566 3662; x_wconf 87' lang='lat' dir='ltr'><strong>quemadmodum</strong></span> <span class='ocrx_word' id='word_1_418' title='bbox 1597 3589 1708 3644; x_wconf 89' lang='lat' dir='ltr'><strong>sola</strong></span> <span class='ocrx_word' id='word_1_419' title='bbox 1739 3588 1844 3643; x_wconf 90' lang='lat' dir='ltr'><strong>lide</strong></span> 
     </span>
    </p>
   </div>
   <div class='ocr_carea' id='block_1_58' title="bbox 252 3662 1845 3736">
    <p class='ocr_par' dir='ltr' id='par_1_58' title="bbox 252 3662 1845 3736">
     <span class='ocr_line' id='line_1_59' title="bbox 252 3662 1845 3736; baseline -0.005 -12"><span class='ocrx_word' id='word_1_420' title='bbox 252 3669 326 3724; x_wconf 84' lang='lat' dir='ltr'><strong>ab</strong></span> <span class='ocrx_word' id='word_1_421' title='bbox 353 3668 419 3723; x_wconf 89' lang='lat' dir='ltr'><strong>iis</strong></span> <span class='ocrx_word' id='word_1_422' title='bbox 463 3667 708 3733; x_wconf 88' lang='lat' dir='ltr'><strong>sumitur,</strong></span> <span class='ocrx_word' id='word_1_423' title='bbox 754 3665 924 3736; x_wconf 89' lang='lat' dir='ltr'><strong>quiin</strong></span> <span class='ocrx_word' id='word_1_424' title='bbox 951 3679 1075 3720; x_wconf 87' lang='lat' dir='ltr'><strong>eum</strong></span> <span class='ocrx_word' id='word_1_425' title='bbox 1103 3665 1326 3736; x_wconf 79' lang='lat' dir='ltr'><strong>ejusque</strong></span> <span class='ocrx_word' id='word_1_426' title='bbox 1355 3662 1702 3736; x_wconf 84' lang='lat' dir='ltr'><strong>Evangelium</strong></span> <span class='ocrx_word' id='word_1_427' title='bbox 1728 3675 1845 3716; x_wconf 88' lang='lat' dir='ltr'><strong>cre-</strong></span> 
     </span>
    </p>
   </div>
   <div class='ocr_carea' id='block_1_59' title="bbox 252 3731 1848 3808">
    <p class='ocr_par' dir='ltr' id='par_1_59' title="bbox 252 3731 1848 3808">
     <span class='ocr_line' id='line_1_60' title="bbox 252 3731 1848 3808; baseline -0.007 -12"><span class='ocrx_word' id='word_1_428' title='bbox 252 3740 414 3796; x_wconf 89' lang='lat' dir='ltr'><strong>dunt.</strong></span> <span class='ocrx_word' id='word_1_429' title='bbox 438 3731 704 3795; x_wconf 63' lang='lat' dir='ltr'><strong>Praeterea</strong></span> <span class='ocrx_word' id='word_1_430' title='bbox 735 3731 970 3808; x_wconf 82' lang='lat' dir='ltr'><strong>loquitur</strong></span> <span class='ocrx_word' id='word_1_431' title='bbox 994 3744 1052 3791; x_wconf 92' lang='lat' dir='ltr'><strong>ut</strong></span> <span class='ocrx_word' id='word_1_432' title='bbox 1074 3731 1364 3808; x_wconf 83' lang='lat' dir='ltr'><strong>plurimum</strong></span> <span class='ocrx_word' id='word_1_433' title='bbox 1387 3731 1567 3808; x_wconf 64' lang='lat' dir='ltr'><strong>V¢I_&#39;DIS</strong></span> <span class='ocrx_word' id='word_1_434' title='bbox 1582 3731 1848 3804; x_wconf 73' lang='lat' dir='ltr'><strong>iuriscon-</strong></span> 
     </span>
    </p>
   </div>
   <div class='ocr_carea' id='block_1_60' title="bbox 252 3804 1854 3881">
    <p class='ocr_par' dir='ltr' id='par_1_60' title="bbox 252 3804 1854 3881">
     <span class='ocr_line' id='line_1_61' title="bbox 252 3804 1854 3881; baseline -0.006 -12"><span class='ocrx_word' id='word_1_435' title='bbox 252 3812 520 3869; x_wconf 82' lang='lat' dir='ltr'><strong>sultorum</strong></span> <span class='ocrx_word' id='word_1_436' title='bbox 549 3804 972 3881; x_wconf 49' lang='lat' dir='ltr'><strong>propriisfapud</strong></span> <span class='ocrx_word' id='word_1_437' title='bbox 1003 3804 1138 3881; x_wconf 69' lang='lat' dir='ltr'><strong>quiis</strong></span> <span class='ocrx_word' id='word_1_438' title='bbox 1164 3815 1393 3862; x_wconf 84' lang='lat' dir='ltr'><strong>censetur</strong></span> <span class='ocrx_word' id='word_1_439' title='bbox 1430 3804 1588 3860; x_wconf 85' lang='lat' dir='ltr'><strong>idem</strong></span> <span class='ocrx_word' id='word_1_440' title='bbox 1613 3811 1769 3881; x_wconf 69' lang='lat' dir='ltr'><strong>sonat</strong></span> <span class='ocrx_word' id='word_1_441' title='bbox 1790 3816 1854 3881; x_wconf 81' lang='lat' dir='ltr'><strong>ac</strong></span> 
     </span>
    </p>
   </div>
   <div class='ocr_carea' id='block_1_61' title="bbox 255 3874 1853 3950">
    <p class='ocr_par' dir='ltr' id='par_1_61' title="bbox 255 3874 1853 3950">
     <span class='ocr_line' id='line_1_62' title="bbox 255 3874 1853 3950; baseline -0.008 -11"><span class='ocrx_word' id='word_1_442' title='bbox 255 3894 355 3939; x_wconf 83' lang='lat' dir='ltr'><strong>est.</strong></span> <span class='ocrx_word' id='word_1_443' title='bbox 404 3874 632 3938; x_wconf 76' lang='lat' dir='ltr'><strong>Amsr.</strong></span> <span class='ocrx_word' id='word_1_444' title='bbox 653 3874 940 3950; x_wconf 56' lang='lat' dir='ltr'><strong>l—Cbrp&#39;us</strong></span> <span class='ocrx_word' id='word_1_445' title='bbox 969 3874 1078 3949; x_wconf 76' lang='lat' dir='ltr'><strong>ejus</strong></span> <span class='ocrx_word' id='word_1_446' title='bbox 1114 3880 1167 3933; x_wconf 85' lang='lat' dir='ltr'><strong>in</strong></span> <span class='ocrx_word' id='word_1_447' title='bbox 1189 3893 1323 3950; x_wconf 89' lang='lat' dir='ltr'><strong>pane</strong></span> <span class='ocrx_word' id='word_1_448' title='bbox 1357 3886 1606 3950; x_wconf 65' lang='lat' dir='ltr'><strong>censetur.</strong></span> <span class='ocrx_word' id='word_1_449' title='bbox 1636 3874 1757 3950; x_wconf 81' lang='lat' dir='ltr'><strong>Ipse</strong></span> <span class='ocrx_word' id='word_1_450' title='bbox 1803 3875 1853 3928; x_wconf 93' lang='lat' dir='ltr'><strong>in</strong></span> 
     </span>
    </p>
   </div>
   <div class='ocr_carea' id='block_1_62' title="bbox 252 3946 1855 4020">
    <p class='ocr_par' dir='ltr' id='par_1_62' title="bbox 252 3946 1855 4020">
     <span class='ocr_line' id='line_1_63' title="bbox 252 3946 1855 4020; baseline -0.007 -10"><span class='ocrx_word' id='word_1_451' title='bbox 252 3957 505 4010; x_wconf 86' lang='lat' dir='ltr'><strong>eamdem</strong></span> <span class='ocrx_word' id='word_1_452' title='bbox 530 3946 855 4008; x_wconf 83' lang='lat' dir='ltr'><strong>sententiam</strong></span> <span class='ocrx_word' id='word_1_453' title='bbox 874 3946 1108 4020; x_wconf 87' lang='lat' dir='ltr'><strong>explicat</strong></span> <span class='ocrx_word' id='word_1_454' title='bbox 1147 3946 1326 4005; x_wconf 78' lang='lat' dir='ltr'><strong>locum</strong></span> <span class='ocrx_word' id='word_1_455' title='bbox 1354 3964 1421 4005; x_wconf 88' lang='lat' dir='ltr'><strong>ex</strong></span> <span class='ocrx_word' id='word_1_456' title='bbox 1455 3946 1705 4020; x_wconf 77' lang='lat' dir='ltr'><strong>Jeremiae</strong></span> <span class='ocrx_word' id='word_1_457' title='bbox 1733 3961 1855 4020; x_wconf 86' lang='lat' dir='ltr'><strong>pro-</strong></span> 
     </span>
    </p>
   </div>
   <div class='ocr_carea' id='block_1_63' title="bbox 258 4017 1860 4097">
    <p class='ocr_par' dir='ltr' id='par_1_63' title="bbox 258 4017 1860 4097">
     <span class='ocr_line' id='line_1_64' title="bbox 258 4017 1860 4097; baseline -0.005 -18"><span class='ocrx_word' id='word_1_458' title='bbox 258 4025 476 4097; x_wconf 64' lang='lat' dir='ltr'><strong>phetia,</strong></span> <span class='ocrx_word' id='word_1_459' title='bbox 513 4023 635 4097; x_wconf 62' lang='lat' dir='ltr'><strong>Veni</strong></span> <span class='ocrx_word' id='word_1_460' title='bbox 663 4024 921 4097; x_wconf 47' lang='lat' dir='ltr'><strong>ruinaque</strong></span> <span class='ocrx_word' id='word_1_461' title='bbox 947 4017 1146 4097; x_wconf 63' lang='lat' dir='ltr'><strong>lignum</strong></span> <span class='ocrx_word' id='word_1_462' title='bbox 1171 4021 1242 4097; x_wconf 78' lang='lat' dir='ltr'><strong>in_</strong></span> <span class='ocrx_word' id='word_1_463' title='bbox 1255 4035 1438 4097; x_wconf 85' lang='lat' dir='ltr'><strong>panem</strong></span> <span class='ocrx_word' id='word_1_464' title='bbox 1482 4019 1609 4089; x_wconf 87' lang='lat' dir='ltr'><strong>ejus,</strong></span> <span class='ocrx_word' id='word_1_465' title='bbox 1765 4019 1860 4097; x_wconf 63' lang='lat' dir='ltr'><strong>aii-</strong></span> 
     </span>
    </p>
   </div>
   <div class='ocr_carea' id='block_1_64' title="bbox 259 4086 1857 4157">
    <p class='ocr_par' dir='ltr' id='par_1_64' title="bbox 259 4086 1857 4157">
     <span class='ocr_line' id='line_1_65' title="bbox 259 4086 1857 4157; baseline -0.004 -7"><span class='ocrx_word' id='word_1_466' title='bbox 259 4086 408 4152; x_wconf 66' lang='lat' dir='ltr'><strong>vers.</strong></span> <span class='ocrx_word' id='word_1_467' title='bbox 447 4086 596 4157; x_wconf 78' lang='lat' dir='ltr'><strong>Jud..</strong></span> <span class='ocrx_word' id='word_1_468' title='bbox 641 4102 698 4151; x_wconf 90' lang='lat' dir='ltr'><strong>et</strong></span> <span class='ocrx_word' id='word_1_469' title='bbox 722 4093 814 4150; x_wconf 90' lang='lat' dir='ltr'><strong>lib.</strong></span> <span class='ocrx_word' id='word_1_470' title='bbox 850 4093 918 4149; x_wconf 93' lang='lat' dir='ltr'><strong>Ill</strong></span> <span class='ocrx_word' id='word_1_471' title='bbox 955 4086 1168 4149; x_wconf 75' lang='lat' dir='ltr'><strong>advers.</strong></span> <span class='ocrx_word' id='word_1_472' title='bbox 1198 4086 1544 4154; x_wconf 81' lang='lat' dir='ltr'><strong>Marcionem,</strong></span> <span class='ocrx_word' id='word_1_473' title='bbox 1569 4101 1624 4146; x_wconf 87' lang='lat' dir='ltr'><strong>et</strong></span> <span class='ocrx_word' id='word_1_474' title='bbox 1651 4089 1742 4144; x_wconf 92' lang='lat' dir='ltr'><strong>lib.</strong></span> <span class='ocrx_word' id='word_1_475' title='bbox 1768 4086 1857 4143; x_wconf 86' lang='lat' dir='ltr'><strong>IV.</strong></span> 
     </span>
    </p>
   </div>
   <div class='ocr_carea' id='block_1_65' title="bbox 254 4160 1860 4236">
    <p class='ocr_par' dir='ltr' id='par_1_65' title="bbox 254 4160 1860 4236">
     <span class='ocr_line' id='line_1_66' title="bbox 254 4160 1860 4236; baseline -0.007 -12"><span class='ocrx_word' id='word_1_476' title='bbox 254 4169 353 4224; x_wconf 90' lang='lat' dir='ltr'><strong>Sic</strong></span> <span class='ocrx_word' id='word_1_477' title='bbox 366 4168 526 4224; x_wconf 91' lang='lat' dir='ltr'><strong>etiam</strong></span> <span class='ocrx_word' id='word_1_478' title='bbox 553 4167 674 4223; x_wconf 88' lang='lat' dir='ltr'><strong>libr.</strong></span> <span class='ocrx_word' id='word_1_479' title='bbox 697 4165 766 4222; x_wconf 88' lang='lat' dir='ltr'><strong>de</strong></span> <span class='ocrx_word' id='word_1_480' title='bbox 786 4165 979 4222; x_wconf 81' lang='lat' dir='ltr'><strong>Resur.</strong></span> <span class='ocrx_word' id='word_1_481' title='bbox 1002 4164 1200 4228; x_wconf 77' lang='lat' dir='ltr'><strong>carnis,</strong></span> <span class='ocrx_word' id='word_1_482' title='bbox 1224 4178 1344 4236; x_wconf 87' lang='lat' dir='ltr'><strong>pag.</strong></span> <span class='ocrx_word' id='word_1_483' title='bbox 1367 4162 1477 4236; x_wconf 77' lang='lat'><strong>585</strong></span> <span class='ocrx_word' id='word_1_484' title='bbox 1495 4160 1653 4236; x_wconf 74' lang='lat' dir='ltr'><strong>:Caro</strong></span> <span class='ocrx_word' id='word_1_485' title='bbox 1673 4175 1860 4230; x_wconf 84' lang='lat' dir='ltr'><strong>corpo-</strong></span> 
     </span>
    </p>
   </div>
   <div class='ocr_carea' id='block_1_66' title="bbox 259 4233 1864 4311">
    <p class='ocr_par' dir='ltr' id='par_1_66' title="bbox 259 4233 1864 4311">
     <span class='ocr_line' id='line_1_67' title="bbox 259 4233 1864 4311; baseline -0.004 -17"><span class='ocrx_word' id='word_1_486' title='bbox 259 4255 321 4294; x_wconf 88' lang='lat' dir='ltr'><strong>re</strong></span> <span class='ocrx_word' id='word_1_487' title='bbox 337 4251 382 4294; x_wconf 93' lang='lat' dir='ltr'><strong>et</strong></span> <span class='ocrx_word' id='word_1_488' title='bbox 405 4240 652 4311; x_wconf 86' lang='lat' dir='ltr'><strong>sanguine</strong></span> <span class='ocrx_word' id='word_1_489' title='bbox 662 4236 850 4311; x_wconf 71' lang='lat' dir='ltr'><strong>Christi</strong></span> <span class='ocrx_word' id='word_1_490' title='bbox 866 4237 1098 4301; x_wconf 81' lang='lat' dir='ltr'><strong>uescitur,</strong></span> <span class='ocrx_word' id='word_1_491' title='bbox 1113 4245 1168 4290; x_wconf 89' lang='lat' dir='ltr'><strong>ut</strong></span> <span class='ocrx_word' id='word_1_492' title='bbox 1188 4233 1241 4291; x_wconf 76' lang='lat' dir='ltr'><strong>ei</strong></span> <span class='ocrx_word' id='word_1_493' title='bbox 1258 4233 1432 4311; x_wconf 64' lang='lat' dir='ltr'><strong>quinta</strong></span> <span class='ocrx_word' id='word_1_494' title='bbox 1447 4235 1510 4288; x_wconf 91' lang='lat' dir='ltr'><strong>de</strong></span> <span class='ocrx_word' id='word_1_495' title='bbox 1527 4233 1635 4311; x_wconf 85' lang='lat' dir='ltr'><strong>D_eo</strong></span> <span class='ocrx_word' id='word_1_496' title='bbox 1645 4235 1833 4311; x_wconf 78' lang='lat' dir='ltr'><strong>_sagine</strong></span> <span class='ocrx_word' id='word_1_497' title='bbox 1854 4268 1864 4280; x_wconf 89' lang='grc'><strong><em>-</em></strong></span> 
     </span>
    </p>
   </div>
   <div class='ocr_carea' id='block_1_67' title="bbox 261 4304 1862 4381">
    <p class='ocr_par' dir='ltr' id='par_1_67' title="bbox 261 4304 1862 4381">
     <span class='ocr_line' id='line_1_68' title="bbox 261 4304 1862 4381; baseline -0.004 -17"><span class='ocrx_word' id='word_1_498' title='bbox 261 4319 374 4367; x_wconf 86' lang='lat' dir='ltr'><strong>tur.</strong></span> <span class='ocrx_word' id='word_1_499' title='bbox 399 4304 626 4366; x_wconf 62' lang='lat' dir='ltr'><strong>Aw&#39;tsr.</strong></span> <span class='ocrx_word' id='word_1_500' title='bbox 647 4338 721 4351; x_wconf 91' lang='lat'><strong>—</strong></span> <span class='ocrx_word' id='word_1_501' title='bbox 747 4307 813 4364; x_wconf 81' lang='lat' dir='ltr'><strong>In</strong></span> <span class='ocrx_word' id='word_1_502' title='bbox 838 4324 970 4381; x_wconf 88' lang='lat' dir='ltr'><strong>pane</strong></span> <span class='ocrx_word' id='word_1_503' title='bbox 995 4316 1242 4363; x_wconf 85' lang='lat' dir='ltr'><strong>censetur.</strong></span> <span class='ocrx_word' id='word_1_504' title='bbox 1269 4307 1523 4364; x_wconf 88' lang='lat' dir='ltr'><strong>llabetur.</strong></span> <span class='ocrx_word' id='word_1_505' title='bbox 1551 4304 1617 4362; x_wconf 88' lang='lat' dir='ltr'><strong>G.</strong></span> <span class='ocrx_word' id='word_1_506' title='bbox 1641 4304 1862 4360; x_wconf 66' lang='lat' dir='ltr'><strong>Panem.</strong></span> 
     </span>
    </p>
   </div>
   <div class='ocr_carea' id='block_1_68' title="bbox 346 4397 1868 4526">
    <p class='ocr_par' dir='ltr' id='par_1_68' title="bbox 346 4397 1868 4526">
     <span class='ocr_line' id='line_1_69' title="bbox 346 4397 1868 4526; baseline -0.005 -68"><span class='ocrx_word' id='word_1_507' title='bbox 346 4403 424 4476; x_wconf 90' lang='lat' dir='ltr'><strong>(a)</strong></span> <span class='ocrx_word' id='word_1_508' title='bbox 485 4401 758 4461; x_wconf 82' lang='lat' dir='ltr'><strong>Parabolis</strong></span> <span class='ocrx_word' id='word_1_509' title='bbox 837 4412 1093 4459; x_wconf 87' lang='lat' dir='ltr'><strong>retractat.</strong></span> <span class='ocrx_word' id='word_1_510' title='bbox 1169 4401 1387 4457; x_wconf 85' lang='lat' dir='ltr'><strong>Tractat</strong></span> <span class='ocrx_word' id='word_1_511' title='bbox 1411 4409 1544 4526; x_wconf 69' lang='lat' dir='ltr'><strong>Getp</strong></span> <span class='ocrx_word' id='word_1_512' title='bbox 1564 4397 1868 4454; x_wconf 86' lang='lat' dir='ltr'><strong>conﬁrmat.</strong></span> 
     </span>
     <span class='ocr_line' id='line_1_70' title="bbox 1465 4485 1726 4526; baseline -0.011 0"><span class='ocrx_word' id='word_1_513' title='bbox 1465 4509 1479 4526; x_wconf 97' lang='lat'><strong>.</strong></span> <span class='ocrx_word' id='word_1_514' title='bbox 1549 4485 1726 4525; x_wconf 64' lang='lat' dir='ltr'><strong>suam.</strong></span> 
     </span>
    </p>
   </div>
   <div class='ocr_carea' id='block_1_69' title="bbox 1465 4485 1726 4527">
    <p class='ocr_par' dir='ltr' id='par_1_69' title="bbox 1465 4485 1726 4527">
     <span class='ocr_line' id='line_1_71' title="bbox 1465 4485 1726 4527; baseline -0.015 0"><span class='ocrx_word' id='word_1_515' title='bbox 1465 4509 1479 4527; x_wconf 80' lang='grc' dir='ltr'><strong>ο</strong></span> <span class='ocrx_word' id='word_1_516' title='bbox 1508 4485 1726 4525; x_wconf 74' lang='lat' dir='ltr'><strong>I’ANCIR.</strong></span> 
     </span>
    </p>
   </div>
   <div class='ocr_carea' id='block_1_70' title="bbox 347 4539 1872 4674">
    <p class='ocr_par' dir='ltr' id='par_1_70' title="bbox 347 4539 1872 4674">
     <span class='ocr_line' id='line_1_72' title="bbox 347 4539 1872 4617; baseline -0.005 -16"><span class='ocrx_word' id='word_1_517' title='bbox 347 4545 404 4614; x_wconf 75' lang='lat' dir='ltr'><strong>(li</strong></span> <span class='ocrx_word' id='word_1_518' title='bbox 457 4545 587 4602; x_wconf 87' lang='lat' dir='ltr'><strong>Cum</strong></span> <span class='ocrx_word' id='word_1_519' title='bbox 624 4544 780 4600; x_wconf 88' lang='lat' dir='ltr'><strong>dicit:</strong></span> <span class='ocrx_word' id='word_1_520' title='bbox 803 4543 1067 4615; x_wconf 79' lang='lat' dir='ltr'><strong>Numquid</strong></span> <span class='ocrx_word' id='word_1_521' title='bbox 1095 4559 1278 4617; x_wconf 88' lang='lat' dir='ltr'><strong>panem</strong></span> <span class='ocrx_word' id='word_1_522' title='bbox 1323 4542 1464 4612; x_wconf 79' lang='lat' dir='ltr'><strong>ﬁliis,</strong></span> <span class='ocrx_word' id='word_1_523' title='bbox 1483 4550 1590 4597; x_wconf 89' lang='lat' dir='ltr'><strong>etc.</strong></span> <span class='ocrx_word' id='word_1_524' title='bbox 1623 4539 1792 4595; x_wconf 89' lang='lat' dir='ltr'><strong>lntelli</strong></span> <span class='ocrx_word' id='word_1_525' title='bbox 1833 4540 1872 4594; x_wconf 90' lang='lat' dir='ltr'><strong>it</strong></span> 
     </span>
     <span class='ocr_line' id='line_1_73' title="bbox 351 4545 1865 4674; baseline -0.007 0"><span class='ocrx_word' id='word_1_526' title='bbox 351 4545 429 4674; x_wconf 56' lang='lat' dir='ltr'><strong>at}</strong></span> <span class='ocrx_word' id='word_1_527' title='bbox 463 4618 654 4674; x_wconf 67' lang='lat' dir='ltr'><strong>legitur</strong></span> <span class='ocrx_word' id='word_1_528' title='bbox 681 4619 733 4671; x_wconf 92' lang='lat' dir='ltr'><strong>in</strong></span> <span class='ocrx_word' id='word_1_529' title='bbox 753 4617 984 4671; x_wconf 73' lang='lat' dir='ltr'><strong>Matthtei</strong></span> <span class='ocrx_word' id='word_1_530' title='bbox 1035 4630 1156 4674; x_wconf 86' lang='lat' dir='ltr'><strong>cap.</strong></span> <span class='ocrx_word' id='word_1_531' title='bbox 1183 4613 1301 4674; x_wconf 80' lang='lat' dir='ltr'><strong>XV.</strong></span> <span class='ocrx_word' id='word_1_532' title='bbox 1327 4621 1382 4669; x_wconf 90' lang='lat' dir='ltr'><strong>et</strong></span> <span class='ocrx_word' id='word_1_533' title='bbox 1413 4613 1574 4668; x_wconf 85' lang='lat' dir='ltr'><strong>Marci</strong></span> <span class='ocrx_word' id='word_1_534' title='bbox 1608 4627 1729 4674; x_wconf 90' lang='lat' dir='ltr'><strong>cap.</strong></span> <span class='ocrx_word' id='word_1_535' title='bbox 1752 4555 1865 4674; x_wconf 63' lang='grc' dir='ltr'><strong>νῗι,</strong></span> 
     </span>
    </p>
   </div>
   <div class='ocr_carea' id='block_1_71' title="bbox 265 4609 1865 4692">
    <p class='ocr_par' dir='ltr' id='par_1_71' title="bbox 265 4609 1865 4692">
     <span class='ocr_line' id='line_1_74' title="bbox 265 4609 1865 4692; baseline -0.006 -18"><span class='ocrx_word' id='word_1_536' title='bbox 265 4609 423 4692; x_wconf 82' lang='lat' dir='ltr'><strong>quod</strong></span> <span class='ocrx_word' id='word_1_537' title='bbox 441 4618 654 4692; x_wconf 73' lang='lat' dir='ltr'><strong>legitur</strong></span> <span class='ocrx_word' id='word_1_538' title='bbox 681 4619 733 4671; x_wconf 91' lang='lat' dir='ltr'><strong>in</strong></span> <span class='ocrx_word' id='word_1_539' title='bbox 753 4609 984 4692; x_wconf 72' lang='lat' dir='ltr'><strong>Mattlitei</strong></span> <span class='ocrx_word' id='word_1_540' title='bbox 1035 4609 1156 4692; x_wconf 66' lang='lat' dir='ltr'><strong>cap.</strong></span> <span class='ocrx_word' id='word_1_541' title='bbox 1183 4613 1301 4692; x_wconf 73' lang='lat' dir='ltr'><strong>XV,</strong></span> <span class='ocrx_word' id='word_1_542' title='bbox 1324 4609 1382 4669; x_wconf 83' lang='lat' dir='ltr'><strong>et</strong></span> <span class='ocrx_word' id='word_1_543' title='bbox 1413 4613 1574 4692; x_wconf 63' lang='lat' dir='ltr'><strong>Merci</strong></span> <span class='ocrx_word' id='word_1_544' title='bbox 1608 4627 1729 4680; x_wconf 89' lang='lat' dir='ltr'><strong>cap.</strong></span> <span class='ocrx_word' id='word_1_545' title='bbox 1752 4609 1865 4678; x_wconf 89' lang='lat' dir='ltr'><strong>VII,</strong></span> 
     </span>
    </p>
   </div>
   <div class='ocr_carea' id='block_1_72' title="bbox 267 4683 1869 4762">
    <p class='ocr_par' dir='ltr' id='par_1_72' title="bbox 267 4683 1869 4762">
     <span class='ocr_line' id='line_1_75' title="bbox 267 4683 1869 4762; baseline -0.004 -18"><span class='ocrx_word' id='word_1_546' title='bbox 267 4683 786 4762; x_wconf 20' lang='lat' dir='ltr'><strong>duandoLC-ananaza</strong></span> <span class='ocrx_word' id='word_1_547' title='bbox 816 4688 1037 4762; x_wconf 77' lang='lat' dir='ltr'><strong>rogabat</strong></span> <span class='ocrx_word' id='word_1_548' title='bbox 1065 4683 1346 4762; x_wconf 75' lang='lat' dir='ltr'><strong>Dominum</strong></span> <span class='ocrx_word' id='word_1_549' title='bbox 1377 4692 1434 4739; x_wconf 91' lang='lat' dir='ltr'><strong>ut</strong></span> <span class='ocrx_word' id='word_1_550' title='bbox 1448 4683 1627 4762; x_wconf 66' lang='lat' dir='ltr'><strong>ﬁliam</strong></span> <span class='ocrx_word' id='word_1_551' title='bbox 1656 4698 1807 4762; x_wconf 83' lang='lat' dir='ltr'><strong>suam</strong></span> <span class='ocrx_word' id='word_1_552' title='bbox 1837 4696 1869 4738; x_wconf 82' lang='lat' dir='ltr'><strong>a</strong></span> 
     </span>
    </p>
   </div>
   <div class='ocr_carea' id='block_1_73' title="bbox 265 4753 1870 4830">
    <p class='ocr_par' dir='ltr' id='par_1_73' title="bbox 265 4753 1870 4830">
     <span class='ocr_line' id='line_1_76' title="bbox 265 4753 1870 4830; baseline -0.009 -10"><span class='ocrx_word' id='word_1_553' title='bbox 265 4753 614 4820; x_wconf 73' lang='lat' dir='ltr'><strong>(Immonibus</strong></span> <span class='ocrx_word' id='word_1_554' title='bbox 656 4753 928 4825; x_wconf 66' lang='lat' dir='ltr'><strong>liberarel,</strong></span> <span class='ocrx_word' id='word_1_555' title='bbox 950 4757 1066 4830; x_wconf 91' lang='lat' dir='ltr'><strong>ipse</strong></span> <span class='ocrx_word' id='word_1_556' title='bbox 1089 4755 1396 4830; x_wconf 85' lang='lat' dir='ltr'><strong>respondit:</strong></span> <span class='ocrx_word' id='word_1_557' title='bbox 1428 4753 1561 4830; x_wconf 61' lang='lat' dir='ltr'><strong>Non</strong></span> <span class='ocrx_word' id='word_1_558' title='bbox 1585 4763 1657 4810; x_wconf 84' lang='lat' dir='ltr'><strong>est</strong></span> <span class='ocrx_word' id='word_1_559' title='bbox 1678 4755 1870 4830; x_wconf 77' lang='lat' dir='ltr'><strong>bonum</strong></span> 
     </span>
    </p>
   </div>
   <div class='ocr_carea' id='block_1_74' title="bbox 265 4824 1867 4905">
    <p class='ocr_par' dir='ltr' id='par_1_74' title="bbox 265 4824 1867 4905">
     <span class='ocr_line' id='line_1_77' title="bbox 265 4824 1867 4905; baseline -0.007 -15"><span class='ocrx_word' id='word_1_560' title='bbox 265 4847 476 4890; x_wconf 88' lang='lat' dir='ltr'><strong>sumere</strong></span> <span class='ocrx_word' id='word_1_561' title='bbox 491 4847 672 4905; x_wconf 82' lang='lat' dir='ltr'><strong>panem</strong></span> <span class='ocrx_word' id='word_1_562' title='bbox 695 4824 1009 4905; x_wconf 69' lang='lat' dir='ltr'><strong>ﬁliorunt,_et</strong></span> <span class='ocrx_word' id='word_1_563' title='bbox 1025 4829 1150 4905; x_wconf 83' lang='lat' dir='ltr'><strong>dare</strong></span> <span class='ocrx_word' id='word_1_564' title='bbox 1169 4824 1398 4890; x_wconf 82' lang='lat' dir='ltr'><strong>canibus,</strong></span> <span class='ocrx_word' id='word_1_565' title='bbox 1428 4826 1482 4881; x_wconf 91' lang='lat' dir='ltr'><strong>id</strong></span> <span class='ocrx_word' id='word_1_566' title='bbox 1510 4824 1867 4905; x_wconf 69' lang='lat' dir='ltr'><strong>estethnieis,</strong></span> 
     </span>
    </p>
   </div>
   <div class='ocr_carea' id='block_1_75' title="bbox 267 4897 1873 4974">
    <p class='ocr_par' dir='ltr' id='par_1_75' title="bbox 267 4897 1873 4974">
     <span class='ocr_line' id='line_1_78' title="bbox 267 4897 1873 4974; baseline -0.006 -12"><span class='ocrx_word' id='word_1_567' title='bbox 267 4905 369 4962; x_wconf 86' lang='lat' dir='ltr'><strong>ubi</strong></span> <span class='ocrx_word' id='word_1_568' title='bbox 398 4897 764 4974; x_wconf 65' lang='lat' dir='ltr'><strong>‘in&#39;parabola</strong></span> <span class='ocrx_word' id='word_1_569' title='bbox 808 4901 1090 4974; x_wconf 81' lang='lat' dir='ltr'><strong>_intelligit_</strong></span> <span class='ocrx_word' id='word_1_570' title='bbox 1102 4915 1296 4974; x_wconf 79' lang='lat' dir='ltr'><strong>corpus</strong></span> <span class='ocrx_word' id='word_1_571' title='bbox 1343 4913 1498 4954; x_wconf 91' lang='lat' dir='ltr'><strong>suum</strong></span> <span class='ocrx_word' id='word_1_572' title='bbox 1527 4897 1873 4974; x_wconf 76' lang='lat' dir='ltr'><strong>subnomiue</strong></span> 
     </span>
    </p>
   </div>
   <div class='ocr_carea' id='block_1_76' title="bbox 268 4969 1872 5048">
    <p class='ocr_par' dir='ltr' id='par_1_76' title="bbox 268 4969 1872 5048">
     <span class='ocr_line' id='line_1_79' title="bbox 268 4969 1872 5048; baseline -0.006 -17"><span class='ocrx_word' id='word_1_573' title='bbox 268 4977 457 5048; x_wconf 87' lang='lat' dir='ltr'><strong>panis,</strong></span> <span class='ocrx_word' id='word_1_574' title='bbox 479 4969 535 5031; x_wconf 76' lang='lat' dir='ltr'><strong>ei</strong></span> <span class='ocrx_word' id='word_1_575' title='bbox 557 4989 720 5031; x_wconf 88' lang='lat' dir='ltr'><strong>canes</strong></span> <span class='ocrx_word' id='word_1_576' title='bbox 750 4969 1414 5048; x_wconf 28' lang='lat' dir='ltr'><strong>ethnicos’nTertullianus</strong></span> <span class='ocrx_word' id='word_1_577' title='bbox 1442 4983 1570 5048; x_wconf 59' lang='lat' dir='ltr'><strong>vere</strong></span> <span class='ocrx_word' id='word_1_578' title='bbox 1601 4969 1689 5024; x_wconf 81' lang='lat' dir='ltr'><strong>illa</strong></span> <span class='ocrx_word' id='word_1_579' title='bbox 1710 4971 1872 5048; x_wconf 74' lang='lat' dir='ltr'><strong>verba</strong></span> 
     </span>
    </p>
   </div>
   <div class='ocr_carea' id='block_1_77' title="bbox 269 5039 1875 5116">
    <p class='ocr_par' dir='ltr' id='par_1_77' title="bbox 269 5039 1875 5116">
     <span class='ocr_line' id='line_1_80' title="bbox 269 5039 1875 5116; baseline -0.006 -14"><span class='ocrx_word' id='word_1_580' title='bbox 269 5039 615 5116; x_wconf 76' lang='lat' dir='ltr'><strong>aliquantum</strong></span> <span class='ocrx_word' id='word_1_581' title='bbox 641 5055 831 5111; x_wconf 88' lang='lat' dir='ltr'><strong>mutat,</strong></span> <span class='ocrx_word' id='word_1_582' title='bbox 859 5043 955 5100; x_wconf 89' lang='lat' dir='ltr'><strong>sed</strong></span> <span class='ocrx_word' id='word_1_583' title='bbox 985 5044 1126 5101; x_wconf 89' lang='lat' dir='ltr'><strong>idem</strong></span> <span class='ocrx_word' id='word_1_584' title='bbox 1156 5052 1240 5099; x_wconf 88' lang='lat' dir='ltr'><strong>est</strong></span> <span class='ocrx_word' id='word_1_585' title='bbox 1265 5055 1474 5116; x_wconf 65' lang='lat' dir='ltr'><strong>sensus.</strong></span> <span class='ocrx_word' id='word_1_586' title='bbox 1503 5039 1602 5116; x_wconf 80' lang='lat' dir='ltr'><strong>llis</strong></span> <span class='ocrx_word' id='word_1_587' title='bbox 1624 5040 1875 5116; x_wconf 69' lang='lat' dir='ltr'><strong>omnibus</strong></span> 
     </span>
    </p>
   </div>
   <div class='ocr_carea' id='block_1_78' title="bbox 271 5111 1872 5187">
    <p class='ocr_par' dir='ltr' id='par_1_78' title="bbox 271 5111 1872 5187">
     <span class='ocr_line' id='line_1_81' title="bbox 271 5111 1872 5187; baseline -0.006 -13"><span class='ocrx_word' id='word_1_588' title='bbox 271 5111 400 5187; x_wconf 73' lang='lat' dir='ltr'><strong>vult</strong></span> <span class='ocrx_word' id='word_1_589' title='bbox 418 5119 666 5187; x_wconf 67' lang='lat' dir='ltr'><strong>priibare,</strong></span> <span class='ocrx_word' id='word_1_590' title='bbox 686 5131 879 5187; x_wconf 88' lang='lat' dir='ltr'><strong>panem</strong></span> <span class='ocrx_word' id='word_1_591' title='bbox 895 5130 990 5187; x_wconf 90' lang='lat' dir='ltr'><strong>pro</strong></span> <span class='ocrx_word' id='word_1_592' title='bbox 1011 5129 1240 5186; x_wconf 88' lang='lat' dir='ltr'><strong>corpore</strong></span> <span class='ocrx_word' id='word_1_593' title='bbox 1265 5112 1466 5187; x_wconf 79' lang='lat' dir='ltr'><strong>Christi</strong></span> <span class='ocrx_word' id='word_1_594' title='bbox 1494 5113 1685 5187; x_wconf 82' lang='lat' dir='ltr'><strong>accipi.</strong></span> <span class='ocrx_word' id='word_1_595' title='bbox 1705 5111 1872 5167; x_wconf 68' lang='lat' dir='ltr'><strong>Pauc.</strong></span> 
     </span>
    </p>
   </div>
   <div class='ocr_carea' id='block_1_79' title="bbox 364 5184 1877 5259">
    <p class='ocr_par' dir='ltr' id='par_1_79' title="bbox 364 5184 1877 5259">
     <span class='ocr_line' id='line_1_82' title="bbox 364 5184 1877 5259; baseline -0.003 -17"><span class='ocrx_word' id='word_1_596' title='bbox 364 5184 439 5259; x_wconf 73' lang='lat' dir='ltr'><strong>(e)</strong></span> <span class='ocrx_word' id='word_1_597' title='bbox 467 5185 574 5242; x_wconf 86' lang='lat' dir='ltr'><strong>Sed</strong></span> <span class='ocrx_word' id='word_1_598' title='bbox 602 5196 648 5241; x_wconf 89' lang='lat' dir='ltr'><strong>et</strong></span> <span class='ocrx_word' id='word_1_599' title='bbox 677 5184 950 5259; x_wconf 75' lang='lat' dir='ltr'><strong>nocturnus</strong></span> <span class='ocrx_word' id='word_1_600' title='bbox 987 5187 1075 5242; x_wconf 81' lang='lat' dir='ltr'><strong>ille</strong></span> <span class='ocrx_word' id='word_1_601' title='bbox 1099 5184 1345 5259; x_wconf 78' lang='lat' dir='ltr'><strong>pulsator.</strong></span> <span class='ocrx_word' id='word_1_602' title='bbox 1368 5184 1470 5259; x_wconf 71' lang='lat' dir='ltr'><strong>Qui</strong></span> <span class='ocrx_word' id='word_1_603' title='bbox 1519 5185 1670 5254; x_wconf 89' lang='lat' dir='ltr'><strong>petiit</strong></span> <span class='ocrx_word' id='word_1_604' title='bbox 1713 5197 1877 5259; x_wconf 71' lang='lat' dir='ltr'><strong>panes</strong></span> 
     </span>
    </p>
   </div>
   <div class='ocr_carea' id='block_1_80' title="bbox 273 5253 1879 5384">
    <p class='ocr_par' dir='ltr' id='par_1_80' title="bbox 273 5253 1879 5384">
     <span class='ocr_line' id='line_1_83' title="bbox 273 5253 1879 5327; baseline -0.006 -10"><span class='ocrx_word' id='word_1_605' title='bbox 273 5253 559 5327; x_wconf 4' lang='lat' dir='ltr'><strong>abg‘a&#39;tnico</strong></span> <span class='ocrx_word' id='word_1_606' title='bbox 587 5257 762 5313; x_wconf 84' lang='lat' dir='ltr'><strong>media</strong></span> <span class='ocrx_word' id='word_1_607' title='bbox 789 5269 967 5325; x_wconf 89' lang='lat' dir='ltr'><strong>nocte,</strong></span> <span class='ocrx_word' id='word_1_608' title='bbox 990 5268 1044 5315; x_wconf 91' lang='lat' dir='ltr'><strong>et</strong></span> <span class='ocrx_word' id='word_1_609' title='bbox 1067 5253 1163 5315; x_wconf 77' lang='lat' dir='ltr'><strong>eos</strong></span> <span class='ocrx_word' id='word_1_610' title='bbox 1187 5257 1390 5313; x_wconf 86' lang='lat' dir='ltr'><strong>habuit.</strong></span> <span class='ocrx_word' id='word_1_611' title='bbox 1411 5253 1595 5322; x_wconf 66' lang='lat' dir='ltr'><strong>(Lucae</strong></span> <span class='ocrx_word' id='word_1_612' title='bbox 1615 5253 1735 5326; x_wconf 75' lang='lat' dir='ltr'><strong>cap.</strong></span> <span class='ocrx_word' id='word_1_613' title='bbox 1765 5253 1879 5326; x_wconf 82' lang='lat' dir='ltr'><strong>XI).</strong></span> 
     </span>
     <span class='ocr_line' id='line_1_84' title="bbox 817 5326 1701 5384; baseline -0.012 5"><span class='ocrx_word' id='word_1_614' title='bbox 817 5344 821 5349; x_wconf 88' lang='lat'>‘</span> <span class='ocrx_word' id='word_1_615' title='bbox 1317 5327 1383 5384; x_wconf 89' lang='lat' dir='ltr'><strong>G.</strong></span> <span class='ocrx_word' id='word_1_616' title='bbox 1415 5326 1701 5384; x_wconf 78' lang='lat' dir='ltr'><strong>PANCIROL.</strong></span> 
     </span>
    </p>
   </div>
   <div class='ocr_carea' id='block_1_81' title="bbox 817 5341 1701 5383">
    <p class='ocr_par' dir='ltr' id='par_1_81' title="bbox 817 5341 1701 5383">
     <span class='ocr_line' id='line_1_85' title="bbox 817 5341 1701 5383; baseline -0.007 1"><span class='ocrx_word' id='word_1_617' title='bbox 817 5344 821 5349; x_wconf 71' lang='grc'><em>“</em></span> <span class='ocrx_word' id='word_1_618' title='bbox 1317 5341 1383 5383; x_wconf 72' lang='lat' dir='ltr'><strong>li.</strong></span> <span class='ocrx_word' id='word_1_619' title='bbox 1415 5341 1701 5383; x_wconf 72' lang='lat' dir='ltr'><strong>PANCIROL.</strong></span> 
     </span>
    </p>
   </div>
   <div class='ocr_carea' id='block_1_82' title="bbox 361 5396 1888 5474">
    <p class='ocr_par' dir='ltr' id='par_1_82' title="bbox 361 5396 1888 5474">
     <span class='ocr_line' id='line_1_86' title="bbox 361 5396 1888 5474; baseline -0.003 -18"><span class='ocrx_word' id='word_1_620' title='bbox 361 5397 669 5474; x_wconf 28' lang='lat' dir='ltr'><strong>CAP.‘VII_.</strong></span> <span class='ocrx_word' id='word_1_621' title='bbox 699 5429 770 5474; x_wconf 88' lang='lat'><strong>—__-</strong></span> <span class='ocrx_word' id='word_1_622' title='bbox 798 5397 882 5474; x_wconf 86' lang='lat' dir='ltr'><strong>(d)</strong></span> <span class='ocrx_word' id='word_1_623' title='bbox 921 5397 1244 5474; x_wconf 74' lang='lat' dir='ltr'><strong>Consequens&#39;</strong></span> <span class='ocrx_word' id='word_1_624' title='bbox 1290 5408 1420 5455; x_wconf 85' lang='lat' dir='ltr'><strong>erat.</strong></span> <span class='ocrx_word' id='word_1_625' title='bbox 1475 5397 1625 5454; x_wconf 87' lang='lat' dir='ltr'><strong>Nunc</strong></span> <span class='ocrx_word' id='word_1_626' title='bbox 1671 5396 1888 5474; x_wconf 75' lang='lat' dir='ltr'><strong>exponit</strong></span> 
     </span>
    </p>
   </div>
   <div class='ocr_carea' id='block_1_83' title="bbox 275 5468 1892 5540">
    <p class='ocr_par' dir='ltr' id='par_1_83' title="bbox 275 5468 1892 5540">
     <span class='ocr_line' id='line_1_87' title="bbox 275 5468 1892 5540; baseline -0.004 -10"><span class='ocrx_word' id='word_1_627' title='bbox 275 5473 398 5531; x_wconf 79' lang='lat' dir='ltr'><strong>alia</strong></span> <span class='ocrx_word' id='word_1_628' title='bbox 426 5471 590 5527; x_wconf 87' lang='lat' dir='ltr'><strong>verba</strong></span> <span class='ocrx_word' id='word_1_629' title='bbox 619 5469 688 5526; x_wconf 87' lang='lat' dir='ltr'><strong>Et</strong></span> <span class='ocrx_word' id='word_1_630' title='bbox 706 5468 902 5526; x_wconf 81' lang='lat' dir='ltr'><strong>dimitte</strong></span> <span class='ocrx_word' id='word_1_631' title='bbox 922 5470 1064 5527; x_wconf 89' lang='lat' dir='ltr'><strong>nobis</strong></span> <span class='ocrx_word' id='word_1_632' title='bbox 1084 5468 1250 5527; x_wconf 87' lang='lat' dir='ltr'><strong>debita</strong></span> <span class='ocrx_word' id='word_1_633' title='bbox 1266 5480 1460 5536; x_wconf 83' lang='lat' dir='ltr'><strong>nostra,</strong></span> <span class='ocrx_word' id='word_1_634' title='bbox 1507 5478 1785 5540; x_wconf 90' lang='lat' dir='ltr'><strong>postquam</strong></span> <span class='ocrx_word' id='word_1_635' title='bbox 1810 5468 1892 5524; x_wconf 88' lang='lat' dir='ltr'><strong>di-</strong></span> 
     </span>
    </p>
   </div>
   <div class='ocr_carea' id='block_1_84' title="bbox 275 5541 1714 5614">
    <p class='ocr_par' dir='ltr' id='par_1_84' title="bbox 275 5541 1714 5614">
     <span class='ocr_line' id='line_1_88' title="bbox 275 5541 1714 5614; baseline -0.006 -10"><span class='ocrx_word' id='word_1_636' title='bbox 275 5546 375 5604; x_wconf 78' lang='lat' dir='ltr'><strong>xit</strong></span> <span class='ocrx_word' id='word_1_637' title='bbox 402 5543 471 5601; x_wconf 89' lang='lat' dir='ltr'><strong>de</strong></span> <span class='ocrx_word' id='word_1_638' title='bbox 488 5542 924 5609; x_wconf 89' lang='lat' dir='ltr'><strong>liberalitateDei,</strong></span> <span class='ocrx_word' id='word_1_639' title='bbox 955 5545 1044 5614; x_wconf 89' lang='lat' dir='ltr'><strong>qui</strong></span> <span class='ocrx_word' id='word_1_640' title='bbox 1069 5557 1170 5599; x_wconf 91' lang='lat' dir='ltr'><strong>nos</strong></span> <span class='ocrx_word' id='word_1_641' title='bbox 1195 5543 1310 5598; x_wconf 88' lang='lat' dir='ltr'><strong>alit.</strong></span> <span class='ocrx_word' id='word_1_642' title='bbox 1330 5541 1397 5600; x_wconf 86' lang='lat' dir='ltr'><strong>G.</strong></span> <span class='ocrx_word' id='word_1_643' title='bbox 1422 5543 1714 5600; x_wconf 74' lang='lat' dir='ltr'><strong>PANCIROL.</strong></span> 
     </span>
    </p>
   </div>
   <div class='ocr_carea' id='block_1_85' title="bbox 365 5630 1892 5708">
    <p class='ocr_par' dir='ltr' id='par_1_85' title="bbox 365 5630 1892 5708">
     <span class='ocr_line' id='line_1_89' title="bbox 365 5630 1892 5708; baseline -0.003 -16"><span class='ocrx_word' id='word_1_644' title='bbox 365 5638 448 5708; x_wconf 90' lang='lat' dir='ltr'><strong>(e)</strong></span> <span class='ocrx_word' id='word_1_645' title='bbox 476 5634 636 5708; x_wconf 81' lang='lat' dir='ltr'><strong>Quasi</strong></span> <span class='ocrx_word' id='word_1_646' title='bbox 666 5633 992 5708; x_wconf 9' lang='lat' dir='ltr'><strong>rtaurus.iQui</strong></span> <span class='ocrx_word' id='word_1_647' title='bbox 1017 5634 1310 5708; x_wconf 82' lang='lat' dir='ltr'><strong>saginatur,</strong></span> <span class='ocrx_word' id='word_1_648' title='bbox 1338 5643 1396 5690; x_wconf 92' lang='lat' dir='ltr'><strong>ut</strong></span> <span class='ocrx_word' id='word_1_649' title='bbox 1421 5635 1716 5708; x_wconf 64' lang='lat' dir='ltr'><strong>occidaiur.</strong></span> <span class='ocrx_word' id='word_1_650' title='bbox 1746 5630 1892 5688; x_wconf 88' lang='lat' dir='ltr'><strong>Idem</strong></span> 
     </span>
    </p>
   </div>
   <div class='ocr_carea' id='block_1_86' title="bbox 277 5705 1893 5770">
    <p class='ocr_par' dir='ltr' id='par_1_86' title="bbox 277 5705 1893 5770">
     <span class='ocr_line' id='line_1_90' title="bbox 277 5705 1893 5770; baseline -0.006 -4"><span class='ocrx_word' id='word_1_651' title='bbox 277 5705 441 5769; x_wconf 21' lang='lat' dir='ltr'><strong>ch‘et</strong></span> <span class='ocrx_word' id='word_1_652' title='bbox 465 5712 535 5764; x_wconf 89' lang='lat' dir='ltr'><strong>de</strong></span> <span class='ocrx_word' id='word_1_653' title='bbox 551 5706 727 5770; x_wconf 87' lang='lat' dir='ltr'><strong>nobis,</strong></span> <span class='ocrx_word' id='word_1_654' title='bbox 741 5707 843 5762; x_wconf 87' lang='lat' dir='ltr'><strong>nisi</strong></span> <span class='ocrx_word' id='word_1_655' title='bbox 861 5707 1055 5762; x_wconf 87' lang='lat' dir='ltr'><strong>delicta</strong></span> <span class='ocrx_word' id='word_1_656' title='bbox 1076 5705 1500 5762; x_wconf 82' lang='lat' dir='ltr'><strong>remitterentur.</strong></span> <span class='ocrx_word' id='word_1_657' title='bbox 1515 5706 1579 5762; x_wconf 68' lang='grc' dir='ltr'><strong>(Ξ.</strong></span> <span class='ocrx_word' id='word_1_658' title='bbox 1598 5705 1893 5761; x_wconf 65' lang='grc' dir='ltr'><strong>ΡΑΝειιιοι.</strong></span> 
     </span>
    </p>
   </div>
   <div class='ocr_carea' id='block_1_87' title="bbox 369 5776 1896 5851">
    <p class='ocr_par' dir='ltr' id='par_1_87' title="bbox 369 5776 1896 5851">
     <span class='ocr_line' id='line_1_91' title="bbox 369 5776 1896 5851; baseline 0 -19"><span class='ocrx_word' id='word_1_659' title='bbox 369 5777 438 5851; x_wconf 74' lang='grc' dir='ltr'><strong>(Γ)</strong></span> <span class='ocrx_word' id='word_1_660' title='bbox 471 5777 670 5834; x_wconf 87' lang='lat' dir='ltr'><strong>Sciebat</strong></span> <span class='ocrx_word' id='word_1_661' title='bbox 693 5776 945 5851; x_wconf 85' lang='lat' dir='ltr'><strong>Dominus</strong></span> <span class='ocrx_word' id='word_1_662' title='bbox 991 5794 1068 5851; x_wconf 75' lang='lat' dir='ltr'><strong>se_</strong></span> <span class='ocrx_word' id='word_1_663' title='bbox 1093 5777 1280 5833; x_wconf 85' lang='lat' dir='ltr'><strong>solum.</strong></span> <span class='ocrx_word' id='word_1_664' title='bbox 1331 5777 1473 5833; x_wconf 88' lang='lat' dir='ltr'><strong>Sane</strong></span> <span class='ocrx_word' id='word_1_665' title='bbox 1519 5777 1896 5851; x_wconf 69' lang='lat' dir='ltr'><strong>intelligendus</strong></span> 
     </span>
    </p>
   </div>
   <div class='ocr_carea' id='block_1_88' title="bbox 217 5847 1900 5924">
    <p class='ocr_par' dir='ltr' id='par_1_88' title="bbox 217 5847 1900 5924">
     <span class='ocr_line' id='line_1_92' title="bbox 217 5847 1900 5924; baseline -0.002 -15"><span class='ocrx_word' id='word_1_666' title='bbox 217 5901 229 5910; x_wconf 90' lang='lat'><strong>.</strong></span> <span class='ocrx_word' id='word_1_667' title='bbox 277 5847 476 5924; x_wconf 78' lang='lat' dir='ltr'><strong>locus,</strong></span> <span class='ocrx_word' id='word_1_668' title='bbox 511 5852 668 5910; x_wconf 81' lang='lat' dir='ltr'><strong>sicuti</strong></span> <span class='ocrx_word' id='word_1_669' title='bbox 714 5861 761 5911; x_wconf 88' lang='lat' dir='ltr'><strong>el</strong></span> <span class='ocrx_word' id='word_1_670' title='bbox 795 5850 998 5905; x_wconf 78' lang='lat' dir='ltr'><strong>similes</strong></span> <span class='ocrx_word' id='word_1_671' title='bbox 1037 5847 1332 5920; x_wconf 67' lang='lat' dir='ltr'><strong>Scriptura:</strong></span> <span class='ocrx_word' id='word_1_672' title='bbox 1359 5863 1526 5906; x_wconf 78' lang='lat' dir='ltr'><strong>sacra:</strong></span> <span class='ocrx_word' id='word_1_673' title='bbox 1550 5849 1673 5920; x_wconf 86' lang='lat' dir='ltr'><strong>loci,</strong></span> <span class='ocrx_word' id='word_1_674' title='bbox 1699 5848 1774 5906; x_wconf 89' lang='lat' dir='ltr'><strong>uti</strong></span> <span class='ocrx_word' id='word_1_675' title='bbox 1802 5849 1900 5905; x_wconf 85' lang='lat' dir='ltr'><strong>ali-</strong></span> 
     </span>
    </p>
   </div>
   <div class='ocr_carea' id='block_1_89' title="bbox 822 5941 1369 6011">
    <p class='ocr_par' dir='ltr' id='par_1_89' title="bbox 822 5941 1369 6011">
     <span class='ocr_line' id='line_1_93' title="bbox 822 5941 1369 6011; baseline 0.004 -3"><span class='ocrx_word' id='word_1_676' title='bbox 822 5945 1260 6009; x_wconf 69' lang='lat' dir='ltr'><strong>TER&#39;I‘ULLIANI</strong></span> <span class='ocrx_word' id='word_1_677' title='bbox 1314 5941 1369 6011; x_wconf 77' lang='grc' dir='ltr'><strong>Ι.</strong></span> 
     </span>
    </p>
   </div>
   <div class='ocr_carea' id='block_1_90' title="bbox 1937 2377 3550 2450">
    <p class='ocr_par' dir='ltr' id='par_1_90' title="bbox 1937 2377 3550 2450">
     <span class='ocr_line' id='line_1_94' title="bbox 1937 2377 3550 2450; baseline -0.001 -11"><span class='ocrx_word' id='word_1_678' title='bbox 1937 2379 2068 2439; x_wconf 92' lang='lat' dir='ltr'><strong>cubi</strong></span> <span class='ocrx_word' id='word_1_679' title='bbox 2125 2380 2403 2437; x_wconf 81' lang='lat' dir='ltr'><strong>annotavit</strong></span> <span class='ocrx_word' id='word_1_680' title='bbox 2446 2378 2506 2436; x_wconf 94' lang='lat' dir='ltr'><strong>S.</strong></span> <span class='ocrx_word' id='word_1_681' title='bbox 2538 2378 3012 2450; x_wconf 10' lang='lat' dir='ltr'><strong>Augustinus,ine</strong></span> <span class='ocrx_word' id='word_1_682' title='bbox 3035 2377 3350 2436; x_wconf 82' lang='lat' dir='ltr'><strong>excludatur</strong></span> <span class='ocrx_word' id='word_1_683' title='bbox 3393 2379 3550 2437; x_wconf 89' lang='lat' dir='ltr'><strong>beata</strong></span> 
     </span>
    </p>
   </div>
   <div class='ocr_carea' id='block_1_91' title="bbox 1937 2448 3550 2582">
    <p class='ocr_par' dir='ltr' id='par_1_91' title="bbox 1937 2448 3550 2582">
     <span class='ocr_line' id='line_1_95' title="bbox 1937 2448 3550 2579; baseline 0.001 -71"><span class='ocrx_word' id='word_1_684' title='bbox 1937 2451 2388 2579; x_wconf 36' lang='lat' dir='ltr'><strong>virgo‘Dgpara,</strong></span> <span class='ocrx_word' id='word_1_685' title='bbox 2439 2465 2600 2523; x_wconf 88' lang='lat' dir='ltr'><strong>quam</strong></span> <span class='ocrx_word' id='word_1_686' title='bbox 2619 2448 2738 2507; x_wconf 75' lang='lat' dir='ltr'><strong>Sine</strong></span> <span class='ocrx_word' id='word_1_687' title='bbox 2778 2449 2926 2508; x_wconf 88' lang='lat' dir='ltr'><strong>omni</strong></span> <span class='ocrx_word' id='word_1_688' title='bbox 2975 2448 3174 2508; x_wconf 90' lang='lat' dir='ltr'><strong>delicto</strong></span> <span class='ocrx_word' id='word_1_689' title='bbox 3212 2451 3412 2508; x_wconf 83' lang='lat' dir='ltr'><strong>vixisse</strong></span> <span class='ocrx_word' id='word_1_690' title='bbox 3460 2453 3550 2510; x_wconf 91' lang='lat' dir='ltr'><strong>ille</strong></span> 
     </span>
     <span class='ocr_line' id='line_1_96' title="bbox 1939 2539 2321 2582; baseline -0.008 0"><span class='ocrx_word' id='word_1_691' title='bbox 1939 2539 2111 2582; x_wconf 84' lang='lat' dir='ltr'><strong>assert</strong></span> <span class='ocrx_word' id='word_1_692' title='bbox 2143 2565 2157 2580; x_wconf 95' lang='lat'><strong>.</strong></span> <span class='ocrx_word' id='word_1_693' title='bbox 2227 2539 2321 2580; x_wconf 76' lang='grc' dir='ltr'><strong>Αιι.</strong></span> 
     </span>
    </p>
   </div>
   <div class='ocr_carea' id='block_1_92' title="bbox 2015 2614 3551 2700">
    <p class='ocr_par' dir='ltr' id='par_1_92' title="bbox 2015 2614 3551 2700">
     <span class='ocr_line' id='line_1_97' title="bbox 2015 2614 3551 2700; baseline -0.01 -9"><span class='ocrx_word' id='word_1_694' title='bbox 2015 2615 2106 2700; x_wconf 72' lang='grc' dir='ltr'><strong>(Β),</strong></span> <span class='ocrx_word' id='word_1_695' title='bbox 2139 2615 2240 2700; x_wconf 70' lang='grc' dir='ltr'><strong>ρξξί</strong></span> <span class='ocrx_word' id='word_1_696' title='bbox 2276 2614 3073 2700; x_wconf 43' lang='lat' dir='ltr'><strong>flmmeum:.Subaudi’ningisi</strong></span> <span class='ocrx_word' id='word_1_697' title='bbox 3111 2625 3184 2700; x_wconf 48' lang='lat' dir='ltr'><strong>ei</strong></span> <span class='ocrx_word' id='word_1_698' title='bbox 3213 2624 3297 2672; x_wconf 87' lang='lat' dir='ltr'><strong>est</strong></span> <span class='ocrx_word' id='word_1_699' title='bbox 3335 2616 3551 2690; x_wconf 90' lang='lat' dir='ltr'><strong>elegans</strong></span> 
     </span>
    </p>
   </div>
   <div class='ocr_carea' id='block_1_93' title="bbox 1941 2686 3437 2758">
    <p class='ocr_par' dir='ltr' id='par_1_93' title="bbox 1941 2686 3437 2758">
     <span class='ocr_line' id='line_1_98' title="bbox 1941 2686 3437 2758; baseline -0.002 -10"><span class='ocrx_word' id='word_1_700' title='bbox 1941 2686 2166 2748; x_wconf 74' lang='lat' dir='ltr'><strong>locutio.</strong></span> <span class='ocrx_word' id='word_1_701' title='bbox 2184 2689 2259 2744; x_wconf 92' lang='lat' dir='ltr'><strong>De</strong></span> <span class='ocrx_word' id='word_1_702' title='bbox 2276 2689 2378 2744; x_wconf 90' lang='lat' dir='ltr'><strong>hoc</strong></span> <span class='ocrx_word' id='word_1_703' title='bbox 2401 2687 2808 2758; x_wconf 87' lang='lat' dir='ltr'><strong>Ezechiel,cap.</strong></span> <span class='ocrx_word' id='word_1_704' title='bbox 2825 2686 3017 2743; x_wconf 80' lang='lat' dir='ltr'><strong>XXIII.</strong></span> <span class='ocrx_word' id='word_1_705' title='bbox 3033 2687 3099 2744; x_wconf 86' lang='lat' dir='ltr'><strong>G.</strong></span> <span class='ocrx_word' id='word_1_706' title='bbox 3144 2686 3437 2745; x_wconf 67' lang='lat' dir='ltr'><strong>Panatuoal</strong></span> 
     </span>
    </p>
   </div>
   <div class='ocr_carea' id='block_1_94' title="bbox 2011 2779 3542 2854">
    <p class='ocr_par' dir='ltr' id='par_1_94' title="bbox 2011 2779 3542 2854">
     <span class='ocr_line' id='line_1_99' title="bbox 2011 2779 3542 2854; baseline 0.003 -18"><span class='ocrx_word' id='word_1_707' title='bbox 2011 2781 2096 2853; x_wconf 91' lang='lat' dir='ltr'><strong>(h)</strong></span> <span class='ocrx_word' id='word_1_708' title='bbox 2137 2780 2376 2854; x_wconf 84' lang='lat' dir='ltr'><strong>Debitum</strong></span> <span class='ocrx_word' id='word_1_709' title='bbox 2424 2791 2616 2836; x_wconf 89' lang='lat' dir='ltr'><strong>autem.</strong></span> <span class='ocrx_word' id='word_1_710' title='bbox 2644 2779 2849 2838; x_wconf 83' lang='lat' dir='ltr'><strong>Nomen</strong></span> <span class='ocrx_word' id='word_1_711' title='bbox 2891 2782 3057 2839; x_wconf 92' lang='lat' dir='ltr'><strong>debiti</strong></span> <span class='ocrx_word' id='word_1_712' title='bbox 3087 2783 3353 2854; x_wconf 87' lang='lat' dir='ltr'><strong>signiﬁcat</strong></span> <span class='ocrx_word' id='word_1_713' title='bbox 3379 2783 3542 2841; x_wconf 57' lang='lat' dir='ltr'><strong>delicc</strong></span> 
     </span>
    </p>
   </div>
   <div class='ocr_carea' id='block_1_95' title="bbox 1939 2852 3537 2926">
    <p class='ocr_par' dir='ltr' id='par_1_95' title="bbox 1939 2852 3537 2926">
     <span class='ocr_line' id='line_1_100' title="bbox 1939 2852 3537 2926; baseline 0.004 -16"><span class='ocrx_word' id='word_1_714' title='bbox 1939 2852 2085 2918; x_wconf 83' lang='lat' dir='ltr'><strong>tum,</strong></span> <span class='ocrx_word' id='word_1_715' title='bbox 2107 2863 2162 2926; x_wconf 89' lang='lat' dir='ltr'><strong>et</strong></span> <span class='ocrx_word' id='word_1_716' title='bbox 2188 2861 2273 2909; x_wconf 89' lang='lat' dir='ltr'><strong>est</strong></span> <span class='ocrx_word' id='word_1_717' title='bbox 2299 2852 2418 2926; x_wconf 89' lang='lat' dir='ltr'><strong>ejus</strong></span> <span class='ocrx_word' id='word_1_718' title='bbox 2459 2863 2667 2926; x_wconf 29' lang='lat' dir='ltr'><strong>typusr</strong></span> <span class='ocrx_word' id='word_1_719' title='bbox 2698 2868 2794 2909; x_wconf 91' lang='lat' dir='ltr'><strong>seu</strong></span> <span class='ocrx_word' id='word_1_720' title='bbox 2841 2854 3027 2923; x_wconf 85' lang='lat' dir='ltr'><strong>ﬁgura,</strong></span> <span class='ocrx_word' id='word_1_721' title='bbox 3082 2852 3157 2910; x_wconf 43' lang='lat' dir='ltr'><strong>et‘</strong></span> <span class='ocrx_word' id='word_1_722' title='bbox 3190 2855 3537 2926; x_wconf 83' lang='lat' dir='ltr'><strong>signiﬁcatio.</strong></span> 
     </span>
    </p>
   </div>
   <div class='ocr_carea' id='block_1_96' title="bbox 1939 2924 3539 2997">
    <p class='ocr_par' dir='ltr' id='par_1_96' title="bbox 1939 2924 3539 2997">
     <span class='ocr_line' id='line_1_101' title="bbox 1939 2924 3539 2997; baseline 0.002 -17"><span class='ocrx_word' id='word_1_723' title='bbox 1939 2925 2225 2997; x_wconf 89' lang='lat' dir='ltr'><strong>quia_sicttt</strong></span> <span class='ocrx_word' id='word_1_724' title='bbox 2249 2924 2556 2997; x_wconf 51' lang='lat' dir='ltr'><strong>exigitur&#39;in</strong></span> <span class='ocrx_word' id='word_1_725' title='bbox 2579 2924 2784 2994; x_wconf 90' lang='lat' dir='ltr'><strong>judicio</strong></span> <span class='ocrx_word' id='word_1_726' title='bbox 2808 2942 2852 2997; x_wconf 20' lang='lat' dir='ltr'><strong>a7</strong></span> <span class='ocrx_word' id='word_1_727' title='bbox 2867 2926 3140 2997; x_wconf 81' lang='lat' dir='ltr'><strong>debitore,</strong></span> <span class='ocrx_word' id='word_1_728' title='bbox 3165 2924 3266 2981; x_wconf 84' lang='lat' dir='ltr'><strong>nisi</strong></span> <span class='ocrx_word' id='word_1_729' title='bbox 3295 2928 3539 2983; x_wconf 88' lang='lat' dir='ltr'><strong>remitta-</strong></span> 
     </span>
    </p>
   </div>
   <div class='ocr_carea' id='block_1_97' title="bbox 1939 2995 3541 3062">
    <p class='ocr_par' dir='ltr' id='par_1_97' title="bbox 1939 2995 3541 3062">
     <span class='ocr_line' id='line_1_102' title="bbox 1939 2995 3541 3062; baseline 0 -9"><span class='ocrx_word' id='word_1_730' title='bbox 1939 2995 2028 3053; x_wconf 84' lang='lat' dir='ltr'><strong>tur</strong></span> <span class='ocrx_word' id='word_1_731' title='bbox 2055 2995 2330 3062; x_wconf 90' lang='lat' dir='ltr'><strong>delictum,</strong></span> <span class='ocrx_word' id='word_1_732' title='bbox 2359 2995 2430 3051; x_wconf 89' lang='lat' dir='ltr'><strong>ita</strong></span> <span class='ocrx_word' id='word_1_733' title='bbox 2449 3005 2502 3051; x_wconf 89' lang='lat' dir='ltr'><strong>et</strong></span> <span class='ocrx_word' id='word_1_734' title='bbox 2525 2995 2804 3052; x_wconf 89' lang='lat' dir='ltr'><strong>delictum.</strong></span> <span class='ocrx_word' id='word_1_735' title='bbox 2835 2996 2998 3052; x_wconf 74' lang='lat' dir='ltr'><strong>PANC.</strong></span> <span class='ocrx_word' id='word_1_736' title='bbox 3017 3026 3090 3038; x_wconf 92' lang='grc'><strong><em>--</em></strong></span> <span class='ocrx_word' id='word_1_737' title='bbox 3112 2996 3349 3052; x_wconf 86' lang='lat' dir='ltr'><strong>Debitum</strong></span> <span class='ocrx_word' id='word_1_738' title='bbox 3369 3007 3541 3053; x_wconf 85' lang='lat' dir='ltr'><strong>autem</strong></span> 
     </span>
    </p>
   </div>
   <div class='ocr_carea' id='block_1_98' title="bbox 1939 3066 3542 3141">
    <p class='ocr_par' dir='ltr' id='par_1_98' title="bbox 1939 3066 3542 3141">
     <span class='ocr_line' id='line_1_103' title="bbox 1939 3066 3542 3141; baseline 0.001 -17"><span class='ocrx_word' id='word_1_739' title='bbox 1939 3069 1996 3141; x_wconf 81' lang='lat' dir='ltr'><strong>in</strong></span> <span class='ocrx_word' id='word_1_740' title='bbox 2025 3067 2303 3141; x_wconf 78' lang='lat' dir='ltr'><strong>Scripturis</strong></span> <span class='ocrx_word' id='word_1_741' title='bbox 2329 3066 2499 3141; x_wconf 82' lang='lat' dir='ltr'><strong>delicti</strong></span> <span class='ocrx_word' id='word_1_742' title='bbox 2540 3067 2708 3141; x_wconf 65' lang='lat' dir='ltr'><strong>ﬁgura</strong></span> <span class='ocrx_word' id='word_1_743' title='bbox 2732 3077 2826 3141; x_wconf 72' lang='lat' dir='ltr'><strong>esi.</strong></span> <span class='ocrx_word' id='word_1_744' title='bbox 2851 3067 3003 3141; x_wconf 74' lang='lat' dir='ltr'><strong>Quod</strong></span> <span class='ocrx_word' id='word_1_745' title='bbox 3034 3068 3287 3141; x_wconf 82' lang='lat' dir='ltr'><strong>observat</strong></span> <span class='ocrx_word' id='word_1_746' title='bbox 3327 3069 3542 3126; x_wconf 57' lang='lat' dir='ltr'><strong>Tertulo</strong></span> 
     </span>
    </p>
   </div>
   <div class='ocr_carea' id='block_1_99' title="bbox 1943 3138 3539 3209">
    <p class='ocr_par' dir='ltr' id='par_1_99' title="bbox 1943 3138 3539 3209">
     <span class='ocr_line' id='line_1_104' title="bbox 1943 3138 3539 3209; baseline 0.001 -15"><span class='ocrx_word' id='word_1_747' title='bbox 1943 3138 2408 3209; x_wconf 44' lang='lat' dir='ltr'><strong>lianus,’debitum</strong></span> <span class='ocrx_word' id='word_1_748' title='bbox 2444 3139 2496 3193; x_wconf 91' lang='lat' dir='ltr'><strong>in</strong></span> <span class='ocrx_word' id='word_1_749' title='bbox 2545 3138 2860 3207; x_wconf 87' lang='lat' dir='ltr'><strong>Seripturis,</strong></span> <span class='ocrx_word' id='word_1_750' title='bbox 2893 3138 3075 3194; x_wconf 89' lang='lat' dir='ltr'><strong>delicti</strong></span> <span class='ocrx_word' id='word_1_751' title='bbox 3127 3138 3349 3209; x_wconf 82' lang='lat' dir='ltr'><strong>ﬁguram</strong></span> <span class='ocrx_word' id='word_1_752' title='bbox 3395 3156 3539 3207; x_wconf 89' lang='lat' dir='ltr'><strong>esse,</strong></span> 
     </span>
    </p>
   </div>
   <div class='ocr_carea' id='block_1_100' title="bbox 1943 3208 3544 3282">
    <p class='ocr_par' dir='ltr' id='par_1_100' title="bbox 1943 3208 3544 3282">
     <span class='ocr_line' id='line_1_105' title="bbox 1943 3208 3544 3282; baseline 0.001 -16"><span class='ocrx_word' id='word_1_753' title='bbox 1943 3211 2071 3282; x_wconf 80' lang='lat' dir='ltr'><strong>quia</strong></span> <span class='ocrx_word' id='word_1_754' title='bbox 2085 3208 2304 3282; x_wconf 84' lang='lat' dir='ltr'><strong>perinde</strong></span> <span class='ocrx_word' id='word_1_755' title='bbox 2325 3209 2527 3282; x_wconf 84' lang='lat' dir='ltr'><strong>judicio</strong></span> <span class='ocrx_word' id='word_1_756' title='bbox 2556 3209 2838 3282; x_wconf 87' lang='lat' dir='ltr'><strong>debeatur,</strong></span> <span class='ocrx_word' id='word_1_757' title='bbox 2875 3212 3025 3282; x_wconf 84' lang='lat' dir='ltr'><strong>etab</strong></span> <span class='ocrx_word' id='word_1_758' title='bbox 3052 3224 3118 3266; x_wconf 90' lang='lat' dir='ltr'><strong>eo</strong></span> <span class='ocrx_word' id='word_1_759' title='bbox 3141 3208 3402 3281; x_wconf 77' lang='lat' dir='ltr'><strong>exigatur,</strong></span> <span class='ocrx_word' id='word_1_760' title='bbox 3443 3226 3544 3268; x_wconf 90' lang='lat' dir='ltr'><strong>nec</strong></span> 
     </span>
    </p>
   </div>
   <div class='ocr_carea' id='block_1_101' title="bbox 1940 3280 3543 3349">
    <p class='ocr_par' dir='ltr' id='par_1_101' title="bbox 1940 3280 3543 3349">
     <span class='ocr_line' id='line_1_106' title="bbox 1940 3280 3543 3349; baseline 0 -12"><span class='ocrx_word' id='word_1_761' title='bbox 1940 3280 2133 3337; x_wconf 85' lang='lat' dir='ltr'><strong>evadat</strong></span> <span class='ocrx_word' id='word_1_762' title='bbox 2174 3280 2432 3349; x_wconf 85' lang='lat' dir='ltr'><strong>justitiam</strong></span> <span class='ocrx_word' id='word_1_763' title='bbox 2483 3281 2808 3347; x_wconf 89' lang='lat' dir='ltr'><strong>exactionis,</strong></span> <span class='ocrx_word' id='word_1_764' title='bbox 2862 3281 2962 3335; x_wconf 91' lang='lat' dir='ltr'><strong>nisi</strong></span> <span class='ocrx_word' id='word_1_765' title='bbox 3015 3280 3246 3336; x_wconf 88' lang='lat' dir='ltr'><strong>donetur</strong></span> <span class='ocrx_word' id='word_1_766' title='bbox 3293 3283 3543 3337; x_wconf 86' lang='lat' dir='ltr'><strong>exactio:</strong></span> 
     </span>
    </p>
   </div>
   <div class='ocr_carea' id='block_1_102' title="bbox 1941 3350 3546 3422">
    <p class='ocr_par' dir='ltr' id='par_1_102' title="bbox 1941 3350 3546 3422">
     <span class='ocr_line' id='line_1_107' title="bbox 1941 3350 3546 3422; baseline 0.001 -14"><span class='ocrx_word' id='word_1_767' title='bbox 1941 3362 2360 3410; x_wconf 87' lang='lat' dir='ltr'><strong>consentaneum</strong></span> <span class='ocrx_word' id='word_1_768' title='bbox 2383 3350 2593 3406; x_wconf 90' lang='lat' dir='ltr'><strong>videtur</strong></span> <span class='ocrx_word' id='word_1_769' title='bbox 2616 3351 2679 3405; x_wconf 84' lang='lat' dir='ltr'><strong>iis</strong></span> <span class='ocrx_word' id='word_1_770' title='bbox 2703 3368 2820 3422; x_wconf 72' lang='lat' dir='ltr'><strong>quae</strong></span> <span class='ocrx_word' id='word_1_771' title='bbox 2840 3351 3001 3406; x_wconf 86' lang='lat' dir='ltr'><strong>tradit</strong></span> <span class='ocrx_word' id='word_1_772' title='bbox 3018 3351 3354 3417; x_wconf 85' lang='lat' dir='ltr'><strong>Aristotcles,</strong></span> <span class='ocrx_word' id='word_1_773' title='bbox 3384 3353 3546 3409; x_wconf 81' lang='lat' dir='ltr'><strong>Ethi-</strong></span> 
     </span>
    </p>
   </div>
   <div class='ocr_carea' id='block_1_103' title="bbox 1943 3422 3546 3490">
    <p class='ocr_par' dir='ltr' id='par_1_103' title="bbox 1943 3422 3546 3490">
     <span class='ocr_line' id='line_1_108' title="bbox 1943 3422 3546 3490; baseline 0.002 -11"><span class='ocrx_word' id='word_1_774' title='bbox 1943 3438 2058 3479; x_wconf 86' lang='lat' dir='ltr'><strong>cor.</strong></span> <span class='ocrx_word' id='word_1_775' title='bbox 2091 3422 2178 3489; x_wconf 86' lang='lat' dir='ltr'><strong>V.,</strong></span> <span class='ocrx_word' id='word_1_776' title='bbox 2205 3429 2575 3477; x_wconf 81' lang='lat' dir='ltr'><strong>conti-actuum</strong></span> <span class='ocrx_word' id='word_1_777' title='bbox 2598 3422 2732 3476; x_wconf 90' lang='lat' dir='ltr'><strong>alios</strong></span> <span class='ocrx_word' id='word_1_778' title='bbox 2755 3436 2876 3478; x_wconf 89' lang='lat' dir='ltr'><strong>esse</strong></span> <span class='ocrx_word' id='word_1_779' title='bbox 2906 3423 3255 3490; x_wconf 87' lang='lat' dir='ltr'><strong>voluntarios,</strong></span> <span class='ocrx_word' id='word_1_780' title='bbox 3299 3424 3434 3481; x_wconf 90' lang='lat' dir='ltr'><strong>alios</strong></span> <span class='ocrx_word' id='word_1_781' title='bbox 3461 3427 3546 3482; x_wconf 86' lang='lat' dir='ltr'><strong>in-</strong></span> 
     </span>
    </p>
   </div>
   <div class='ocr_carea' id='block_1_104' title="bbox 1945 3493 3545 3564">
    <p class='ocr_par' dir='ltr' id='par_1_104' title="bbox 1945 3493 3545 3564">
     <span class='ocr_line' id='line_1_109' title="bbox 1945 3493 3545 3564; baseline 0.003 -14"><span class='ocrx_word' id='word_1_782' title='bbox 1945 3493 2294 3550; x_wconf 90' lang='lat' dir='ltr'><strong>voluntarios.</strong></span> <span class='ocrx_word' id='word_1_783' title='bbox 2323 3493 2422 3561; x_wconf 86' lang='lat' dir='ltr'><strong>Qui</strong></span> <span class='ocrx_word' id='word_1_784' title='bbox 2465 3507 2578 3549; x_wconf 88' lang='lat' dir='ltr'><strong>rem</strong></span> <span class='ocrx_word' id='word_1_785' title='bbox 2603 3493 2832 3564; x_wconf 87' lang='lat' dir='ltr'><strong>aliquam</strong></span> <span class='ocrx_word' id='word_1_786' title='bbox 2869 3494 3074 3560; x_wconf 90' lang='lat' dir='ltr'><strong>vendit,</strong></span> <span class='ocrx_word' id='word_1_787' title='bbox 3115 3495 3385 3550; x_wconf 89' lang='lat' dir='ltr'><strong>contrahit</strong></span> <span class='ocrx_word' id='word_1_788' title='bbox 3422 3512 3545 3554; x_wconf 90' lang='lat' dir='ltr'><strong>cum</strong></span> 
     </span>
    </p>
   </div>
   <div class='ocr_carea' id='block_1_105' title="bbox 1949 3564 3541 3636">
    <p class='ocr_par' dir='ltr' id='par_1_105' title="bbox 1949 3564 3541 3636">
     <span class='ocr_line' id='line_1_110' title="bbox 1949 3564 3541 3636; baseline 0.001 -14"><span class='ocrx_word' id='word_1_789' title='bbox 1949 3574 2231 3635; x_wconf 80' lang='lat' dir='ltr'><strong>emptore,</strong></span> <span class='ocrx_word' id='word_1_790' title='bbox 2285 3564 2942 3636; x_wconf 15' lang='lat' dir='ltr'><strong>teneturqueiaetionibus</strong></span> <span class='ocrx_word' id='word_1_791' title='bbox 2989 3566 3249 3636; x_wconf 89' lang='lat' dir='ltr'><strong>emptiet</strong></span> <span class='ocrx_word' id='word_1_792' title='bbox 3297 3567 3541 3634; x_wconf 87' lang='lat' dir='ltr'><strong>venditi,</strong></span> 
     </span>
    </p>
   </div>
   <div class='ocr_carea' id='block_1_106' title="bbox 1951 3635 3549 3709">
    <p class='ocr_par' dir='ltr' id='par_1_106' title="bbox 1951 3635 3549 3709">
     <span class='ocr_line' id='line_1_111' title="bbox 1951 3635 3549 3709; baseline 0.002 -17"><span class='ocrx_word' id='word_1_793' title='bbox 1951 3636 2254 3709; x_wconf 79' lang='lat' dir='ltr'><strong>voluntario</strong></span> <span class='ocrx_word' id='word_1_794' title='bbox 2271 3635 2702 3709; x_wconf 78' lang='lat' dir='ltr'><strong>contractu._Qui</strong></span> <span class='ocrx_word' id='word_1_795' title='bbox 2724 3636 2926 3691; x_wconf 87' lang='lat' dir='ltr'><strong>crimen</strong></span> <span class='ocrx_word' id='word_1_796' title='bbox 2973 3635 3210 3709; x_wconf 12' lang='lat' dir='ltr'><strong>aliquod!</strong></span> <span class='ocrx_word' id='word_1_797' title='bbox 3233 3641 3549 3709; x_wconf 89' lang='lat' dir='ltr'><strong>committit,</strong></span> 
     </span>
    </p>
   </div>
   <div class='ocr_carea' id='block_1_107' title="bbox 1953 3707 3550 3778">
    <p class='ocr_par' dir='ltr' id='par_1_107' title="bbox 1953 3707 3550 3778">
     <span class='ocr_line' id='line_1_112' title="bbox 1953 3707 3550 3778; baseline 0.001 -13"><span class='ocrx_word' id='word_1_798' title='bbox 1953 3707 2222 3765; x_wconf 88' lang='lat' dir='ltr'><strong>contrahit</strong></span> <span class='ocrx_word' id='word_1_799' title='bbox 2251 3722 2372 3763; x_wconf 90' lang='lat' dir='ltr'><strong>cum</strong></span> <span class='ocrx_word' id='word_1_800' title='bbox 2405 3707 2544 3776; x_wconf 85' lang='lat' dir='ltr'><strong>lege,</strong></span> <span class='ocrx_word' id='word_1_801' title='bbox 2577 3707 2648 3761; x_wconf 89' lang='lat' dir='ltr'><strong>ita</strong></span> <span class='ocrx_word' id='word_1_802' title='bbox 2681 3715 2736 3762; x_wconf 89' lang='lat' dir='ltr'><strong>ut</strong></span> <span class='ocrx_word' id='word_1_803' title='bbox 2771 3720 2967 3777; x_wconf 64' lang='lat' dir='ltr'><strong>paenae,</strong></span> <span class='ocrx_word' id='word_1_804' title='bbox 3008 3723 3168 3778; x_wconf 88' lang='lat' dir='ltr'><strong>quam</strong></span> <span class='ocrx_word' id='word_1_805' title='bbox 3197 3707 3285 3763; x_wconf 87' lang='lat' dir='ltr'><strong>lex</strong></span> <span class='ocrx_word' id='word_1_806' title='bbox 3332 3707 3550 3766; x_wconf 88' lang='lat' dir='ltr'><strong>crimini</strong></span> 
     </span>
    </p>
   </div>
   <div class='ocr_carea' id='block_1_108' title="bbox 1954 3777 3548 3845">
    <p class='ocr_par' dir='ltr' id='par_1_108' title="bbox 1954 3777 3548 3845">
     <span class='ocr_line' id='line_1_113' title="bbox 1954 3777 3548 3845; baseline 0.001 -9"><span class='ocrx_word' id='word_1_807' title='bbox 1954 3779 2108 3845; x_wconf 86' lang='lat' dir='ltr'><strong>dixit,</strong></span> <span class='ocrx_word' id='word_1_808' title='bbox 2138 3779 2232 3834; x_wconf 85' lang='lat' dir='ltr'><strong>ﬁat</strong></span> <span class='ocrx_word' id='word_1_809' title='bbox 2255 3777 2539 3845; x_wconf 81' lang='lat' dir='ltr'><strong>obnoxius,</strong></span> <span class='ocrx_word' id='word_1_810' title='bbox 2570 3778 2731 3833; x_wconf 90' lang='lat' dir='ltr'><strong>etiam</strong></span> <span class='ocrx_word' id='word_1_811' title='bbox 2778 3778 2968 3834; x_wconf 89' lang='lat' dir='ltr'><strong>nolens</strong></span> <span class='ocrx_word' id='word_1_812' title='bbox 2996 3788 3052 3834; x_wconf 90' lang='lat' dir='ltr'><strong>et</strong></span> <span class='ocrx_word' id='word_1_813' title='bbox 3087 3779 3306 3834; x_wconf 88' lang='lat' dir='ltr'><strong>invitus.</strong></span> <span class='ocrx_word' id='word_1_814' title='bbox 3337 3780 3426 3836; x_wconf 90' lang='lat' dir='ltr'><strong>Sic</strong></span> <span class='ocrx_word' id='word_1_815' title='bbox 3450 3781 3548 3837; x_wconf 87' lang='lat' dir='ltr'><strong>de-</strong></span> 
     </span>
    </p>
   </div>
   <div class='ocr_carea' id='block_1_109' title="bbox 1958 3849 3551 3921">
    <p class='ocr_par' dir='ltr' id='par_1_109' title="bbox 1958 3849 3551 3921">
     <span class='ocr_line' id='line_1_114' title="bbox 1958 3849 3551 3921; baseline 0.001 -14"><span class='ocrx_word' id='word_1_816' title='bbox 1958 3852 2160 3907; x_wconf 91' lang='lat' dir='ltr'><strong>bitores</strong></span> <span class='ocrx_word' id='word_1_817' title='bbox 2189 3865 2376 3905; x_wconf 87' lang='lat' dir='ltr'><strong>sumus</strong></span> <span class='ocrx_word' id='word_1_818' title='bbox 2401 3849 2534 3915; x_wconf 91' lang='lat' dir='ltr'><strong>Deo,</strong></span> <span class='ocrx_word' id='word_1_819' title='bbox 2566 3850 2656 3920; x_wconf 91' lang='lat' dir='ltr'><strong>qui</strong></span> <span class='ocrx_word' id='word_1_820' title='bbox 2683 3849 2893 3906; x_wconf 86' lang='lat' dir='ltr'><strong>delictis</strong></span> <span class='ocrx_word' id='word_1_821' title='bbox 2914 3851 3242 3921; x_wconf 88' lang='lat' dir='ltr'><strong>quotidianis</strong></span> <span class='ocrx_word' id='word_1_822' title='bbox 3267 3849 3361 3906; x_wconf 85' lang='lat' dir='ltr'><strong>Dei</strong></span> <span class='ocrx_word' id='word_1_823' title='bbox 3391 3867 3551 3910; x_wconf 83' lang='lat' dir='ltr'><strong>man-</strong></span> 
     </span>
    </p>
   </div>
   <div class='ocr_carea' id='block_1_110' title="bbox 1957 3920 3550 3992">
    <p class='ocr_par' dir='ltr' id='par_1_110' title="bbox 1957 3920 3550 3992">
     <span class='ocr_line' id='line_1_115' title="bbox 1957 3920 3550 3992; baseline 0.001 -12"><span class='ocrx_word' id='word_1_824' title='bbox 1957 3923 2081 3980; x_wconf 88' lang='lat' dir='ltr'><strong>data</strong></span> <span class='ocrx_word' id='word_1_825' title='bbox 2111 3920 2436 3992; x_wconf 85' lang='lat' dir='ltr'><strong>spernimus,</strong></span> <span class='ocrx_word' id='word_1_826' title='bbox 2466 3935 2640 3992; x_wconf 90' lang='lat' dir='ltr'><strong>eoque</strong></span> <span class='ocrx_word' id='word_1_827' title='bbox 2669 3923 2889 3977; x_wconf 91' lang='lat' dir='ltr'><strong>nomine</strong></span> <span class='ocrx_word' id='word_1_828' title='bbox 2935 3920 3197 3977; x_wconf 80' lang='lat' dir='ltr'><strong>debemus</strong></span> <span class='ocrx_word' id='word_1_829' title='bbox 3226 3936 3412 3991; x_wconf 66' lang='lat' dir='ltr'><strong>poenas</strong></span> <span class='ocrx_word' id='word_1_830' title='bbox 3441 3940 3550 3982; x_wconf 92' lang='lat' dir='ltr'><strong>non</strong></span> 
     </span>
    </p>
   </div>
   <div class='ocr_carea' id='block_1_111' title="bbox 1961 3991 3553 4057">
    <p class='ocr_par' dir='ltr' id='par_1_111' title="bbox 1961 3991 3553 4057">
     <span class='ocr_line' id='line_1_116' title="bbox 1961 3991 3553 4057; baseline 0.001 -8"><span class='ocrx_word' id='word_1_831' title='bbox 1961 3995 2107 4049; x_wconf 90' lang='lat' dir='ltr'><strong>leves</strong></span> <span class='ocrx_word' id='word_1_832' title='bbox 2133 3991 2274 4057; x_wconf 66' lang='lat' dir='ltr'><strong>{nec</strong></span> <span class='ocrx_word' id='word_1_833' title='bbox 2303 3991 2565 4048; x_wconf 85' lang='lat' dir='ltr'><strong>habemus</strong></span> <span class='ocrx_word' id='word_1_834' title='bbox 2594 3993 2738 4048; x_wconf 90' lang='lat' dir='ltr'><strong>unde</strong></span> <span class='ocrx_word' id='word_1_835' title='bbox 2785 3992 3060 4048; x_wconf 77' lang='lat' dir='ltr'><strong>immensa:</strong></span> <span class='ocrx_word' id='word_1_836' title='bbox 3089 4001 3144 4048; x_wconf 92' lang='lat' dir='ltr'><strong>et</strong></span> <span class='ocrx_word' id='word_1_837' title='bbox 3188 3991 3410 4050; x_wconf 64' lang='lat' dir='ltr'><strong>inﬁnita:</strong></span> <span class='ocrx_word' id='word_1_838' title='bbox 3439 4012 3553 4053; x_wconf 87' lang='lat' dir='ltr'><strong>ma-</strong></span> 
     </span>
    </p>
   </div>
   <div class='ocr_carea' id='block_1_112' title="bbox 1957 4061 3559 4138">
    <p class='ocr_par' dir='ltr' id='par_1_112' title="bbox 1957 4061 3559 4138">
     <span class='ocr_line' id='line_1_117' title="bbox 1957 4061 3559 4138; baseline 0.002 -17"><span class='ocrx_word' id='word_1_839' title='bbox 1957 4066 2138 4137; x_wconf 85' lang='lat' dir='ltr'><strong>jestati</strong></span> <span class='ocrx_word' id='word_1_840' title='bbox 2163 4061 2475 4138; x_wconf 77' lang='lat' dir='ltr'><strong>satisfacere</strong></span> <span class='ocrx_word' id='word_1_841' title='bbox 2500 4064 2785 4138; x_wconf 79' lang='lat' dir='ltr'><strong>possimus,</strong></span> <span class='ocrx_word' id='word_1_842' title='bbox 2816 4064 2905 4133; x_wconf 92' lang='lat' dir='ltr'><strong>qui</strong></span> <span class='ocrx_word' id='word_1_843' title='bbox 2927 4079 3025 4134; x_wconf 89' lang='lat' dir='ltr'><strong>per</strong></span> <span class='ocrx_word' id='word_1_844' title='bbox 3050 4079 3147 4120; x_wconf 91' lang='lat' dir='ltr'><strong>nos</strong></span> <span class='ocrx_word' id='word_1_845' title='bbox 3175 4064 3371 4120; x_wconf 90' lang='lat' dir='ltr'><strong>nullius</strong></span> <span class='ocrx_word' id='word_1_846' title='bbox 3396 4070 3559 4138; x_wconf 90' lang='lat' dir='ltr'><strong>pretii</strong></span> 
     </span>
    </p>
   </div>
   <div class='ocr_carea' id='block_1_113' title="bbox 1965 4135 3558 4206">
    <p class='ocr_par' dir='ltr' id='par_1_113' title="bbox 1965 4135 3558 4206">
     <span class='ocr_line' id='line_1_118' title="bbox 1965 4135 3558 4206; baseline 0.001 -13"><span class='ocrx_word' id='word_1_847' title='bbox 1965 4135 2172 4193; x_wconf 72' lang='lat' dir='ltr'><strong>Sumus.</strong></span> <span class='ocrx_word' id='word_1_848' title='bbox 2196 4135 2337 4191; x_wconf 89' lang='lat' dir='ltr'><strong>Deus</strong></span> <span class='ocrx_word' id='word_1_849' title='bbox 2366 4135 2527 4205; x_wconf 88' lang='lat' dir='ltr'><strong>igitur</strong></span> <span class='ocrx_word' id='word_1_850' title='bbox 2551 4135 2785 4190; x_wconf 86' lang='lat' dir='ltr'><strong>creditor</strong></span> <span class='ocrx_word' id='word_1_851' title='bbox 2809 4145 2991 4191; x_wconf 90' lang='lat' dir='ltr'><strong>noster</strong></span> <span class='ocrx_word' id='word_1_852' title='bbox 3021 4144 3166 4190; x_wconf 90' lang='lat' dir='ltr'><strong>tanta</strong></span> <span class='ocrx_word' id='word_1_853' title='bbox 3183 4149 3283 4190; x_wconf 93' lang='lat' dir='ltr'><strong>nos</strong></span> <span class='ocrx_word' id='word_1_854' title='bbox 3312 4135 3558 4206; x_wconf 79' lang='lat' dir='ltr'><strong>quamvis</strong></span> 
     </span>
    </p>
   </div>
   <div class='ocr_carea' id='block_1_114' title="bbox 1969 4206 3559 4280">
    <p class='ocr_par' dir='ltr' id='par_1_114' title="bbox 1969 4206 3559 4280">
     <span class='ocr_line' id='line_1_119' title="bbox 1969 4206 3559 4280; baseline 0.001 -16"><span class='ocrx_word' id='word_1_855' title='bbox 1969 4206 2733 4280; x_wconf 62' lang='lat' dir='ltr'><strong>immerentes,beneﬁcentia</strong></span> <span class='ocrx_word' id='word_1_856' title='bbox 2783 4206 3140 4280; x_wconf 66' lang='lat' dir='ltr'><strong>nrosequitur,</strong></span> <span class='ocrx_word' id='word_1_857' title='bbox 3189 4216 3244 4261; x_wconf 92' lang='lat' dir='ltr'><strong>ut</strong></span> <span class='ocrx_word' id='word_1_858' title='bbox 3273 4223 3380 4276; x_wconf 89' lang='lat' dir='ltr'><strong>quo</strong></span> <span class='ocrx_word' id='word_1_859' title='bbox 3399 4222 3559 4280; x_wconf 85' lang='lat' dir='ltr'><strong>pacto</strong></span> 
     </span>
    </p>
   </div>
   <div class='ocr_carea' id='block_1_115' title="bbox 1970 4275 3561 4348">
    <p class='ocr_par' dir='ltr' id='par_1_115' title="bbox 1970 4275 3561 4348">
     <span class='ocr_line' id='line_1_120' title="bbox 1970 4275 3561 4348; baseline 0.001 -13"><span class='ocrx_word' id='word_1_860' title='bbox 1970 4279 2184 4335; x_wconf 84' lang='lat' dir='ltr'><strong>liberari</strong></span> <span class='ocrx_word' id='word_1_861' title='bbox 2217 4278 2493 4348; x_wconf 80' lang='lat' dir='ltr'><strong>possimus</strong></span> <span class='ocrx_word' id='word_1_862' title='bbox 2508 4276 2749 4339; x_wconf 82' lang='lat' dir='ltr'><strong>edoceat.</strong></span> <span class='ocrx_word' id='word_1_863' title='bbox 2785 4275 3064 4348; x_wconf 74' lang='lat' dir='ltr'><strong>Remitiitc,</strong></span> <span class='ocrx_word' id='word_1_864' title='bbox 3089 4278 3278 4348; x_wconf 90' lang='lat' dir='ltr'><strong>inquit,</strong></span> <span class='ocrx_word' id='word_1_865' title='bbox 3294 4275 3350 4334; x_wconf 86' lang='lat' dir='ltr'><strong>et</strong></span> <span class='ocrx_word' id='word_1_866' title='bbox 3384 4275 3561 4336; x_wconf 73' lang='lat' dir='ltr'><strong>remit-</strong></span> 
     </span>
    </p>
   </div>
   <div class='ocr_carea' id='block_1_116' title="bbox 1971 4346 3561 4423">
    <p class='ocr_par' dir='ltr' id='par_1_116' title="bbox 1971 4346 3561 4423">
     <span class='ocr_line' id='line_1_121' title="bbox 1971 4346 3561 4423; baseline 0.003 -18"><span class='ocrx_word' id='word_1_867' title='bbox 1971 4361 2104 4423; x_wconf 84' lang='lat' dir='ltr'><strong>tetur</strong></span> <span class='ocrx_word' id='word_1_868' title='bbox 2128 4346 2284 4423; x_wconf 80' lang='lat' dir='ltr'><strong>vobis.</strong></span> <span class='ocrx_word' id='word_1_869' title='bbox 2318 4348 2453 4423; x_wconf 80' lang='lat' dir='ltr'><strong>Erga</strong></span> <span class='ocrx_word' id='word_1_870' title='bbox 2484 4346 2754 4423; x_wconf 77' lang='lat' dir='ltr'><strong>hominem</strong></span> <span class='ocrx_word' id='word_1_871' title='bbox 2774 4347 3035 4418; x_wconf 86' lang='lat' dir='ltr'><strong>delinquit</strong></span> <span class='ocrx_word' id='word_1_872' title='bbox 3063 4346 3258 4423; x_wconf 76' lang='lat' dir='ltr'><strong>homo?</strong></span> <span class='ocrx_word' id='word_1_873' title='bbox 3305 4351 3561 4423; x_wconf 89' lang='lat' dir='ltr'><strong>quicquid</strong></span> 
     </span>
    </p>
   </div>
   <div class='ocr_carea' id='block_1_117' title="bbox 1973 4419 3559 4493">
    <p class='ocr_par' dir='ltr' id='par_1_117' title="bbox 1973 4419 3559 4493">
     <span class='ocr_line' id='line_1_122' title="bbox 1973 4419 3559 4493; baseline 0.001 -16"><span class='ocrx_word' id='word_1_874' title='bbox 1973 4421 2281 4493; x_wconf 89' lang='lat' dir='ltr'><strong>intercedit,</strong></span> <span class='ocrx_word' id='word_1_875' title='bbox 2310 4420 2494 4493; x_wconf 81' lang='lat' dir='ltr'><strong>utique</strong></span> <span class='ocrx_word' id='word_1_876' title='bbox 2523 4419 2813 4473; x_wconf 88' lang='lat' dir='ltr'><strong>humanum</strong></span> <span class='ocrx_word' id='word_1_877' title='bbox 2831 4427 2931 4493; x_wconf 86' lang='lat' dir='ltr'><strong>est,</strong></span> <span class='ocrx_word' id='word_1_878' title='bbox 2961 4421 3277 4493; x_wconf 78' lang='lat' dir='ltr'><strong>quantulum</strong></span> <span class='ocrx_word' id='word_1_879' title='bbox 3314 4419 3559 4493; x_wconf 77' lang='lat' dir='ltr'><strong>estquod</strong></span> 
     </span>
    </p>
   </div>
   <div class='ocr_carea' id='block_1_118' title="bbox 1977 4490 3561 4566">
    <p class='ocr_par' dir='ltr' id='par_1_118' title="bbox 1977 4490 3561 4566">
     <span class='ocr_line' id='line_1_123' title="bbox 1977 4490 3561 4566; baseline 0.002 -18"><span class='ocrx_word' id='word_1_880' title='bbox 1977 4490 2568 4566; x_wconf 79' lang='lat' dir='ltr'><strong>debetur?_quatttuium</strong></span> <span class='ocrx_word' id='word_1_881' title='bbox 2619 4499 2701 4566; x_wconf 78' lang='lat' dir='ltr'><strong>est</strong></span> <span class='ocrx_word' id='word_1_882' title='bbox 2746 4491 2888 4566; x_wconf 77' lang='lat' dir='ltr'><strong>quod</strong></span> <span class='ocrx_word' id='word_1_883' title='bbox 2935 4491 3260 4566; x_wconf 79' lang='lat' dir='ltr'><strong>remittitur?</strong></span> <span class='ocrx_word' id='word_1_884' title='bbox 3311 4492 3382 4547; x_wconf 86' lang='lat' dir='ltr'><strong>At</strong></span> <span class='ocrx_word' id='word_1_885' title='bbox 3417 4490 3561 4566; x_wconf 80' lang='lat' dir='ltr'><strong>erga</strong></span> 
     </span>
    </p>
   </div>
   <div class='ocr_carea' id='block_1_119' title="bbox 1895 4560 3563 4642">
    <p class='ocr_par' dir='ltr' id='par_1_119' title="bbox 1895 4560 3563 4642">
     <span class='ocr_line' id='line_1_124' title="bbox 1895 4560 3563 4642; baseline 0.002 -22"><span class='ocrx_word' id='word_1_886' title='bbox 1895 4576 1950 4642; x_wconf 79' lang='lat'><strong>1)</strong></span> <span class='ocrx_word' id='word_1_887' title='bbox 1981 4563 2144 4642; x_wconf 86' lang='lat' dir='ltr'><strong>Deu_t_n</strong></span> <span class='ocrx_word' id='word_1_888' title='bbox 2175 4560 2652 4642; x_wconf 34' lang='lat' dir='ltr'><strong>delinquititomho?</strong></span> <span class='ocrx_word' id='word_1_889' title='bbox 2672 4560 2791 4642; x_wconf 66' lang='lat' dir='ltr'><strong>jatn</strong></span> <span class='ocrx_word' id='word_1_890' title='bbox 2813 4562 2936 4642; x_wconf 81' lang='lat' dir='ltr'><strong>hinc</strong></span> <span class='ocrx_word' id='word_1_891' title='bbox 2962 4562 3176 4642; x_wconf 75' lang='lat' dir='ltr'><strong>debitor</strong></span> <span class='ocrx_word' id='word_1_892' title='bbox 3203 4562 3384 4630; x_wconf 88' lang='lat' dir='ltr'><strong>homo,</strong></span> <span class='ocrx_word' id='word_1_893' title='bbox 3414 4560 3563 4624; x_wconf 75' lang='lat' dir='ltr'><strong>illinc</strong></span> 
     </span>
    </p>
   </div>
   <div class='ocr_carea' id='block_1_120' title="bbox 1975 4632 3561 4716">
    <p class='ocr_par' dir='ltr' id='par_1_120' title="bbox 1975 4632 3561 4716">
     <span class='ocr_line' id='line_1_125' title="bbox 1975 4632 3561 4716; baseline 0.001 -26"><span class='ocrx_word' id='word_1_894' title='bbox 1975 4634 2212 4691; x_wconf 90' lang='lat' dir='ltr'><strong>creditor</strong></span> <span class='ocrx_word' id='word_1_895' title='bbox 2263 4645 2317 4688; x_wconf 87' lang='lat' dir='ltr'><strong>et</strong></span> <span class='ocrx_word' id='word_1_896' title='bbox 2335 4633 2730 4716; x_wconf 31' lang='lat' dir='ltr'><strong>vindechu/s.</strong></span> <span class='ocrx_word' id='word_1_897' title='bbox 2750 4632 2982 4716; x_wconf 78' lang='lat' dir='ltr'><strong>omnino</strong></span> <span class='ocrx_word' id='word_1_898' title='bbox 3013 4643 3118 4715; x_wconf 81' lang='lat' dir='ltr'><strong>tam</strong></span> <span class='ocrx_word' id='word_1_899' title='bbox 3165 4634 3337 4716; x_wconf 78' lang='lat' dir='ltr'><strong>impar</strong></span> <span class='ocrx_word' id='word_1_900' title='bbox 3379 4647 3561 4716; x_wconf 61' lang='lat' dir='ltr'><strong>ferta-</strong></span> 
     </span>
    </p>
   </div>
   <div class='ocr_carea' id='block_1_121' title="bbox 1975 4703 3566 4779">
    <p class='ocr_par' dir='ltr' id='par_1_121' title="bbox 1975 4703 3566 4779">
     <span class='ocr_line' id='line_1_126' title="bbox 1975 4703 3566 4779; baseline 0.003 -19"><span class='ocrx_word' id='word_1_901' title='bbox 1975 4722 2118 4779; x_wconf 87' lang='lat' dir='ltr'><strong>men,</strong></span> <span class='ocrx_word' id='word_1_902' title='bbox 2143 4719 2301 4779; x_wconf 81' lang='lat' dir='ltr'><strong>quam</strong></span> <span class='ocrx_word' id='word_1_903' title='bbox 2318 4704 2588 4779; x_wconf 79' lang='lat' dir='ltr'><strong>disparata</strong></span> <span class='ocrx_word' id='word_1_904' title='bbox 2615 4707 2738 4759; x_wconf 82' lang='lat' dir='ltr'><strong>sunt</strong></span> <span class='ocrx_word' id='word_1_905' title='bbox 2766 4706 2834 4759; x_wconf 91' lang='lat' dir='ltr'><strong>ab</strong></span> <span class='ocrx_word' id='word_1_906' title='bbox 2873 4705 3122 4759; x_wconf 90' lang='lat' dir='ltr'><strong>humanis</strong></span> <span class='ocrx_word' id='word_1_907' title='bbox 3151 4703 3351 4779; x_wconf 84' lang='lat' dir='ltr'><strong>divina.</strong></span> <span class='ocrx_word' id='word_1_908' title='bbox 3379 4703 3566 4779; x_wconf 86' lang='lat' dir='ltr'><strong>Itaque</strong></span> 
     </span>
    </p>
   </div>
   <div class='ocr_carea' id='block_1_122' title="bbox 1976 4774 3564 4846">
    <p class='ocr_par' dir='ltr' id='par_1_122' title="bbox 1976 4774 3564 4846">
     <span class='ocr_line' id='line_1_127' title="bbox 1976 4774 3564 4846; baseline 0.003 -13"><span class='ocrx_word' id='word_1_909' title='bbox 1976 4774 2248 4833; x_wconf 82' lang='lat' dir='ltr'><strong>hominem</strong></span> <span class='ocrx_word' id='word_1_910' title='bbox 2273 4774 2418 4832; x_wconf 85' lang='lat' dir='ltr'><strong>Deus</strong></span> <span class='ocrx_word' id='word_1_911' title='bbox 2441 4774 2632 4843; x_wconf 86' lang='lat' dir='ltr'><strong>induit,</strong></span> <span class='ocrx_word' id='word_1_912' title='bbox 2651 4784 2709 4831; x_wconf 91' lang='lat' dir='ltr'><strong>ut</strong></span> <span class='ocrx_word' id='word_1_913' title='bbox 2739 4785 2918 4832; x_wconf 87' lang='lat' dir='ltr'><strong>nostra</strong></span> <span class='ocrx_word' id='word_1_914' title='bbox 2943 4791 3064 4831; x_wconf 90' lang='lat' dir='ltr'><strong>cum</strong></span> <span class='ocrx_word' id='word_1_915' title='bbox 3091 4775 3203 4830; x_wconf 89' lang='lat' dir='ltr'><strong>suis</strong></span> <span class='ocrx_word' id='word_1_916' title='bbox 3231 4774 3564 4846; x_wconf 79' lang='lat' dir='ltr'><strong>compenset.</strong></span> 
     </span>
    </p>
   </div>
   <div class='ocr_carea' id='block_1_123' title="bbox 1975 4846 3566 4919">
    <p class='ocr_par' dir='ltr' id='par_1_123' title="bbox 1975 4846 3566 4919">
     <span class='ocr_line' id='line_1_128' title="bbox 1975 4846 3566 4919; baseline 0.001 -14"><span class='ocrx_word' id='word_1_917' title='bbox 1975 4848 2185 4905; x_wconf 84' lang='lat' dir='ltr'><strong>Nostris</strong></span> <span class='ocrx_word' id='word_1_918' title='bbox 2207 4847 2416 4919; x_wconf 90' lang='lat' dir='ltr'><strong>legibus</strong></span> <span class='ocrx_word' id='word_1_919' title='bbox 2452 4847 2734 4904; x_wconf 85' lang='lat' dir='ltr'><strong>nobiscutn&#39;</strong></span> <span class='ocrx_word' id='word_1_920' title='bbox 2756 4848 2893 4919; x_wconf 86' lang='lat' dir='ltr'><strong>agit:</strong></span> <span class='ocrx_word' id='word_1_921' title='bbox 2925 4846 3177 4919; x_wconf 81' lang='lat' dir='ltr'><strong>delegari</strong></span> <span class='ocrx_word' id='word_1_922' title='bbox 3210 4847 3311 4919; x_wconf 90' lang='lat' dir='ltr'><strong>sibi</strong></span> <span class='ocrx_word' id='word_1_923' title='bbox 3345 4852 3566 4919; x_wconf 90' lang='lat' dir='ltr'><strong>patitur.</strong></span> 
     </span>
    </p>
   </div>
   <div class='ocr_carea' id='block_1_124' title="bbox 1977 4917 3570 4990">
    <p class='ocr_par' dir='ltr' id='par_1_124' title="bbox 1977 4917 3570 4990">
     <span class='ocr_line' id='line_1_129' title="bbox 1977 4917 3570 4990; baseline 0.002 -13"><span class='ocrx_word' id='word_1_924' title='bbox 1977 4920 2256 4977; x_wconf 89' lang='lat' dir='ltr'><strong>Debitores</strong></span> <span class='ocrx_word' id='word_1_925' title='bbox 2267 4917 2404 4990; x_wconf 78' lang='lat' dir='ltr'><strong>sunt</strong></span> <span class='ocrx_word' id='word_1_926' title='bbox 2423 4919 2617 4987; x_wconf 88' lang='lat' dir='ltr'><strong>nostri,</strong></span> <span class='ocrx_word' id='word_1_927' title='bbox 2640 4920 2728 4990; x_wconf 93' lang='lat' dir='ltr'><strong>qui</strong></span> <span class='ocrx_word' id='word_1_928' title='bbox 2749 4917 2906 4990; x_wconf 86' lang='lat' dir='ltr'><strong>nobis</strong></span> <span class='ocrx_word' id='word_1_929' title='bbox 2923 4918 3144 4988; x_wconf 82' lang='lat' dir='ltr'><strong>injurias</strong></span> <span class='ocrx_word' id='word_1_930' title='bbox 3166 4917 3416 4990; x_wconf 83' lang='lat' dir='ltr'><strong>intulere.</strong></span> <span class='ocrx_word' id='word_1_931' title='bbox 3459 4923 3570 4981; x_wconf 88' lang='lat' dir='ltr'><strong>De-</strong></span> 
     </span>
    </p>
   </div>
   <div class='ocr_carea' id='block_1_125' title="bbox 1978 4989 3570 5062">
    <p class='ocr_par' dir='ltr' id='par_1_125' title="bbox 1978 4989 3570 5062">
     <span class='ocr_line' id='line_1_130' title="bbox 1978 4989 3570 5062; baseline 0.001 -13"><span class='ocrx_word' id='word_1_932' title='bbox 1978 4993 2230 5062; x_wconf 87' lang='lat' dir='ltr'><strong>legamus</strong></span> <span class='ocrx_word' id='word_1_933' title='bbox 2267 4989 2540 5046; x_wconf 88' lang='lat' dir='ltr'><strong>debitores</strong></span> <span class='ocrx_word' id='word_1_934' title='bbox 2590 4989 2805 5062; x_wconf 86' lang='lat' dir='ltr'><strong>nostros</strong></span> <span class='ocrx_word' id='word_1_935' title='bbox 2836 4989 3006 5062; x_wconf 77' lang='lat' dir='ltr'><strong>Deo,</strong></span> <span class='ocrx_word' id='word_1_936' title='bbox 3066 4989 3278 5058; x_wconf 91' lang='lat' dir='ltr'><strong>quoties</strong></span> <span class='ocrx_word' id='word_1_937' title='bbox 3332 4991 3570 5051; x_wconf 87' lang='lat' dir='ltr'><strong>debitam</strong></span> 
     </span>
    </p>
   </div>
   <div class='ocr_carea' id='block_1_126' title="bbox 1978 5058 3572 5123">
    <p class='ocr_par' dir='ltr' id='par_1_126' title="bbox 1978 5058 3572 5123">
     <span class='ocr_line' id='line_1_131' title="bbox 1978 5058 3572 5123; baseline 0.002 -3"><span class='ocrx_word' id='word_1_938' title='bbox 1978 5058 2134 5120; x_wconf 75' lang='lat' dir='ltr'><strong>nobis</strong></span> <span class='ocrx_word' id='word_1_939' title='bbox 2158 5061 2481 5120; x_wconf 85' lang='lat' dir='ltr'><strong>oll&#39;ensarum</strong></span> <span class='ocrx_word' id='word_1_940' title='bbox 2505 5061 2720 5116; x_wconf 88' lang='lat' dir='ltr'><strong>nomine</strong></span> <span class='ocrx_word' id='word_1_941' title='bbox 2747 5058 3169 5116; x_wconf 80' lang='lat' dir='ltr'><strong>satisfactionem</strong></span> <span class='ocrx_word' id='word_1_942' title='bbox 3193 5061 3424 5118; x_wconf 88' lang='lat' dir='ltr'><strong>debitori</strong></span> <span class='ocrx_word' id='word_1_943' title='bbox 3445 5081 3572 5123; x_wconf 83' lang='lat' dir='ltr'><strong>nos-</strong></span> 
     </span>
    </p>
   </div>
   <div class='ocr_carea' id='block_1_127' title="bbox 1980 5131 3576 5203">
    <p class='ocr_par' dir='ltr' id='par_1_127' title="bbox 1980 5131 3576 5203">
     <span class='ocr_line' id='line_1_132' title="bbox 1980 5131 3576 5203; baseline -0.006 -12"><span class='ocrx_word' id='word_1_944' title='bbox 1980 5143 2065 5192; x_wconf 91' lang='lat' dir='ltr'><strong>tro</strong></span> <span class='ocrx_word' id='word_1_945' title='bbox 2087 5136 2165 5190; x_wconf 91' lang='lat' dir='ltr'><strong>sic</strong></span> <span class='ocrx_word' id='word_1_946' title='bbox 2189 5133 2450 5189; x_wconf 91' lang='lat' dir='ltr'><strong>donamus</strong></span> <span class='ocrx_word' id='word_1_947' title='bbox 2469 5174 2484 5201; x_wconf 91' lang='lat'><strong>,</strong></span> <span class='ocrx_word' id='word_1_948' title='bbox 2513 5143 2572 5187; x_wconf 92' lang='lat' dir='ltr'><strong>ut</strong></span> <span class='ocrx_word' id='word_1_949' title='bbox 2601 5135 2770 5203; x_wconf 91' lang='lat' dir='ltr'><strong>ipsam</strong></span> <span class='ocrx_word' id='word_1_950' title='bbox 2798 5131 2874 5187; x_wconf 89' lang='lat' dir='ltr'><strong>illi</strong></span> <span class='ocrx_word' id='word_1_951' title='bbox 2903 5147 2931 5203; x_wconf 88' lang='lat' dir='ltr'><strong>a</strong></span> <span class='ocrx_word' id='word_1_952' title='bbox 2981 5133 3091 5186; x_wconf 91' lang='lat' dir='ltr'><strong>Deo</strong></span> <span class='ocrx_word' id='word_1_953' title='bbox 3119 5132 3410 5190; x_wconf 80' lang='lat' dir='ltr'><strong>condonari</strong></span> <span class='ocrx_word' id='word_1_954' title='bbox 3435 5139 3576 5195; x_wconf 85' lang='lat' dir='ltr'><strong>veli.</strong></span> 
     </span>
    </p>
   </div>
   <div class='ocr_carea' id='block_1_128' title="bbox 1983 5202 3576 5275">
    <p class='ocr_par' dir='ltr' id='par_1_128' title="bbox 1983 5202 3576 5275">
     <span class='ocr_line' id='line_1_133' title="bbox 1983 5202 3576 5275; baseline -0.007 -12"><span class='ocrx_word' id='word_1_955' title='bbox 1983 5221 2124 5263; x_wconf 89' lang='lat' dir='ltr'><strong>mus.</strong></span> <span class='ocrx_word' id='word_1_956' title='bbox 2150 5203 2304 5261; x_wconf 81' lang='lat' dir='ltr'><strong>Tunc</strong></span> <span class='ocrx_word' id='word_1_957' title='bbox 2347 5204 2406 5259; x_wconf 91' lang='lat' dir='ltr'><strong>ﬁt</strong></span> <span class='ocrx_word' id='word_1_958' title='bbox 2433 5205 2485 5260; x_wconf 92' lang='lat' dir='ltr'><strong>in</strong></span> <span class='ocrx_word' id='word_1_959' title='bbox 2529 5202 2682 5260; x_wconf 61' lang='lat' dir='ltr'><strong>caelis</strong></span> <span class='ocrx_word' id='word_1_960' title='bbox 2710 5202 3068 5275; x_wconf 82' lang='lat' dir='ltr'><strong>acceptilatio,</strong></span> <span class='ocrx_word' id='word_1_961' title='bbox 3103 5219 3196 5272; x_wconf 87' lang='lat' dir='ltr'><strong>per</strong></span> <span class='ocrx_word' id='word_1_962' title='bbox 3233 5219 3394 5275; x_wconf 86' lang='lat' dir='ltr'><strong>quam</strong></span> <span class='ocrx_word' id='word_1_963' title='bbox 3420 5209 3576 5266; x_wconf 84' lang='lat' dir='ltr'><strong>vicis-</strong></span> 
     </span>
    </p>
   </div>
   <div class='ocr_carea' id='block_1_129' title="bbox 1984 5273 3576 5346">
    <p class='ocr_par' dir='ltr' id='par_1_129' title="bbox 1984 5273 3576 5346">
     <span class='ocr_line' id='line_1_134' title="bbox 1984 5273 3576 5346; baseline 0.003 -13"><span class='ocrx_word' id='word_1_964' title='bbox 1984 5279 2086 5333; x_wconf 89' lang='lat' dir='ltr'><strong>sim</strong></span> <span class='ocrx_word' id='word_1_965' title='bbox 2125 5278 2265 5333; x_wconf 91' lang='lat' dir='ltr'><strong>Deus</strong></span> <span class='ocrx_word' id='word_1_966' title='bbox 2299 5286 2482 5331; x_wconf 90' lang='lat' dir='ltr'><strong>nostra</strong></span> <span class='ocrx_word' id='word_1_967' title='bbox 2506 5289 2636 5346; x_wconf 88' lang='lat' dir='ltr'><strong>erga</strong></span> <span class='ocrx_word' id='word_1_968' title='bbox 2662 5289 2721 5328; x_wconf 90' lang='lat' dir='ltr'><strong>se</strong></span> <span class='ocrx_word' id='word_1_969' title='bbox 2746 5273 2924 5346; x_wconf 85' lang='lat' dir='ltr'><strong>debita</strong></span> <span class='ocrx_word' id='word_1_970' title='bbox 2951 5275 3228 5346; x_wconf 87' lang='lat' dir='ltr'><strong>expungit.</strong></span> <span class='ocrx_word' id='word_1_971' title='bbox 3252 5273 3454 5343; x_wconf 73' lang='lat' dir='ltr'><strong>Quare.</strong></span> <span class='ocrx_word' id='word_1_972' title='bbox 3483 5281 3576 5340; x_wconf 85' lang='lat' dir='ltr'><strong>ille</strong></span> 
     </span>
    </p>
   </div>
   <div class='ocr_carea' id='block_1_130' title="bbox 1986 5345 3578 5420">
    <p class='ocr_par' dir='ltr' id='par_1_130' title="bbox 1986 5345 3578 5420">
     <span class='ocr_line' id='line_1_135' title="bbox 1986 5345 3578 5420; baseline 0.004 -17"><span class='ocrx_word' id='word_1_973' title='bbox 1986 5349 2150 5420; x_wconf 83' lang='lat' dir='ltr'><strong>ditior</strong></span> <span class='ocrx_word' id='word_1_974' title='bbox 2175 5359 2227 5404; x_wconf 91' lang='lat' dir='ltr'><strong>et</strong></span> <span class='ocrx_word' id='word_1_975' title='bbox 2244 5348 2559 5420; x_wconf 86' lang='lat' dir='ltr'><strong>locupletior</strong></span> <span class='ocrx_word' id='word_1_976' title='bbox 2584 5345 2667 5420; x_wconf 82' lang='lat' dir='ltr'><strong>est</strong></span> <span class='ocrx_word' id='word_1_977' title='bbox 2683 5361 2806 5420; x_wconf 82' lang='lat' dir='ltr'><strong>erga</strong></span> <span class='ocrx_word' id='word_1_978' title='bbox 2834 5345 3004 5420; x_wconf 82' lang='lat' dir='ltr'><strong>Deum</strong></span> <span class='ocrx_word' id='word_1_979' title='bbox 3021 5345 3252 5420; x_wconf 82' lang='lat' dir='ltr'><strong>debitor,</strong></span> <span class='ocrx_word' id='word_1_980' title='bbox 3274 5347 3366 5419; x_wconf 87' lang='lat' dir='ltr'><strong>qui</strong></span> <span class='ocrx_word' id='word_1_981' title='bbox 3398 5351 3578 5420; x_wconf 89' lang='lat' dir='ltr'><strong>plures</strong></span> 
     </span>
    </p>
   </div>
   <div class='ocr_carea' id='block_1_131' title="bbox 1991 5416 3581 5494">
    <p class='ocr_par' dir='ltr' id='par_1_131' title="bbox 1991 5416 3581 5494">
     <span class='ocr_line' id='line_1_136' title="bbox 1991 5416 3581 5494; baseline 0.003 -17"><span class='ocrx_word' id='word_1_982' title='bbox 1991 5419 2214 5494; x_wconf 84' lang='lat' dir='ltr'><strong>injurias</strong></span> <span class='ocrx_word' id='word_1_983' title='bbox 2243 5416 2480 5494; x_wconf 82' lang='lat' dir='ltr'><strong>pertulit,</strong></span> <span class='ocrx_word' id='word_1_984' title='bbox 2511 5418 2710 5474; x_wconf 88' lang='lat' dir='ltr'><strong>etenim</strong></span> <span class='ocrx_word' id='word_1_985' title='bbox 2736 5417 2936 5494; x_wconf 61' lang='lat' dir='ltr'><strong>plures</strong></span> <span class='ocrx_word' id='word_1_986' title='bbox 2963 5416 3124 5494; x_wconf 80' lang='lat' dir='ltr'><strong>habet</strong></span> <span class='ocrx_word' id='word_1_987' title='bbox 3144 5416 3316 5494; x_wconf 48' lang='lat' dir='ltr'><strong>nues:</strong></span> <span class='ocrx_word' id='word_1_988' title='bbox 3327 5416 3581 5494; x_wconf 80' lang='lat' dir='ltr'><strong>delegare</strong></span> 
     </span>
    </p>
   </div>
   <div class='ocr_carea' id='block_1_132' title="bbox 1992 5487 3581 5562">
    <p class='ocr_par' dir='ltr' id='par_1_132' title="bbox 1992 5487 3581 5562">
     <span class='ocr_line' id='line_1_137' title="bbox 1992 5487 3581 5562; baseline 0.005 -17"><span class='ocrx_word' id='word_1_989' title='bbox 1992 5487 2155 5562; x_wconf 83' lang='lat' dir='ltr'><strong>queat</strong></span> <span class='ocrx_word' id='word_1_990' title='bbox 2179 5487 2450 5562; x_wconf 86' lang='lat' dir='ltr'><strong>debitores</strong></span> <span class='ocrx_word' id='word_1_991' title='bbox 2475 5504 2602 5562; x_wconf 79' lang='lat' dir='ltr'><strong>suos</strong></span> <span class='ocrx_word' id='word_1_992' title='bbox 2625 5487 2877 5544; x_wconf 90' lang='lat' dir='ltr'><strong>creditori</strong></span> <span class='ocrx_word' id='word_1_993' title='bbox 2907 5490 3036 5562; x_wconf 86' lang='lat' dir='ltr'><strong>Deo.</strong></span> <span class='ocrx_word' id='word_1_994' title='bbox 3059 5487 3195 5559; x_wconf 86' lang='lat' dir='ltr'><strong>Quid</strong></span> <span class='ocrx_word' id='word_1_995' title='bbox 3217 5490 3263 5544; x_wconf 91' lang='lat' dir='ltr'><strong>si</strong></span> <span class='ocrx_word' id='word_1_996' title='bbox 3285 5487 3581 5552; x_wconf 62' lang='lat' dir='ltr'><strong>debito&#39;rcm</strong></span> 
     </span>
    </p>
   </div>
   <div class='ocr_carea' id='block_1_133' title="bbox 1993 5560 3580 5631">
    <p class='ocr_par' dir='ltr' id='par_1_133' title="bbox 1993 5560 3580 5631">
     <span class='ocr_line' id='line_1_138' title="bbox 1993 5560 3580 5631; baseline 0.002 -11"><span class='ocrx_word' id='word_1_997' title='bbox 1993 5560 2102 5620; x_wconf 80' lang='lat' dir='ltr'><strong>non</strong></span> <span class='ocrx_word' id='word_1_998' title='bbox 2128 5561 2452 5618; x_wconf 84' lang='lat' dir='ltr'><strong>habeamus?</strong></span> <span class='ocrx_word' id='word_1_999' title='bbox 2479 5560 2660 5617; x_wconf 89' lang='lat' dir='ltr'><strong>Placet</strong></span> <span class='ocrx_word' id='word_1_1000' title='bbox 2683 5560 3010 5631; x_wconf 22' lang='lat' dir='ltr'><strong>ireSponsio,</strong></span> <span class='ocrx_word' id='word_1_1001' title='bbox 3057 5575 3216 5631; x_wconf 87' lang='lat' dir='ltr'><strong>quam</strong></span> <span class='ocrx_word' id='word_1_1002' title='bbox 3248 5561 3298 5615; x_wconf 92' lang='lat' dir='ltr'><strong>in</strong></span> <span class='ocrx_word' id='word_1_1003' title='bbox 3326 5564 3487 5620; x_wconf 85' lang='lat' dir='ltr'><strong>scidis</strong></span> <span class='ocrx_word' id='word_1_1004' title='bbox 3512 5569 3580 5624; x_wconf 87' lang='lat' dir='ltr'><strong>ad</strong></span> 
     </span>
    </p>
   </div>
   <div class='ocr_carea' id='block_1_134' title="bbox 1997 5630 3585 5705">
    <p class='ocr_par' dir='ltr' id='par_1_134' title="bbox 1997 5630 3585 5705">
     <span class='ocr_line' id='line_1_139' title="bbox 1997 5630 3585 5705; baseline 0.001 -13"><span class='ocrx_word' id='word_1_1005' title='bbox 1997 5634 2350 5705; x_wconf 82' lang='lat' dir='ltr'><strong>Augustinum</strong></span> <span class='ocrx_word' id='word_1_1006' title='bbox 2379 5633 2488 5705; x_wconf 82' lang='lat' dir='ltr'><strong>suis</strong></span> <span class='ocrx_word' id='word_1_1007' title='bbox 2518 5631 2632 5705; x_wconf 83' lang='lat' dir='ltr'><strong>Nic.</strong></span> <span class='ocrx_word' id='word_1_1008' title='bbox 2667 5630 2839 5688; x_wconf 85' lang='lat' dir='ltr'><strong>Faber</strong></span> <span class='ocrx_word' id='word_1_1009' title='bbox 2858 5630 3174 5705; x_wconf 79' lang='lat' dir='ltr'><strong>notaverat:</strong></span> <span class='ocrx_word' id='word_1_1010' title='bbox 3218 5631 3331 5686; x_wconf 83' lang='lat' dir='ltr'><strong>Etsi</strong></span> <span class='ocrx_word' id='word_1_1011' title='bbox 3377 5648 3585 5694; x_wconf 81' lang='lat' dir='ltr'><strong>scruta-</strong></span> 
     </span>
    </p>
   </div>
   <div class='ocr_carea' id='block_1_135' title="bbox 1998 5701 3587 5776">
    <p class='ocr_par' dir='ltr' id='par_1_135' title="bbox 1998 5701 3587 5776">
     <span class='ocr_line' id='line_1_140' title="bbox 1998 5701 3587 5776; baseline 0 -14"><span class='ocrx_word' id='word_1_1012' title='bbox 1998 5701 2108 5762; x_wconf 82' lang='lat' dir='ltr'><strong>tori</strong></span> <span class='ocrx_word' id='word_1_1013' title='bbox 2128 5704 2368 5760; x_wconf 87' lang='lat' dir='ltr'><strong>cordium</strong></span> <span class='ocrx_word' id='word_1_1014' title='bbox 2399 5704 2508 5758; x_wconf 89' lang='lat' dir='ltr'><strong>Deo</strong></span> <span class='ocrx_word' id='word_1_1015' title='bbox 2532 5703 2781 5776; x_wconf 82' lang='lat' dir='ltr'><strong>voluntas</strong></span> <span class='ocrx_word' id='word_1_1016' title='bbox 2805 5702 2872 5759; x_wconf 90' lang='lat' dir='ltr'><strong>ad</strong></span> <span class='ocrx_word' id='word_1_1017' title='bbox 2901 5701 3271 5776; x_wconf 83' lang='lat' dir='ltr'><strong>remissionem</strong></span> <span class='ocrx_word' id='word_1_1018' title='bbox 3323 5719 3587 5776; x_wconf 86' lang='lat' dir='ltr'><strong>propensa</strong></span> 
     </span>
    </p>
   </div>
   <div class='ocr_carea' id='block_1_136' title="bbox 2000 5774 3589 5847">
    <p class='ocr_par' dir='ltr' id='par_1_136' title="bbox 2000 5774 3589 5847">
     <span class='ocr_line' id='line_1_141' title="bbox 2000 5774 3589 5847; baseline 0.002 -13"><span class='ocrx_word' id='word_1_1019' title='bbox 2000 5776 2251 5841; x_wconf 80' lang='lat' dir='ltr'><strong>Sufﬁciat,</strong></span> <span class='ocrx_word' id='word_1_1020' title='bbox 2275 5783 2476 5847; x_wconf 87' lang='lat' dir='ltr'><strong>quanto</strong></span> <span class='ocrx_word' id='word_1_1021' title='bbox 2506 5785 2684 5831; x_wconf 88' lang='lat' dir='ltr'><strong>tamen</strong></span> <span class='ocrx_word' id='word_1_1022' title='bbox 2712 5774 2880 5847; x_wconf 76' lang='lat' dir='ltr'><strong>ditior</strong></span> <span class='ocrx_word' id='word_1_1023' title='bbox 2901 5774 2992 5830; x_wconf 91' lang='lat' dir='ltr'><strong>ille</strong></span> <span class='ocrx_word' id='word_1_1024' title='bbox 3019 5783 3102 5830; x_wconf 90' lang='lat' dir='ltr'><strong>est</strong></span> <span class='ocrx_word' id='word_1_1025' title='bbox 3129 5774 3358 5847; x_wconf 80' lang='lat' dir='ltr'><strong>debitor,</strong></span> <span class='ocrx_word' id='word_1_1026' title='bbox 3387 5774 3589 5847; x_wconf 79' lang='lat' dir='ltr'><strong>quanto</strong></span> 
     </span>
    </p>
   </div>
   <div class='ocr_carea' id='block_1_137' title="bbox 2001 5843 3630 5921">
    <p class='ocr_par' dir='ltr' id='par_1_137' title="bbox 2001 5843 3630 5921">
     <span class='ocr_line' id='line_1_142' title="bbox 2001 5843 3630 5921; baseline -0.001 -13"><span class='ocrx_word' id='word_1_1027' title='bbox 2001 5849 2262 5919; x_wconf 87' lang='lat' dir='ltr'><strong>securior,</strong></span> <span class='ocrx_word' id='word_1_1028' title='bbox 2292 5843 2405 5921; x_wconf 62' lang='lat' dir='ltr'><strong>&#39;qui</strong></span> <span class='ocrx_word' id='word_1_1029' title='bbox 2459 5860 2566 5907; x_wconf 86' lang='lat' dir='ltr'><strong>non</strong></span> <span class='ocrx_word' id='word_1_1030' title='bbox 2594 5846 2768 5908; x_wconf 88' lang='lat' dir='ltr'><strong>solum</strong></span> <span class='ocrx_word' id='word_1_1031' title='bbox 2799 5845 3073 5903; x_wconf 82' lang='lat' dir='ltr'><strong>voluntate</strong></span> <span class='ocrx_word' id='word_1_1032' title='bbox 3098 5843 3418 5903; x_wconf 82' lang='lat' dir='ltr'><strong>crcditoreni</strong></span> <span class='ocrx_word' id='word_1_1033' title='bbox 3451 5851 3593 5913; x_wconf 79' lang='lat' dir='ltr'><strong>libe-</strong></span> <span class='ocrx_word' id='word_1_1034' title='bbox 3624 5879 3630 5887; x_wconf 94' lang='lat'><strong>-</strong></span> 
     </span>
    </p>
   </div>
   <div class='ocr_carea' id='block_1_138' title="bbox 2902 5934 3381 6021">
    <p class='ocr_par' dir='ltr' id='par_1_138' title="bbox 2902 5934 3381 6021">
     <span class='ocr_line' id='line_1_143' title="bbox 2902 5934 3381 6021; baseline -0.008 -18"><span class='ocrx_word' id='word_1_1035' title='bbox 2902 5934 3381 6021; x_wconf 71' lang='lat' dir='ltr'><strong>(Trentc-sept.)</strong></span> 
     </span>
    </p>
   </div>
  </div>
