4068 6352
329 392 475 454 H75

1579 379 1788 438 LIBER
1825 377 1919 438 DE
1955 375 2332 438 ORATIONE.

3491 369 3639 431 1174

327 511 452 569 inde
480 506 680 564 faciant
726 505 972 563 nationes
998 501 1098 576 (a),
1117 499 1353 560 adoratis
1373 497 1695 572 sigillaribus
1720 496 1796 570 (b)
1821 497 1932 554 suis
1959 507 2012 569 Α
2037 497 2209 569 magis
2235 496 2336 552 sub
2360 503 2654 566 conspectu
2682 491 2778 551 Dei
2806 492 2945 564 vivi,
2977 494 3169 566 angelo
3197 492 3373 552 adhuc
3404 493 3478 567 (ε)
3503 475 3631 554 ora-

326 599 638 662 residendo.
668 599 754 655 vel
798 597 870 671 (ο)
899 606 1183 669 propterea
1205 594 1259 651 in
1282 592 1437 650 nobis
1458 591 1783 664 reprehendi
1812 607 1926 649 me-

2011 591 2193 646 -tionis
2221 596 2449 655 astante,
2476 586 2672 642 factum
2701 585 2840 643 istud
2871 586 3380 660 irreligiosissimum
3397 596 3500 656 est,
3523 589 3630 647 nisi

323 704 502 758 retur,
534 691 677 764 quod
705 691 845 763 apud
878 689 1016 746 idola
1047 688 1131 762 (ά)
1169 687 1497 744 celebratur.
1523 686 1603 742 Eo
1641 685 1929 758 apponitur
2030 684 2422 756 cxprobramus
2447 682 2583 751 Deo,
2615 681 2756 751 quod
2789 695 2886 736 nos
2909 682 3082 738 oratio
3109 681 3426 754 fatigaverit.

327 794 382 843 et
408 785 770 842 irreverentia:
795 783 1019 849 crimen,
1044 782 1203 839 etiam
1219 780 1357 857 ipsis
1375 779 1702 847 nationibus,
1726 779 1771 834 si
1797 777 1924 848 quid

326 887 601 950 saperent,
636 874 1065 947 intelligendum.
1101 873 1378 945 Siquidem
1403 873 1704 928 irreverens
1728 879 1810 926 est
1833 885 1923 925 as-

322 969 505 1026 sidere
548 969 650 1026 sub
684 978 1008 1040 conspectu,
1050 977 1347 1039 contraque
1394 974 1739 1038 conspectum
1783 964 1922 1036 ejus,

2493 771 2723 831 CAPUT
2762 773 2903 830 xvn
2941 773 3012 847 (ι’)
3043 773 3144 848 (t).

2102 870 2261 942 Atqui
2287 883 2408 926 cum
2456 869 2716 926 modestia
2754 877 2809 925 et
2837 868 3134 925 humilitate
3171 869 3476 938 adorantes,
3508 885 3628 926 ma-

2025 966 2110 1038 gis
2135 962 2627 1021 commendabimus
2655 961 2765 1018 Deo
2805 977 2995 1033 preces
3037 970 3265 1029 nostras,
3296 979 3366 1021 ne
3391 963 3522 1034 ipsis
3549 962 3630 1036 (g)

324 1078 486 1136 quem
515 1077 675 1136 quam
702 1062 937 1120 maxime
957 1061 1277 1131 reverearis,
1304 1075 1369 1120 ac
1386 1061 1699 1128 venereris;
1726 1068 1926 1132 quanto
2026 1058 2246 1132 quidem
2285 1057 2533 1113 manibus
2557 1054 2840 1114 sublimius
2877 1055 3031 1114 elatis
3055 1055 3136 1130 (2)
3158 1099 3172 1127 ,
3199 1057 3296 1115 sed
3332 1064 3630 1130 temperate

1527 1174 1906 1237 LECTIONES
1942 1173 2361 1236 VARIANTES.

380 1293 457 1360 (ι)
487 1293 605 1361 Cap.
631 1291 745 1347 xm
767 1289 911 1347 alias.

2085 1291 2161 1357 (2)
2194 1291 2348 1343 Elatis
2365 1287 2625 1342 delendum
2647 1293 2803 1344 censet
2824 1289 2947 1343 Jun.

1646 1400 2206 1462 COMMENTARIUS.

314 1519 456 1577 libro
495 1527 619 1592 post
654 1520 952 1578 orationem
984 1526 1356 1592 argumentum
1397 1519 1617 1578 sedendi
1661 1529 1905 1588 sumunt,

352 1593 456 1648 uad
479 1591 602 1648 cum
627 1592 742 1662 ipse
771 1594 823 1648 in
847 1594 986 1647 lecto
1015 1591 1236 1656 sederit,
1264 1591 1317 1646 in
1341 1605 1564 1648 scamno
1592 1610 1696 1650 non
1720 1593 1790 1648 sit
1817 1607 1906 1662 see

351 1665 581 1737 ettdum;
613 1661 734 1719 nam
765 1664 816 1737 id
845 1672 989 1719 esset
1026 1671 1209 1737 contra
1231 1663 1392 1737 _illam
1433 1665 1776 1737 scripturam,
1819 1661 1908 1718 ubi

310 1735 429 1807 ipse
468 1736 528 1807 in
563 1737 698 1792 lecto
726 1736 881 1800 sedit,
925 1751 1028 1788 non
1057 1735 1112 1789 in
1139 1732 1413 1807 cathedra.
1443 1735 1512 1807 _G.
1541 1732 1832 1792 l’aacrnoc.

383 1807 459 1878 (a)
493 1806 618 1861 Cant
661 1807 868 1878 perinde
913 1807 1103 1877 faciant
1147 1805 1392 1878 nationes.
1437 1805 1691 1862 Similiter
1721 1807 1914 1862 faciant

308 1876 532 1937 ethnici.
562 1876 863 1950 qui‘sedent
888 1876 1124 1933 adoratis
1146 1876 1468 1950 sigillaribus
1496 1880 1626 1934 suis.
1657 1879 1734 1933 lla
1765 1878 1909 1932 enim
1941 1883 1989 1944 Β

307 1949 652 2020 appellabant
681 1965 776 2004 sua
806 1950 966 2013 idola,
998 1959 1052 2004 et
1081 1950 1230 2018 signa
1257 1989 1271 2020 ,
1304 1956 1370 2020 ut
1396 1949 1526 2004 alias
1553 1951 1751 2005 dictum
1779 1959 1862 2004 est
1885 1989 1900 2014 ,

305 2019 404 2075 lib.
449 2021 516 2076 de
551 2023 740 2076 Anima
762 2061 776 2086 ,
809 2035 928 2090 cap.
955 2021 1008 2084 7,
1041 2035 1185 2072 num.
1217 2019 1340 2082 IM,
1370 2029 1423 2090 et
1453 2020 1664 2076 advers.
1711 2021 1904 2076 Valen-

309 2092 439 2160 tin.,
468 2107 587 2162 cap.
620 2092 688 2147 12
709 2101 762 2147 et
780 2089 898 2161 cap.
924 2089 1080 2160 I8,ct
1099 2100 1180 2146 est
1203 2089 1342 2162 apud
1370 2089 1715 2160 Macrobium,
1749 2090 1901 2159 lib.l,

305 2162 588 2218 Saturnai.
617 2162 685 2220 G.
705 2163 998 2218 Paucmoc.

377 2235 460 2306 (b)
493 2235 820 2306 Sigillaribus
845 2232 1267 2304 suis.Sigillaria,
1299 2247 1392 2287 seu
1419 2234 1612 2305 sigilla,
1644 2245 1797 2291 erant
1826 2236 1904 2290 si-

301 2319 408 2376 gna
435 2321 618 2376 parva,
642 2322 736 2360 seu
760 2306 1041 2373 icunculm,
1065 2313 1119 2359 et
1139 2306 1509 2374 imagunculae,
1535 2322 1597 2362 ac
1619 2308 1903 2362 simulacra

301 2377 532 2433 deorum
559 2377 718 2432 modo
748 2377 1024 2448 palmaria,
1056 2376 1215 2448 modo
1238 2376 1509 2439 cubitalia,
1542 2381 1610 2432 ita
1644 2379 1901 2434 membris

299 2448 597 2504 artificiose
614 2447 914 2518 compacta,
944 2457 999 2502 ut
1022 2447 1200 2502 nervis
1228 2456 1416 2515 tracta,
1435 2449 1520 2504 vel
1539 2449 1733 2505 fidibus
1756 2458 1898 2505 mota

297 2519 512 2581 vivere,
546 2520 915 2586 obambulare,
937 2527 993 2574 et
1021 2518 1254 2590 reliquos
1278 2520 1493 2575 humani
1519 2523 1760 2591 corporis
1785 2537 1900 2576 mo-

298 2599 386 2645 tus
416 2606 696 2664 exercere,
743 2603 901 2664 atque
932 2591 1124 2664 imitari
1171 2600 1410 2664 possent.
1459 2591 1656 2648 Nostro
1685 2608 1900 2664 quoque

297 2677 421 2717 wvo
440 2663 642 2735 similia
672 2663 950 2735 habemus,
993 2661 1189 2735 quibus
1218 2661 1404 2718 Roma:
1427 2679 1626 2720 nomen
1655 2661 1737 2720 est
1767 2661 1897 2735 pap-

297 2734 468 2803 pacci,
509 2745 563 2789 et
592 2735 642 2788 itt
673 2732 841 2806 Gallia
873 2732 1222 2796 mat-ianettes,
1270 2735 1440 2806 iisque
1485 2732 1779 2792 comoedias
1811 2732 1897 2790 irt-

297 2806 514 2880 tertium
537 2805 952 2880 actasvidimus.
976 2808 1326 2877 Neupémmat
1339 2805 1519 2880 graeci
1540 2808 1895 2880 appellabant.

295 2877 380 2933 Ad
415 2876 719 2948 huiusmodi
751 2876 1034 2932 simulacra
1062 2876 1307 2933 alludens
1339 2876 1590 2934 llaratius
1611 2876 1826 2934 aiebat:

454 3015 529 3082 'l‘u
552 3016 668 3082 mihi
687 3017 774 3080 qui
794 3016 1067 3082 imperitas,
1091 3016 1198 3067 aliis
1218 3018 1564 3082 servisgmiser,
1595 3023 1744 3082 atque

455 3077 687 3140 Duceris,
706 3077 769 3130 ut
787 3077 960 3130 nervis
977 3077 1155 3130 ahenis
1178 3080 1360 3130 mobile
1377 3077 1582 3144 lignum.

292 3182 502 3257 Prmter
531 3183 872 3257 Aristotelem
895 3226 909 3252 ,
941 3185 1030 3256 qui
1061 3185 1112 3238 in
1144 3185 1238 3257 lib.
1270 3185 1337 3240 de
1382 3184 1580 3241 Mundo
1607 3256 1610 3257 ν
1637 3185 1894 3257 sigillaria

2011 1525 2147 1582 tum,
2166 1515 2386 1590 sedete
2413 1514 2644 1590 Pindaro
2667 1527 2730 1571 ac
2755 1513 3042 1572 Plutarcho
3075 1515 3350 1585 discimus,
3385 1519 3612 1590 gentiles

2011 1587 2361 1643 consuevisse
2414 1586 2695 1646 assidere.
2750 1593 3034 1657 postquam
3082 1599 3286 1644 stantes
3342 1586 3608 1648 orassent.

2015 1659 2276 1733 Pindarus
2317 1659 2494 1733 enim,
2515 1658 2630 1733 _od_e
2673 1658 2706 1713 6
2730 1701 2745 1724 ,
2778 1658 3299 1733 istbm.,‘descriptils
3329 1663 3610 1733 precibus,

2013 1746 2148 1802 quas
2177 1730 2434 1788 Hercules
2463 1729 2530 1784 ad
2568 1729 2700 1786 deos
2727 1730 2972 1800 miserat,
3003 1729 3120 1788 ιιωο
3145 1729 3362 1789 δυὺιιίιὶ

2447 1822 2498 1879 ὸς
2521 1829 2593 1884 ἄρα
2616 1833 2734 1880 usus,
2765 1833 2899 1872 αὔτικα

2453 1887 2580 1942 enim.
2610 1923 2620 1933 .
2644 1925 2652 1934 .
2680 1925 2689 1934 .
2715 1926 2725 1934 .

2011 1970 2102 2043 Sic
2141 1968 2373 2043 locutus,
2419 1969 2592 2022 statim
2632 1968 2877 2043 consedit.
2926 1968 3248 2043 Plutarchus
3276 1972 3605 2043 vero‘legem

2013 2041 2151 2102 hanc
2179 2057 2210 2095 a
2237 2041 2407 2094 Numa
2441 2041 2828 2109 promulgatam
2847 2049 3063 2096 narrat:
3093 2042 3160 2098 Ut
3181 2043 3439 2109 sedeatur,
3468 2041 3604 2101 abst-

2008 2129 2161 2184 quant
2189 2111 2459 2166 adoratum
2487 2109 2660 2184 fuerit.
2695 2110 2821 2166 Haec
2848 2111 2936 2184 ille
2964 2113 3014 2167 in
3045 2113 3208 2182 ipsius
3229 2113 3416 2169 Numze
3438 2113 3556 2170 Vita
3584 2133 3599 2183 ;

2009 2199 2236 2256 quorum
2283 2183 2443 2256 etiam
2497 2183 2760 2256 triplicem
2811 2183 3220 2256 explicationem
3264 2184 3487 2256 profert.
3539 2186 3598 2242 Itt

2007 2254 2405 2323 Quaestionibus
2440 2268 2572 2308 vero
2601 2253 2854 2326 Romanis
2887 2255 3067 2320 tradit,
3096 2271 3197 2311 suo
3221 2253 3435 2326 quoque
3461 2267 3598 2313 tem-

2008 2343 2138 2395 pore
2163 2327 2438 2386 usitatum.
2467 2333 2526 2380 ut
2547 2325 2637 2394 qui
2673 2327 2869 2395 precati
2890 2337 3069 2382 essent
3087 2342 3152 2383 ac
3177 2325 3518 2394 adorassent,
3546 2331 3599 2386 in

2008 2397 2220 2466 templis
2245 2405 2544 2467 perstarent
2565 2412 2629 2452 ac
2649 2397 2919 2467 sederent.
2940 2397 3300 2466 Quamobrem
3323 2399 3366 2454 Τ
3369 2401 3603 2458 ertullia-

2006 2486 2108 2541 nus
2139 2466 2680 2541 hac’itidemratione
2695 2466 3028 2541 Christianos
3057 2481 3175 2541 post
3195 2471 3494 2541 orationem
3517 2487 3602 2529 se-

2005 2540 2136 2597 dere
2158 2541 2343 2595 solitos
2373 2538 2644 2611 obiurgat.
2681 2539 2822 2610 quod
2851 2538 3130 2611 gentilium
3155 2539 3600 2601 consuetudinem

2004 2612 2205 2670 imitari
2232 2611 2561 2667 viderentur.
2597 2611 2815 2666 Manu.

2076 2684 2154 2754 (θ)
2187 2683 2379 2755 Angela
2428 2681 2897 2755 adltucorationis.
2927 2679 3121 2755 Sentit,
3149 2682 3303 2740 nobis
3347 2687 3596 2755 angelum

1983 2751 2508 2822 'orationis'adesse,
2536 2753 2688 2824 cujus
2711 2756 2845 2809 ratio
2892 2762 2978 2809 est
3025 2751 3288 2811 habenda.
3314 2755 3380 2813 G.
3409 2751 3600 2815 Pancr-

2009 2843 2133 2898 tton.
2161 2857 2235 2866 —
2259 2825 2453 2896 Angela
2481 2823 2650 2898 adhuc
2670 2825 2916 2898 arationis
2943 2823 3195 2880 adstante.
3241 2824 3482 2898 'August.
3527 2829 3599 2886 ad

2007 2895 2262 2964 Probum,
2291 2895 2450 2966 epist.
2481 2896 2607 2962 121.
2629 2896 2902 2952 orationes
2927 2907 3138 2952 nostras
3167 2895 3506 2956 innotescere
3524 2904 3604 2957 ait

2005 2970 2210 3039 angelis
2257 2970 2344 3039 qui
2366 2967 2660 3039 suntapud
2691 2968 2879 3033 Deum,
2901 2977 2958 3023 ut
2976 2967 3375 3039 quodammodo
3397 2985 3491 3026 eas
3520 2972 3603 3028 of-

2003 3038 2180 3096 ferant
2217 3038 2348 3106 Deo,
2387 3048 2443 3096 et
2477 3038 2651 3096 dehis
2687 3038 3072 3110 consulant,'et
3114 3040 3257 3110 quod
3285 3057 3350 3097 eo
3372 3042 3597 3110 jubente

2002 3112 2329 3182 implendum
2353 3125 2474 3167 esse
2499 3111 2868 3182 cognoverint,
2908 3109 3009 3182 hoc
3031 3109 3185 3166 nobis
3209 3112 3289 3168 vel
3319 3109 3602 3170 evidenter

2001 3180 2092 3240 vel
2130 3183 2358 3254 latenter
2386 3180 2692 3253 apportent.
2725 3180 2882 3254 _Dixit
2905 3181 3091 3254 _enim,
3125 3182 3333 3254 inquit,
3373 3185 3596 3254 angelus

300 3256 582 3325 eleganter
619 3250 942 3326 descripsit,
961 3250 1032 3309 ἰιι
1071 3256 1213 3326 apud
1244 3257 1523 3326 Apuleium
1563 3250 1710 3312 illius
1733 3259 1896 3314 inter-
1925 3252 1972 3317 C
2006 3255 2209 3310 homini
2237 3273 2251 3310 :
2276 3253 2356 3326 Et
2394 3250 2537 3308 nunc
2563 3250 2778 3326 quando
2802 3252 2998 3309 arabas
3028 3261 3082 3307 tu
3111 3263 3166 3309 et
3187 3250 3341 3319 Sara,
3370 3250 3593 3326 egdob-

294 3337 508 3393 pretem
537 3326 721 3380 videre
751 3336 853 3390 est,
882 3325 950 3380 de
979 3327 1042 3395 iis
1069 3325 1280 3395 quoque
1300 3325 1628 3382 mentionem
1656 3329 1896 3384 fecerant

290 3397 623 3468 Herodotus,
658 3397 710 3468 in
739 3394 1334 3468 Entcrpetxenopbon.
1366 3399 1416 3452 in
1443 3397 1749 3468 Symposio,
1781 3400 1886 3455 Lu-

288 3470 504 3540 eianus,
537 3466 604 3540 de
659 3467 764 3522 Dea
791 3465 959 3536 Syra,
988 3465 1353 3540 Gellius,_lil_t.
1394 3465 1694 3540 XIV,7cap.
1741 3470 1794 3535 1,
1833 3479 1886 3526 et

287 3535 364 3594 M.
401 3539 662 3596 Antonius
690 3535 1002 3610 imperator,
1036 3538 1090 3592 in
1115 3539 1206 3592 lib.
1235 3537 1347 3594 VIII
1386 3539 1455 3594 de
1484 3535 1695 3610 seipso;
1724 3551 1886 3609 atque

288 3610 384 3685 hic
427 3610 761 3685 potissimum
803 3609 1058 3685 sigillaria
1086 3624 1339 3685 expresse
1378 3609 1630 3685 appellat.
1672 3612 1886 3685 Sigilla-

286 3683 427 3734 rium
452 3691 628 3752 autem
666 3682 717 3736 in
745 3681 1081 3738 ethnicorum
1125 3681 1293 3738 sacris
1331 3681 1532 3737 multus
1565 3691 1682 3738 erat
1721 3681 1881 3752 usus,

288 3753 548 3808 nimirum
600 3751 734 3807 deos
783 3754 966 3807 insana
1016 3767 1201 3808 eorum
1253 3753 1560 3822 superstitio
1609 3754 1709 3808 sub
1736 3751 1884 3813 hisce

285 3823 558 3895 icunculis
587 3823 900 3894 plerumque
931 3824 1119 3895 ligneis
1157 3822 1464 3893 exhibebat,
1495 3825 1763 3891 movebat,
1794 3843 1885 3882 ru-

286 3894 415 3951 dem
462 3895 790 3964 plebeculam
834 3895 899 3950 ad
926 3894 1326 3951 venerationem
1367 3898 1526 3952 simul
1563 3898 1840 3953 concitans
1863 3941 1880 3965 ,

285 3975 451 4035 atque
481 3965 872 4022 adorationem.
910 3965 1046 4022 Hinc
1082 3968 1379 4033 Arnobius,
1426 3969 1518 4024 lib.
1562 3968 1648 4032 Vl.
1678 3980 1880 4026 contra

289 4036 520 4105 Gentes,
554 4037 853 4108 hujusmodi
877 4052 1081 4093 morem
1121 4038 1344 4094 irridens
1374 4039 1585 4095 aiebat:
1615 4039 1682 4093 Et
1719 4041 1880 4096 absti-

285 4110 420 4183 netis
449 4127 480 4162 a
505 4109 610 4163 risu
656 4126 770 4183 cum
802 4111 1021 4183 praldiis
1051 4111 1421 4165 immortalibus
1442 4154 1456 4178 ,
1490 4111 1747 4183 sigillialis
1781 4113 1878 4167 Ita-

283 4182 503 4246 ntinum,
536 4181 714 4251 formis
742 4181 1042 4250 supplicatis
1065 4183 1342 4236 humanis?
1367 4181 1606 4249 Quininta
1633 4184 1752 4238 deos
1774 4201 1879 4238 esse

286 4253 544 4324 sigillaria
583 4254 696 4320 ipsa
725 4254 957 4326 censetis,
999 4270 1089 4308 nec
1139 4265 1322 4325 praeter
1347 4256 1454 4308 Ita'c
1473 4255 1748 4326 quidquam
1779 4257 1880 4310 vim

280 4327 493 4380 creditis
537 4326 717 4380 habere
765 4325 1008 4381 divinant.
1047 4326 1188 4382 Infra
1238 4341 1364 4382 vero
1409 4325 1594 4381 addit:
1628 4327 1878 4397 Saepenu-

280 4411 427 4452 mero
455 4399 679 4454 videmus
705 4398 766 4470 ab
793 4399 1072 4468 artiﬁcibus
1097 4400 1204 4452 [nec
1227 4399 1374 4470 signa
1400 4397 1527 4468 (hoc
1550 4407 1631 4453 est
1651 4398 1874 4455 deorum

279 4471 595 4540 sitttttlacra)
623 4469 772 4524 modo
806 4469 1018 4539 paruula
1057 4471 1166 4538 ﬁeri
1189 4510 1203 4536 ,
1231 4469 1284 4525 et
1325 4471 1603 4539 palmaretn
1629 4470 1683 4522 in
1709 4471 1877 4524 minu-

280 4543 406 4595 tiem
446 4542 678 4597 contrahi
702 4558 720 4605 ;
747 4540 897 4595 modo
926 4542 979 4594 in
1020 4540 1318 4596 immensunt
1343 4541 1472 4608 tolli,
1517 4551 1563 4594 et
1591 4541 1873 4595 admirabi-

284 4613 386 4670 lem
417 4615 470 4668 in
490 4612 878 4684 amplitudinem
899 4612 1170 4684 sublevari.
1207 4611 1425 4668 Ratione
1446 4613 1542 4665 hac
1567 4613 1873 4684 ergasequi-

284 4695 390 4751 tur,
421 4695 477 4739 ut
497 4682 776 4757 intelligere
819 4684 1088 4757 debeamus
1127 4682 1180 4737 in
1218 4683 1471 4757 sigillialis
1500 4682 1722 4757 parvulis
1747 4700 1870 4738 can-

283 4761 488 4811 trahere
503 4774 556 4811 se
575 4753 717 4822 deos,
743 4765 788 4809 et
809 4755 963 4810 alieni
986 4754 1054 4807 ad
1077 4753 1303 4824 corporis
1329 4753 1709 4810 similitudinem
1725 4771 1872 4808 coar.

282 4830 432 4894 ctari,
458 4839 562 4883 etc.
597 4827 954 4884 Tertullianus
985 4825 1142 4896 igitur
1162 4835 1220 4880 ut
1241 4826 1366 4879 falsa
1395 4826 1633 4890 numina,
1657 4841 1872 4881 eorum-

282 4916 392 4970 que
423 4901 572 4970 signa
600 4899 812 4954 decenti
852 4899 1071 4954 nomine
1098 4896 1652 4970 insigniat,_sigillaria
1677 4906 1833 4952 vocat
1851 4939 1867 4964 ,

280 4967 425 5042 quod
469 4967 588 5027 vera
625 4979 870 5027 carerent
903 4970 1098 5040 anima,
1133 4967 1290 5042 atque
1325 4967 1506 5042 _aliena
1535 4976 1735 5042 tanturn
1760 4984 1869 5042 Aope

279 5037 648 5099 morerentur.
675 5044 756 5098 Ab
775 5037 963 5097 eodem
984 5037 1223 5107 auctore,
1251 5041 1300 5094 in
1325 5038 1417 5093 lib.
1442 5037 1654 5094 advers.
1677 5037 1871 5095 Valen-

279 5115 405 5182 tin.,
433 5129 550 5186 cap.
587 5114 674 5182 IS,
699 5113 976 5186 sigillarius
995 5114 1177 5167 ductus
1210 5110 1518 5186 nominatur
1537 5111 1622 5186 his
1648 5111 1823 5186 verbis
1851 5127 1866 5167 :

279 5187 326 5241 Α
347 5181 448 5257 qua
475 5181 674 5242 occulta
699 5181 826 5240 nihil
853 5187 1094 5252 sentiens,
1125 5194 1168 5238 et
1194 5184 1326 5238 velut
1351 5181 1604 5257 sigillaria
1626 5183 1872 5257 extrinse-

279 5251 371 5312 cus
400 5259 578 5324 ductu,
622 5259 674 5312 in
709 5273 907 5312 onmem
931 5251 1274 5326 operationem
1300 5251 1611 5309 mouebatur.
1647 5251 1703 5309 ltt
1736 5255 1872 5311 libro

279 5331 441 5385 etiam
461 5330 528 5386 de
543 5332 887 5400 Anima,cap.
912 5328 967 5395 6,
990 5328 1264 5399 sigillarius
1286 5336 1452 5382 matus
1477 5326 1638 5400 simili
1667 5328 1873 5400 ratione

278 5403 600 5472 appellatur,
629 5401 718 5472 qui
766 5398 1092 5457 lit‘esterna
1124 5401 1196 5468 vi,
1241 5408 1291 5456 et
1323 5398 1635 5470 operatione
1685 5399 1874 5471 impel-

276 5473 441 5530 lente.
473 5474 686 5530 Manu.

237 5583 250 5594 .
283 5615 287 5616 ν
353 5545 432 5616 (c)
468 5544 562 5600 Vcl
601 5554 886 5616 propterea.
921 5542 1004 5600 Ob
1043 5543 1094 5599 id
1121 5541 1528 5616 solumanobis
1555 5551 1859 5616 est‘repre-

276 5611 736 5675 Itendendus'mo's
750 5615 995 5681 sedendi,
1024 5616 1145 5684 quia
1164 5615 1299 5685 apud
1318 5614 1627 5670 idololatras
1645 5611 1702 5685 id
1719 5613 1862 5668 cele-

275 5686 466 5745 bratur
489 5705 583 5746 seu
615 5690 1003 5759 frequentatur.
1031 5683 1122 5742 llis
1149 5683 1375 5759 accedit,
1403 5686 1542 5759 quod
1571 5683 1758 5759 sedere
1779 5692 1865 5740 est

274 5760 641 5819 irreverentia).
668 5755 895 5825 crimen,
923 5760 1086 5816 etiam
1124 5757 1265 5829 apud
1294 5755 1652 5825 Christianos,
1694 5755 1740 5814 si
1769 5770 1866 5813 sa-

275 5844 493 5906 perent.
517 5832 583 5890 G.
609 5833 902 5906 Pnacium.

274 5899 295 5974 ξ
351 5906 432 5977 (ιι)
461 5905 614 5977 Apud
653 5904 796 5962 idola
832 5903 1134 5964 celebratur.
1163 5899 1279 5960 Non
1317 5915 1348 5959 e
1388 5899 1715 5960 Tertulliana
1745 5907 1866 5959 tan-

2005 3326 2101 3381 tuli
2153 3325 2450 3381 orationem
2497 3322 2731 3380 vestram
2763 3322 2815 3377 in
2859 3334 3152 3395 conspecm
3178 3322 3433 3451 .carfiiatis
3475 3324 3586 3384 Dei.

3332 3411 3404 3451 ια.

3332 3411 3404 3454 ια.

2061 3465 2214 3523 CAP.
2239 3467 2404 3523 XVII.
2429 3495 2502 3508 —
2527 3464 2589 3538 (ί)
2621 3464 2728 3521 Tit.
2758 3464 2887 3523 Cod.
2931 3464 3210 3525 Ambros.:
3234 3463 3316 3523 De
3355 3469 3594 3527 mnibus

1989 3539 2132 3594 elatis
2159 3550 2207 3596 et
2231 3541 2294 3594 de
2322 3540 2484 3594 vultu.

2061 3610 2140 3682 (ε)
2171 3609 2255 3667 Ne
2276 3612 2402 3683 ipsis
2420 3609 2622 3683 quidem
2653 3608 2888 3666 manibus
2913 3610 3078 3665 elatis.
3107 3609 3371 3683 Attollere
3397 3627 3588 3670 manus

1988 3681 2055 3738 ad
2074 3681 2307 3750 C(BIlllll,
2333 3693 2388 3738 et
2431 3681 2496 3737 ad
2531 3682 2727 3750 Deum,
2758 3695 2882 3738 cum
2914 3696 3103 3752 preces
3145 3681 3458 3752 funduntur,
3492 3699 3589 3741 ve-

1989 3753 2315 3810 tustissimus
2354 3752 2454 3808 fuit
2497 3767 2614 3809 tnos
2645 3767 2748 3808 non
2775 3767 2806 3808 a
2830 3752 3030 3811 Judaeis
3066 3761 3294 3818 tantum,
3317 3755 3410 3810 sed
3435 3766 3489 3810 et
3517 3757 3586 3812 ab

1988 3825 2216 3895 ethnicis
2251 3833 2558 3895 usurpatas.
2603 3822 2797 3880 Furius
2841 3824 3115 3891 Camillus,
3160 3824 3299 3894 apud
3349 3826 3582 3893 Livium,

1983 3893 2078 3952 lib.
2106 3895 2173 3961 γ,
2197 3911 2326 3968 cap.
2344 3893 2408 3968 2i
2433 3912 2459 3968 γε
2488 3895 2706 3968 Dicitur,
2736 3913 2916 3968 manus
2930 3895 3010 3968 ad
3043 3895 3224 3968 caelum
3260 3896 3442 3952 tollens
3470 3915 3589 3968 pre-

1983 3978 2127 4022 catus
2155 3967 2282 4024 esse.
2312 3967 2509 4022 Marius
2547 3967 2709 4022 etiam
2747 3967 2887 4037 apud
2928 3967 3271 4022 Plutarchum
3315 3968 3418 4024 diis
3459 3967 3583 4028 vota

1981 4038 2208 4106 faciens,
2228 4047 2474 4110 νιψάμενος
2497 4043 2587 4100 τὰς
2631 4043 2814 4111 χεῖρας,
2842 4042 2926 4093 utsi
2953 4047 3071 4110 πρὸς
3109 4048 3192 4094 τὸν
3219 4043 3411 4110 οὗρανον
3442 4063 3590 4098 avu-

1981 4120 2110 4181 χῶν,
2144 4111 2261 4166 latis
2289 4111 2541 4176 manibus,
2570 4128 2632 4165 ac
2678 4112 2732 4165 in
2768 4111 2950 4165 ctelum
2997 4111 3229 4166 sublatis.
3257 4111 3408 4166 Mitto
3445 4115 3583 4172 alios

1982 4192 2169 4254 testes,
2198 4197 2260 4238 ac
2300 4183 2597 4254 praesertim
2629 4181 2920 4254 latinorum
2951 4193 3226 4254 poetarum
3256 4185 3574 4254 principem,

1981 4254 2074 4326 lib.
2109 4253 2152 4326 II
2193 4264 2250 4326 et
2307 4253 2401 4310 XII
2445 4253 2683 4318 IEneid.,
2714 4253 3005 4326 Aristotele
3048 4262 3352 4318 contentus,
3393 4253 3482 4326 qui
3525 4253 3577 4312 in

1979 4325 2073 4381 III).
2105 4325 2172 4382 de
2201 4325 2432 4392 Mundo,
2469 4332 2658 4389 πάντες,
2710 4325 2900 4395 inquit,
2932 4334 2978 4381 oi
3011 4325 3582 4398 ἄνθρωοιᾲάνατέίνομεν

1975 4403 2066 4460 ’τὰς
2092 4401 2254 4470 χεῖρας
2279 4403 2346 4459 εὶς
2390 4406 2472 4452 τὸν
2505 4401 2710 4468 οὐρανὸν,
2743 4401 2886 4465 dixit:
2912 4396 3205 4466 ποιοὺμὶνοι.
3246 4396 3434 4452 Omnes
3483 4396 3582 4454 Ito-

1977 4472 2139 4524 mines
2163 4471 2231 4523 ad
2262 4470 2441 4524 ctelum
2466 4485 2650 4535 manus
2693 4471 2950 4541 tollimus,
2966 4485 3138 4541 preces
3165 4471 3371 4540 facturi.
3403 4470 3575 4526 Porro

1976 4541 2378 4611 antiquissimus
2419 4542 2519 4596 iste
2544 4541 2676 4611 ritus
2715 4555 2745 4594 a
2785 4539 2985 4596 Judteis
3015 4541 3190 4611 potius
3229 4541 3281 4597 in
3324 4541 3574 4610 gentiles,

1975 4610 2138 4682 quam
2168 4627 2197 4666 a
2224 4612 2511 4682 gentilibus
2560 4610 2627 4666 ad
2661 4611 2880 4669 Judaeos
2918 4610 3195 4669 transiisse
3221 4612 3430 4667 videtur
3459 4628 3474 4672 :
3503 4613 3577 4668 si-

1975 4683 2214 4753 quidem,
2237 4692 2294 4737 ttt
2316 4683 2543 4739 habetur
2593 4683 2762 4739 Exodi
2786 4698 2906 4753 cap.
2938 4683 3105 4750 XVII,
3138 4699 3193 4739 v.
3217 4685 3325 4754 ill,
3348 4683 3561 4754 Moyses

1974 4755 2091 4824 ipse
2111 4754 2335 4811 sublatis
2359 4756 2411 4810 in
2438 4755 2635 4811 caelum
2665 4755 2910 4825 manibus
2932 4755 3121 4811 orabat
3153 4773 3166 4808 :
3195 4753 3418 4825 Cumque
3441 4753 3572 4810 leua-

1973 4835 2049 4881 ret
2074 4825 2276 4897 Moyses
2301 4843 2501 4893 manus,
2531 4824 2972 4890 uincebatlsrael;
2999 4827 3080 4880 sin
3105 4834 3272 4881 autem
3301 4827 3570 4897 paululum

1972 4897 2268 4969 remisisset,
2291 4897 2562 4968 superabat
2584 4899 2810 4952 Amalec.
2844 4897 3094 4967 Legimus
3131 4897 3296 4954 etiam
3345 4899 3395 4953 itt
3427 4902 3561 4969 psal.

1972 4968 2262 5034 CXXXIII,
2314 4969 2580 5025 Extollitte
2629 4985 2812 5023 manus
2856 4979 3044 5024 vestras
3092 4969 3147 5023 in
3193 4968 3559 5034 sancta,'etc.

1972 5039 2381 5114 idettt_colligas
2426 5042 2635 5114 egpsal.
2664 5039 2922 5114 CX_I_.._et
2958 5054 3026 5096 ex
3073 5038 3316 5114 Lament.
3355 5039 3557 5108 Jerem.

1971 5126 2092 5182 cap.
2122 5110 2211 5177 lll,
2241 5110 2308 5171 n.'
2326 5113 2419 5168 41.
2441 5110 2706 5169 Caeterum
2725 5110 3060 5182 Christianos
3088 5111 3334 5182 manibus
3375 5114 3427 5169 itt
3450 5127 3564 5173 cm-

1974 5181 2085 5256 Ium
2130 5186 2352 5240 sublatis
2389 5199 2546 5240 orare
2593 5181 3091 5256 consuevisse,imo
3121 5181 3389 5256 debuisse,
3416 5187 3559 5256 Apo-

1974 5255 2113 5326 stola
2153 5257 2513 5326 przecipiente,
2547 5269 2642 5326 seu
2686 5263 2938 5326 monen_te
2968 5254 3019 5308 in
3050 5268 3171 5324 cap.
3218 5253 3262 5309 II
3293 5251 3395 5326 Ep.
3425 5251 3556 5313 I'ad

1976 5321 2238 5392 Timot'h.,
2267 5321 2434 5398 patet.
2465 5324 2641 5397 lnqnit
2667 5327 2808 5382 enim
2832 5321 2990 5398 glfVola
3019 5321 3149 5380 viras
3170 5343 3316 5381 orare
3341 5321 3393 5380 in
3423 5331 3564 5398 omni

1975 5398 2106 5465 loco,
2131 5395 2348 5453 levantes
2390 5395 2556 5468 puras
2585 5414 2784 5453 manus.
2817 5395 3066 5468 Clemens
3095 5398 3276 5468 Ale;.,
3321 5398 3412 5454 lib.
3449 5397 3561 5465 VII,

1979 5470 2363 5538 Strom.,istius
2380 5467 2545 5525 moris
2563 5468 2720 5525 fidem
2741 5467 3132 5534 facit,scribens
3154 5486 3166 5523 :
3187 5467 3324 5524 Dum
3339 5485 3560 5537 oramus,

1962 5560 2146 5598 manus
2183 5541 2456 5614 incaluit:
2491 5541 2721 5614 tollimus
2747 5556 2766 5596 :
2794 5549 2884 5604 τὰς
2914 5547 3076 5614 χεῖρας
3121 5547 3189 5603 εὶς
3211 5545 3405 5614 captatus»
3428 5548 3559 5614 αἴρο-

1966 5639 2072 5682 μεν.
2097 5614 2177 5668 Ah
2197 5613 2314 5668 aliis
2335 5612 2634 5670 referendis
2652 5613 2917 5681 abstineo,
2940 5612 3060 5669 cunt
3086 5625 3138 5670 et
3156 5612 3272 5669 arvo
3294 5612 3490 5669 nostro
3508 5617 3561 5670 in

1969 5684 2327 5757 ecclesiastica
2358 5685 2590 5757 liturgia,
2621 5694 2676 5740 et
2697 5685 2751 5757 in
2786 5686 2952 5742 sacris
2993 5685 3257 5741 faciendis
3281 5685 3561 5757 christiani

1971 5756 2290 5830 sacerdotes,
2321 5751 2530 5830 lmanu's
2577 5751 2826 5814 attollant
2882 5758 3047 5813 Deum
3101 5759 3386 5830 precaturi.
3438 5756 3560 5816 Non

1971 5825 2195 5902 quidem
2214 5829 2480 5902 sublimius
2519 5832 2803 5895 attollunt,
2833 5830 2928 5886 sed
2960 5825 3248 5902 temperate,
3280 5847 3339 5885 ac
3381 5831 3556 5902 probe,

1975 5897 2035 5959 ut
2061 5897 2163 5960 hoc
2185 5900 2237 5958 in
2263 5902 2380 5960 loco
2395 5901 2756 5967 Tcrtutlianus
2775 5903 2960 5979 exigit,
2988 5897 3238 5965 videlicet
3264 5897 3428 5977 supra
3462 5901 3564 5966 htt-
