4016 6652
293 233 429 298 H85

1575 224 1779 290 LIBER
1839 225 1928 288 DE
1965 219 2334 287 ORATIONE.

3445 211 3588 286 “80

296 356 464 411 solute
487 348 766 410 deﬁnisset
789 349 860 408 de
904 347 1050 408 omni
1104 345 1348 406 muliere.
1391 344 1498 404 Ant
1547 360 1672 404 cum
1719 361 1884 402 unum
1913 351 1965 410 Α
1991 344 2126 400 tulat
2154 342 2472 417 (distinguit
2497 348 2679 398 autem
2719 349 3001 415 utramque
3025 340 3263 414 speciem
3286 342 3398 401 suis
3425 359 3590 403 voca-

297 447 518 519 gradum
545 453 704 502 sexus
729 444 989 510 nominat,
1012 442 1175 498 alium
1206 441 1432 497 tacendo
1475 440 1729 497 secernit.
1781 439 1886 494 Po-

298 538 398 595 tuit
422 538 588 606 enim,
620 538 886 608 inquiunt,
917 543 1015 592 aut
1036 543 1094 592 et
1115 534 1348 606 virgines
1375 533 1653 591 nominare
1681 531 1890 604 specia-

300 629 418 690 liter
444 641 537 689 aut
557 628 880 704 compendio
907 627 1231 701 generaliter
1262 627 1528 685 laetitinas.

831 764 1059 824 CAPUT
1088 763 1357 840 xxnu).

373 902 473 971 Qui
501 903 572 958 ita
592 898 916 968 concedunt,
943 899 1242 972 recogitare
1289 899 1489 957 debent
1515 899 1588 957 'de
1638 909 1780 957 statu
1803 916 1899 957 vo-
1946 891 1947 894 “

303 996 479 1055 cabuli
517 994 707 1066 ipsius,
739 993 866 1066 quid
885 1001 967 1050 est
1021 993 1268 1050 muliera
1317 994 1506 1065 primis
1547 992 1764 1065 quidem
1820 995 1900 1064 Iit-

309 1093 436 1152 teris
480 1097 786 1146 sanctorum
851 1088 1394 1154 commentariorum;
1459 1103 1582 1145 nam
1621 1089 1902 1146 inveniunt

309 1201 471 1243 sexus
501 1188 639 1240 ‘esse
678 1197 894 1250 nomen,
925 1197 1032 1240 non
1057 1182 1278 1255 gradum
1296 1193 1479 1240 sexus.
1523 1183 1797 1255 Siquidem
1843 1183 1902 1240 E-

311 1291 436 1334 vam
454 1274 531 1348 (ιι)
554 1274 790 1331 nondum
847 1275 1022 1331 virum
1053 1283 1330 1346 expertam
1372 1275 1516 1330 Deus
1563 1275 1827 1331 mulierem
1859 1284 1907 1330 et

309 1370 567 1444 {teminam
596 1367 776 1441 (Gem,
794 1367 862 1436 II,
879 1366 995 1439 25.)
1027 1367 1457 1440 cognominavit:
1483 1365 1777 1439 fmminam,
1801 1382 1904 1440 qua

309 1480 474 1524 sexus
499 1465 844 1537 generaliter,
863 1463 1167 1533 mulierem,
1219 1477 1323 1532 qua
1351 1461 1549 1535 gradus
1585 1477 1748 1521 sexus
1782 1476 1907 1534 spe-

311 1559 544 1616 cial-iter.
572 1556 880 1628 Itaqueiam
901 1566 1028 1614 tunc
1053 1557 1274 1630 innupta
1296 1555 1473 1615 adhuc
1507 1556 1617 1614 Eva
1663 1556 1906 1614 mulieris

317 1649 586 1707 vocabulo
607 1650 726 1718 fuit,
755 1665 1042 1707 commune
1078 1649 1133 1706 id
1153 1650 1470 1707 vocabulum
1493 1658 1549 1708 et
1574 1649 1768 1722 virgini
1798 1648 1908 1704 lac-

1991 436 2132 494 bulis
2158 435 2478 508 designans)
2509 436 2597 492 ubi
2638 451 2747 492 non
2790 435 3091 508 distinguit,
3139 435 3270 523 dum
3303 446 3588 510 utramque

1992 544 2101 587 non
2132 529 2394 596 nominat,
2440 527 2642 583 nullam
2665 527 2777 584 vult
2797 526 3155 585 differentiam
3178 525 3428 602 intelligi.
3450 529 3594 600 Quid

1996 622 2135 695 quod
2163 637 2341 694 graeco
2391 636 2660 687 sermone,
2694 635 2802 694 quo
2846 622 3052 678 litteras
3091 623 3383 692 Apostolus
3438 623 3594 691 fecit,

1997 718 2118 774 usui
2144 725 2228 773 est
2291 715 2544 772 mulieres
2594 729 2790 772 vocare
2841 724 2948 772 tam
2998 715 3072 789 (c)
3121 715 3392 787 f‘oeminas,
3421 717 3476 774 id
3514 725 3601 776 est

1996 816 2242 885 γυναῖκας,
2268 825 2429 882 quam
2447 809 2667 874 eum”.
2717 809 2883 882 Igitur
2931 808 2977 867 si
3022 824 3123 882 pro
3163 825 3327 868 sexus
3379 812 3599 871 nomine

1998 905 2316 962 vocabulum
2343 903 2486 959 istud
2530 903 2916 976 frequentatur,
2966 904 3110 976 quod
3157 912 3242 960 est
3282 903 3602 977 interpreta-

2003 1001 2148 1056 tione
2189 1013 2290 1070 pro
2319 1012 2406 1062 eo.
2459 995 2602 1069 quod
2649 1005 2734 1053 est
2772 996 3012 1065 flemina,
3044 1012 3230 1054 sexum
3283 998 3600 1069 nominavit,

2003 1093 2190 1149 dicens
2239 1096 2457 1164 γυναῖκα..
2504 1091 2562 1147 In
2598 1106 2730 1147 sexu
2783 1099 2960 1147 autem
2991 1099 3047 1148 et
3075 1090 3227 1163 virgo
3254 1092 3599 1164 contingitur.

2004 1183 2111 1242 Sed
2147 1193 2200 1240 et
2229 1183 2504 1239 manifesta
2533 1182 2898 1255 pronuntiatio
2948 1191 3032 1240 est
3083 1201 3097 1238 :
3148 1181 3350 1250 Omnis,
3405 1183 3602 1256 inquit,

2009 1279 2193 1334 mulier
2220 1278 2466 1342 adorans,
2497 1286 2545 1331 et
2588 1276 2901 1348 prophetam
2929 1275 3114 1330 intecto
3145 1276 3312 1347 capite
3337 1275 3607 1333 dedecorat

2007 1380 2164 1445 caput
2187 1388 2336 1428 suum
2393 1371 2448 1444 (Ι
2475 1369 2620 1436 Cor.,
2644 1368 2742 1435 XI,
2777 1369 2810 1426 5
2839 1369 2881 1442 ).
2911 1369 3049 1438 Quid
3075 1379 3159 1427 est
3187 1371 3354 1427 omnis
3382 1372 3606 1440 mulier,

2008 1466 2114 1524 nisi
2143 1465 2319 1522 omnis
2347 1463 2544 1532 aetatis,
2575 1464 2750 1520 omnis
2777 1463 3007 1532 ordinis,
3037 1463 3216 1520 omnis
3242 1464 3610 1522 conditionis?

2007 1558 2153 1616 Nihil
2178 1558 2417 1615 mulieris
2435 1557 2654 1628 excipit,
2701 1554 2930 1613 dicendo
2977 1556 3166 1637 omnis;
3193 1555 3334 1613 sicut
3383 1556 3467 1630 (ά)
3507 1571 3611 1614 nec

2007 1651 2090 1708 vir
2118 1665 2219 1708 nec
2240 1648 2484 1718 velandi;
2513 1648 2740 1721 proinde
2769 1649 2913 1705 enim
2949 1649 3114 1705 omnis
3149 1649 3227 1704 vir
3271 1647 3487 1723 (Ibid),
3530 1649 3614 1708 in-

315 1752 434 1800 tum
461 1753 563 1800 est.
587 1742 696 1800 Nec
716 1743 933 1811 mirum,
956 1743 1002 1799 si
1023 1743 1311 1815 Apostolus
1335 1743 1524 1802 eodem
1545 1743 1728 1815 utique
1747 1742 1912 1815 spiri«
1939 1727 1987 1790 Β
2015 1743 2150 1816 quit.
2177 1743 2326 1800 Sicut
2352 1757 2482 1815 ergo
2521 1743 2574 1798 in
2614 1740 2912 1797 masculino
2939 1755 3072 1799 sexu
3115 1739 3218 1798 sub
3243 1741 3344 1798 viri
3392 1743 3613 1800 nomine

313 1845 372 1893 tu
395 1846 571 1903 actus,
602 1850 829 1908 quocum
875 1837 1050 1892 omnis
1077 1837 1352 1908 Scriptura
1381 1836 1582 1906 divina,
1607 1845 1717 1892 tum
1747 1834 1828 1910 (2)
1856 1843 1913 1893 et

316 1929 410 1987 illa
444 1927 672 1985 Genesis
700 1927 905 2000 digesta
931 1936 1033 1994 est,
1057 1928 1244 1984 eadem
1275 1943 1410 1985 voce
1439 1942 1571 1986 usus
1595 1938 1677 1986 est
1717 1928 1912 1984 mulie-

307 2032 426 2077 rem
448 2017 730 2092 ponendo;
758 2034 879 2090 qua:
924 2020 1174 2090 exemplo
1203 2019 1332 2076 Eva:
1379 2020 1618 2091 innupta:
1643 2029 1698 2076 et
1717 2019 1912 2091 virgini

315 2120 609 2184 competat.
640 2109 852 2168 Caetera
899 2110 1130 2182 denique
1158 2127 1264 2168 non
1309 2121 1525 2179 sonant,
1553 2127 1676 2168 nam
1711 2121 1766 2169 et
1813 2112 1916 2169 hoc

309 2206 454 2278 ipso,
476 2204 618 2275 quod
639 2204 874 2275 virgines
896 2219 1002 2260 non
1043 2205 1359 2272 nominavit,
1399 2206 1540 2264 sicut
1586 2205 1692 2261 alio
1736 2205 1814 2279 (b)
1860 2206 1915 2262 in

313 2297 458 2365 loco,
489 2297 576 2352 ubi
605 2296 675 2353 de
717 2297 968 2354 nubendo
999 2296 1198 2366 ,docet,
1227 2298 1357 2354 satis
1399 2298 1660 2369 praedicat
1705 2299 1773 2356 de
1800 2313 1918 2356 om-

315 2391 370 2448 ni
395 2389 644 2457 muliere,
675 2402 731 2444 et
753 2387 821 2444 dc
848 2396 962 2444 toto
1012 2403 1145 2445 sexu
1190 2389 1414 2456 dictum,
1469 2405 1570 2447 nec
1608 2390 1916 2449 distinctum

322 2501 450 2544 esse
477 2485 616 2541 inter
643 2484 928 2555 virginem,
959 2484 1179 2563 omnino
1202 2499 1310 2540 non
1342 2484 1607 2549 nominat.
1639 2486 1742 2554 Qui
1769 2487 1914 2542 enim

319 2577 452 2636 alibi
474 2577 808 2648 distinguere
836 2576 1104 2645 meminit,
1127 2576 1217 2633 ubi
1237 2575 1444 2634 scilicet
1467 2575 1766 2632 differentia
1791 2593 1919 2648 pos-

2013 1838 2175 1896 etiam
2191 1837 2416 1893 investis
2435 1834 2597 1892 velari
2619 1842 2846 1903 velatur,
2864 1834 2935 1890 ita
2951 1841 3006 1890 et
3026 1832 3375 1904 inll‘mminino
3393 1835 3493 1892 sub
3513 1849 3616 1892 non

2015 1930 2161 1987 mine
2189 1928 2429 1985 mulieris
2453 1927 2615 1983 etiam
2645 1925 2798 1997 virgo
2826 1925 2994 1982 velari
3015 1925 3257 1996 iubetur.
3311 1925 3618 1998 Equaliter

2017 2023 2072 2081 in
2099 2031 2329 2094 utroque
2368 2036 2501 2078 sexu
2530 2020 2708 2077 minor
2733 2028 2865 2076 tetas
2900 2020 3122 2089 majoris
3165 2029 3421 2091 sequatur
3455 2019 3618 2077 disci-

2018 2117 2221 2190 plinam
2252 2125 2386 2172 :aut
2406 2113 2654 2171 velentur
2679 2121 2738 2170 et
2769 2113 3006 2185 virgines
3034 2113 3282 2181 masculi,
3316 2114 3360 2169 si
3390 2127 3496 2173 non
3525 2128 3617 2170 ve-

2019 2211 2202 2268 lantur
2237 2219 2294 2266 et
2321 2208 2558 2280 virgines
2589 2207 2846 2274 heminae,
2887 2207 2974 2277 qui
3020 2221 3119 2262 nec
3167 2206 3255 2262 isti
3302 2207 3619 2263 nominatim

2021 2312 2290 2362 tenentur.
2324 2301 2484 2357 Aliud
2509 2301 2577 2357 sit
2598 2301 2680 2355 vir
2703 2308 2758 2356 et
2786 2299 3034 2364 investis,
3057 2299 3103 2354 si
3145 2297 3294 2354 aliud
3319 2307 3406 2355 est
3429 2299 3624 2355 mulier

2020 2406 2076 2453 et
2095 2397 2264 2467 virgo.
2298 2392 2502 2465 Nempe
2529 2400 2739 2463 propter
2768 2391 2989 2463 Angelos
3019 2389 3210 2463 (lbid.)
3249 2391 3326 2446 ait
3353 2391 3518 2448 velari
3550 2407 3616 2447 o-

2023 2497 2259 2559 portere,
2289 2483 2432 2557 quod
2462 2483 2654 2556 Angeli
2685 2491 2906 2556 propter
2933 2482 3072 2540 filias
3117 2481 3398 2540 hominum
3453 2483 3630 2540 descio

2023 2587 2217 2636 verunt
2240 2593 2269 2631 a
2298 2577 2431 2633 Deo.
2462 2574 2594 2645 Quis
2621 2589 2751 2650 ergo
2778 2573 3112 2644 contendat,
3157 2575 3302 2634 solas
3349 2576 3626 2647 mulieres,

1547 2667 1931 2728 LECTIONES
1968 2670 2381 2730 VABIANTES.

378 2766 460 2831 (ι)
482 2764 594 2830 Cap.
621 2761 756 2816 XVII
777 2761 856 2815 ed.
886 2763 1026 2827 Leop.

2103 2763 2175 2828 (9.)
2208 2761 2529 2814 Divinitatum
2552 2762 2730 2813 Murat.
2755 2757 2886 2812 nullo
2907 2770 3065 2813 sensu.

1802 2848 2269 2906 MMENTABIUS.

1802 2893 1814 2905 .
1852 2850 1880 2905 b
1951 2883 1968 2906 ι
2089 2848 2132 2903 Il
2254 2889 2269 2902 .

310 2932 509 3018 capite,
538 2915 773 3018 deturpat
797 2954 951 3017 caput
977 2959 1162 3018 suum:
1183 2959 1340 3018 unum
1359 2944 1504 3018 enim
1548 2953 1621 2999 est
1647 2847 2257 3016 accg‘tleNTgpilt']:
2280 2953 2418 3012 νυνὶ,
2454 2942 2638 3018 mulier
2671 2941 2990 3014 appellatur.
3023 2941 3188 3014 Igitur
3215 2956 3310 3014 per
3335 2939 3441 3018 hoc
3463 2957 3638 3018 Avoca-

319 3015 575 3076 calcetur.
626 3016 731 3086 Qui
771 3015 1189 3084 contendebant,
1237 3015 1534 3087 virginibus
1589 3031 1928 3086 nequaquam

326 3099 670 3163 praeceptum
684 3089 865 3163 fuisse,
889 3099 945 3142 ut
971 3088 1159 3163 velata:
1190 3089 1242 3142 in
1265 3087 1468 3157 templo
1492 3097 1729 3163 orarent,
1755 3103 1824 3143 ex
1845 3089 1931 3163 ip:

2033 3014 2215 3073 bulum
2238 3032 2349 3087 non
2372 3014 2573 3085 gradus
2593 3028 2774 3087 sexus.
2801 3029 2896 3069 seu
2948 3025 3236 3086 nuptarum
3268 3014 3402 3071 ordo
3431 3015 3638 3087 signifi-

2034 3098 2208 3154 catur,
2253 3086 2350 3142 sed
2380 3084 2714 3157 generaliter
2750 3084 3038 3157 imminens
3066 3100 3228 3157 sexus
3259 3103 3273 3140 :
3301 3097 3460 3157 atque
3483 3084 3641 3157 'adeo

326 3156 407 3241 iis
434 3156 673 3241 Apostoli
701 3159 879 3215 verbis
925 3159 1032 3240 tale
1074 3156 1450 3241 argumentum
1499 3157 1807 3241 conflabant
1835 3176 1850 3213 :
1877 3159 1933 3214 Si
1960 3156 2006 3221 C
2040 3167 2150 3214 tum
2175 3156 2428 3228 virgines,
2455 3165 2564 3212 tum
2592 3165 2772 3227 nupta:
2793 3156 2862 3212 ab
2892 3156 3151 3228 Apostolo
3170 3156 3429 3241 jubentur
3451 3156 3638 3214 velari.

330 3228 630 3300 Apostolus
655 3231 756 3284 hoc
783 3229 1076 3298 prtecipere
1100 3229 1153 3282 in
1176 3230 1410 3284 animum
1433 3228 1750 3300 induxisset,
1777 3245 1935 3285 voca.

332 3298 466 3359 bulo
489 3315 626 3372 γυνή,
655 3299 795 3425 quod
822 3301 1002 3353 mulier
1031 3300 1192 3353 latine
1229 3311 1406 3363 sonat,
1436 3314 1542 3353 non
1572 3298 1761 3355 fuisset
1781 3315 1932 3367 usus,

332 3387 460 3425 nam
487 3386 603 3425 ’νυνή
693 3370 924 3425 cnuutis
963 3379 1166 3424 tantum
1195 3370 1430 3425 heminis
1479 3369 1724 3425 usurpari
1776 3371 1932 3425 solet.

331 3387 460 3428 nam
487 3369 603 3443 ’ξυνὴ
656 3369 724 3430 de
747 3370 924 3443 nuptis
963 3379 1166 3424 tantum
1195 3369 1724 3443 {ceruinisusurpari
1776 3371 1934 3429 solet.

334 3441 525 3502 Potius
567 3451 726 3498 Oileus
768 3441 1011 3505 dixisset,
1034 3455 1161 3512 quo,
1181 3441 1398 3497 nomine
1441 3441 1688 3496 heminas
1719 3457 1934 3509 omnes,

334 3525 454 3573 tum
477 3521 690 3585 nuptas,
719 3524 829 3568 tum
858 3511 1296 3585 innuptasGrteci
1313 3512 1614 3584 signiﬁcant
1628 3528 1648 3585 ;7
1663 3525 1766 3585 qaut
1785 3513 1940 3568 addi-

336 3587 510 3642 disset
540 3583 810 3656 ἀαρςίνους,
838 3583 1072 3656 quoque,
1104 3583 1160 3638 id
1209 3593 1293 3640 est
1328 3583 1567 3656 virgines.
1635 3584 1778 3656 Ergo
1833 3600 1940 3641 non

339 3668 513 3715 totum
538 3654 745 3724 sexum,
772 3656 866 3712 sed
906 3654 1129 3726 gradum
1153 3663 1208 3712 et
1254 3654 1459 3724 partem
1487 3654 1731 3712 foetninci
1751 3671 1934 3723 sexus,

342 3728 599 3786 mulieres
621 3727 870 3784 videlicet
895 3737 1107 3799 nuptas,
1135 3743 1203 3784 eo
1229 3730 1280 3781 in
1307 3727 1426 3782 loco
1455 3728 1746 3799 Apostolus
1775 3728 1940 3799 signi-

342 3799 688 3866 ﬁcavit.Quin
716 3799 833 3870 ipse
858 3797 1126 3870 eademin
1158 3799 1396 3868 Epistola
1423 3798 1491 3853 ad
1519 3797 1670 3864 Con,
1699 3797 1935 3868 rapJVI,

345 3873 581 3942 virgines
609 3886 638 3924 a
687 3868 1001 3926 mulieribus
1039 3868 1302 3942 distinxit,
1352 3870 1940 3942 ἱιιαυίθηςεμιμξρισςτιιι

344 3943 396 4000 δε
421 3941 452 4005 ἦ
470 3953 586 4014 νυνί
607 3948 687 3998 καὶ
717 3951 746 4005 ἡ
771 3949 1020 4013 παρθένος,
1053 3941 1218 4014 divisa,
1237 3951 1320 4014 est!
1341 3941 1542 4014 mulier,
1567 3952 1613 3995 et
1629 3941 1795 4014 uirgo.
1823 3941 1942 3998 Non

345 4016 436 4072 hic
462 4012 640 4070 autem
669 4012 866 4080 solum,
893 4015 987 4085 sed
1005 4021 1060 4068 et
1086 4013 1138 4067 in
1171 4013 1261 4068 lib.
1285 4012 1348 4066 de
1369 4013 1595 4085 uelandis
1625 4012 1939 4085 Virginibus,

350 4102 514 4159 quem
547 4095 732 4156 postea
772 4084 1101 4159 cons_crips_it_
1146 4085 1198 4139 in
1244 4084 1436 4159 scitula
1464 4083 1733 4159 montani,
1760 4086 1946 4159 Asimile

346 4155 450 4228 sibi
481 4155 849 4228 argumentum
866 4155 1243 4228 i'I‘ertullianus
1269 4156 1484 4224 objecit.
1506 4157 1680 4226 Inquit
1703 4155 1797 4223 ibi,
1822 4170 1944 4226 cap.

347 4227 387 4286 4
429 4245 442 4282 :
479 4226 766 4299 Opponitur
790 4227 952 4292 nobis,
983 4226 1181 4281 nullam
1201 4229 1503 4282 mentionem
1521 4228 1773 4298 uirginum
1795 4227 1859 4281 ab
1879 4229 1948 4282 A-

350 4301 548 4372 postolo
575 4303 784 4370 factum,
832 4299 918 4353 ubi
970 4301 1033 4353 de
1062 4299 1309 4372 uelamine
1346 4299 1704 4372 prteﬁnit,ised
1751 4309 1949 4354 tantum

354 4370 595 4442 mulieres
612 4372 895 4424 nominatas
919 4385 938 4423 :
993 4385 1110 4424 cunt
1143 4372 1185 4424 si
1228 4370 1461 4442 uoluisset
1486 4379 1532 4424 et
1559 4371 1775 4441 virgines
1819 4372 1944 4442 tegi,

354 4442 420 4496 de
469 4441 746 4510 uirginibus
785 4455 995 4511 quoque
1039 4456 1173 4511 cum
1214 4441 1508 4495 mulieribus
1550 4442 1947 4508 pronuntiasset,

355 4514 607 4581 quomodo
633 4511 763 4570 illic.
782 4510 974 4582 inquit,
991 4510 1077 4564 ubi
1104 4510 1167 4564 de
1179 4511 1383 4582 nuptiis
1404 4520 1610 4580 tractat,
1635 4513 1757 4582 quid
1782 4514 1955 4568 obser-

355 4579 687 4662 uantluin_sit
715 4579 869 4662 etiam
895 4579 1283 4662 depirginibus,
1331 4579 1807 4662 declarat.'ltaque
1855 4601 1957 4662 non

358 4655 608 4710 contineri
638 4670 722 4708 eas
752 4654 860 4725 lege
904 4652 1105 4725 vetandi
1131 4653 1332 4725 capitis,
1361 4662 1414 4725 ut
1458 4669 1557 4708 non
1596 4652 1880 4710 nominatas
1905 4657 1959 4709 in

361 4725 460 4782 Itac
499 4726 638 4799 lege;
668 4726 769 4779 into
796 4723 1002 4799 ex__ltoc
1033 4723 1264 4792 revelari,
1294 4724 1414 4794 quia
1447 4741 1548 4781 non
1559 4725 1824 4796 jubentur,
1846 4741 1962 4799 qua:

363 4815 456 4852 nec
488 4793 834 4851 nominantur.
863 4793 1079 4851 Μυκη.
1108 4859 1112 4865 _

410 4866 1068 4940 CAP.XXl|.——(a),Evam
1086 4866 1312 4940 nondum
1321 4867 1484 4922 uirum
1499 4866 1963 4940 expertant,etc.Ut

364 4941 609 4995 osmndat
623 4939 1005 5012 Tertullianus,
1017 4938 1235 5012 nomine
1246 4942 1461 5010 ’γυναικός
1482 4938 1755 5012 ημριεείειο
1772 4939 1965 5012 innup-

370 5020 454 5066 tas
482 5012 724 5067 l‘mminas
741 5009 1050 5082 signiﬁcari,
1075 5024 1106 5066 e
1121 5008 1348 5082 Genesis
1373 5024 1490 5082 cap.
1514 5009 1644 5076 Il,v.
1665 5011 1758 5072 ‘23.
1781 5008 1964 5067 exem-

373 5083 520 5153 plum
543 5082 748 5154 prolert
770 5081 879 5154 {ibi
903 5082 1046 5138 enim
1064 5081 1132 5138 de
1153 5081 1260 5137 Eva
1275 5081 1681 5151 loquensDeus:
1710 5087 1857 5146 abre,
1884 5084 1967 5139 in-

369 5152 558 5224 Qttiunt
584 5152 729 5206 LXX
783 5153 1108 5225 Interpretes
1131 5194 1146 5219 ,
1177 5160 1470 5215 χληθησξται
1494 5164 1641 5225 γυνῆ,
1686 5160 1766 5209 ὅτι
1804 5161 1852 5210 ιχ
1883 5162 1966 5211 τοῦ

371 5229 536 5296 ἀν’ρῦς
564 5228 711 5284 αὐτῆς
758 5224 956 5295 lugeri.
984 5224 1203 5280 Scilicet
1243 5242 1257 5278 :
1308 5226 1422 5297 ipsa
1455 5224 1720 5297 vocabitur
1762 5226 1965 5294 mulier,

372 5300 493 5368 quia
532 5297 596 5350 de
625 5297 732 5368 viro
757 5304 1091 5368 suo_sumpta
1117 5305 1224 5362 est,
1260 5304 1315 5351 ut
1340 5296 1467 5368 alibi
1496 5297 1968 5368 aptissimeinter-

373 5365 623 5438 pretatur
656 5366 796 5438 idem
837 5365 1216 5438 Tertullianus,
1245 5365 1548 5423 versionem
1573 5382 1667 5424 τῶν
1688 5367 1832 5422 LXX
1881 5383 1968 5424 se-

374 5436 550 5511 cutus.
577 5437 834 5511 Vulgatus
857 5445 1034 5511 autem
1057 5436 1319 5508 interpres
1345 5439 1504 5496 habet
1531 5457 1545 5495 :
1574 5455 1687 5511 quae
1711 5438 1969 5494 vocabitur

375 5510 572 5581 virago,
597 5508 839 5581 quoniam
859 5508 922 5562 de
950 5508 1058 5562 viro
1078 5519 1283 5581 sumpta
1303 5520 1398 5566 est.
1421 5508 1595 5581 Supra
1622 5512 1783 5566 etiam
1813 5511 1970 5568 dixe-

1215 5581 1384 5650 [icauit
1430 5581 1679 5638 Dominus
1722 5582 1859 5637 Deus
1884 5599 1970 5637 co-

377 5591 464 5637 rat
489 5578 725 5638 ‘divinus
767 5580 1009 5649 Scriptor
1037 5595 1050 5632 :
1080 5578 1212 5633 [Edi

378 5661 531 5729 stam,
553 5667 743 5729 guam_
741 5653 923 5706 tulerat
949 5651 1013 5706 de
1037 5650 1206 5705 Adam
1349 5654 1630 5729 mulierem,
1656 5659 1725 5715 εὶς
1745 5660 1968 5729 γυναῖκα.

381 5720 675 5798 Utrobique
700 5721 832 5795 Eva,
863 5737 1166 5813 quanquam
1197 5721 1374 5784 adhuc
1398 5726 1551 5799 virgo
1585 5720 1768 5799 neque
1797 5729 1972 5788 virum

3290 3227 3505 3284 Manu.

2014 3361 2016 3364 ,
2113 3299 2196 3372 (b)
2218 3299 2320 3372 Sic
2339 3297 2676 3372 alioinloco.
2709 3296 2967 3372 Ea‘mdem
2996 3297 3291 3372 Epistolam
3316 3300 3362 3372 _I
3393 3298 3643 3372 πάροι-,ι

2040 3369 2160 3443 cap.
2177 3369 2306 3439 γη,
2327 3387 2380 3425 n.
2405 3369 2496 3443 54,
2523 3369 2716 3435 innuit,
2739 3369 2832 3443 ubi
2853 3369 2924 3424 ita
2951 3370 3186 3443 loquitur
3202 3369 3431 3443 Paulus:
3453 3369 3646 3426 Mulier

2039 3439 2276 3512 innupta,
2321 3452 2369 3496 et
2416 3442 2577 3512 virgo,
2637 3441 2845 3512 cogitat,
2871 3456 2986 3511 qua:
3023 3439 3238 3496 Domini
3288 3451 3431 3508 sunt,
3478 3452 3533 3497 ut
3578 3444 3645 3498 sit

2041 3511 2219 3571 sancta
2244 3511 2528 3585 corporeet
2564 3511 2772 3585 spiritu.
2813 3511 2940 3585 Quae
2973 3528 3093 3585 vero
3133 3522 3296 3585 nupta
3335 3523 3429 3581 est,
3457 3515 3646 3585 cogitat

2042 3603 2158 3657 quin
2180 3596 2296 3641 sunt
2326 3583 2521 3649 mundi,
2551 3583 2803 3653 quomodo
2829 3583 3180 3657 placatiore.
3205 3583 3295 3652 Si;
3317 3585 3490 3657 inquit
3514 3583 3648 3642 Ter-

2046 3654 2340 3725 tullianus,
2389 3658 2638 3725 innuptas
2689 3669 2727 3728 a7
2773 3654 2954 3728 nuptis
3008 3654 3336 3728 distinguere
3388 3654 3648 3728 voluisset

2046 3729 2355 3800 Apostolus,
2378 3727 2559 3800 ivelari
2603 3725 2858 3800 mulieres
2879 3727 3096 3800 jubens,
3121 3725 3215 3783 ea's
3242 3725 3647 3800 aliquo'distin-

2045 3797 2213 3856 xisset
2242 3799 2524 3865 vocabulo,
2551 3797 3000 3868 quemadmodum
3051 3797 3198 3864 fecit,
3229 3799 3319 3854 ubi
3342 3797 3539 3855 revera
3583 3802 3652 3856 il-

2048 3872 2128 3928 las
2174 3870 2503 3942 distinguere
2542 3869 2727 3942 voluit.
2757 3871 2993 3942 Apparet
3037 3869 3230 3941 igitur,
3278 3879 3390 3925 tum
3435 3879 3649 3942 nuptas,

2048 3954 2160 3999 tum
2180 3939 2429 4012 innuptas
2455 3955 2561 3997 uno
2587 3939 2964 4012 mulieris,'scu
2984 3939 3208 4012 γυίκρκδς
3237 3941 3457 3998 nomine
3479 3939 3646 3999 fuisse

2047 4011 2487 4084 comprehensas,
2520 4011 2733 4082 quando
2761 4026 2850 4084 eas
2866 4011 3424 4084 APaulusrdistinguere
3459 4014 3649 4069 noluit.

2050 4082 2250 4142 Eadem
2291 4087 2498 4142 ratione
2544 4082 2834 4154 respondet
2862 4082 3003 4139 idem
3045 4082 3411 4141 Tertullianus
3459 4085 3512 4142 in
3554 4086 3652 4142 lib.

2047 4161 2110 4213 de
2136 4157 2233 4212 uel.
2256 4154 2490 4228 iVirgin.,
2526 4153 2649 4228 cap.
2669 4153 2983 4228 5._b_luan.

2127 4224 2688 4300 (ciQuamfceminas.
2738 4224 2795 4281 Id
2837 4237 2918 4282 est
2960 4226 3135 4300 potius
3179 4242 3340 4300 quam
3386 4225 3656 4300 imminas.
3699 4265 3724 4276 -

2054 4297 2152 4355 Est
2175 4297 2391 4370 elegans
2421 4297 2473 4354 i'n
2519 4297 2740 4370 rhebrtco
2769 4310 3021 4353 sermone
3060 4297 3273 4370 dicendi
3320 4298 3573 4367 formula,
3603 4309 3658 4355 et

2053 4371 2175 4426 aliis
2199 4367 2414 4426 in'locis
2434 4385 2462 4423 a
2485 4367 2813 4424 Tertulliano
2843 4380 3115 4438 usurpata.
3145 4368 3364 4426 Mean.

2129 4442 2210 4511 (d)
2241 4441 2387 4512 Sicut
2418 4457 2513 4512 nec
2532 4441 2628 4506 vir,
2657 4455 2745 4494 nec
2779 4439 3000 4512 vetandi.
3031 4442 3316 4512 Apostolus
3340 4440 3409 4512 in
3446 4438 3660 4497 laudata

1978 4479 2033 4540 Β
2129 4443 2210 4511 (d)
2241 4443 2387 4496 Sicut
2418 4457 2508 4495 nec
2532 4443 2628 4506 vir,
2657 4455 2745 4494 nec
2779 4443 3000 4496 vetandi.
3031 4443 3316 4512 Apostolus
3340 4443 3409 4502 _in
3446 4443 3660 4497 laudata

2062 4513 2297 4583 Epistola
2329 4511 2348 4567 I
2385 4513 2454 4568 ad
2485 4511 2640 4584 Con,
2669 4525 2788 4584 cap.
2818 4509 2910 4584 XI,
2945 4523 2999 4567 n.
3028 4511 3085 4567 4.
3123 4511 3300 4584 Omnis
3321 4553 3337 4579 ,
3363 4511 3556 4582 inquit,
3586 4515 3663 4567 uir

2063 4581 2215 4640 orans
2261 4594 2354 4655 aut
2399 4583 2708 4655 prapltetans
2734 4581 2913 4655 uelato
2973 4585 3136 4654 capite
3155 4624 3172 4652 ,
3231 4581 3464 4654 deturpat
3508 4594 3664 4655 caput

2063 4671 2231 4710 suum.
2259 4652 2407 4710 lnf'ra'
2438 4669 2575 4726 vero,
2602 4653 2789 4709 addit:
2826 4652 2914 4708 Vir
2945 4652 3147 4726 quidem
3195 4671 3297 4710 non
3331 4652 3473 4726 debet
3497 4652 3665 4712 velare

2064 4737 2218 4800 caput
2263 4743 2433 4781 suum.
2465 4725 2831 4800 Cuicumque
2861 4724 3017 4796 igitur
3065 4725 3204 4793 viro,
3254 4724 3470 4800 quando
3519 4734 3662 4800 orat,

2067 4797 2223 4869 turpe
2249 4813 2370 4854 esse
2397 4798 2558 4854 velari
2603 4797 2678 4851 ait
2708 4797 2934 4863 Paulus,
2966 4805 3021 4869 et
3055 4812 3256 4852 omnem
3283 4798 3448 4852 virum
3485 4799 3667 4869 nomi-

2069 4866 2234 4936 natis,
2276 4884 2466 4925 omnes
2492 4869 2874 4940 cujuscumque
2903 4866 3106 4940 ordinis
3129 4909 3145 4934 ,
3189 4869 3363 4940 (etatis
3391 4877 3449 4924 et
3473 4868 3666 4925 condi-

2070 4942 2232 4996 tionis
2250 4941 2513 4997 masculos
2536 4938 2977 5010 iittelligit.lgitur
3000 4938 3099 4994 sub
3121 4939 3339 4996 nomine
3362 4940 3527 4995 omnis
3548 4957 3665 4994 mu-

2071 5011 2208 5067 lieris
2259 5011 2508 5068 feminas
2535 5026 2746 5076 omnes,
2774 5019 2885 5065 tum
2937 5010 3188 5082 virgines,
3223 5019 3335 5067 tum
3384 5020 3576 5082 nuptas
3606 5026 3671 5068 ac

2068 5083 2257 5139 viduas
2279 5083 2668 5153 complectitur.
2693 5083 2981 5153 Czeterum,
3007 5081 3134 5153 quin
3157 5084 3272 5153 haec
3295 5081 3588 5139 verba’sint
3615 5084 3669 5139 in

2070 5157 2256 5212 codice
2275 5152 2460 5210 nostro
2485 5154 2688 5218 vitiata,
2711 5166 2870 5208 nemo
2890 5152 3174 5209 dubitabit.
3194 5152 3445 5210 Fortasse
3460 5155 3669 5210 restitui

2071 5236 2340 5309 poterunt:
2376 5235 2467 5309 aut
2491 5225 2692 5309 saltet-it.
2714 5224 2780 5306 iis
2800 5223 2889 5280 lux
2923 5225 3101 5309 aliqua
3129 5223 3422 5309 affulgebit,
3454 5224 3499 5280 si
3525 5225 3670 5297 quod

2073 5294 2165 5354 ille
2195 5299 2247 5352 in
2282 5297 2376 5353 lib.
2404 5297 2467 5350 de
2491 5297 2586 5350 uel.
2635 5294 2854 5367 Virgin.,
2881 5309 3001 5366 cap.
3018 5294 3088 5362 ‘8,
3115 5294 3300 5366 reteri,
3330 5310 3429 5352 nos
3455 5294 3672 5367 quoque

2073 5369 2389 5426 referamus.
2411 5367 2682 5437 Apostolus
2704 5382 2751 5421 :s
2766 5366 2967 5434 Omnis,
2991 5367 3173 5439 inquit,
3190 5368 3394 5424 mulier.
3409 5385 3429 5422 ι
3441 5366 3576 5434 Quid
3589 5366 3671 5439 est

2072 5440 2278 5496 omnis?
2302 5440 2398 5493 nisi
2420 5440 2581 5493 omnis
2602 5439 2819 5507 generis,
2851 5440 3015 5493 omnis
3039 5437 3252 5505 ordinis,
3296 5441 3460 5494 omnis
3487 5437 3671 5493 condi-

2074 5511 2245 5575 tionis,
2267 5511 2430 5564 omnis
2455 5509 2716 5581 dignitatis
2735 5551 2751 5578 ,
2778 5510 2943 5565 omnis
2977 5511 3178 5583 (etatis?
3208 5509 3472 5583 Siquidem
3500 5525 3670 5578 omne,

2076 5593 2234 5638 totum
2278 5591 2370 5648 est,
2398 5589 2444 5636 et
2490 5583 2760 5653 integrum,
2812 5591 2860 5636 et
2908 5582 3055 5637 nulla
3089 5583 3178 5653 sui
3226 5582 3370 5653 parte
3393 5583 3671 5650 defectum.

2076 5653 2217 5710 Pars
2241 5663 2408 5708 autem
2445 5652 2672 5725 mulieris
2697 5654 2909 5725 et_pirgo
2931 5662 3022 5710 est.
3050 5652 3234 5725 .eqte
3249 5664 3299 5710 et
3335 5653 3400 5709 de
3425 5654 3533 5710 viro
3561 5670 3677 5725 non

2075 5725 2290 5785 celando
2313 5725 2498 5796 omnis,
2525 5723 2709 5798 inquit.
2738 5723 2872 5782 Ecce
2896 5725 3000 5784 duo
3028 5723 3229 5785 diverso
3254 5726 3494 5797 nomine,
3523 5723 3602 5782 uir
3627 5735 3678 5790 et
