4068 6352
270 343 408 402 1201

899 455 1125 514 CAPUT
1174 455 1238 513 ll.

344 556 449 614 Sed
508 558 648 613 enim
714 567 907 625 quanta
958 558 1038 611 vis
1107 565 1191 612 εδι
1262 558 1625 627 perversitatis
1676 555 1742 610 ad
1798 555 1864 609 ﬁ-

268 649 391 708 dem
445 648 900 715 labefactandam,
950 648 1032 703 vel
1100 648 1152 703 in
1211 655 1378 703 totum
1446 662 1552 704 non
1604 646 1867 717 recipien-
1919 720 1927 725 _

267 745 414 813 dam,
460 753 517 799 ut
545 759 615 799 ex
660 743 743 798 his
784 758 903 798 eam
950 742 1246 814 impugnet,
1295 758 1359 799 ex
1404 743 1598 813 quibus
1636 748 1863 795 constat.

266 835 409 892 Nihil
444 835 584 891 adeo
610 845 692 891 est
718 834 859 905 quod
900 845 1008 890 tam
1041 834 1271 890 obduret
1301 844 1507 890 mentes
1547 834 1821 889 hominum
1848 874 1863 899 ,

265 941 425 998 quam
468 926 783 997 simplicitas
811 926 1115 980 divinorum
1146 942 1367 995 operum
1406 941 1523 997 quzc
1555 928 1607 982 iu
1635 934 1754 980 actu
1782 924 1866 979 via

263 1017 422 1075 detur
442 1060 456 1082 ,
482 1027 533 1073 et
562 1018 955 1089 magniﬁcentia
982 1034 1103 1089 qme
1135 1019 1186 1073 in
1211 1018 1401 1075 effectu
1430 1019 1818 1090 repromittitur
1847 1038 1859 1073 :

262 1121 318 1166 ut
347 1109 435 1166 hic
472 1124 717 1181 quoque,
741 1111 992 1182 quoniam
1022 1120 1167 1165 tanta
1205 1110 1545 1181 simplicitate
1569 1111 1685 1165 sine
1713 1124 1864 1181 pom-

262 1217 328 1273 pa
358 1244 371 1267 ,
402 1202 520 1257 sine
546 1211 805 1273 apparatu
837 1217 977 1255 nmo
1004 1203 1182 1273 aliquo
1204 1245 1219 1266 ,
1248 1202 1481 1274 denique
1506 1202 1624 1257 sine
1649 1211 1863 1272 sumptu

260 1294 423 1350 homo
475 1295 527 1350 in
577 1310 713 1366 aqua
752 1294 834 1367 (l)
874 1294 1162 1362 demissus,
1212 1304 1266 1350 et
1313 1296 1451 1351 inter
1500 1310 1666 1365 pauca
1702 1296 1861 1352 verba

262 1386 494 1453 tinctus,
529 1401 634 1441 non
658 1379 663 1387 ³
686 1385 858 1441 multo
898 1387 979 1442 vel
1011 1386 1179 1443 nihilo
1206 1386 1455 1442 mundior
1496 1387 1762 1458 resurgit,
1794 1402 1862 1444 eo

261 1476 595 1532 incredibilis
639 1477 982 1533 existimetur
1032 1479 1346 1533 consecutio
1391 1478 1705 1534 aeternitatis
1754 1480 1857 1551 (τι).

257 1567 505 1636 Mentior,
558 1569 603 1624 si
657 1584 761 1624 non
809 1585 840 1625 e
879 1571 1148 1625 contrario
1190 1569 1451 1626 idolorum
1492 1572 1750 1628 solemnia
1776 1572 1859 1629 vel

259 1675 475 1723 arcana,
534 1660 603 1716 de
650 1670 902 1732 suggestu
952 1670 1006 1716 et
1056 1671 1335 1732 apparatu,
1391 1664 1563 1733 deque
1621 1675 1857 1735 sumptu,

252 1752 414 1809 ﬁdem
449 1760 504 1806 et
540 1754 909 1807 auctoritatem
927 1752 1028 1808 sibi
1051 1761 1352 1808 exstruunt.
1382 1755 1519 1810 Pro!
1554 1756 1749 1812 misera
1781 1757 1861 1811 in-

251 1843 576 1911 credulitas,
607 1860 727 1914 quae
770 1844 1005 1917 denegas
1043 1843 1127 1917 (2)
1160 1845 1272 1901 Deo
1301 1847 1655 1917 preprietates
1696 1862 1855 1916 suas,

1513 338 1714 396 LIBER
1773 337 1860 395 DE
1899 336 1984 395 BA
1994 336 2257 395 PTISMO.

1897 455 1945 515 Λ
1974 456 2073 512 ista
2104 455 2324 512 materia
2355 462 2514 511 tanta:
2541 453 2865 527 dignationis
2896 456 3152 514 meruerit
3180 455 3460 515 olﬁcium?
3496 459 3568 517 Ut

3435 340 3578 399 i202

1971 550 2184 622 Opinor,
2212 549 2500 604 auctoritas
2530 547 2715 621 liquidi
2761 550 3017 606 elementi
3049 549 3311 621 exigenda
3341 560 3445 608 est.
3473 552 3570 608 At-

1969 643 2095 713 quin
2128 641 2354 713 plurima
2383 632 2642 711 suppetit,
2673 648 2729 697 et
2758 639 2970 712 quidem
3017 655 3045 696 a
3073 640 3388 712 primordio.
3433 641 3565 700 Nam

1969 749 2133 789 unum
2160 748 2225 788 ex
2251 732 2335 789 his
2364 741 2449 788 est
2495 748 2614 804 qua:
2651 740 2776 790 ante
2798 748 3016 791 omnem
3050 733 3236 790 mundi
3260 744 3568 808 suggestum

1970 827 2209 897 impolita
2237 826 2412 882 adhuc
2449 827 2631 897 specie
2661 840 2825 897 penes
2856 826 3026 883 Deum
3071 826 3462 899 quiescebant:
3493 827 3565 884 In

1975 921 2275 993 primordio,
2323 920 2513 991 inquit,
2560 920 2676 993 fecit
2706 918 2845 976 Deus
2875 920 3055 974 caelum
3079 927 3124 975 et
3156 928 3362 974 terram.
3408 918 3568 975 Terra

1967 1026 2137 1072 autem
2180 1025 2288 1069 erat
2337 1015 2599 1070 invisibilis
2637 1012 2717 1088 (4)
2764 1024 2810 1069 et
2853 1014 3209 1085 incomposita,
3257 1023 3304 1069 et
3352 1013 3566 1069 tenebrte

1968 1117 2112 1163 erant
2130 1124 2283 1179 super
2316 1107 2574 1179 abyssum,
2602 1116 2646 1162 et
2671 1108 2883 1178 spiritus
2917 1104 3015 1161 Dei
3031 1104 3114 1179 (5)
3136 1106 3214 1178 (b)
3231 1121 3385 1178 super
3405 1121 3561 1177 aquas

1969 1201 2223 1271 ferebatur
2242 1197 2393 1272 (Gen.
2424 1198 2466 1263 Ι,
2502 1198 2847 1269 1,2).llabes,
2869 1198 3053 1266 homo,
3068 1198 3332 1268 imprimis
3350 1205 3564 1256 :etatem

1967 1290 2214 1348 venerari
2247 1305 2527 1362 aquarum,
2558 1291 2699 1361 quod
2729 1292 2944 1362 antiqua
2983 1290 3317 1356 substantia;
3364 1290 3565 1350 dehinc

1968 1383 2351 1455 dignationem,
2379 1382 2523 1453 quod
2544 1381 2707 1436 divini
2738 1381 2955 1453 spiritus
2984 1380 3163 1446 sedes,
3192 1382 3395 1454 gratior
3413 1384 3563 1440 scili-

1958 1485 2053 1534 cet
2084 1478 2293 1533 eaateris
2322 1487 2449 1532 tunc
2470 1476 2758 1531 elementis
2787 1474 2881 1547 (ε).
2911 1475 3043 1531 Nam
3072 1483 3130 1532 et
3159 1477 3393 1553 tenebrat
3434 1486 3559 1553 tota:

1964 1571 2142 1627 adlmc
2181 1572 2302 1627 sine
2326 1570 2472 1626 cultu
2500 1569 2735 1626 siderum
2783 1567 3064 1635 informes,
3094 1578 3150 1625 et
3189 1569 3356 1626 tristis
3398 1570 3561 1639 abys-
3644 1592 3653 1599 ο

1963 1677 2057 1719 sus
2082 1663 2182 1735 (ά),
2210 1671 2267 1719 et
2292 1671 2432 1719 terra
2464 1662 2742 1731 imperata,
2791 1671 2847 1717 et
2890 1660 3086 1717 ctelum
3113 1661 3246 1719 rude
3286 1678 3300 1717 :
3333 1662 3480 1718 solus
3507 1661 3564 1718 lio

1962 1770 2122 1827 quor,
2153 1769 2367 1826 semper
2385 1754 2607 1809 materia
2644 1752 2903 1823 perfecta,
2934 1753 3054 1809 laeta
3080 1754 3336 1825 simplex,
3366 1754 3436 1812 de
3460 1769 3562 1810 suo
3628 1788 3635 1793 -

1967 1863 2118 1918 pura,
2144 1846 2366 1918 dignum
2396 1845 2732 1902 vectaculum
2772 1845 2852 1917 (6)
2896 1847 3005 1902 Deo
3052 1844 3385 1915 subjiciebat.
3422 1845 3562 1915 Quid

249 1937 649 2007 simplicitatem
693 1947 749 1994 et
797 1947 1135 2009 potestatem.
1169 1939 1304 2006 Quid
1349 1941 1516 2012 ergo?
1543 1955 1723 1997 nonne
1752 1942 1855 1997 mi-
1886 1924 1933 1984 Β
1960 1942 2101 2014 quod
2122 1942 2317 1999 exinde
2332 1940 2806 2013 dispositiomundi
2827 1940 3265 1996 modulatricibus
3289 1940 3552 2012 quodam-

252 2030 483 2085 randum
530 2038 587 2085 et
628 2030 841 2087 lavacro
879 2032 1010 2087 dilui
1056 2033 1330 2087 mortem?
1361 2035 1558 2106 Atquin
1594 2050 1661 2092 eo
1688 2037 1856 2107 magis

247 2120 617 2187 credendum,
659 2124 742 2189 si,
785 2123 909 2193 quia
968 2123 1269 2179 mirandum
1323 2134 1437 2193 est,
1486 2127 1684 2182 ideirco
1748 2142 1852 2183 non

252 2214 513 2269 creditur.
546 2213 729 2283 Qualia
769 2215 910 2269 enim
953 2215 1103 2271 decet
1148 2231 1268 2272 esse
1292 2219 1457 2288 Opera
1507 2219 1705 2284 divina,
1752 2220 1853 2275 nisi

249 2323 413 2381 super
438 2323 655 2364 omnem
685 2308 1137 2364 admirationem?
1163 2310 1272 2367 Nos
1298 2326 1512 2383 quoque
1549 2312 1649 2382 ipsi
1692 2314 1853 2367 mira-

253 2417 399 2466 mur,
428 2400 520 2455 sed
551 2401 671 2471 quia
699 2401 988 2457 credimus.
1020 2400 1283 2457 Caeterum
1313 2402 1656 2458 incredulitas
1685 2403 1849 2460 mira-

248 2499 356 2559 tur,
393 2508 496 2549 non
537 2492 724 2548 credit.
757 2491 977 2547 Miratur
1013 2494 1156 2548 enim
1187 2494 1447 2561 simplicia
1496 2497 1647 2566 quasi
1677 2512 1809 2551 vana
1831 2538 1848 2564 ,

248 2584 529 2653 magniﬁca
575 2586 724 2655 quasi
757 2585 1131 2656 impossibilia.
1182 2586 1250 2642 Et
1288 2586 1359 2641 sit
1389 2588 1543 2658 plane
1575 2599 1630 2643 ut
1656 2597 1808 2658 putas
1831 2630 1847 2656 ,

246 2677 377 2732 sa'i~
398 2678 463 2737 ad
488 2687 769 2749 utrumque
794 2678 967 2733 divina
1001 2680 1360 2747 pronuntiatio
1383 2682 1728 2750 przeeucurrit
1748 2684 1846 2753 (5):

248 2771 422 2827 Stulta
451 2770 628 2824 mundi
665 2770 809 2841 elegit
846 2768 984 2826 Deus
1009 2782 1064 2824 ut
1093 2771 1372 2843 confundat
1407 2774 1710 2843 sapientiam
1739 2775 1851 2843 ejus

249 2861 292 2933 (Ι
324 2862 467 2928 Cor.,
496 2861 540 2926 Ι.
572 2862 690 2932 27),
723 2873 775 2917 et
803 2861 1150 2934 Pt'wdiﬁicilia
1180 2881 1332 2932 penes
1362 2864 1590 2920 homines
1614 2906 1629 2930 ,
1677 2865 1856 2935 facilia

249 2971 399 3025 penes
431 2954 590 3008 Deum
612 2954 848 3026 (Matth.,
879 2952 1023 3016 XIX.
1048 2954 1160 3025 26).
1182 2955 1313 3010 Nam
1336 2957 1380 3011 si
1404 2957 1544 3013 Deus
1568 2966 1623 3013 et
1642 2957 1856 3027 sapiens

248 3057 304 3104 et
333 3057 542 3127 potens,
565 3047 707 3118 quod
735 3048 897 3103 etiam
931 3058 1321 3119 prmtereuutes
1349 3065 1471 3105 eum
1500 3066 1607 3106 non
1638 3063 1851 3123 negant,
1898 3114 1901 3117 _

248 3141 444 3196 merito
475 3141 528 3196 in
555 3139 876 3196 adversariis
901 3142 1177 3213 sapientiae
1205 3145 1585 3216 potentia‘que,
1614 3144 1665 3201 id
1693 3156 1775 3203 est
1801 3149 1853 3204 in

249 3232 473 3289 stultitia
516 3240 572 3288 et
603 3232 1031 3302 impossibilitate
1075 3238 1330 3292 materias
1372 3238 1697 3307 operationis
1743 3254 1855 3296 sure
1880 3272 1926 3336 Ο

251 3325 506 3380 instituit.
537 3325 804 3392 Quoniam
834 3325 1003 3382 virtus
1029 3328 1206 3382 or‘nnis
1235 3343 1302 3385 ex
1329 3327 1414 3384 his
1440 3344 1684 3386 caussam
1716 3334 1857 3388 acci-

251 3419 350 3490 pit,
384 3433 415 3474 a
440 3418 636 3490 quibus
666 3429 1007 3490 provocatur.

879 3511 1110 3570 CAPUT
1150 3512 1239 3569 III.

325 3606 496 3675 llnjus
557 3620 826 3663 memores
878 3608 1344 3678 pronuntiationis,
1404 3604 1657 3682 tanquam
1720 3628 1861 3685 prae-

253 3697 589 3767 scriptionis,
638 3698 984 3753 nihilominus
1028 3714 1187 3771 quam
1233 3700 1454 3756 stultum
1499 3712 1554 3758 et
1608 3703 1858 3775 impossi-

252 3787 361 3845 bile
407 3788 477 3844 sit
523 3804 659 3860 aqua
733 3789 1018 3845 reformari
1097 3798 1408 3848 tractamus.
1471 3793 1609 3861 Quid
1671 3797 1855 3865 utique

1959 2036 2119 2093 modo
2146 2035 2298 2106 aquis
2340 2035 2418 2108 (7)
2449 2034 2567 2090 Deo
2586 2033 2845 2090 constitit.
2883 2032 3039 2100 Nam,
3068 2042 3126 2088 ut
3163 2032 3561 2089 ﬁrmamentum

1958 2130 2182 2188 caeleste
2219 2127 2591 2195 suspenderet,
2617 2128 2670 2182 in
2697 2125 2988 2182 medietate
3004 2125 3282 2181 .distinctis
3305 2126 3459 2195 aquis
3483 2124 3561 2182 fe-

1957 2224 2068 2290 cit;
2119 2229 2195 2290 et,
2240 2230 2298 2277 ut
2350 2228 2547 2275 terram
2598 2218 2801 2274 aridam
2853 2216 3207 2288 suspenderet
3236 2216 3558 2289 (8),segre-

1956 2315 2094 2386 gatis
2149 2312 2304 2384 aquis
2351 2311 2609 2382 expediit-
2643 2310 2860 2382 (Gem,
2921 2309 3000 2380 Ι).
3054 2309 3313 2366 Ordinato
3362 2309 3559 2367 dehinc

1953 2423 2052 2478 per
2098 2407 2369 2463 elementa
2418 2403 2619 2460 mundo
2673 2418 2795 2459 cum
2834 2402 3024 2459 incolae
3054 2390 3312 2460 darentur
3344 2403 3556 2477 (Prom,

1956 2497 2110 2570 Vlll),
2173 2497 2360 2568 primis
2435 2496 2588 2566 aquis
2657 2504 2983 2565 praeceptum
3033 2504 3116 2549 est
3168 2496 3375 2551 animas
3432 2509 3561 2566 pro-

1955 2589 2118 2647 ferre.
2164 2590 2375 2646 Primus
2422 2588 2597 2658 liquor
2640 2586 2783 2660 quod
2825 2586 3029 2641 viveret
3075 2586 3243 2642 edidit
3265 2601 3332 2642 ne
3358 2586 3553 2642 mirum

1955 2684 2064 2748 sit,
2119 2682 2173 2736 in
2225 2681 2539 2751 Baptismo,
2597 2681 2641 2736 si
2710 2693 2864 2750 aqute
2920 2678 3161 2734 animare
3226 2678 3341 2751 (e),
3400 2695 3563 2736 nove-

1954 2782 2100 2829 runt.
2173 2772 2306 2827 Nam
2366 2773 2531 2844 ipsius
2607 2785 2818 2842 quoque
2876 2769 3110 2825 hominis
3162 2770 3421 2841 ﬁgurandi
3479 2771 3559 2844 (9)

1958 2881 2117 2937 opus,
2140 2864 2468 2920 sociantibus
2498 2864 2650 2934 aquis
2687 2863 2993 2919 absolutum
3030 2871 3133 2920 est.
3164 2864 3240 2920 De
3266 2874 3407 2920 terra
3439 2881 3558 2921 ma-

1958 2960 2093 3015 teria
2136 2959 2409 3023 convenit,
2462 2972 2568 3012 non
2599 2966 2774 3014 tamen
2825 2958 3018 3013 habilis
3064 2956 3168 3012 nisi
3213 2956 3462 3013 humecta
3504 2967 3566 3014 ct

1958 3053 2195 3120 succida,
2218 3067 2377 3124 quam
2409 3051 2615 3107 scilicet
2651 3059 2776 3107 ante
2814 3061 3063 3121 quartum
3092 3049 3234 3105 diem
3265 3059 3561 3121 segregata:

1958 3159 2111 3216 aqure
2161 3144 2214 3198 in
2263 3144 2550 3198 stationem
2576 3157 2752 3208 suam,
2807 3141 3099 3233 superstite
3140 3140 3383 3204 humore,
3428 3140 3560 3196 limo
3641 3165 3650 3174 -

1960 3246 2324 3308 temperarent
2353 3233 2489 3308 (i0).
2512 3235 2567 3290 Si
2594 3233 2791 3290 exinde
2817 3232 3065 3289 universa
3093 3232 3177 3288 vel
3223 3232 3381 3305 plura
3433 3248 3562 3302 pro-

1959 3344 2155 3401 sequar
2182 3342 2302 3400 qua:
2329 3312 2400 3383 de
2441 3326 2691 3381 elementi
2711 3326 2865 3380 iStius
2887 3325 3205 3380 auctoritate
3224 3338 3561 3380 commemo-

1960 3438 2098 3490 rem,
2127 3429 2325 3493 quanta
2371 3420 2450 3472 vis
2494 3420 2611 3489 ejus
2641 3426 2731 3473 aut
2756 3418 2946 3488 gratia,
2998 3426 3129 3488 quot
3157 3418 3388 3488 ingenia,
3431 3414 3567 3487 quot

1961 3514 2157 3582 ofﬁcia,
2185 3524 2443 3585 quantum
2474 3512 2891 3567 instrumentum
2921 3509 3123 3566 mundo
3162 3508 3338 3577 ferat;
3368 3522 3563 3565 vereor

1963 3625 2033 3668 ne
2061 3610 2249 3665 laudes
2270 3624 2423 3679 aqu:e
2464 3608 2664 3678 potius,
2690 3619 2849 3676 quam
2900 3603 3158 3674 Baptismi
3200 3604 3440 3660 rationes
3484 3603 3563 3657 vi-

1964 3703 2095 3759 dear
2119 3713 2495 3774 congregasse.
2522 3698 2670 3754 Licet
2694 3711 2762 3751 eo
2788 3689 2999 3767 plenius
3025 3695 3276 3751 docerem
3304 3710 3412 3750 non
3439 3708 3560 3752 esse

1962 3792 2335 3858 dubitandum,
2366 3792 2412 3847 si
2441 3789 2743 3863 materiam,
2771 3802 2928 3859 quam
2961 3788 3012 3844 in
3040 3787 3290 3845 omnibus
3317 3787 3479 3845 rebus
3503 3799 3558 3844 et

1502 3884 1883 3946 LECTIONES
1922 3884 2329 3946 VARIANTES.

320 3973 395 4039 (l)
427 3975 615 4039 Aquam
632 3976 753 4039 Jun:

323 4033 397 4113 ta
428 4033 792 4113 eénesasae-
824 4098 835 4109 .

428 4099 1000 4236 Ξῗξῖεῧξπὲιξῗνέῗμάυε
1028 4161 1323 4236 Hermogen-
1336 4164 1606 4236 -9391“-

320 4224 397 4350 ἶὸ)
434 4224 623 4298 Qemini
650 4225 815 4277 Paris.
934 4227 1047 4277 adu.
1076 4224 1312 4302 Herniog.
1336 4227 1512 4279 XXIII.

340 4289 393 4350 6)
426 4288 749 4338 Vectabulum
794 4288 880 4340 aln
906 4324 920 4349 ,
967 4289 1098 4350 quod
1143 4294 1341 4350 praefert
1405 4293 1525 4342 Jun.
1556 4294 1608 4342 in
1645 4292 1676 4343 li

340 4289 393 4352 6)
426 4288 749 4338 Vectabulum
794 4288 881 4340 alii
906 4324 920 4349 ,
967 4289 1098 4353 quod
1143 4288 1341 4353 praetért
1405 4293 1525 4342 Jun.
1556 4294 1608 4342 in
1645 4292 1771 4343 libro
1802 4295 1867 4346 de

1965 3980 2122 4031 anima
2146 3992 2193 4030 c.
2218 3979 2299 4029 53.

2122 4038 2457 4170 33534411.
2477 4102 2601 4170 1'5":

2046 4107 2098 4170 8)
2131 4107 2457 4177 Dispesceret
2477 4107 2514 4152 J
2518 4115 2601 4153 un.

2046 4163 2755 4280 asseasse-ira“-

1968 4248 1977 4255 σ
2024 4224 2133 4294 (ιῦ)
2164 4224 2597 4293 Τεωρθι-ειιῖαιέἰ.

1611 4374 2185 4438 COMMENTARIUS.

257 4464 347 4540 _Sic
373 4465 524 4519 initio
553 4464 682 4540 libri
709 4464 1129 4540 ll_ad_Uxtoren_t
1160 4484 1185 4540 εΔ
1201 4466 1352 4540 Quod
1385 4466 1430 4521 si
1458 4469 1654 4540 integre
1673 4472 1810 4540 sapia
1834 4488 1855 4537 ,-

258 4536 361 4611 hoe
390 4545 493 4611 est,
522 4536 564 4590 si
589 4552 732 4611 vere.
753 4537 839 4593 Ait
865 4535 935 4606 igi
963 4553 1026 4611 ur
1050 4555 1061 4591 ε
1090 4537 1367 4611 ρῃξιιιὶιιῳ·
1385 4535 1857 4611 necin—tegre'qui-

260 4608 380 4662 dem
408 4606 631 4663 docendi
658 4607 734 4674 ius
769 4622 910 4673 esse,
934 4608 1055 4677 quia
1077 4608 1282 4663 scilicet
1301 4607 1527 4664 docendi
1558 4606 1851 4667 minusvi-

259 4679 361 4751 ri_l_c
384 4694 541 4751 esse,
575 4688 631 4732 et
656 4677 871 4751 quidem
911 4678 1264 4751 sacerdotale,
1291 4679 1447 4734 sicuti
1475 4689 1530 4751 et
1559 4682 1763 4751 tingere
1802 4693 1857 4738 et

260 4748 484 4822 offerre.
519 4750 779 4822 Prmﬁclare
830 4750 932 4805 hoc
974 4750 1259 4822 explicavit
1311 4751 1448 4807 libro
1489 4749 1560 4806 de
1607 4748 1859 4809 Velandis

264 4819 594 4892 Virginibus.
628 4821 745 4876 lite.

334 4890 486 4947 CAP.
517 4890 652 4947 ll.——
669 4893 743 4963 (a)
767 4891 1087 4947 Incredibilis
1109 4892 1443 4958 existimetur,
1467 4901 1573 4950 etc.
1598 4894 1763 4949 Error
1776 4895 1861 4950 hic

158 4984 171 4991 -
261 4964 420 5019 etiam
441 4973 553 5017 erat
579 4963 869 5030 Quintillae,
893 4980 1013 5035 qute
1030 4963 1345 5035 incredibile
1370 4963 1622 5034 putabat,
1659 4965 1865 5035 Baptis-

262 5051 408 5090 mum
426 5038 585 5089 vitam
602 5044 854 5089 aeternam
868 5034 1216 5091 conferrc.0b
1234 5050 1351 5089 eam
1369 5049 1611 5090 caussam
1629 5035 1696 5092 de
1713 5034 1866 5092 Caia-

263 5123 329 5163 na
362 5106 552 5161 b:ercsi
585 5106 821 5174 viperam
852 5108 1077 5170 vocavit,
1103 5105 1245 5177 quod
1262 5106 1522 5176 abimpiis
1547 5107 1866 5163 Caianorum

262 5178 528 5249 dogmatis
578 5178 845 5249 tantisper
895 5178 1225 5235 deﬂecteret.
1290 5177 1328 5232 li
1387 5179 1553 5249 enim,
1602 5188 1659 5233 ut
1710 5178 1870 5236 docet

263 5251 321 5306 S.
347 5247 734 5321 llieronymus,
758 5247 930 5321 Epist.
958 5250 1028 5305 45
1055 5251 1123 5304 ad
1157 5250 1416 5304 Oceanum
1437 5291 1452 5315 ,
1493 5248 1677 5305 dicere
1706 5251 1869 5306 aude-

263 5321 665 5389 baut,qu:edam
681 5336 802 5376 esse
825 5331 1057 5391 peccata,
1081 5337 1199 5390 qua:
1224 5321 1471 5377 Christus
1497 5322 1770 5391 siiiiguinis
1785 5321 1870 5377 sui

192 5454 213 5465 o
264 5392 527 5465 effusione
553 5393 735 5447 lavare
756 5408 860 5446 non
885 5401 1082 5465 posset,
1102 5400 1156 5446 et
1172 5403 1276 5465 tam
1298 5393 1432 5446 altas
1448 5392 1645 5465 jecisse
1661 5392 1870 5448 radices

220 5474 227 5479 '
264 5464 538 5520 inanimis
584 5466 783 5517 nostris
807 5503 822 5527 ,
866 5471 920 5514 ut
951 5461 1075 5531 inde
1121 5463 1280 5518 evelli
1319 5473 1608 5531 nequeant.
1628 5463 1703 5519 Ls
1732 5465 1828 5518 Ρη.

337 5535 420 5589 CA
430 5533 489 5589 P.
511 5532 758 5605 lll.—(h)
775 5530 1125 5605 Spiﬁtuerei.
1142 5531 1245 5605 Szeg
1261 5534 1608 5599 Pamelius,et
1623 5536 1876 5605 cxpungit

265 5604 478 5672 Domini
486 5611 655 5670 ,rattis
669 5602 985 5660 emendasse
994 5604 1143 5672 juxta
1172 5603 1499 5659 ositatiorem
1517 5602 1729 5672 phrasin
1743 5602 1875 5660 Ter-

266 5666 497 5739 tulliani,
528 5688 584 5732 et
613 5684 811 5731 textum
828 5666 1078 5743 grrecu'm,
1098 5683 1151 5729 et
1164 5674 1491 5731 hebraicum.
1513 5666 1630 5731 Non
1649 5691 1734 5730 me
1762 5690 1876 5732 mo-
1910 5736 1918 5744 ,

271 5757 463 5805 vereut
490 5749 614 5814 ista,
636 5762 741 5817 quo
766 5745 944 5817 minus
968 5760 997 5798 a
1015 5745 1171 5817 litura
1200 5746 1549 5813 abstinerem,
1567 5758 1621 5803 et
1651 5763 1715 5803 ex
1743 5746 1874 5803 Ter-

268 5818 498 5876 tulliano
536 5815 847 5888 suﬂ'ragium
888 5815 1082 5873 ferrem
1111 5815 1355 5893 Vulgatae
1368 5834 1487 5888 quae
1508 5818 1713 5874 Domini
1742 5833 1867 5874 ver-

1964 4474 2048 4538 tit,
2085 4481 2138 4529 et
2164 4469 2433 4527 interdum
2461 4469 2584 4526 facit
2612 4470 2700 4526 ubi
2729 4471 2781 4525 in
2813 4483 2991 4539 graeco
3015 4477 3099 4526 est
3117 4476 3274 4532 Θιοὺς
3301 4467 3562 4524 adductus

1880 4575 1935 4635 D
1961 4553 2321 4635 339192.399!
2368 4541 3409 4635 “EJF’c‘EPE‘Tlfi'E‘ﬁmi-fi'iﬂe'eﬂL
3437 4543 3560 4635 9‘33?

1961 4613 2343 4677 Tertullianus,
2401 4612 2525 4669 adv.
2573 4613 2988 4683 Hermogenem,
3042 4627 3163 4681 cap.
3191 4612 3271 4683 3.,
3304 4625 3410 4683 non
3439 4620 3565 4666 ante

1961 4687 2164 4741 dixitiu
2209 4685 2405 4741 Genesi
2473 4684 2638 4739 Deum
2699 4681 2948 4739 vocatum
3013 4682 3179 4738 fuisse
3243 4681 3564 4745 Dominum,

1962 4772 2124 4828 quam
2149 4756 2390 4827 perfecto
2405 4755 2515 4824 jam
2536 4756 2675 4828 prbe
2699 4755 3024 4828 homineque
3040 4755 3300 4828 formato.
3327 4750 3445 4806 Non
3470 4766 3558 4808 er-

1963 4824 2031 4900 go
2054 4824 2258 4900 (legerat
2284 4828 2502 4900 spiritus
2527 4825 2752 4894 Domini,
2776 4825 2870 4881 sed
2895 4824 3010 4900 Dei.
3039 4824 3170 4900 Lac.

2040 4892 2134 4970 (e).
2160 4892 2366 4953 Gratior
2415 4900 2604 4953 scilicet
2654 4892 2774 4951 tunc
2797 4895 3003 4970 steteris
3033 4892 3570 4970 elementis._Pra2_fert

1968 4964 2163 5042 aquam
2183 4969 2302 5026 aliis
2328 4970 2636 5042 clementis,
2663 4969 2897 5022 maxime
2920 4974 2979 5020 ut
3005 4975 3129 5042 tunc
3151 4976 3305 5020 eram
3327 4964 3565 5042 horrida,

1973 5037 2172 5096 cavens
2192 5058 2258 5095 ne
2299 5056 2328 5095 a
2375 5039 2785 5110 philosophaute
2835 5037 3089 5110 nonnullo
3114 5046 3374 5110 arguatur
3393 5038 3569 5110 minus

1974 5113 2193 5184 physice
2221 5105 2508 5172 assertum,
2531 5105 2660 5184 eum
2703 5109 2904 5184 primas
2931 5108 3042 5184 fere
3064 5106 3377 5184 omne_s__ign_i
3416 5105 3569 5184 defe-

1973 5177 2113 5239 rant.
2137 5185 2288 5239 LiCet
2309 5180 2633 5238 Plutarchus
2653 5177 2918 5248 paululum
2940 5179 3193 5249 ambigat,
3221 5177 3457 5249 libellum
3488 5178 3570 5231 iu-

1974 5264 2184 5320 tegrum
2216 5254 2463 5318 confecit,
2491 5253 2644 5319 cujus
2678 5252 2863 5305 titulus
2919 5259 3003 5305 est
3028 5266 3042 5306 :
3068 5248 3147 5305 An
3188 5264 3322 5320 aqua
3361 5248 3573 5320 dignior

1976 5326 2128 5394 igne;
2159 5325 2249 5379 ubi
2278 5324 2514 5393 pluribus
2545 5323 2687 5376 illam
2718 5320 2966 5394 antefert,
2992 5323 3228 5392 citatque
3256 5320 3568 5387 Pindarum,

1974 5392 2078 5452 dde
2101 5397 2153 5459 1,
2178 5392 2389 5467 Olymp.
2422 5400 2616 5464 ἀριστον
2633 5403 2720 5462 μὲν
2732 5398 2875 5467 ὕδωρ.
2897 5392 3029 5449 LAC.

2050 5467 2134 5541 (d)
2176 5463 2267 5541 Et:
2283 5466 2438 5541 tristis
2459 5463 2698 5536 'abyssus.
2724 5463 2948 5536 lgnitam
2979 5464 3159 5541 mundi
3198 5463 3382 5520 sedem
3404 5463 3581 5541 signat
3602 5524 3614 5541 κ

1982 5534 2198 5593 nomine
2224 5536 2423 5608 abyssi,
2461 5534 2564 5608 non
2601 5534 3110 5607 aqum‘congeriem,
3151 5551 3310 5606 quam
3353 5534 3578 5591 minime

1978 5610 2209 5671 tristem.
2238 5607 2333 5663 sed
2354 5608 2528 5661 laetam
2558 5607 2645 5663 hic
2670 5618 2842 5663 vocat.
2876 5608 3007 5663 Lxc.

2052 5680 2129 5750 (e)
2175 5678 2257 5751 Ne
2276 5680 2545 5751 mirumsit
2578 5679 2633 5733 in
2675 5680 2925 5751 baptismo
2948 5677 3404 5751 siaquwianimare
3434 5693 3582 5751 noue-

1978 5749 2116 5805 runt.
2151 5749 2429 5814 Animare,
2465 5749 2567 5805 hoc
2609 5757 2712 5811 est,
2741 5749 2999 5806 aeternam
3032 5750 3235 5806 homini
3257 5750 3419 5806 vitam
3448 5749 3575 5806 red-

1979 5823 2126 5891 dere,
2149 5836 2251 5892 qua
2300 5820 2568 5893 peccando
2598 5821 2889 5898 exciderat.
2922 5821 3041 5877 Bia.
