4016 6652
263 255 428 316 1209

1573 243 1781 304 LIBER
1813 244 1902 304 DE
1937 244 2296 307 BAPTISMO.

3444 244 3589 304 1210

257 382 320 430 et
353 368 810 441 innocentiam),
839 366 982 440 quod
1021 364 1182 423 etiam
1231 362 1586 434 corporaliter
1624 363 1741 432 ipso
1768 361 1892 418 felle
1918 380 1969 439 Α
1997 365 2273 420 suavitatis
2332 364 2499 423 Μοδεί
2557 363 2705 438 ligno
2763 365 3110 424 remediatur.
3151 364 3403 440 ‘Lignum
3454 366 3586 426 illud

258 473 473 519 careat
516 460 787 516 columba.
836 459 1066 529 ideoque
1097 473 1112 512 :
1148 456 1342 518 Estote.
1387 456 1577 526 inquit,
1631 455 1888 526 simplices

259 556 411 612 sicut
445 553 696 608 columba:
721 551 960 625 (Matt/1.,
993 549 1062 614 Χ,
1109 549 1181 606 16
1213 549 1253 621 ),
1287 563 1354 604 ne
1392 548 1492 601 hoe
1521 547 1887 618 quidem-sine

259 657 607 720 argumento
634 645 990 716 praecedentis
1020 643 1224 715 ﬁgurze.
1253 640 1713 710 Quemadmodum
1741 640 1883 694 cnim

258 749 405 810 post
436 755 606 808 aquas
636 737 842 802 diluvii,
875 737 1070 807 quibus
1115 735 1365 804 iniquitas
1400 735 1614 802 antiqua
1663 740 1881 802 purgata

258 841 380 899 est,
446 839 570 903 post
609 830 937 900 Baptismnm
981 828 1061 902 (ut
1094 829 1162 880 ita
1201 823 1451 896 dixerim)
1483 823 1663 878 mundi
1697 837 1881 893 pacem

259 925 528 982 caelestis
577 925 671 979 ira:
720 937 896 994 praeco
939 921 1190 976 columba
1241 921 1398 976 terris
1435 915 1768 973 adnuntiavit
1797 914 1881 970 di-

256 1018 446 1075 missa
473 1033 539 1073 ex
567 1031 713 1084 arca,
741 1025 798 1072 et
823 1031 946 1071 cum
979 1015 1096 1070 olea
1121 1029 1332 1069 reversa
1363 1013 1382 1086 (
1413 1011 1542 1068 Cen.
1571 1010 1707 1076 Vlll,
1742 1011 1800 1066 ll
1839 1011 1878 1081 );

255 1107 423 1180 quod
469 1108 680 1181 signum
735 1107 897 1162 etiam
947 1104 1088 1177 apud
1130 1106 1377 1160 nationes
1432 1103 1548 1174 paci
1590 1101 1878 1172 pra-tendi-

257 1211 362 1258 tur
409 1203 488 1272 (ὁ)
525 1221 540 1257 ;
571 1201 760 1257 eadem
789 1201 1143 1273 dispositione
1173 1200 1426 1271 spiritalis
1453 1197 1674 1255 effectus
1699 1207 1878 1265 terrae,

255 1295 317 1352 id
351 1305 446 1351 est
482 1296 630 1352 carni
683 1303 880 1349 nostra:
919 1293 1213 1364 emergenti
1242 1292 1310 1347 de
1351 1292 1561 1346 lavacro
1613 1297 1738 1362 post
1784 1305 1876 1344 vc-

255 1396 389 1443 tera
420 1387 637 1453 delicta,
670 1386 917 1442 columba
967 1386 1140 1441 sancti
1192 1385 1423 1455 Spiritus
1451 1384 1666 1438 advolat
1693 1381 1871 1452 (Lua,

252 1477 327 1535 ill
361 1476 410 1552 ),
466 1495 650 1550 pacem
680 1479 774 1535 Dei
812 1479 1065 1544 aﬂ‘erens,
1112 1481 1310 1534 emissa
1337 1477 1404 1532 de
1434 1477 1606 1542 ctelis,
1641 1475 1727 1530 tibi
1764 1475 1870 1530 Ec-

249 1570 438 1628 clesia
490 1581 573 1628 est
619 1585 743 1627 arca
793 1571 1012 1644 ﬁgurata
1045 1571 1144 1639 (c).
1177 1570 1282 1624 Sed
1307 1567 1536 1622 mundus
1563 1582 1748 1622 rursus
1776 1567 1870 1622 de-

249 1660 461 1734 linquit
490 1663 588 1734 (l),
627 1677 734 1735 quo
775 1662 915 1717 male
958 1661 1040 1734 (d)
1080 1670 1420 1730 comparetur
1460 1658 1760 1729 Baptismus
1789 1657 1870 1712 di-

1993 469 2108 513 erat
2134 459 2401 524 Christus,
2449 471 2727 517 venenatae
2754 471 2808 515 et
2836 467 3032 516 amara:
3062 471 3210 516 retro
3249 471 3452 516 natura:
3496 477 3588 518 ve-

1993 567 2092 607 nas
2136 552 2598 628 insaluberrimas,
2642 568 2809 623 aquas
2853 553 3108 624 Baptismi
3140 551 3246 626 (5),
3275 555 3495 620 scilicet,
3519 571 3586 610 ex

1988 659 2109 699 sese
2141 644 2441 699 remedians
2468 643 2684 716 (Exod.,
2719 645 2831 712 Vl];
2860 645 3042 707 Nam,
3075 645 3191 712 XX;
3243 645 3258 700 I
3317 645 3462 716 Cor.,
3487 647 3581 720 X).

1991 735 2116 791 "(re
2156 746 2238 791 est
2283 752 2439 804 aqua,
2470 753 2588 808 quae
2631 737 2696 792 de
2725 739 2920 794 comite
2947 747 3094 808 petra
3142 738 3336 810 populo
3382 739 3585 796 deflue-

1989 827 2096 881 bat.
2132 827 2186 883 Si
2213 829 2354 884 enim
2405 838 2554 898 petra
2599 828 2865 898 Christus,
2896 832 3012 886 sine
3039 830 3202 885 dubio
3228 847 3362 903 aqua
3393 831 3472 899 (6)
3527 833 3578 887 iti

1986 918 2199 976 Christo
2246 921 2570 990 Baptismum
2599 922 2840 977 videmus
2877 921 3140 978 benedici.
3175 923 3382 992 Quanta
3427 940 3580 995 aqua:

1984 1014 2151 1084 gratia
2205 1027 2368 1082 penes
2398 1013 2562 1068 Deum
2594 1022 2648 1069 et
2674 1013 2944 1070 Christum
2971 1014 3089 1085 ejus
3118 1024 3197 1084 est
3225 1016 3290 1070 ad
3322 1015 3576 1087 Baptismi

1983 1105 2468 1165 conﬁrmationem.
2499 1105 2779 1177 Nunquam
2831 1108 2948 1164 sine
2979 1124 3113 1180 aqua
3155 1108 3399 1166 Christus
3427 1151 3442 1176 ,
3496 1112 3571 1166 si-

1983 1199 2200 1269 quidem
2249 1209 2303 1254 et
2346 1199 2460 1270 ipse
2504 1215 2640 1270 aqua
2672 1201 2928 1271 tinguitur
2952 1199 3191 1271 (ΜαιιΙι.,
3218 1200 3299 1263 Ill.
3331 1201 3401 1267 X,
3432 1202 3570 1270 XIV,

1981 1291 2196 1356 xxvu;
2246 1290 2427 1355 leam,
2472 1290 2560 1355 ιιι,
2592 1291 2680 1359 lV,
2718 1292 2828 1358 vn,
2862 1292 3000 1359 χιιι,
3054 1292 3219 1366 χιχ).
3267 1293 3440 1348 Prima
3480 1311 3567 1349 ru-
3639 1280 3660 1296 ‘

1979 1384 2215 1441 dimenta
2267 1385 2544 1454 potestatis
2589 1400 2720 1450 suae,
2775 1397 2996 1441 vocatus
3051 1385 3116 1441 ad
3169 1387 3402 1456 nuptias,
3430 1401 3564 1457 aqua

1978 1480 2305 1548 auspicatur.
2329 1479 2463 1534 Cum
2495 1495 2800 1534 sermonem
2844 1480 2990 1544 facit,
3018 1482 3260 1536 sitientes
3283 1482 3348 1533 atl
3380 1498 3570 1548 aquam

1976 1587 2128 1626 suam
2183 1572 2370 1626 invitat
2422 1572 2827 1642 sempiternam.
2881 1569 3012 1626 Cum
3067 1571 3135 1628 de
3187 1587 3353 1642 agape
3391 1573 3567 1640 docet,

1973 1678 2125 1734 aqua:
2155 1663 2398 1742 calicem,
2432 1664 2576 1718 fratri
2627 1663 2704 1734 (7)
2725 1662 2982 1728 oblatum,
3037 1663 3174 1717 inter
3211 1649 3572 1733 Opera’dilet-

249 1755 437 1810 luvio.
476 1755 659 1828 Itaque
689 1755 796 1827 igni
824 1755 1147 1823 destinatur,
1178 1754 1317 1810 sicut
1351 1763 1405 1808 et
1435 1753 1596 1808 homo
1623 1753 1712 1824 qui
1752 1761 1872 1823 post
1899 1755 1947 1814 B
1977 1756 2142 1810 tionis
2186 1755 2396 1826 probat.
2451 1755 2604 1824 Apud
2654 1767 2870 1826 puteum
2922 1757 3062 1810 vires
3109 1757 3365 1823 resumit;
3409 1772 3570 1826 super

247 1845 602 1919 Baptismum
632 1847 828 1904 delicta
857 1857 1141 1913 restaurat,
1175 1856 1232 1901 ιιι
1257 1846 1360 1901 hoc
1385 1860 1598 1916 quoque
1649 1845 1703 1899 in
1754 1843 1865 1916 sig-

248 1955 394 1997 num
423 1939 804 1997 admonitionis
835 1950 1032 1996 nostra:
1060 1940 1253 1994 debeat
1275 1937 1464 2008 accipi.

895 2055 978 2110 C.\
991 2054 1123 2112 PUT
1161 2053 1256 2110 IX.

331 2152 482 2222 Quot
550 2152 710 2224 igitur
775 2150 1068 2222 patrocinia
1117 2157 1363 2216 natura),
1411 2155 1543 2219 quot
1597 2147 1867 2218 privilegia

249 2247 496 2318 gratiae,
545 2255 676 2317 quot
735 2244 992 2301 Solemnia
1050 2242 1383 2314 disciplinae,
1443 2241 1665 2311 ﬁgurat,
1721 2255 1864 2310 prte-

248 2341 630 2408 structiones,
692 2338 1024 2409 precationes
1079 2335 1390 2406 religionem
1448 2348 1603 2404 aqua:
1644 2331 1863 2387 ordina-

253 2434 500 2490 verunt?
544 2433 725 2489 Primo
772 2431 1012 2503 quidem,
1069 2443 1192 2485 cum
1231 2430 1458 2498 populus
1512 2427 1579 2482 de
1629 2425 1864 2499 )Egypto

251 2523 487 2597 (Exod.,
548 2523 692 2596 XIV)
747 2523 915 2579 libere
958 2523 1038 2593 (2)
1094 2521 1395 2592 expeditus,
1452 2519 1560 2574 vim
1598 2520 1679 2591 (3)
1723 2519 1864 2589 regis

250 2615 504 2690 Egypti,
525 2631 618 2684 per
638 2632 829 2687 aquam
855 2626 1241 2685 transgressus,
1256 2611 1454 2679 evadit,
1483 2611 1656 2682 ipsum
1680 2626 1859 2683 regem

254 2724 389 2767 cum
418 2710 541 2766 totis
569 2709 738 2778 copiis
782 2724 920 2780 aqua
949 2707 1226 2764 exstinxit.
1255 2707 1383 2776 Quae
1406 2705 1568 2776 ﬁgura
1598 2704 1854 2760 manifes-

257 2803 374 2861 tior
423 2805 475 2860 in
528 2805 754 2875 Baptimi
803 2802 1174 2859 sacramento?
1220 2800 1540 2856 Liberantur
1567 2799 1634 2854 de
1656 2797 1856 2853 szeculo

255 2899 509 2953 nationes
548 2912 642 2966 per
679 2912 868 2968 aquam
897 2895 1122 2957 scilicet,
1153 2903 1206 2949 et
1230 2893 1522 2958 diabolum,
1549 2891 1853 2946 dominato-

253 3003 375 3045 rem
396 2991 700 3062 pristinum,
733 2991 783 3045 in
810 3004 946 3060 aqua
969 3002 1283 3060 oppressum
1300 2985 1696 3055 derelinquunt.
1720 2982 1853 3040 Ileln

251 3096 396 3156 aqua
423 3085 493 3140 de
530 3083 900 3140 amaritudinis
951 3083 1080 3136 vitio
1128 3081 1180 3136 in
1217 3095 1374 3136 suum
1399 3076 1482 3150 (4)
1513 3075 1851 3133 commodmn

1976 1855 2169 1906 aquam
2210 1841 2409 1896 incedit
2440 1841 2689 1909 libenter,
2713 1842 3061 1908 transfretat;
3088 1859 3278 1918 aquam
3318 1842 3569 1898 discenti-

1973 1933 2073 1989 bus
2089 1934 2385 1999 ministrat;
2411 1943 2718 2005 pcrscvcrat
2736 1935 3099 1990 teStimonium
3124 1935 3376 2005 Baptismi
3401 1951 3568 2004 usque

1973 2027 2042 2083 ad
2094 2029 2428 2099 passionem;
2476 2045 2596 2085 cum
2625 2030 2838 2086 deditur
2866 2033 2916 2084 in
2947 2045 3186 2096 crucem,
3235 2046 3369 2101 aqua
3403 2030 3570 2086 inter-

1973 2120 2141 2186 venit,
2170 2122 2345 2176 sciunt
2374 2121 2527 2178 Pilati
2561 2137 2787 2186 manus;
2819 2137 2940 2178 cum
2971 2123 3302 2189 vulneratur,
3334 2136 3468 2193 aqua
3500 2120 3567 2176 de

1975 2210 2144 2267 latere
2172 2214 2490 2283 prorumpit,
2513 2213 2611 2268 scit
2639 2213 2824 2268 lancea
2855 2213 3059 2269 militis.

2586 2327 2816 2384 CAPUT
2856 2327 2925 2382 Χ.

2041 2420 2310 2489 Diximus,
2336 2431 2594 2492 quantum
2643 2421 2998 2478 mediocritati
3031 2433 3227 2478 nostra:
3281 2423 3451 2492 licuit,
3497 2427 3566 2482 de

1968 2515 2231 2570 universis
2276 2531 2396 2586 qua:
2443 2515 2700 2586 Baptismi
2753 2517 3068 2588 religionem
3121 2528 3368 2582 struunt;
3423 2536 3564 2576 nunc

1967 2607 2034 2662 ad
2089 2609 2351 2680 reliqttum
2396 2619 2596 2664 statum
2635 2609 2785 2678 ejus,
2826 2625 2986 2686 aque
3048 2619 3106 2664 ut
3160 2621 3376 2682 potero,
3437 2629 3564 2684 pro-

1959 2701 2179 2774 grediar
2222 2702 2292 2757 de
2338 2702 2744 2772 quaestiunculis
2769 2703 3108 2772 quibusdam.
3153 2705 3454 2774 Baptismus
3496 2709 3565 2762 ab

1960 2794 2167 2850 Joanne
2195 2793 2537 2850 denuntiatus
2570 2793 2640 2866 (ε)
2659 2795 2765 2861 jam
2786 2804 2910 2848 tunc
2929 2796 3471 2867 habuitqurestiouem
3496 2801 3564 2852 ab

1959 2889 2076 2959 ipso
2091 2888 2305 2959 quidem
2340 2887 2564 2941 Domino
2587 2887 2910 2957 propositam
2933 2888 3238 2954 Pharisaeis,
3261 2892 3565 2947 cmlestisne

1959 2980 2006 3035 is
2035 2979 2335 3048 Baptismus
2361 2986 2527 3044 esset,
2559 2993 2626 3033 an
2671 2995 2798 3035 vero
2845 2990 3089 3036 terrenus
3133 2981 3346 3054 (ΜιιιιΙι.
3390 2983 3564 3053 XXI)?

1968 3072 2042 3128 De
2068 3088 2176 3143 quo
2204 3072 2278 3126 illi
2313 3087 2418 3126 non
2448 3071 2731 3128 valuerunt
2758 3083 3068 3130 constanter
3093 3076 3439 3147 respondere,
3476 3087 3561 3132 ut~

1472 3188 1848 3248 LECTIONES
1883 3185 2294 3244 VARIANTES.

350 3311 398 3376 l)
429 3310 654 3376 Deliquit
668 3310 828 3376 _Fr¢m_.

427 3372 608 3439 Libera
628 3372 764 3439 abest
775 3372 937 3439 fran.

422 3437 497 3550 Ide
521 3433 900 3549 Aig’yptoll’i‘Ber,
916 3433 1034 3494 vim,
1064 3438 1186 3492 etc.,
1211 3431 1273 3480 Υ.
1294 3430 1414 3482 Cod.
1447 3429 1634 3480 Wouw.

465 3512 571 3549 sum
627 3511 707 3549 un.
827 3532 838 3545 .

346 3498 397 3550 il
424 3498 571 3550 Usum
586 3498 707 3549 Jun.
737 3499 838 3547 Lat.

1879 3304 1926 3367 ο
1977 3297 2096 3369 __(5)
2117 3298 2300 3369 Venas,
2325 3298 2730 3368 insaluberrimas
2771 3313 2922 3367 aquas
2937 3303 3162 3369 baptismi
3187 3307 3430 3359 Wouwer.
3457 3309 3561 3363 dir

1969 3367 2280 3551 “gignique
2301 3423 2412 3496 cett.
2440 3425 2632 3496 Woaw.
2654 3426 2793 3499 Aqua
2816 3428 2937 3478 Jun.

2043 3489 2095 3551 7)
2122 3487 2254 3536 Patri
2279 3489 2443 3538 Pam.
2461 3485 2550 3538 alu
2570 3487 2780 3551 Pauperi
2814 3493 2874 3540 ν.
2901 3504 2937 3541 c.

2043 3485 2095 3552 7)
2122 3485 2254 3536 Patri
2279 3486 2443 3538 Paris.
2461 3485 2550 3538 alii
2570 3485 2780 3552 Pauperi
2814 3493 2874 3540 ν.
2901 3504 2946 3541 c.
2990 3491 3310 3559 Wouw.1tig.

1631 3598 2191 3658 COMMENTARIUS.

254 3706 432 3774 Atque
459 3706 510 3760 in
556 3718 863 3774 crucequm
887 3711 1031 3756 extat
1062 3699 1245 3774 Romae
1286 3699 1572 3774 insumma
1615 3695 1850 3774 basilica:
1885 3761 1888 3766 λ

256 3779 318 3834 S.
349 3767 648 3833 Clementis
685 3767 891 3836 absiile,
941 3773 1227 3826 duodecim
1280 3769 1545 3825 columba:
1585 3769 1732 3823 cruci
1771 3767 1852 3821 iti-

253 3851 478 3912 sistuut,
529 3864 647 3918 qnze
678 3841 1424 3918 AptiSlOiQStit'n‘tl:llll1‘i§jll§
1462 3848 1642 3918 autem
1677 3839 1852 3893 crucis

253 3932 486 3993 ectypon
538 3912 682 3993 extat
724 3912 862 3982 apud
910 3912 1442 3993 DosiumLLlibyVl.
1485 3913 1549 3964 de
1578 3927 1725 3993 crure
1756 3921 1847 3973 tr.;

249 3983 492 4048 Cret-ser.
519 4007 604 4057 op.
635 3989 698 4042 de
712 4005 877 4050 cruce,
902 3988 989 4041 lib.
1019 3986 1118 4047 l.c.
1145 3986 1234 4047 33;
1263 3987 1491 4041 Bottar..
1517 3994 1617 4057 lout
1665 3983 1704 4057 l_,
1729 3999 1848 4057 pag.

251 4065 380 4120 “8.
429 4063 486 4118 5°
527 4052 749 4116 Demum
781 4075 839 4113 se
894 4060 1037 4127 ipsas
1086 4059 1281 4127 passim
1323 4067 1532 4112 veteres
1560 4052 1848 4127 Christiani

247 4135 440 4190 eodem
473 4134 800 4187 adornarunt
829 4124 1242 4202 symbolo—,‘quo
1271 4127 1524 4202 seuerius
1544 4124 1611 4178 ad
1643 4125 1850 4202 Colum-

247 4205 369 4260 bam
414 4205 722 4258 imitandam
762 4196 1079 4257 exeitarent.
1112 4199 1330 4255 lllustris
1351 4209 1435 4254 est
1463 4199 1652 4254 iterum
1699 4196 1837 4252 Pau-

247 4277 344 4334 lini
373 4275 559 4332 Nolani
585 4277 634 4329 i'n
661 4275 760 4330 ead
805 4273 974 4342 .epist.
1007 4273 1192 4326 locus:

339 4409 440 4460 Nos
461 4420 658 4473 quoque
685 4407 908 4470 perﬁcies
931 4398 1128 4469 placitas
1151 4407 1256 4466 tibi,
1281 4405 1491 4465 Christe,
1515 4403 1780 4454 columbas.

248 4493 317 4550 Et
341 4493 506 4550 Paulo
534 4507 693 4562 supra
730 4510 743 4546 :

372 4606 534 4658 Ardua
559 4597 787 4656 aurifera}
811 4616 932 4653 crux
959 4603 1170 4664 cingitur
1193 4603 1312 4664 orbe
1339 4615 1556 4663 coronae,

433 4668 495 4719 lit
521 4668 712 4717 Domini
739 4668 843 4716 fuso
869 4667 1015 4714 tincta
1039 4663 1214 4714 cruore
1239 4663 1387 4714 rubet

371 4733 596 4795 Quaque
612 4743 762 4795 super
791 4729 985 4795 signum
1012 4729 1233 4777 resident
1251 4727 1472 4795 caelesta.
1499 4726 1746 4779 Columba!

428 4789 742 4860 Simplicibus
764 4789 974 4856 produnt
995 4804 1149 4853 regna
1172 4799 1342 4854 patere
1364 4789 1476 4840 Dei.

253 4918 274 4953 ‹
309 4901 659 4972 Spessissimo
683 4899 726 4954 si
760 4897 916 4972 vcde,
955 4895 1128 4972 inquit
1150 4896 1392 4972 eximius
1415 4895 1713 4972 Boldettus,
1745 4897 1847 4952 loc.

243 4966 418 5040 cirfp.
448 4973 538 5032 95.
575 4971 622 5025 la
675 4972 789 5025 sola
828 4969 1071 5023 colomba
1130 4966 1331 5040 dipinta
1363 4970 1503 5023 nelle
1540 4968 1770 5040 capelle,
1800 4986 1830 5026 e

241 5039 472 5111 sepelcri
506 5041 611 5110 (de‘
639 5041 921 5108 cimiterj),
952 5056 982 5095 e
1003 5039 1227 5111 scolpita
1250 5053 1542 5092 aneora....
1564 5055 1600 5111 ei
1623 5041 1706 5093 cio
1750 5039 1830 5094 fa-

242 5110 386 5168 ccasi
421 5127 580 5167 senza
602 5112 756 5167 alcun
783 5113 1002 5174 dnbbio,
1031 5110 1227 5181 perché
1249 5112 1369 5179 quvi
1394 5111 1550 5180 primi
1580 5110 1830 5177 fetlcli...,

238 5184 636 5254 rafliguravano
682 5185 734 5238 in
785 5195 974 5250 quesm
1009 5183 1294 5238 innocmte
1321 5183 1535 5236 volatile
1562 5182 1608 5236 la
1641 5183 1831 5254 carita,

238 5254 291 5310 la
321 5253 628 5325 siinplicilz‘i,
677 5255 710 5325 il
760 5254 980 5321 gemiti),
1007 5255 1053 5308 la
1082 5255 1488 5325 eompuuziooe.
1527 5254 1574 5309 la
1608 5253 1778 5322 purita
1803 5269 1834 5308 e

235 5324 631 5398 l'inmwtznza.»
666 5324 744 5380 Cf.
777 5325 1034 5398 Milltlttchi
1063 5325 1330 5398 Origimmt
1359 5334 1405 5378 et
1428 5324 1670 5398 Antiqujt.
1706 5325 1838 5378 chri-

231 5401 449 5453 stianar.
473 5397 560 5452 lib.
584 5396 626 5462 Ι,
649 5413 764 5467 cap.
789 5398 842 5453 ί.
875 5395 903 5469 §
931 5397 984 5457 9.
1012 5414 1131 5468 pag.
1158 5395 1356 5454 iiii-69.
1591 5395 1724 5451 Enn.

305 5489 389 5564 (a)
433 5488 534 5544 Per
562 5488 755 5564 animal
777 5489 1114 5564 simplicitatis
1141 5499 1186 5543 et
1208 5489 1527 5564 innocentiaz.
1554 5486 1722 5564 Neirio
1748 5495 1831 5564 est

235 5559 372 5618 adeo
411 5577 590 5617 rermn
638 5562 886 5631 ignarus.
934 5570 991 5616 ιιι
1022 5560 1325 5615 columbam
1357 5561 1440 5614 bis
1480 5561 1654 5616 verbis
1681 5559 1827 5614 desi-

234 5635 386 5705 gnari
412 5648 519 5705 non
568 5642 843 5705 agno-cat,
886 5645 1105 5705 prepter
1122 5632 1494 5705 innocentiam
1522 5643 1576 5686 et
1622 5631 1826 5705 cando-

235 5701 373 5761 rem.
408 5703 654 5759 Nonnulli
689 5707 850 5756 etiam
887 5701 1168 5771 tlnrOlogi,
1195 5702 1499 5757 columbam
1521 5701 1828 5771 qttzeadvo-

234 5775 360 5832 lavit
389 5775 440 5831 in
480 5783 638 5846 caput
681 5773 879 5831 Christi
936 5773 1143 5830 Domini
1187 5772 1239 5828 in
1283 5771 1519 5830 Iordane
1546 5774 1820 5845 baptizati,

1872 4521 1924 4580 D

1953 3698 2232 3754 candidam
2263 3697 2552 3752 afﬁrmant.
2587 3698 2677 3753 Sic
2702 3696 2922 3753 Nonnus
2951 3698 3149 3771 Panop.
3178 3708 3332 3771 Vocat
3355 3711 3558 3771 μίμημα

1951 3776 2196 3832 mirae”
2219 3789 2232 3824 :
2259 3779 2451 3831 πίλησις
2491 3782 2669 3824 autem
2725 3779 2807 3822 est
2836 3770 3084 3823 columba
3137 3770 3362 3827 candida
3395 3770 3558 3830 latine

1954 3842 2075 3894 livia
2097 3859 2122 3893 :t
2157 3845 2391 3896 Candore
2407 3857 2500 3894 seu
2534 3839 2696 3894 livitlo
2723 3842 2879 3895 dicta.
2916 3841 3106 3896 [λι-ἱνα.

2029 3913 2108 3980 (bi
2154 3913 2278 3966 Paci
2317 3913 2661 3982 praetenditur.
2694 3911 2830 3982 Quid
2864 3916 3040 3966 notius
3067 3913 3167 3967 huc
3195 3913 3552 3978 paciﬁcobie-

1953 3985 2300 4055 roglyphico;
2343 3994 2394 4037 et
2429 3983 2558 4055 ideo
2578 3995 2756 4046 patres
2799 3994 3056 4052 patratos,
3092 3984 3341 4051 fa-cialcs,
3375 3998 3555 4042 orato-

1959 4070 2046 4109 res
2071 4054 2234 4130 prgis,
2271 4071 2482 4130 ramum
2539 4054 2838 4130 r_f'0lltl_t_‘ll_l_iS
2878 4057 3033 4110 olivae
3061 4057 3294 4125 gessisse
3321 4058 3372 4112 in
3405 4061 3550 4130 pacis

1952 4125 2294 4196 symbolum?
2321 4127 2485 4192 Maro,
2520 4125 2648 4182 Ain.
2682 4126 2796 4182 Vill
2826 4145 2838 4179 :

2106 4241 2448 4306 Paeiferazque
2468 4253 2614 4292 manu
2641 4241 2828 4291 ramum
2855 4243 3113 4305 praetendit
3137 4241 3298 4293 olivae.

1951 4348 2136 4414 Silius,
2166 4347 2258 4403 lib.
2288 4346 2356 4402 lli
2385 4365 2398 4402 :

2104 4461 2428 4510 Prartendens
2458 4461 2633 4510 dextra
2657 4473 2843 4510 ramum
2866 4461 3092 4511 canentis
3110 4460 3268 4512 olivte.
3367 4461 3483 4512 Lac.

2036 4566 2108 4637 (c)
2159 4565 2256 4620 Ubi
2281 4564 2511 4618 Ecclesia
2536 4573 2605 4618 est
2636 4581 2756 4619 arca
2780 4566 3020 4634 ﬁgurata.
3053 4563 3262 4635 Typum
3291 4563 3548 4621 Ecclesim

1963 4638 2124 4690 fuisse
2144 4653 2346 4701 aream,
2371 4653 2530 4690 nemo
2562 4637 2725 4690 ferme
2773 4637 2986 4690 l‘atrum
3018 4652 3121 4689 non
3151 4639 3400 4701 asseruit,
3433 4638 3548 4692 llic-

1958 4724 2217 4779 runymus
2251 4749 2266 4769 .
2317 4709 2656 4779 Cyprianus,
2701 4716 2844 4779 etc.,
2891 4707 3252 4779 Augustinus,
3285 4707 3376 4761 lib.
3407 4707 3450 4762 γ
3481 4709 3548 4766 de

1957 4777 2184 4849 Baptis”
2213 4795 2311 4847 cap
2337 4777 2854 4833 extt'euto.Notanda
2884 4791 3003 4832 sunt
3025 4778 3180 4830 verba
3213 4777 3543 4845 Tertulliani,

1956 4867 2025 4906 ne
2049 4852 2298 4906 excludat
2335 4849 2630 4905 Ecclesium
2657 4850 2916 4904 visibilem
2972 4851 3022 4902 in
3077 4850 3270 4908 terris:
3322 4866 3442 4904 nam
3479 4854 3544 4907 ad

1956 4923 2250 4978 Ecelesiam
2293 4923 2342 4976 in
2374 4933 2514 4976 terra
2541 4922 2755 4975 advenit
2785 4920 3029 4974 columba
3059 4921 3289 4989 Spiritus
3329 4925 3499 4978 sancti
3524 4967 3537 4989 ,

1951 5009 2072 5048 cum
2108 5009 2235 5063 pace
2253 5010 2365 5049 sum
2391 4994 2574 5063 gratia:
2601 5011 2613 5047 :
2640 5008 2804 5063 quare
2833 5007 2952 5045 emn
2981 4995 3072 5055 ait,
3102 4993 3284 5047 entiam
3305 4996 3366 5047 dc
3384 4997 3543 5060 caelis,

1937 5061 2157 5119 minime
2191 5061 2425 5134 appellat
2481 5061 2665 5133 super
2697 5061 2995 5123 Ecclesium.
3050 5079 3173 5118 nam
3232 5065 3464 5120 Ecclesia
3491 5068 3542 5121 in

1938 5137 2099 5192 terris
2125 5138 2400 5198 etiamest,
2454 5135 2548 5188 sed
2581 5149 2742 5202 super
2762 5149 2947 5188 vocem
2977 5136 3220 5206 ﬁgurata.
3249 5135 3379 5190 Nam
3410 5139 3542 5200 ﬁgu-

1937 5223 2050 5262 ram
2079 5208 2531 5278 arca-gt-rttaputl
2567 5208 2755 5272 Deum,
2797 5217 2850 5278 et
2874 5206 3054 5259 beatos
3078 5210 3128 5260 in
3172 5210 3322 5262 cmlis
3353 5223 3541 5264 secura

1941 5277 2178 5333 fruentes
2225 5277 2636 5347 tranquillitate,
2692 5277 2927 5332 Ecclesia
2987 5280 3224 5332 militans
3290 5280 3340 5333 in
3386 5283 3542 5335 terris

1945 5351 2378 5421 persecutionum
2409 5349 2609 5403 diluvio
2635 5349 2853 5418 agitata,
2884 5358 2942 5402 ut
2968 5350 3196 5420 ρχιιιιοειι
3221 5347 3540 5421 Cyprianus.

3298 5423 3429 5478 Lac.

2012 5493 2089 5562 (d)
2135 5494 2246 5561 Quo
2268 5492 2402 5546 male
2449 5500 2767 5560 comparetur
2811 5489 3132 5564 Baptismas,
3179 5501 3281 5546 etc.
3324 5494 3536 5564 Legen-

1933 5563 2060 5618 dtttn
2091 5567 2322 5628 videtur,
2359 5577 2466 5633 quo
2497 5565 2638 5618 malo
2670 5563 3010 5634 comparetur
3046 5563 3354 5633 Baptistnus
3381 5563 3524 5621 dilu-

1932 5637 2038 5690 vio.
2070 5635 2186 5692 th.

1998 5706 2151 5761 CAP.
2187 5704 2252 5761 Χ.
2271 5706 2422 5775 —-(e)
2441 5705 2730 5777 Baptiamus
2759 5704 3006 5760 alormne
3031 5706 3376 5761 denuntialus.
3405 5707 3526 5762 Dis-

1928 5777 2128 5833 crimen
2155 5792 2274 5834 esse
2296 5777 2434 5834 inter
2451 5776 2774 5849 Ba’ptismum
2796 5778 2989 5834 Christi
3013 5787 3065 5834 et
3086 5777 3304 5834 Joannis
3337 5785 3547 5835 norunt
