4068 6352
421 272 556 337 1211

1806 265 2192 333 TERTULLIA
2202 265 2268 331 NI

3576 269 3735 332 1212

418 405 546 470 pote
571 381 700 453 non
722 390 1101 464 Intelligentcs,
1133 389 1256 465 quia
1277 397 1384 448 non
1422 387 1704 447 credentes
1729 387 1845 462 (Es.
1870 388 2008 462 VII).
2037 393 2090 452 Α
2118 389 2246 460 ﬁcit,
2294 389 2388 448 sed
2417 389 2510 446 alii
2550 387 2930 462 perﬁciendum
2981 399 3254 460 procurat.
3287 381 3408 462 Ipse
3435 391 3732 464 proﬁtetur

419 487 529 545 Nos
552 493 714 560 porro
739 487 992 559 quantula
1032 483 1136 541 ﬁde
1179 499 1384 551 sumus,
1415 483 1622 539 tantulo
1661 491 1716 540 et
1740 482 2015 540 intellectu

421 594 704 654 possumus
729 581 1020 647 (estimare,
1042 579 1282 635 divinum
1305 572 1521 649 quidem
1540 592 1661 632 cum
1684 575 2013 647 Baptismum

423 672 608 743 fuisse,
659 673 911 730 mandatu
958 683 1158 738 tamen,
1202 685 1309 727 non
1352 679 1406 723 et
1448 676 1732 738 potestate,
1778 664 1920 738 quod
1962 674 2017 721 et

422 764 682 823 Joannem
730 780 762 821 a
812 765 1038 821 Domino
1066 764 1290 820 missum
1330 763 1556 834 legimus
1586 761 1638 816 in
1680 759 1785 816 hoc
1821 773 2016 816 munus

424 867 675 915 caeterum
717 857 1008 915 humanum
1049 857 1374 914 conditione.
1420 853 1564 910 Nihil
1607 853 1750 910 enim
1798 853 2018 911 caeleste

427 949 716 1022 prmstabat
744 949 844 1022 (α),
876 949 973 1006 sed
1001 947 1310 1006 cmlestibus
1340 943 1812 1018 praeministrabat,
1841 944 2016 1016 poeni-

429 1041 610 1098 tentiae
638 1043 841 1099 scilicet
870 1042 1190 1114 praepositus
1223 1040 1318 1114 (ὁ),
1346 1047 1565 1111 quaeest
1597 1036 1648 1092 in
1670 1035 1905 1092 hominis
1924 1050 2020 1106 po-

432 1143 622 1193 testate
653 1135 747 1208 (c).
782 1135 1019 1207 Denique
1043 1134 1175 1207 legis
1219 1132 1466 1189 doctores
1505 1138 1560 1186 et
1603 1129 1882 1196 Phariszei,
1932 1127 2024 1198 qui

435 1229 660 1286 credere
699 1228 1006 1295 noluerunt,
1036 1243 1138 1284 nec
1169 1225 1536 1298 paenitentiam
1557 1237 1716 1296 egere
1742 1220 1840 1294 (I).
1873 1219 2038 1290 Quod,

433 1323 480 1377 si
522 1322 838 1393 paenitentia
893 1321 1182 1376 humanum
1232 1329 1335 1387 est,
1377 1327 1431 1375 et
1497 1317 1802 1388 Baptismus
1859 1315 2026 1387 ipsius

435 1417 679 1487 ejusdem
721 1415 1044 1471 conditionis
1077 1414 1237 1470 fuerit
1277 1426 1498 1468 necesse
1527 1417 1768 1476 est;.aut
1792 1407 1945 1464 daret
1973 1417 2027 1465 et

436 1507 690 1578 Spiritum
720 1507 972 1564 Sanctum
1000 1516 1053 1562 et
1082 1504 1451 1562 remissionem
1478 1502 1818 1566 delictorum,
1838 1501 1882 1556 si
1911 1515 2027 1557 cm-

439 1599 590 1655 lestis
623 1599 830 1654 fuisset.
873 1599 980 1655 Sed
1021 1615 1193 1671 neque
1239 1605 1515 1668 peccatum
1567 1595 1806 1661 dimittit,
1855 1608 2029 1665 neque

439 1689 697 1763 Spiritum
727 1692 982 1765 indulget,
1014 1692 1113 1747 nisi
1144 1692 1282 1746 Deus
1304 1689 1451 1746 solus
1485 1688 1702 1761 (Mam,
1739 1686 1824 1756 V).
1854 1687 2027 1743 Etiam

2119 499 2212 540 sua
2239 499 2346 540 non
2391 499 2513 544 esse
2539 484 2804 550 coelestia,
2847 483 2941 539 sed
2973 481 3198 550 Christi,
3229 483 3458 541 dicendo
3486 503 3502 541 :
3530 486 3636 554 Qui
3662 485 3733 541 de

2120 586 2260 631 terra
2289 586 2384 644 est,
2417 576 2478 631 de
2517 587 2653 631 terra
2680 576 2905 647 loquitur
2931 592 2949 631 :
2978 577 3063 648 qui
3091 577 3153 631 de
3177 578 3411 649 supernis
3443 577 3602 645 venit,
3635 593 3733 632 εει-

2119 687 2208 741 per
2234 687 2404 724 omnes
2430 669 2772 743 cst_(Joann.,
2801 667 2888 737 Ill,
2914 667 3031 740 51).
3085 668 3240 737 Item,
3283 670 3337 724 in
3388 669 3500 726 sola
3542 667 3731 741 peni-

2120 764 2288 820 tentia
2333 761 2414 836 (Ξ)
2464 765 2736 835 tinguere;
2780 773 3060 820 venturum
3092 779 3237 831 mox,
3262 764 3353 836 qui
3377 766 3652 836 tingueret
3676 763 3735 821 in

2121 859 2310 930 spiritu
2354 866 2408 912 et
2447 857 2553 929 igni
2584 856 2736 930 (Luc.
2763 898 2778 922 ,
2825 857 2914 925 Ill,
2941 856 3054 928 16).
3103 857 3341 924 Scilicet,
3373 859 3496 929 quia
3523 865 3736 914 veraet

2121 951 2329 1007 stabilis
2347 965 2500 1023 aquae
2521 949 2656 1006 ﬁdes
2678 950 2748 1021 (e)
2769 966 2872 1022 qua
2893 951 3148 1022 tinguitur
3164 952 3217 1006 in
3239 952 3490 1020 salutem;
3510 951 3737 1007 simul:-

2126 1054 2178 1101 ta
2219 1054 2400 1102 autem
2447 1054 2504 1102 et
2555 1043 2792 1111 inﬁrma,
2823 1046 2933 1116 igni
2983 1045 3237 1118 tinguitur
3263 1046 3332 1118 (ι’)
3369 1046 3423 1102 in
3439 1043 3736 1117 judicium.

2743 1135 2971 1195 CAPUT
3010 1136 3105 1194 XI.

2200 1229 2306 1287 Sed
2323 1243 2471 1298 ecce,
2498 1229 2668 1301 inquit
2693 1230 2799 1302 (3),
2839 1231 2986 1286 venit
3020 1229 3300 1296 Dominus,
3332 1238 3387 1286 et
3414 1245 3520 1287 non
3548 1228 3740 1285 tinxit.

2138 1322 2390 1392 Legimus
2431 1323 2578 1378 enim
2623 1341 2639 1380 ε
2682 1323 2749 1379 Et
2795 1333 2962 1378 tamen
3006 1324 3048 1378 is
3093 1340 3195 1378 non
3236 1324 3516 1394 tinguebat,
3557 1338 3744 1378 verum

2132 1417 2374 1489 discipuli
2393 1419 2503 1488 ejus
2525 1417 2862 1491 (Joan.,IV),
2895 1419 3016 1488 quia
3047 1419 3151 1488 (4),
3176 1433 3388 1486 revera,
3419 1417 3593 1487 ipsum
3621 1416 3747 1471 suis

2129 1512 2378 1569 manibus
2419 1513 2704 1568 tineturum
2741 1511 2994 1584 Joannes,
3027 1510 3376 1583 praedicasset
3407 1509 3557 1582 (Luc.
3590 1509 3666 1564 IlI
3699 1513 3747 1578 ).

2129 1603 2247 1660 Non
2273 1604 2463 1676 utique
2507 1604 2585 1660 sic
2608 1603 3012 1674 intelligendum
3038 1609 3141 1668 est,
3167 1601 3260 1657 sed
3287 1601 3603 1672 simpliciter
3627 1599 3754 1655 dic-

2133 1706 2243 1752 tum
2266 1711 2416 1752 more
2432 1696 2724 1753 communi.
2746 1696 2896 1752 Sicut
2918 1705 3021 1759 est,
3052 1695 3201 1750 verbi
3226 1694 3418 1767 gratia,
3443 1693 3756 1765 Imperator

442 1786 557 1857 ipse
587 1785 862 1852 Dominus,
892 1786 992 1840 nisi
1026 1785 1142 1856 ipse
1174 1784 1318 1855 prius
1343 1781 1662 1838 ascenderet
1690 1780 1755 1836 ad
1787 1779 2023 1845 Patrem.
2056 1765 2104 1827 Β
2133 1790 2409 1860 proposuit
2453 1787 2722 1851 edictum.
2752 1796 2844 1843 aut
2886 1787 3178 1843 Praefectus
3228 1765 3461 1842 fustibus
3499 1786 3756 1854 caecidit;

441 1877 595 1933 aliter
619 1877 828 1949 negavit
857 1877 1035 1949 (Joan.
1069 1875 1234 1950 XV'I),
1255 1875 1512 1946 Spiritum
1535 1873 1941 1930 descensurum.
1975 1871 2036 1928 Id

443 1972 584 2042 quod
634 1971 888 2028 Dominus
928 1971 1171 2027 nondum
1220 1970 1566 2038 conferebat,
1615 1984 1804 2025 servus
1854 1968 2037 2039 utique

444 2074 703 2138 praestare
732 2081 838 2120 non
875 2076 1082 2136 posset.
1116 2063 1266 2120 Adeo
1296 2073 1480 2134 postea
1511 2064 1562 2118 in
1598 2063 1744 2118 Actis
1771 2061 2040 2132 apostolo-

445 2174 562 2212 rum
593 2157 671 2228 (d)
715 2157 1018 2213 invenimus
1044 2156 1205 2229 (Act.,
1234 2155 1404 2229 XIX),
1431 2158 1684 2228 quoniam
1713 2157 1800 2228 qui
1822 2155 2042 2212 Joannis

446 2252 777 2322 Baptismum
822 2250 1130 2317 habebant,
1206 2268 1309 2305 non
1369 2252 1702 2322 accepissent
1775 2251 2038 2324 Spiritum

448 2357 714 2412 sanctum,
759 2360 916 2414 quem
963 2361 1032 2400 ne
1099 2345 1280 2400 auditu
1313 2345 1527 2416 quidem
1569 2357 1878 2401 noverant:
1913 2361 2042 2419 ergo

449 2453 556 2493 non
615 2447 732 2492 erat
796 2439 1035 2505 caeleste,
1085 2436 1228 2509 quod
1304 2439 1542 2496 coelestia
1600 2455 1707 2494 non
1757 2439 2045 2496 exhibebat

451 2529 657 2602 (Joan.,
701 2530 930 2603 I):cum
999 2532 1171 2603 ipsum
1229 2532 1370 2603 quod
1439 2531 1660 2590 caeleste
1731 2533 1782 2588 in
1839 2532 2046 2590 Joanne

450 2623 645 2690 fuerat,
691 2624 910 2695 spiritus
954 2625 1270 2696 prophetiae,
1323 2634 1442 2697 post
1495 2627 1662 2685 totius
1717 2628 1940 2699 Spiritus
1989 2627 2042 2684 in

453 2716 735 2771 Dominum
789 2717 1189 2773 translationem
1251 2733 1418 2788 usque
1480 2719 1614 2775 adeo
1662 2719 1938 2788 defecerit,
1993 2729 2051 2778 ut

453 2823 612 2881 quem
676 2809 1084 2878 praedicaverat,
1147 2827 1304 2883 quem
1368 2812 1738 2869 advenientem
1795 2813 2046 2886 designa-

458 2912 634 2967 verat,
672 2903 1039 2973 postmodum,
1076 2921 1143 2960 an
1172 2905 1286 2976 ipse
1314 2916 1462 2962 esset
1483 2906 1691 2962 miserit
1719 2907 2047 2964 sciscitatum

457 2992 696 3063 (Matth.,
723 2991 813 3065 Il).
861 2991 1132 3066 Agebatur
1160 2997 1337 3068 itaque
1377 2997 1680 3069 Baptismus
1701 2999 2048 3069 poenitentiae,

462 3089 613 3159 quasi
662 3088 964 3145 canditatus
1019 3090 1354 3147 remissionis
1409 3103 1462 3147 et
1506 3092 1945 3150 sanctiﬁcationis
1996 3094 2052 3151 in

459 3181 673 3238 Cbrism
702 3181 1088 3239 subsecutum.
1123 3183 1257 3239 Nam
1297 3185 1442 3255 quod
1497 3186 1821 3256 praedicabat
1849 3187 2056 3258 Baptis-

461 3291 606 3330 mum
637 3276 964 3345 penitentize
987 3277 1039 3332 in
1066 3278 1438 3334 remissionem
1458 3278 1800 3349 delictorum,
1828 3281 1880 3336 in
1911 3280 2056 3336 futu-

460 3388 573 3427 ram
591 3370 960 3427 remissionem
977 3372 1311 3428 enuntiatum
1330 3383 1429 3429 est.
1454 3373 1725 3445 Siquidem
1745 3375 2057 3446 poenitentia

462 3468 755 3535 antecedit,
818 3467 1069 3524 remissio
1127 3466 1492 3538 subsequitur,
1540 3479 1595 3525 et
1642 3471 1744 3526 hoc
1786 3479 1870 3528 est
1917 3471 2057 3528 viam

464 3575 768 3634 praeparare
796 3576 809 3614 :
834 3561 925 3632 qui
951 3568 1130 3616 autem
1160 3570 1448 3632 praeparat,
1475 3575 1580 3618 non
1615 3561 1754 3620 idem
1791 3562 1908 3635 ipse
1935 3579 2059 3636 per-

2140 1881 2397 1952 numquid
2453 1881 2567 1952 ipse
2636 1881 2908 1952 proponit,
2958 1888 3050 1935 aut
3092 1879 3351 1951 numquid
3397 1879 3512 1949 ipse
3553 1877 3758 1934 caedit?

2141 1992 2357 2048 semper
2384 1976 2429 2030 is
2455 1975 2651 2031 dicitur
2683 1975 2880 2040 facere,
2905 1974 2989 2030 cui
3019 1973 3493 2044 prazmiuistratur.
3529 1971 3604 2025 Ita
3630 1971 3750 2026 erit

2143 2069 2541 2142 accipiendum.
2571 2068 2690 2141 Ipse
2719 2067 2813 2121 vos
2845 2068 3069 2139 tinguet,
3102 2082 3198 2138 pro
3227 2081 3295 2122 eo
3335 2065 3479 2138 quod
3509 2074 3617 2129 est,
3654 2080 3760 2135 per

2145 2161 2315 2232 ipsum
2346 2160 2683 2232 tinguemini,
2714 2159 2796 2213 vel
2842 2159 2894 2212 in
2917 2160 3104 2230 ipsum.
3125 2153 3230 2214 Sed
3258 2173 3324 2213 ne
3349 2168 3558 2212 moveat
3583 2171 3764 2229 quos—

2147 2252 2292 2320 dam,
2327 2252 2468 2324 quod
2499 2268 2602 2306 non
2633 2252 2745 2323 ipse
2772 2251 3067 2323 tinguebat.
3096 2249 3150 2305 In
3175 2266 3335 2322 quem
3369 2252 3510 2304 enim
3540 2251 3761 2320 tingue—

2149 2348 2265 2403 ret?
2296 2345 2347 2401 iu
2381 2345 2786 2418 pmuitentiam?
2813 2361 2918 2416 quo
2960 2362 3088 2417 ergo
3138 2345 3213 2399 illi
3238 2343 3670 2417 prmcursorcm?
3699 2345 3759 2401 in

2150 2447 2490 2512 peccatorum
2520 2440 2917 2507 remissionem,
2949 2455 3110 2510 quam
3143 2439 3309 2494 verbo
3333 2437 3533 2494 dabat?
3576 2438 3630 2492 in
3659 2452 3758 2493 se-

2150 2533 2458 2603 metipsum,
2505 2548 2664 2603 quem
2722 2530 3024 2587 humilitate
3078 2529 3325 2586 celabat?
3379 2531 3433 2584 in
3484 2529 3760 2599 Spiritum

2149 2635 2410 2690 sanctum,
2439 2624 2528 2694 qui
2553 2623 2786 2679 nondum
2815 2639 2845 2679 a
2877 2632 3025 2695 patre
3045 2621 3440 2679 descenderat?
3472 2623 3524 2675 in
3558 2619 3762 2676 Eccle-

2151 2716 2310 2782 siam,
2330 2733 2488 2788 quam
2521 2717 2755 2772 nondum
2785 2716 3012 2787 apostoli
3044 2714 3390 2772 struxerant?
3429 2713 3615 2785 Itaque
3643 2711 3762 2768 tin-

2153 2809 2387 2882 guebant
2413 2809 2659 2880 discipuli
2693 2809 2831 2880 ejus,
2866 2817 2923 2864 ut
2967 2807 3221 2876 ministri,
3255 2815 3313 2862 ut
3341 2806 3581 2863 Joannes
3624 2815 3764 2860 ante

2153 2917 2481 2974 przeeursor,
2531 2901 2724 2958 eodem
2779 2901 3047 2972 baptismo
3096 2899 3343 2967 Joannis,
3391 2917 3458 2956 ne
3505 2901 3598 2971 qui
3648 2899 3766 2956 alio

2154 3003 2325 3067 putet,
2358 2995 2477 3066 quia
2508 3010 2607 3050 nec
2648 3002 2823 3050 exstat
2847 2993 2982 3048 alius
3012 2994 3114 3048 nisi
3158 2999 3345 3064 postea
3378 2992 3617 3058 Christi,
3663 2986 3765 3064 qui

2158 3096 2286 3144 tunc
2331 3088 2514 3157 utique
2558 3103 2588 3142 a
2631 3086 2959 3143 discentibus
3025 3086 3140 3141 dari
3194 3100 3302 3141 non
3367 3089 3618 3156 poterat,
3674 3091 3771 3140 ut-

2162 3193 2302 3255 pote,
2337 3183 2572 3239 nondum
2599 3181 2887 3253 adimpleta
2912 3181 3080 3254 gloria
3105 3180 3338 3246 Domini,
3369 3193 3469 3235 nec
3498 3179 3772 3234 instructa

2159 3276 2399 3332 efﬁcacia
2430 3275 2625 3330 lavacri
2672 3289 2768 3344 per
2817 3273 3121 3346 passionem
3162 3282 3218 3328 et
3259 3270 3772 3328 resurrectionem:

2160 3369 2283 3442 quia
2315 3385 2415 3426 nec
2435 3384 2585 3426 mors
2614 3378 2795 3424 nostra
2825 3368 3044 3424 dissolvi
3071 3375 3253 3439 posset
3275 3365 3379 3422 nisi
3407 3364 3621 3421 Domini
3641 3377 3777 3436 pas-

2161 3467 2315 3522 sione
2367 3464 2570 3538 (Rom.,
2599 3463 2690 3535 Vl)
2720 3477 2820 3520 nec
2846 3463 2952 3518 vita
2982 3461 3194 3518 restitui
3223 3461 3344 3517 sine
3371 3456 3781 3516 resurrectione

2163 3563 2330 3635 ipsius
2355 3561 2458 3634 (5).

1705 3713 2088 3785 LECTIONES
2125 3721 2538 3783 VARIANTES.

550 3895 604 3962 Ξ)
627 3895 754 3953 Itéin
771 3899 874 3949 sola
887 3911 944 3949 se
961 3895 1133 3962 ptenit.
1157 3898 1308 3948 Fran.
1345 3895 1620 3950 Corbinian.

560 3840 610 3901 t)
641 3841 813 3901 Agere
828 3832 1000 3901 _Gelen.
1023 3832 1222 3901 aliique.

560 3842 578 3891 1
641 3841 813 3901 Agere
832 3840 1000 3887 Geten.
1023 3847 1051 3885 α

526 3840 610 4031 ἱεζ
627 3902 754 3953 Item
766 3899 874 3973 sola
887 3911 944 3949 se
961 3911 1051 3969 post

552 3967 585 4016 ὅ
639 3964 872 4029 Inquiunt
893 3969 1051 4012 Pam.

2229 3835 2308 3966 Et)
2329 3835 2476 3896 Quasi
2841 3830 3114 3902 Corbinian.

2257 3901 2287 3951 5
2342 3900 2663 3951 Surrecttone
2686 3909 2839 3962 ipsnus
2860 3897 3026 3948 Puris.

2170 3939 2172 3942 -
2233 3897 2308 3962 (5)
2342 3899 2663 3951 Surrectione
2686 3898 2839 3962 ipsius
2860 3897 3026 3948 Puris.

1833 4094 2390 4155 COMMENTARIUS.
2434 4171 2446 4180 α

471 4236 786 4303 orthodoxi;
827 4234 970 4293 unde
1022 4233 1172 4291 Trid.
1226 4231 1496 4306 synodus,
1546 4245 1680 4290 sess.
1715 4234 1770 4306 7,
1828 4249 1948 4290 can.
2007 4237 2062 4292 1.

545 4382 622 4452 (a)
650 4379 802 4434 Nihil
873 4379 1027 4452 enini
1053 4377 1254 4433 caeleste
1295 4376 1589 4452 prwstqbat,
1641 4377 1730 4432 sed
1750 4305 2059 4452 [gilium

475 4449 920 4528 praemonstrabat.
977 4449 1066 4506 Sic
1097 4460 1294 4514 tamen.
1363 4459 1422 4504 ut
1461 4449 1584 4528 licet
1644 4464 1779 4520 aqua
1836 4450 2060 4528 Joannis

2171 4235 2294 4300 lius,
2324 4249 2431 4306 quo
2455 4233 2704 4306 homines
2759 4226 3255 4306 per_poenitentiam
3299 4225 3660 4298 impetrarent
3704 4237 3792 4281 re-

2170 4302 2484 4362 missionem
2507 4305 2820 4359 criminum.
2848 4302 2981 4357 Lac.

2242 4378 2317 4448 (e)
2358 4377 2674 4448 Intuemini:
2709 4383 3002 4448 protestata.
3034 4371 3102 4448 Et
3127 4371 3250 4448 ideo
3291 4385 3397 4425 non
3441 4367 3791 4423 conducebat

2165 4443 2468 4519 Baptismus
2534 4447 2760 4502 Joannis
2831 4445 2897 4519 ad
2954 4443 3328 4519 remissionem
3399 4451 3792 4519 peccatorum;

477 4511 625 4580 'tincti
677 4525 1199 4594 Spiritumsanctum
1224 4511 1329 4594 non
1369 4511 1708 4590 acciperent;
1731 4531 1908 4594 tamen
1939 4511 2074 4594 prius
2099 4531 2152 4591 D
2179 4511 2300 4594 nam
2326 4522 2376 4575 in
2409 4517 3092 4594 potestatebaptizatorum
3121 4524 3236 4594 erat
3275 4513 3568 4594 impetrare
3585 4511 3790 4594 ret-nis:

482 4592 799 4667 pararentur
831 4595 881 4667 in
908 4593 1272 4667 viamsalutis
1292 4593 1344 4667 i_n
1378 4595 1592 4667 nomine
1623 4593 1838 4667 venturi
1865 4592 2072 4667 Domini

479 4655 914 4723 nostri.Aiteuim
936 4663 1276 4735 Paulusapud
1299 4665 1518 4728 Lucam,
1539 4663 1866 4725 Act.XlX,4.
1884 4655 2078 4726 ἰωάννης

479 4749 564 4809 μὲν
589 4747 812 4796 asumma
839 4743 1090 4805 ϐἇκπτισμω
1115 4748 1389 4806 μετανοίαις,
1416 4745 1481 4804 τῷ
1511 4744 1608 4804 λαῷ
1635 4743 1792 4806 λέγων’
1817 4739 1882 4796 εἰς
1907 4745 1983 4792 τὸν
2005 4743 2081 4804 ἕρ·-

519 4821 677 4880 ομξνον
762 4811 803 4865 τ’
827 4813 965 4864 ainde
996 4812 1070 4865 in
1095 4815 1400 4869 πιστεύσωσι,
1433 4815 1673 4863 τουτέστιν
1692 4813 1756 4867 εὶς
1776 4818 1853 4862 τὸν
1876 4813 2084 4878 Χριστὸν

519 4891 667 4933 ησοῦν.
695 4833 974 4933 ﬁebant-ec
1000 4885 1048 4933 δὲ
1073 4888 1418 4933 ἐϐαπτίσθησαν
1445 4882 1510 4933 εὶς
1535 4885 1588 4933 τὸ
1622 4884 1769 4933 ὄνομα
1797 4885 1878 4933 τοῦ
1904 4887 2084 4933 Κυρίου

519 4837 677 4880 ομενον
762 4837 789 4865 τ
827 4837 965 4864 αυτον
996 4837 1070 4865 ινι
1095 4837 1400 4869 πιστιυσωσι,
1433 4837 1673 4863 τυυτιστιν
1692 4837 1756 4867 υς
1776 4837 1853 4862 τον
1877 4837 2084 4878 Λριστον

484 4837 667 4942 ἔησοῢν.
695 4837 974 4940 ἵζοὺσειντες
1000 4885 1048 4935 δὲ
1073 4888 1418 4940 ἐϐαπτίσθησαν
1445 4882 1510 4938 εὶς
1535 4885 1588 4934 τὸ
1622 4884 1769 4946 ὄνομα
1797 4885 1878 4933 τοῦ
1904 4887 2084 4948 Κυρίου

485 4947 645 5016 ima.
674 4953 763 5006 Sic
795 4953 952 5022 igitur
977 4953 1269 5020 baptizatos
1292 4951 1511 5022 perfecit
1561 4949 1756 5022 Ijaulus
1792 4966 1804 5001 ε
1833 4947 2088 5018 imposuit

509 4891 667 4942 ησοῧν.

488 5028 554 5082 iis
575 5039 782 5086 utauus,
813 5019 865 5076 et
916 5019 1168 5077 continuo
1214 5019 1521 5090 supervenit
1564 5019 1796 5089 Spiritus
1835 5029 2072 5074 sanctus.

489 5098 630 5154 Sane
662 5095 804 5150 hunc
830 5109 1048 5148 sensum
1097 5093 1366 5148 insinuare
1394 5091 1603 5147 videtur
1632 5091 1825 5146 Lucas.
1849 5093 1920 5145 At
1949 5090 2076 5145 lati—

491 5183 592 5224 nus
620 5167 886 5236 interpres
908 5167 984 5219 sic
1016 5164 1252 5228 tradidit,
1285 5173 1339 5216 ut
1365 5163 1541 5236 denuo
1563 5163 1713 5236 tincti
1734 5162 1898 5216 tuisse
1926 5162 2084 5216 intel-

492 5232 878 5311 ligantur._'qui
922 5236 1032 5311 jam
1065 5236 1395 5311 Baptismuni
1442 5232 1683 5311 .I_oaunis_
1709 5242 2080 5311 susceperant.

496 5304 649 5368 Unde
674 5317 727 5363 et
757 5304 856 5363 hes
887 5304 1103 5376 quidem
1131 5307 1308 5361 denuo
1339 5308 1637 5375 baptizatos
1663 5304 1826 5359 fuisse
1850 5319 2083 5360 consen-

494 5385 633 5439 tiunt
660 5377 964 5450 Cyprianus
1004 5386 1058 5434 et
1089 5377 1441 5446 Augustinus.
1489 5377 1656 5450 Nobis
1684 5376 1859 5431 adhuc
1895 5376 2086 5450 suspi-

495 5454 604 5509 cari
637 5448 755 5506 non
769 5450 1008 5519 contigit,
1033 5465 1126 5505 cur
1144 5450 1246 5504 hoc
1271 5460 1586 5520 argumento
1615 5448 1930 5520 abstinuerit
1947 5448 2054 5518 Sep
2071 5479 2084 5490 -

495 5518 1012 5592 timiustpropos’itae
1043 5522 1321 5592 quaestioni
1343 5518 1590 5575 omnium
1629 5519 1873 5592 utrinque
1904 5518 2086 5592 fortis-

497 5596 656 5651 simo.
690 5589 769 5663 Eo
789 5589 917 5647 vero
945 5589 1110 5648 utitur
1141 5591 1496 5663 Hieronymus
1518 5593 1774 5646 adversus
1801 5589 2086 5645 Lueileria-

499 5681 620 5731 nos,
659 5675 715 5734 et
741 5659 886 5719 favet
915 5665 1212 5734 interpreti.
1254 5659 1372 5720 lite.

572 5737 646 5808 (b)
678 5733 1000 5814 Panitentiw
1019 5733 1206 5791 scilicet
1228 5735 1550 5814 prwpositus.
1581 5733 1942 5814 Praedicanda:
1966 5748 2087 5814 ρῳ-

504 5803 739 5865 nitentia:
767 5805 1083 5876 destinatus,
1117 5803 1237 5878 per
1259 5803 1690 5867 commissiouem
1724 5803 1986 5876 Baptismi
2023 5803 2086 5863 il-

2181 4592 2388 4664 sionem
2409 4582 2514 4664 'pcr
2545 4582 2915 4664 paenitentiam
2957 4585 3191 4664 (tametsi
3214 4599 3280 4640 ex
3306 4584 3473 4664 gratia
3505 4582 3626 4652 Dei)
3663 4582 3793 4636 licet

2183 4655 2512 4735 Baptismum
2547 4655 2771 4716 Joannis
2796 4675 2902 4714 non
2926 4655 3312 4725 suscepissent.
3343 4655 3473 4710 Lac.

2258 4757 2339 4830 (d)
2380 4756 2448 4830 In
2479 4754 3019 4830 actis_Apostolorum,_
3035 4759 3142 4805 etc.
3171 4750 3426 4830 Actorum
3468 4755 3637 4830 caput
3661 4743 3790 4830 XIX

2189 4815 2457 4898 intenigit,
2488 4826 2629 4898 quod
2679 4815 2969 4898 multorum
3009 4821 3218 4898 ingenia
3266 4815 3551 4898 esercuit;
3582 4817 3660 4898 Le
3689 4815 3788 4892 Pa.

2191 4895 2255 4955 V.
2280 4887 2843 5025 fttFStéttt-sTgcologiw
2863 4936 2878 4962 ,
2925 4887 3371 4963 aucthournely,
3403 4891 3468 4945 de
3496 4887 3791 4959 Baptismo,

2194 4988 2247 5042 q.
2317 5011 2329 5024 .
2367 4987 2427 5025 ar
2461 5014 2469 5024 .
2542 5011 2556 5022 .
2636 4983 2722 5024 nn.

2255 5065 2339 5136 (e)
2390 5063 2519 5136 Vera
2552 5073 2600 5136 et
2653 5059 2851 5136 stabilis
2869 5074 3015 5136 aqua
3042 5057 3191 5136 ﬁdes,
3223 5073 3325 5127 qua
3353 5055 3603 5136 tinguitur
3623 5053 3792 5136 inﬁga-

2189 5123 2369 5193 lufeni.
2417 5133 2648 5190 Omnino
2699 5123 3065 5192 scribendum,
3124 5123 3257 5183 vera
3311 5137 3356 5183 et
3407 5123 3604 5182 slabilis
3656 5123 3787 5194 [ideo

2188 5225 2323 5278 aqua
2347 5206 2596 5278 tinguitur
2619 5204 2672 5257 in
2699 5204 2933 5278 salutem.
2963 5201 3054 5257 Sic
3081 5200 3222 5278 enim
3262 5195 3786 5278 scripsisse‘Tcrtul-

2187 5268 2391 5337 lianum
2419 5268 2554 5333 Fatio
2584 5274 2889 5346 persuadet,
2912 5271 3185 5343 sequentia
3217 5268 3502 5326 testantur.
3527 5268 3650 5324 Rie.

2264 5372 2330 5446 (f)
2372 5370 2492 5443 lgni
2523 5369 2772 5446 tinguitur
2821 5367 2876 5420 in
2911 5364 3184 5446 iudiciuin.
3224 5361 3315 5419 Sic
3334 5360 3540 5446 adsolet
3566 5356 3791 5446 Tertul-

2193 5429 2368 5500 lianus
2399 5429 2429 5495 ἴ
2463 5429 2670 5512 quoties
2714 5437 2776 5512 lit
2821 5429 3026 5512 mentio
3058 5435 3213 5508 ignis.
3246 5429 3795 5512 confestim_o_ccasio:

2193 5533 2317 5572 nem
2367 5501 2526 5583 rapit,
2570 5511 2902 5583 intenditque
2958 5509 3011 5563 in
3049 5501 3361 5583 supremum
3419 5501 3546 5583 illud
3581 5501 3796 5583 Domini

2186 5574 2464 5658 judicium).
2494 5574 2596 5640 Alii
2651 5598 2781 5637 vero
2815 5574 3213 5658 'dietuu'rillud
3237 5574 3484 5658 Joannis,
3513 5582 3800 5658 venturum

2193 5639 2457 5728 iiioithqui
2505 5639 2773 5728 tingueret
2827 5654 2878 5706 in
2926 5651 3118 5728 spiritu
3167 5657 3222 5702 et
3275 5647 3404 5728 igni,
3437 5639 3796 5728 accipiunth

2188 5714 2416 5856 Spiriai's
2442 5714 2616 5784 sancti
2635 5727 2689 5782 in
2721 5714 3009 5795 Apostolus
3041 5721 3232 5794 illapsu
3259 5714 3327 5775 ad
3351 5718 3494 5775 diem
3517 5714 3806 5772 Pentecos-

2191 5812 2292 5856 tes.
2381 5811 2447 5856 ις.
2735 5837 2742 5842 -

2191 5812 2292 5859 I65.
2331 5811 2447 5857 ﬂlG.
2735 5837 2742 5842 -
