4068 6352
467 203 614 266 {215

1896 197 2355 262 TERTULLIANI

3616 208 3737 269 1216

470 316 608 374 ﬁdes
634 316 763 374 satis
783 322 886 385 est,
910 314 1113 373 nam'et
1136 315 1403 373 Abraham
1426 315 1623 373 nullius
1640 330 1792 390 aqua:
1812 318 1915 375 nisi
1944 316 2069 375 ﬁdei
2098 319 2149 384 Α
2175 333 2359 389 gnere.
2404 318 2600 377 Verum
2642 318 2758 375 haec
2785 331 2884 391 pro
2911 318 3219 377 conditione
3262 315 3388 377 tunc
3410 321 3649 395 tamporis
3678 326 3732 383 ad

466 423 808 469 sacramento
854 413 965 467 Deo
1012 411 1208 483 placuit
1255 410 1436 483 (Gem,
1464 410 1632 482 XV).
1662 413 1767 469 Sed
1814 413 1867 467 in
1899 414 2073 468 omni-

473 505 572 562 bus
600 505 896 576 posteriora
924 504 1265 571 concludunt,
1295 516 1350 562 et
1394 508 1669 578 sequentia
1700 506 2069 562 antecedenti-

463 600 566 656 bus
609 600 920 671 prmvalent.
957 598 1143 655 Fuerit
1185 600 1330 655 salus
1362 608 1506 656 retro
1554 615 1648 670 per
1679 600 1839 656 tidem
1873 598 2070 654 nudam

470 702 596 751 ante
629 693 835 749 Domini
868 694 1169 763 passionem
1199 704 1254 749 et
1281 694 1747 749 resurrectionem.
1779 694 1846 746 At
1885 691 1971 748 ubi
2006 692 2071 745 li-

464 785 562 841 dcs
590 795 743 839 aut-ta
768 796 848 840 est
874 784 1127 841 credendi
1157 787 1207 841 in
1241 787 1593 849 nn'ivilulcttl,
1626 786 1947 855 passionem,
1977 800 2068 842 re-
2096 788 2101 793 ’

465 880 964 948 surrectionemque
989 878 1126 946 ejus,
1150 879 1328 934 addita
1357 890 1441 934 est
1466 877 1739 949 ampliatio
1770 892 2071 933 sacramen-

466 981 543 1037 to,
568 970 868 1043 obsignatin
890 970 1249 1045 Baptismuu)
1280 974 1653 1027 vestimentum
1677 969 2069 1041 quodaminodo

467 1064 614 1132 ﬁdei,
645 1081 764 1137 qua;
792 1074 937 1120 retro
966 1075 1082 1121 erat
1106 1065 1268 1133 nuda,
1297 1081 1395 1121 nec
1423 1066 1715 1137 potentiam
1746 1063 1931 1119 habuit
1952 1063 2070 1120 siue

466 1175 562 1216 sua
587 1160 721 1233 lege.
756 1160 864 1215 Lex
895 1161 1036 1215 enim
1070 1160 1341 1231 tiuguendi
1394 1159 1641 1232 imposita
1672 1167 1773 1225 est,
1801 1167 1856 1213 et
1893 1156 2064 1213 forma

469 1254 802 1322 prtescripta.
832 1250 934 1320 Ite,
966 1252 1159 1323 inquit,
1192 1253 1362 1307 docete
1388 1252 1638 1317 nationes,
1665 1253 1949 1323 tinguentes
1981 1267 2068 1306 eas

468 1344 522 1399 in
567 1345 770 1399 nomine
817 1344 983 1400 Patris
1012 1361 1060 1399 et
1092 1345 1218 1400 Filii
1256 1356 1303 1400 et
1335 1345 1562 1418 Spiritus
1602 1347 1763 1401 sancti
1805 1345 2064 1417 (Matth.,

471 1438 704 1505 XXVIII,
735 1438 860 1508 19).
891 1440 1025 1496 Huic
1052 1441 1151 1512 legi
1175 1442 1364 1496 collata
1393 1441 1743 1495 delinitioilla
1773 1460 1785 1494 :
1822 1439 1940 1495 Nisi
1958 1440 2069 1511 quis

469 1543 679 1587 renatus
708 1533 859 1603 fuerit
882 1549 945 1587 ex
964 1549 1098 1604 aqua
1118 1542 1163 1585 et
1187 1534 1393 1604 spiritu,
1422 1550 1523 1587 non
1545 1532 1750 1586 intrabit
1778 1532 1830 1585 in
1855 1548 2070 1604 regnum

473 1626 712 1680 calorum
739 1624 957 1696 (Joan.,
989 1624 1077 1688 lll,
1110 1624 1189 1696 5),
1213 1626 1498 1679 obstrinxit
1526 1625 1684 1680 [idem
1716 1624 1780 1678 ad
1810 1624 2066 1694 Baptismi

472 1718 867 1774 necessitatem.
900 1717 1083 1789 Itaque
1112 1732 1302 1773 omnes
1333 1718 1527 1774 exinde
1550 1718 1830 1773 credentes
1858 1717 2067 1787 tingue-

475 1810 691 1867 bantur.
716 1810 759 1865 Τ
764 1826 867 1866 une
888 1820 942 1866 et
964 1811 1159 1865 Paulus
1183 1811 1268 1865 ubi
1300 1811 1554 1877 credidit,
1577 1811 1775 1865 tinctus
1802 1819 1883 1865 est
1905 1810 2067 1879 (Δί-1.,

479 1904 575 1969 1X,
604 1902 704 1975 6).
734 1902 799 1957 Et
828 1903 928 1958 hoc
952 1913 1035 1958 est
1058 1904 1198 1970 quod
1232 1904 1487 1959 Dominus
1518 1906 1569 1959 in
1614 1904 1701 1958 illa
1735 1903 1881 1974 plaga
1913 1902 2073 1958 orbu-

475 1996 638 2051 tionis
664 2003 1029 2066 prateeperat:
1063 1994 1316 2067 Exsurge,
1351 1995 1557 2061 dicens,
1590 2005 1637 2051 et
1665 1996 1819 2050 introi
1848 1995 2071 2049 Damas-

474 2106 591 2144 cum
620 2088 919 2161 (Ibidem),
971 2089 1080 2144 illic
1119 2090 1205 2143 tibi
1246 2090 1673 2145 demonstrabitur
1717 2090 1842 2156 quid
1887 2090 2073 2147 debeas

476 2197 648 2253 agere,
679 2182 883 2239 scilicet
914 2182 1101 2252 tingui.
1130 2169 1271 2254 quod
1300 2172 1471 2237 soluin
1500 2185 1555 2239 et
1575 2184 1779 2239 deerat.
1822 2183 2076 2254 Alioquin

478 2273 609 2329 satis
633 2273 894 2330 didicerat
930 2284 1091 2346 atque
1125 2274 1430 2331 crediderat
1456 2274 1789 2331 Nazarenum
1820 2291 1941 2333 esse
1970 2277 2077 2333 Do-

482 2366 685 2421 minum
718 2367 808 2422 Dei
839 2366 1053 2422 Filium.

1078 2458 1306 2519 CAPUT
1344 2462 1486 2519 XIV.

559 2551 665 2609 Sed
691 2553 759 2609 de
783 2554 898 2623 ipso
924 2556 1181 2624 Apostulo
1204 2557 1501 2622 revolvunt,
1530 2556 1671 2627 quod
1694 2558 1891 2614 dixerit
1914 2576 1927 2612 :
1955 2556 2078 2613 Non

481 2646 612 2699 enim
641 2662 721 2700 me
748 2646 816 2699 (id
843 2647 1173 2718 tinguendum
1200 2648 1428 2704 Christus
1458 2651 1593 2704 misit
1618 2653 1635 2719 (
1658 2649 1673 2703 l
1697 2648 1842 2717 σωκ,
1872 2650 2011 2729 1.-17
2037 2650 2077 2719 ),

484 2740 633 2806 quasi
668 2737 769 2792 hoc
798 2751 1117 2810 argumento
1148 2741 1450 2810 Baptismus
1477 2743 1761 2798 adimatur.
1798 2744 1906 2800 Cur
1933 2744 2078 2798 enim

486 2830 638 2884 tinxit
663 2828 852 2903 Gaium
890 2842 944 2885 et
973 2832 1216 2902 Crispum
1263 2843 1317 2888 et
1363 2834 1650 2903 Stephanio
1688 2837 1907 2891 domum
1937 2835 2083 2903 (lbi-

483 2922 670 2991 dem)?
708 2922 1020 2994 Quanquam
1063 2925 1162 2979 etsi
1193 2941 1296 2980 non
1334 2942 1456 2980 eum
1499 2929 1715 2982 miserat
1740 2928 1986 2984 Christus
2014 2938 2082 2984 ad

2096 1685 2145 1745 B

2175 411 2487 467 Corinthios
2514 414 2712 484 scripta
2757 421 2883 468 sunt
2923 412 3156 485 (Ibid.),
3184 416 3440 486 quoniam
3481 416 3734 476 schismata

2176 512 2233 561 et
2275 503 2641 562 dissensiones
2692 507 2834 562 inter
2876 507 2998 562 illos
3029 509 3417 576 movebantur,
3455 508 3576 565 dum
3619 512 3737 569 alius

2177 598 2348 654 Paulo
2374 599 2614 669 deputat,
2661 598 2797 654 alius
2828 599 3038 671 Apollo.
3092 600 3319 671 Propter
3347 600 3487 672 quod
3515 603 3735 672 paciﬁcus

2145 690 2153 698 ’
2178 692 2487 763 Apostolus,
2520 709 2587 748 ne
2610 692 2711 749 sibi
2738 694 2916 748 omnia
2936 692 3228 750 defendere
3258 694 3540 762 videretur,
3567 712 3659 752 non
3681 699 3736 754 ad

2180 785 2528 857 tinguendum
2556 786 2705 841 aitse
2729 786 2971 851 missum,
2998 785 3090 841 sed
3114 786 3178 841 ad
3200 786 3610 858 praedicandum.
3629 789 3738 846 Nam

2173 888 2228 935 et
2258 882 2406 949 prius
2446 888 2530 935 est
2558 877 2872 950 praedicare,
2921 880 3188 949 posterius
3231 880 3493 951 tinguere.
3531 879 3585 935 Si
3617 881 3741 951 prius

2173 970 2517 1040 prmdicatum
2542 987 2555 1025 :
2586 981 2714 1043 puto
2738 969 2818 1044 (1)
2846 982 3027 1027 autem
3052 972 3198 1028 licuit
3217 981 3276 1028 et
3307 972 3543 1043 tinguere
3581 972 3735 1045 (ο)ευί

2173 1063 2322 1121 licuit
2345 1065 2661 1137 prmdicare.

2784 1159 3012 1217 CAPUT
3057 1158 3175 1217 XV.

2241 1250 2436 1308 Nescio
2460 1252 2506 1307 si
2545 1250 2669 1322 quid
2707 1252 2938 1321 amplius
2966 1248 3032 1307 ad
3071 1250 3493 1307 controversiam
3516 1250 3740 1321 Baptismi

2170 1346 2476 1401 ventilatur.
2508 1344 2649 1402 Sane
2678 1354 2954 1410 retexam,
2989 1344 3132 1416 quod
3163 1358 3326 1415 supra
3354 1344 3541 1408 omisi,
3564 1359 3627 1399 ne
3659 1344 3741 1399 im-

2171 1438 2439 1492 minentes
2465 1451 2657 1492 sensus
2686 1436 2869 1493 videar
2892 1436 3234 1493 intercidere.
3268 1436 3419 1492 Unus
3442 1437 3645 1491 omnino
3667 1437 3741 1491 ba-

2172 1530 2399 1601 ptismus
2422 1541 2503 1587 est
2528 1532 2680 1586 nobis
2705 1573 2719 1597 ,
2755 1540 2863 1586 tam
2891 1546 2958 1586 ex
2990 1531 3199 1586 Domini
3229 1530 3519 1600 Evangelio
3557 1529 3741 1602 (leam,

2174 1625 2263 1697 lll)
2288 1666 2303 1692 ,
2335 1640 2493 1696 quam
2532 1640 2597 1682 ex
2627 1625 2868 1694 Apostoli
2898 1624 3091 1679 litteris
3119 1623 3283 1696 (Epit.
3309 1663 3325 1689 ,
3358 1621 3448 1692 IV)
3477 1637 3491 1686 ;
3516 1623 3732 1692 quoniam

2173 1734 2312 1775 unus
2341 1719 2597 1773 Dominus
2624 1729 2678 1774 et
2706 1733 2867 1773 unum
2895 1718 3229 1788 Baptismum
3260 1727 3310 1773 et
3344 1731 3445 1772 una
3474 1715 3686 1772 Ecclesia
3705 1718 3745 1771 in

2172 1812 2345 1869 caelis.
2375 1813 2481 1869 Sed
2525 1814 2667 1868 circa
2716 1814 2998 1870 lucreticos
3046 1828 3177 1870 sane
3215 1813 3346 1884 quid
3373 1811 3740 1868 custodiendum

2174 1909 2241 1963 sit
2267 1949 2283 1974 ,
2309 1907 2467 1978 digne
2494 1908 2613 1980 quis
2643 1915 2930 1972 retractet;
2959 1906 3023 1961 ad
3051 1920 3148 1961 nos
3172 1907 3320 1961 enim
3344 1905 3539 1989 editum
3563 1914 3636 1961 est
3661 1902 3741 1977 (c);

2176 2001 2425 2058 Haeretici
2472 2011 2654 2060 autem
2716 1998 2921 2057 nullum
2973 2001 3173 2057 habent
3218 2000 3545 2057 consortium
3585 2009 3749 2055 nostra

2177 2093 2474 2164 disciplinae
2497 2135 2511 2158 ,
2540 2108 2675 2165 quos
2699 2102 2986 2149 extraneos
3009 2093 3196 2164 utique
3223 2102 3450 2149 testatur
3469 2091 3576 2163 ipsa
3595 2091 3749 2148 adem-

2178 2186 2293 2258 ptio
2314 2185 2835 2241 communicationis.
2859 2183 2974 2240 Non
2998 2184 3168 2240 debeo
3194 2184 3250 2240 in
3276 2185 3381 2240 illis
3396 2198 3664 2256 agnoscere
3682 2181 3747 2255 (Ξ)

2182 2278 2326 2347 quod
2366 2277 2495 2332 mihi
2525 2285 2609 2333 est
2638 2289 2961 2347 prmccptnm
2983 2319 2999 2343 ,
3029 2277 3151 2348 quia
3182 2291 3292 2332 non
3343 2276 3481 2332 idem
3522 2276 3650 2330 Deus
3685 2282 3746 2329 est

2184 2370 2339 2426 nobis
2360 2366 2421 2425 'et
2447 2369 2585 2433 illis,
2618 2383 2718 2425 nec
2746 2384 2883 2424 unus
2908 2369 3155 2425 Christus
3181 2411 3194 2431 ,
3230 2368 3284 2424 id
3329 2377 3413 2425 est
3453 2366 3604 2423 idem.
3628 2364 3749 2420 lden-

2184 2477 2289 2534 que
2340 2477 2440 2518 nec
2483 2460 2787 2532 Baptismus
2816 2478 2953 2517 unus
2982 2463 3060 2532 (ά)
3079 2503 3092 2526 ,
3124 2461 3247 2532 quia
3276 2475 3399 2516 non
3426 2460 3580 2515 idem.
3610 2458 3747 2527 Quem

2187 2571 2309 2611 eum
2337 2556 2436 2610 rite
2464 2572 2569 2610 non
2592 2555 2857 2621 habeant,
2883 2557 2999 2611 sine
3019 2556 3183 2610 dubio
3208 2570 3316 2610 non
3340 2554 3559 2620 habent,
3581 2567 3666 2607 nec
3682 2565 3753 2607 ca-

2180 2646 2260 2718 pit
2282 2647 2586 2714 numerari,
2612 2646 2753 2716 quod
2787 2663 2891 2700 non
2921 2646 3149 2702 habetur
3184 2646 3262 2719 (e)
3293 2663 3307 2699 :
3339 2647 3410 2701 ita
3440 2660 3534 2702 nec
3562 2651 3749 2715 possunt

2182 2743 2457 2813 accipere,
2481 2743 2601 2812 quia
2624 2757 2731 2795 non
2760 2740 2956 2795 habent
2982 2739 3074 2815 (Ῑ).
3099 2741 3202 2795 Sed
3225 2740 3297 2796 de
3319 2740 3423 2795 isto
3449 2739 3639 2810 plenius
3657 2736 3744 2806 jam

2184 2836 2340 2889 nohis
2370 2835 2421 2887 in
2451 2849 2627 2905 graeco
2670 2834 2935 2902 digestum
2977 2844 3061 2889 est
3093 2833 3198 2905 (g).
3243 2834 3426 2889 Semel
3462 2846 3586 2903 ergo
3622 2831 3740 2885 lava-

2186 2942 2334 2981 crum
2358 2926 2552 2981 inimns
2573 2966 2589 2992 ,
2612 2926 2780 2979 semel
2802 2925 2996 2979 delicta
3024 2926 3331 2988 diluuntur.
3363 2927 3480 2997 quia
3507 2938 3566 2979 ea
3591 2920 3741 2976 iterari

486 3014 855 3085 tinguendum,
903 3024 1080 3071 tamen
1126 3015 1246 3073 aliis
1288 3018 1561 3088 Apostolis
1608 3032 1939 3090 praeceperat
1983 3022 2089 3078 tin-
2117 3013 2162 3077 C
2195 3034 2302 3077 non
2344 3027 2578 3089 Oportet.
2627 3018 2898 3075 Cxterurn
2944 3017 3109 3073 Israel
3155 3017 3406 3087 (Mam,
3437 3013 3747 3089 V'll)Jud.'eus

1698 3155 2080 3216 LECTIONES
2114 3156 2529 3215 VARIANTES.

495 3275 899 3391 'l‘lngere.
929 3276 1028 3328 Sed
1050 3276 1116 3329 sit
1136 3278 1275 3343 prius
1298 3279 1633 3343 praedicatum.
1658 3280 1805 3342 Puto,
1829 3286 1925 3332 etc.
1966 3282 2084 3335 Cod.

2257 3280 2333 3346 (2)
2364 3279 2676 3345 Cognoscere
2701 3279 2807 3347 Βία.

1844 3453 2407 3513 COMMENTARIUS.

489 3570 785 3696 gendaé-um
817 3569 958 3626 inter
987 3583 1046 3625 se
1090 3571 1385 3639 actionum,
1419 3586 1576 3627 unam
1604 3572 1870 3630 actionem
1918 3575 2100 3630 occul-

493 3654 615 3696 lal'l.
695 3658 767 3696 IG.

493 3645 615 3699 tari.
647 3645 767 3698 th.

562 3714 717 3775 Cat}.
746 3712 887 3768 Xlll.
920 3743 992 3757 --—
1020 3713 1107 3785 (nili
1128 3712 1422 3785 Obsignntio
1455 3713 1704 3784 Baptismi
1749 3717 2098 3771 vestimentum

491 3785 866 3854 quodammodo
899 3785 1036 3849 ﬁdei.
1069 3784 1280 3839 Fideles
1311 3787 1490 3851 perﬁci
1533 3787 1827 3855 Baptismo,
1858 3790 2099 3843 sriehaut

492 3858 651 3926 etiam
668 3856 853 3910 Stoici.
873 3858 960 3909 Sic
978 3858 1120 3911 enim
1140 3856 1491 3911 disertissime
1512 3860 1785 3920 Arrianus,
1813 3858 1986 3926 Epict.
2002 3858 2094 3919 XI,

491 3928 526 3983 9
559 3946 569 3978 :
597 3917 727 3984 ὅταν
763 3932 813 3981 δὲ
868 3934 1080 3997 οἱνκὶιϐᾑ
1134 3937 1188 3984 τὸ
1236 3938 1383 3988 πιθὸς
1421 3937 1474 3985 τὸ
1518 3935 1603 3985 τοῦ
1644 3917 1977 4001 βιερῂμίνου.
2011 3917 2091 3985 καὶ

493 4006 746 4069 sign/uisae,
762 4002 867 4056 τότε
887 4004 966 4053 καὶ
986 4006 1186 4069 derivet?
1202 4005 1321 4065 ὄντι,
1334 4003 1562 4054 καὶκαὶ,ιῖ
1576 3993 1704 4056 circa:
1728 3993 1955 4063 ἶουδειῑος.
1977 4002 2098 4058 Βιϐ.

565 4070 719 4145 CAP.
755 4069 892 4145 XlV.
919 4071 1096 4145 —_(b)
1132 4068 1264 4145 (fato
1299 4081 1465 4145 autem
1499 4072 1640 4145 licuit
1669 4083 1716 4125 et
1745 4074 2103 4145 tinguere,cui

493 4141 636 4215 l_ict_tit
669 4142 965 4215 prwdicare.
1003 4140 1337 4215 1ἰ’ίιιοι11‹)τιιιιι·Δ
1354 4143 1466 4215 sive
1494 4143 1717 4215 docetur
1737 4140 1916 4215 regula
1948 4144 2097 4199 ﬁdei.

491 4210 628 4266 Dcin
672 4210 944 4336 ﬂagitismo
972 4211 1282 4280 obsignatur
1312 4212 1462 4267 ﬁdes.
1495 4212 1612 4269 Rto.

566 4282 719 4336 CAP.
811 4281 869 4336 V.
894 4310 966 4322 —-—
991 4283 1066 4336 (cl
1095 4283 1173 4335 Ad
1199 4298 1289 4336 nos
1316 4285 1446 4336 enim
1467 4285 1612 4336 edim.

566 4281 869 4354 CAP.VXV.
894 4310 966 4322 —-—
991 4283 1066 4354 (c)
1095 4283 1173 4335 Ad
1199 4298 1289 4336 nos
1316 4285 1446 4337 enim
1467 4285 1655 4337 editum
1673 4295 1765 4338 est.
1787 4285 2108 4340 Obscurissi-

493 4369 640 4409 mum
659 4353 867 4407 videtur
890 4354 1153 4409 qunclio:
1176 4362 1351 4407 tamen
1373 4369 1477 4408 non
1501 4355 1569 4409 ita
1590 4356 1766 4419 nimis;
1783 4371 1975 4412 sensus
1990 4365 2072 4411 est
2091 4374 2104 4411 :

495 4426 553 4480 In
577 4424 863 4496 Evangelia
874 4434 928 4480 et
949 4426 1111 4496 Paulo
1130 4440 1292 4478 umim
1312 4423 1578 4495 Baptisma
1598 4429 1989 4496 praescribitur;
2012 4428 2105 4483 sed

495 4498 615 4567 quis
640 4495 870 4560 decidet,
890 4511 959 4549 un
990 4495 1091 4551 hoc
1109 4498 1516 4551 custodiendum
1540 4495 1608 4550 sit
1628 4499 1768 4552 circa
1802 4498 2107 4564 ha-retiros,

501 4583 621 4623 cum
654 4569 717 4622 ad
765 4584 861 4620 nos
883 4568 1181 4622 catholicos
1209 4568 1492 4638 dirigatur,
1524 4567 1664 4636 quod
1707 4571 1876 4623 sacris
1917 4569 2109 4626 litteris

503 4640 705 4694 editqu
735 4640 1127 4709 promulgatum
1158 4639 1274 4710 sit?
1301 4640 1410 4694 Nec
1443 4654 1573 4693 vero
1609 4649 1713 4704 est,
1740 4641 1881 4710 quod
1908 4644 2110 4697 hu'reat

502 4710 816 4776 Patuclius,
862 4726 929 4764 an
958 4708 1103 4764 ’velit
1155 4708 1519 4764 Tertullianns
1570 4713 1638 4765 ab
1687 4708 1952 4766 lirercticis
1999 4727 2105 4766 non

504 4798 664 4852 posse
714 4781 989 4845 conferri,
1038 4798 1104 4835 an
1164 4797 1291 4835 vero
1343 4782 1512 4848 accipi
1559 4781 1924 4850 Baptismum,
1982 4798 2104 4837 cum

504 4851 789 4923 utrumque
811 4852 943 4906 velle
967 4853 1035 4905 sit
1066 4867 1200 4922 opus
1220 4894 1234 4913 ,
1260 4867 1378 4906 cum
1412 4851 1550 4906 dicat
1587 4868 1692 4904 non
1731 4852 1927 4923 habere
1967 4852 2103 4923 Bap-

506 4922 741 4979 tismum.
794 4953 865 4965 -—
915 4924 992 4977 Ad
1043 4940 1135 4976 nos
1173 4923 1306 4977 enim
1348 4922 1538 4977 editum
1587 4931 1677 4976 est.
1723 4922 1855 4977 lllud
1902 4922 2105 4980 scilicet

506 4996 648 5067 quod
684 4996 1003 5067 prmcedenti
1025 5005 1303 5067 commate
1345 4994 1517 5067 dixit:
1554 4992 1702 5067 Unus
1727 4997 1933 5048 omnino
1962 4993 2103 5065 Bap-

508 5064 693 5123 tismus
715 5076 789 5120 est
816 5066 976 5126 nobis.
1015 5064 1137 5120 Haec
1161 5066 1337 5137 regula
1366 5065 1435 5118 ad
1468 5081 1561 5120 nos
1601 5065 1737 5119 edita
1766 5075 1860 5132 est,
1911 5075 2105 5121 tumea:

507 5140 717 5193 Domini
750 5137 1050 5208 Evangelia,
1079 5154 1229 5208 quam
1258 5152 1320 5191 ex
1368 5137 1590 5209 apostoli
1639 5138 1826 5209 litteris
1876 5154 1981 5190 non
2035 5138 2103 5192 ad

506 5211 811 5266 lnercticos.
839 5207 992 5277 Apud
1039 5224 1158 5276 nos,
1192 5209 1292 5263 hoc
1326 5207 1410 5261 est
1434 5208 1746 5272 catholicos,
1769 5207 1970 5263 editum
1999 5217 2102 5271 est,

506 5282 848 5338 manifestum
880 5292 933 5334 et
954 5290 1199 5348 apertum
1229 5279 1352 5349 quid
1371 5279 1781 5335 custodiendum
1831 5280 1900 5334 sit
1950 5281 2104 5334 nobis

508 5355 563 5408 iu
593 5354 873 5421 disciplina
899 5351 1185 5419 Baptismi:
1227 5350 1467 5405 hiBPCUCl
1508 5361 1686 5405 autem
1729 5351 1932 5405 nullum
1977 5365 2104 5404 con-

508 5428 735 5480 Snrtinm
767 5423 966 5478 habent
1002 5431 1199 5475 nostra:
1247 5421 1560 5491 disciplinae.
1604 5421 1719 5476 Non
1766 5421 2026 5476 debemus
2052 5422 2106 5476 in

511 5497 618 5550 illis
659 5509 1001 5566 cognoscere,
1035 5492 1189 5566 _quod
1233 5491 1433 5566 editum
1462 5502 1545 5566 est
1572 5493 1748 5559 nobis,
1783 5494 1921 5566 quod
1953 5492 2109 5566 nobis
2152 5542 2155 5545 γ

511 5575 597 5621 cst
638 5563 986 5691 ριέῖρίμιιιηι.
1034 5564 1291 5619 Videatur
1345 5563 1626 5629 Baronius,
1682 5579 1769 5619 an.
1828 5564 1955 5620 Chr.
2005 5564 2107 5618 217

512 5652 662 5691 num.
734 5676 747 5688 .
821 5652 906 5691 ac.

512 5652 662 5692 num.
694 5652 747 5691 δ.
780 5652 906 5691 LAC.

593 5709 671 5782 ((1)
702 5707 925 5776 Ideoque
950 5720 1038 5761 nec
1059 5704 1349 5774 Bnptismut
1369 5720 1522 5771 unus,
1545 5714 1650 5763 etc.
1670 5705 1822 5764 Hunc
1849 5721 2114 5776 errorem,

2132 4466 2187 4527 Β
2220 4430 2515 4512 Ιίίοοιρεὶςδηι
2547 4430 2654 4482 sint
2692 4428 2949 4493 hmretici,
2978 4427 3181 4509 nullum
3221 4436 3445 4527 est.apu

2199 3576 2269 3633 de
2315 3572 2650 3645 baptizandis
2679 3573 2872 3645 iterum
2901 3573 2966 3629 iis
2995 3574 3195 3645 quiah
3232 3571 3501 3645 haereticis
3540 3565 3752 3645 baptizati

2200 3657 2345 3711 sunt,
2380 3639 2693 3715 adiscipulo
2721 3639 3037 3700 Tertulliani
3080 3643 3351 3715 Cypriane
3378 3660 3442 3699 ex
3466 3643 3562 3715 hoc
3585 3639 3751 3695 deduc-

2204 3730 2315 3772 tum
2343 3714 2668 3771 arbitrantur
2700 3716 2974 3781 nonmilli;
3009 3714 3194 3772 verum
3231 3718 3277 3772 si
3320 3726 3461 3770 recte
3491 3714 3569 3767 hic
3601 3721 3754 3763 auctor

2202 3791 2527 3863 explicetur,
2561 3789 2762 3863 erroris
2785 3788 2927 3842 nulla
2956 3788 3193 3863 suspicio
3237 3788 3420 3843 forsan
3446 3786 3750 3863 relinquetur.

2204 3854 2335 3916 Nam
2388 3860 2654 3914 defectum
2703 3860 2753 3911 in
2807 3854 3077 3923 materia,
3133 3868 3190 3913 ut
3239 3866 3454 3921 vocant,
3506 3854 3753 3910 admissum

2205 3932 2434 3999 intelligi
2464 3946 2619 3997 posse
2642 3930 2804 3982 multa
2830 3930 3174 3999 persuadent,
3207 3930 3291 3985 vel
3323 3932 3488 3999 etiam,
3521 3927 3569 3981 in
3598 3924 3755 3999 forma2

2204 4018 2328 4057 cum
2359 3989 2487 4056 nihil
2516 4002 2621 4056 tale
2642 4001 2698 4055 S.
2721 3989 3022 4073 Cyprianus
3065 3989 3331 4073 docuerit.
3380 3997 3545 4073 Unde_
3566 4010 3667 4073 ean.
3706 3989 3757 4044 l9

2205 4073 2405 4131 Nicmni
2425 4088 2580 4129 rouc.
2607 4068 2869 4126 sancitum
2889 4080 2971 4125 est
3001 4081 3057 4125 ut
3083 4072 3150 4127 de
3176 4073 3383 4140 integro
3413 4068 3756 4140 repabtiaaren-

2208 4158 2294 4200 tur
2314 4147 2400 4213 qui
2423 4161 2454 4199 e
2477 4143 2811 4199 Paulianistis
2828 4144 2892 4195 ad
2915 4143 3206 4198 Ecclesium
3223 4133 3578 4213 eui'ifugerent.
3596 4136 3662 4192 Ls
3680 4133 3752 4213 Pr.

2282 4163 2294 4176 '
2351 4162 2400 4199 111
2423 4162 2454 4199 e
2477 4162 2811 4199 l'iIUIIHHISllS
2828 4162 2892 4195 1111
2915 4162 3206 4198 DCCICSIIIIII
3223 4162 3578 4213 contingerem.
3596 4162 3662 4192 ur.
3680 4162 3752 4186 [lu

2282 4162 2363 4340 (ἦ
2389 4214 2499 4269 Nec
2518 4215 2655 4284 Cupit
2684 4216 2937 4268 numerari
2974 4216 3110 4283 quod
3138 4230 3237 4268 non
3264 4214 3491 4269 habetur.
3528 4209 3676 4265 Unum
3695 4209 3760 4257 est

2284 4304 2313 4340 n
2382 4287 2676 4340 Ecclesium
2712 4285 3005 4340 Bantisma.
3034 4285 3223 4340 Unitas
3248 4296 3426 4339 autem
3450 4297 3547 4337 non
3582 4287 3654 4334 est
3683 4289 3759 4329 nu-

2210 4285 2352 4357 apud
2382 4287 2676 4342 Ecclesium
2712 4285 3005 4354 Baptismu.
3034 4285 3223 4342 Unitas
3248 4296 3426 4357 autem
3450 4297 3547 4357 non
3582 4287 3654 4334 est
3683 4289 3759 4357 ttu-

2220 4353 2422 4421 mcrus,
2478 4358 2571 4413 Sed
2628 4353 2947 4427 principium
2993 4358 3222 4411 numeri.
3272 4356 3407 4411 Cum
3452 4355 3464 4406 i
3504 4354 3598 4406 itur
3638 4353 3758 4401 extra

2220 4430 2515 4479 Ecclesium
2547 4430 2654 4479 sint
2692 4428 2949 4479 hmretici.
2978 4427 3181 4479 nullum
3221 4436 3305 4479 est
3346 4369 3499 4479 anudg
3523 4435 3609 4478 eos
3653 4419 3757 4479 11³1)-

3523 4435 3609 4478 808
3653 4429 3757 4484 bap-

2216 4501 2403 4554 tisma:
2444 4515 2609 4570 quare
2652 4515 2753 4554 nec
2794 4491 2977 4564 unum,
3022 4501 3141 4570 quia
3185 4491 3461 4569 quodnon
3486 4506 3580 4570 est,
3606 4491 3772 4570 παριῇς

2213 4557 2521 4642 numerari,
2558 4585 2658 4624 nec
2702 4557 3220 4642 principium.darel
3244 4582 3482 4642 numero.
3533 4563 3646 4642 Htcc
3677 4557 3757 4642 illi!
3790 4569 3797 4574 ‘

2213 4633 2526 4716 Tertulliani
2573 4633 3065 4716 sentcntia,'quani
3093 4640 3387 4716 discipulus
3430 4639 3540 4706 ejus
3567 4633 3756 4716 Cypria-

2211 4728 2313 4767 nus
2339 4714 2597 4781 adversus
2641 4712 2972 4781 Stephanum
3023 4711 3348 4781 pertinacius
3386 4711 3600 4765 asseruit
3631 4712 3753 4781 cum?

2209 4785 2454 4853 pluribus
2478 4780 2881 4851 epi~tolis.Nisi
2917 4780 3094 4838 tamen
3119 4784 3362 4839 excusari
3394 4782 3472 4835 vel
3518 4780 3752 4853 propterea

2212 4848 2446 4908 maxime
2467 4848 2732 4920 debuerit,
2758 4853 2899 4925 quod
2922 4869 2983 4909 ea
3008 4863 3133 4909 tunc
3157 4854 3412 4925 temporis
3434 4848 3750 4925 haereticorum

2209 4934 2364 4980 erant
2385 4925 2611 4979 crimina
2645 4923 2905 4995 ut,capite
2930 4926 3107 4995 aliquo
3137 4924 3442 4979 tenerentur
3485 4923 3614 4975 larsm
3631 4923 3754 4995 sanc-

2204 4998 2425 5051 tissima:
2448 4983 2753 5060 Trinitatis;
2786 4983 2890 5065 qua
2913 4983 3079 5065 penes
3120 5011 3214 5051 eos
3245 5012 3351 5051 non
3385 4995 3595 5062 integra,
3618 4983 3752 5065 adeo:

2205 5048 2508 5136 g,’.‘.'¢“.‘.1.n;,'
2529 5048 2660 5121 nihil
2680 5048 3175 5123 manasseas}:
3194 5048 3608 5135 adsumunt,
3637 5048 3749 5125 quod

2205 5139 2531 5210 baptismum
2555 5138 2748 5192 Christi
2785 5153 2973 5208 sapere
3001 5138 3291 5193 videretur.
3325 5138 3444 5210 llic.

2283 5198 2353 5279 Π)
2372 5200 2474 5263 (Ita
2504 5198 2594 5262 nec
2623 5218 2832 5281 possunt
2851 5198 3253 5281 accipereLquia
3281 5226 3380 5263 non
3396 5206 3582 5281 habent.
3612 5198 3746 5281 Aper:

2209 5277 2344 5335 tiora
2388 5287 2511 5334 sunt
2536 5277 2677 5351 apud
2706 5277 3399 5351 Cyprianum:Nos'autem
3445 5277 3742 5351 diciturist

2208 5352 2301 5420 qui
2333 5339 2836 5424 indeivetiiuntiidn
2865 5352 3182 5422 rebaptizari
3210 5351 3351 5424 apud
3391 5364 3503 5424 nos,
3530 5342 3612 5424 sed
3641 5339 3743 5424 ὺῇᾖς

2211 5400 2793 5548 ῖίὶῖιιὲξᾷιέσξᾶἕὲὶὶίὶίῐ
2805 5400 3503 5493 3έῶῥῖιῖιῖῐῆήέ’ἇίῦιιίίσέ⁷
3524 5414 3603 5470 ubi
3641 5400 3740 5462 Itlllll

2214 5503 2291 5548 est
2302 5535 2314 5547 .
2400 5510 2449 5548 lc
2461 5535 2470 5545 .

2214 5503 2314 5549 CSl.
2352 5503 2470 5551 HIG.

2287 5564 2364 5636 (g)
2392 5564 2457 5618 In
2477 5579 2645 5636 graeco
2664 5563 2912 5635 digestum
2934 5574 3028 5621 est.
3050 5565 3214 5621 Vides
3233 5562 3596 5636 Tertullianum

2218 5617 2514 5706 ιιι-δῖῖῦςὶέῶ
2542 5617 2594 5690 in
2620 5617 2744 5706 hac“
2767 5617 3028 5703 materia,
3055 5617 3216 5693 tit—in
3244 5617 3405 5704 aliis,
3451 5625 3579 5702 quod
3611 5617 3743 5679 Ῑιιιιιιί

2220 5705 2593 5763 Observarunt.
2623 5705 2702 5762 Le
2720 5706 2816 5763 Pa.
