  <div class='ocr_page' id='page_1' title='image "/cluster/home/n/w/nwhite01/storage/ocr_20150623/1/hvd.32044015466733/636.png"; bbox 0 0 4068 6352; ppageno 0'>
   <div class='ocr_carea' id='block_1_1' title="bbox 227 282 371 354">
    <p class='ocr_par' dir='ltr' id='par_1_1' title="bbox 227 282 371 354">
     <span class='ocr_line' id='line_1_1' title="bbox 227 282 371 354; baseline -0.069 -1"><span class='ocrx_word' id='word_1_1' title='bbox 227 282 371 354; x_wconf 64' lang='lat'><strong>1291</strong></span> 
     </span>
    </p>
   </div>
   <div class='ocr_carea' id='block_1_2' title="bbox 1501 278 2240 344">
    <p class='ocr_par' dir='ltr' id='par_1_2' title="bbox 1501 278 2240 344">
     <span class='ocr_line' id='line_1_2' title="bbox 1501 278 2240 344; baseline -0.001 -5"><span class='ocrx_word' id='word_1_2' title='bbox 1501 278 1706 340; x_wconf 78' lang='lat' dir='ltr'><strong>LIBER</strong></span> <span class='ocrx_word' id='word_1_3' title='bbox 1757 278 1847 340; x_wconf 88' lang='lat' dir='ltr'><strong>DE</strong></span> <span class='ocrx_word' id='word_1_4' title='bbox 1884 279 2240 344; x_wconf 79' lang='lat' dir='ltr'><strong>BAPTISMO.</strong></span> 
     </span>
    </p>
   </div>
   <div class='ocr_carea' id='block_1_3' title="bbox 3384 279 3526 342">
    <p class='ocr_par' dir='ltr' id='par_1_3' title="bbox 3384 279 3526 342">
     <span class='ocr_line' id='line_1_3' title="bbox 3384 279 3526 342; baseline -0.014 0"><span class='ocrx_word' id='word_1_5' title='bbox 3384 279 3526 342; x_wconf 70' lang='grc'><strong>1222</strong></span> 
     </span>
    </p>
   </div>
   <div class='ocr_carea' id='block_1_4' title="bbox 177 394 3528 474">
    <p class='ocr_par' dir='ltr' id='par_1_4' title="bbox 177 394 3528 474">
     <span class='ocr_line' id='line_1_4' title="bbox 177 394 3528 474; baseline -0.001 -14"><span class='ocrx_word' id='word_1_6' title='bbox 177 437 192 450; x_wconf 66' lang='grc' dir='ltr'><em>κ</em></span> <span class='ocrx_word' id='word_1_7' title='bbox 231 403 299 473; x_wconf 71' lang='grc' dir='ltr'><strong>ν,</strong></span> <span class='ocrx_word' id='word_1_8' title='bbox 327 400 417 470; x_wconf 74' lang='lat'><strong>22;</strong></span> <span class='ocrx_word' id='word_1_9' title='bbox 443 398 748 474; x_wconf 81' lang='lat' dir='ltr'><strong>Act.,VIII).</strong></span> <span class='ocrx_word' id='word_1_10' title='bbox 785 397 842 456; x_wconf 99' lang='lat' dir='ltr'><strong>Si</strong></span> <span class='ocrx_word' id='word_1_11' title='bbox 865 397 1144 472; x_wconf 82' lang='lat' dir='ltr'><strong>Philippus</strong></span> <span class='ocrx_word' id='word_1_12' title='bbox 1163 403 1270 454; x_wconf 88' lang='lat' dir='ltr'><strong>tam</strong></span> <span class='ocrx_word' id='word_1_13' title='bbox 1297 394 1452 454; x_wconf 79' lang='lat' dir='ltr'><strong>facile</strong></span> <span class='ocrx_word' id='word_1_14' title='bbox 1475 398 1630 453; x_wconf 85' lang='lat' dir='ltr'><strong>tinxit</strong></span> <span class='ocrx_word' id='word_1_15' title='bbox 1650 412 1825 454; x_wconf 88' lang='lat' dir='ltr'><strong>eunu-</strong></span> <span class='ocrx_word' id='word_1_16' title='bbox 1852 401 1905 463; x_wconf 82' lang='grc' dir='ltr'><strong>Α</strong></span> <span class='ocrx_word' id='word_1_17' title='bbox 1931 398 2128 455; x_wconf 91' lang='lat' dir='ltr'><strong>tionem</strong></span> <span class='ocrx_word' id='word_1_18' title='bbox 2160 397 2277 470; x_wconf 87' lang='lat'><strong>(6),</strong></span> <span class='ocrx_word' id='word_1_19' title='bbox 2308 396 2482 454; x_wconf 89' lang='lat' dir='ltr'><strong>donec</strong></span> <span class='ocrx_word' id='word_1_20' title='bbox 2509 402 2601 453; x_wconf 89' lang='lat' dir='ltr'><strong>aut</strong></span> <span class='ocrx_word' id='word_1_21' title='bbox 2629 395 2871 467; x_wconf 90' lang='lat' dir='ltr'><strong>nubant,</strong></span> <span class='ocrx_word' id='word_1_22' title='bbox 2902 403 2992 454; x_wconf 90' lang='lat' dir='ltr'><strong>aut</strong></span> <span class='ocrx_word' id='word_1_23' title='bbox 3017 396 3365 456; x_wconf 67' lang='lat' dir='ltr'><strong>continentiae</strong></span> <span class='ocrx_word' id='word_1_24' title='bbox 3393 414 3528 456; x_wconf 90' lang='lat' dir='ltr'><strong>cor-</strong></span> 
     </span>
    </p>
   </div>
   <div class='ocr_carea' id='block_1_5' title="bbox 231 477 1828 565">
    <p class='ocr_par' dir='ltr' id='par_1_5' title="bbox 231 477 1828 565">
     <span class='ocr_line' id='line_1_5' title="bbox 231 477 1828 565; baseline -0.005 -14"><span class='ocrx_word' id='word_1_25' title='bbox 231 495 389 552; x_wconf 89' lang='lat' dir='ltr'><strong>chum</strong></span> <span class='ocrx_word' id='word_1_26' title='bbox 413 537 427 563; x_wconf 93' lang='lat'><strong>,</strong></span> <span class='ocrx_word' id='word_1_27' title='bbox 457 495 813 565; x_wconf 82' lang='lat' dir='ltr'><strong>recogitemus</strong></span> <span class='ocrx_word' id='word_1_28' title='bbox 857 491 1197 548; x_wconf 81' lang='lat' dir='ltr'><strong>manifestam</strong></span> <span class='ocrx_word' id='word_1_29' title='bbox 1241 477 1312 548; x_wconf 30' lang='lat' dir='ltr'><strong>et.</strong></span> <span class='ocrx_word' id='word_1_30' title='bbox 1339 499 1609 547; x_wconf 82' lang='lat' dir='ltr'><strong>exsertam</strong></span> <span class='ocrx_word' id='word_1_31' title='bbox 1640 489 1828 561; x_wconf 88' lang='lat' dir='ltr'><strong>digna-</strong></span> 
     </span>
    </p>
   </div>
   <div class='ocr_carea' id='block_1_6' title="bbox 233 584 1828 657">
    <p class='ocr_par' dir='ltr' id='par_1_6' title="bbox 233 584 1828 657">
     <span class='ocr_line' id='line_1_6' title="bbox 233 584 1828 657; baseline -0.005 -11"><span class='ocrx_word' id='word_1_32' title='bbox 233 590 432 646; x_wconf 86' lang='lat' dir='ltr'><strong>tionem</strong></span> <span class='ocrx_word' id='word_1_33' title='bbox 466 589 674 644; x_wconf 88' lang='lat' dir='ltr'><strong>Domini</strong></span> <span class='ocrx_word' id='word_1_34' title='bbox 727 587 1115 644; x_wconf 90' lang='lat' dir='ltr'><strong>intercessisse.</strong></span> <span class='ocrx_word' id='word_1_35' title='bbox 1149 585 1379 657; x_wconf 89' lang='lat' dir='ltr'><strong>Spiritus</strong></span> <span class='ocrx_word' id='word_1_36' title='bbox 1409 584 1656 656; x_wconf 90' lang='lat' dir='ltr'><strong>Philippo</strong></span> <span class='ocrx_word' id='word_1_37' title='bbox 1685 599 1828 655; x_wconf 87' lang='lat' dir='ltr'><strong>prae-</strong></span> 
     </span>
    </p>
   </div>
   <div class='ocr_carea' id='block_1_7' title="bbox 233 676 1832 753">
    <p class='ocr_par' dir='ltr' id='par_1_7' title="bbox 233 676 1832 753">
     <span class='ocr_line' id='line_1_7' title="bbox 233 676 1832 753; baseline -0.004 -15"><span class='ocrx_word' id='word_1_38' title='bbox 233 689 451 753; x_wconf 85' lang='lat' dir='ltr'><strong>ceperat</strong></span> <span class='ocrx_word' id='word_1_39' title='bbox 484 680 538 735; x_wconf 89' lang='lat' dir='ltr'><strong>in</strong></span> <span class='ocrx_word' id='word_1_40' title='bbox 569 695 688 736; x_wconf 89' lang='lat' dir='ltr'><strong>eam</strong></span> <span class='ocrx_word' id='word_1_41' title='bbox 729 679 867 735; x_wconf 86' lang='lat' dir='ltr'><strong>viam</strong></span> <span class='ocrx_word' id='word_1_42' title='bbox 899 677 1236 751; x_wconf 67' lang='lat' dir='ltr'><strong>praetendere</strong></span> <span class='ocrx_word' id='word_1_43' title='bbox 1263 678 1344 751; x_wconf 83' lang='grc'><strong>(1)</strong></span> <span class='ocrx_word' id='word_1_44' title='bbox 1371 695 1385 744; x_wconf 93' lang='lat'><strong>;</strong></span> <span class='ocrx_word' id='word_1_45' title='bbox 1441 676 1609 749; x_wconf 92' lang='lat' dir='ltr'><strong>spado</strong></span> <span class='ocrx_word' id='word_1_46' title='bbox 1636 684 1690 731; x_wconf 88' lang='lat' dir='ltr'><strong>et</strong></span> <span class='ocrx_word' id='word_1_47' title='bbox 1717 677 1832 746; x_wconf 91' lang='lat' dir='ltr'><strong>ipse</strong></span> 
     </span>
    </p>
   </div>
   <div class='ocr_carea' id='block_1_8' title="bbox 233 770 1832 845">
    <p class='ocr_par' dir='ltr' id='par_1_8' title="bbox 233 770 1832 845">
     <span class='ocr_line' id='line_1_8' title="bbox 233 770 1832 845; baseline -0.004 -13"><span class='ocrx_word' id='word_1_48' title='bbox 233 775 485 832; x_wconf 88' lang='lat' dir='ltr'><strong>inventus</strong></span> <span class='ocrx_word' id='word_1_49' title='bbox 515 784 596 832; x_wconf 90' lang='lat' dir='ltr'><strong>est</strong></span> <span class='ocrx_word' id='word_1_50' title='bbox 639 790 743 829; x_wconf 91' lang='lat' dir='ltr'><strong>non</strong></span> <span class='ocrx_word' id='word_1_51' title='bbox 786 774 989 830; x_wconf 92' lang='lat' dir='ltr'><strong>otiosus</strong></span> <span class='ocrx_word' id='word_1_52' title='bbox 1011 815 1027 842; x_wconf 93' lang='lat'><strong>,</strong></span> <span class='ocrx_word' id='word_1_53' title='bbox 1060 789 1159 830; x_wconf 90' lang='lat' dir='ltr'><strong>nec</strong></span> <span class='ocrx_word' id='word_1_54' title='bbox 1184 774 1272 845; x_wconf 90' lang='lat' dir='ltr'><strong>qui</strong></span> <span class='ocrx_word' id='word_1_55' title='bbox 1305 770 1484 828; x_wconf 91' lang='lat' dir='ltr'><strong>subito</strong></span> <span class='ocrx_word' id='word_1_56' title='bbox 1511 771 1676 842; x_wconf 82' lang='lat' dir='ltr'><strong>tingui</strong></span> <span class='ocrx_word' id='word_1_57' title='bbox 1704 784 1832 826; x_wconf 89' lang='lat' dir='ltr'><strong>con-</strong></span> 
     </span>
    </p>
   </div>
   <div class='ocr_carea' id='block_1_9' title="bbox 231 863 1833 940">
    <p class='ocr_par' dir='ltr' id='par_1_9' title="bbox 231 863 1833 940">
     <span class='ocr_line' id='line_1_9' title="bbox 231 863 1833 940; baseline -0.004 -14"><span class='ocrx_word' id='word_1_58' title='bbox 231 871 537 940; x_wconf 87' lang='lat' dir='ltr'><strong>cupisceret</strong></span> <span class='ocrx_word' id='word_1_59' title='bbox 564 887 577 924; x_wconf 91' lang='lat'><strong>:</strong></span> <span class='ocrx_word' id='word_1_60' title='bbox 610 867 706 923; x_wconf 92' lang='lat' dir='ltr'><strong>sed</strong></span> <span class='ocrx_word' id='word_1_61' title='bbox 733 867 799 923; x_wconf 89' lang='lat' dir='ltr'><strong>ad</strong></span> <span class='ocrx_word' id='word_1_62' title='bbox 831 867 1087 938; x_wconf 88' lang='lat' dir='ltr'><strong>templum</strong></span> <span class='ocrx_word' id='word_1_63' title='bbox 1119 866 1307 922; x_wconf 90' lang='lat' dir='ltr'><strong>orandi</strong></span> <span class='ocrx_word' id='word_1_64' title='bbox 1351 866 1521 939; x_wconf 85' lang='lat' dir='ltr'><strong>gratia</strong></span> <span class='ocrx_word' id='word_1_65' title='bbox 1561 863 1833 936; x_wconf 82' lang='lat' dir='ltr'><strong>profectus</strong></span> 
     </span>
    </p>
   </div>
   <div class='ocr_carea' id='block_1_10' title="bbox 233 956 1830 1032">
    <p class='ocr_par' dir='ltr' id='par_1_10' title="bbox 233 956 1830 1032">
     <span class='ocr_line' id='line_1_10' title="bbox 233 956 1830 1032; baseline -0.004 -15"><span class='ocrx_word' id='word_1_66' title='bbox 233 959 527 1032; x_wconf 63' lang='lat' dir='ltr'><strong>Scriptura:</strong></span> <span class='ocrx_word' id='word_1_67' title='bbox 553 960 747 1015; x_wconf 76' lang='lat' dir='ltr'><strong>divina:</strong></span> <span class='ocrx_word' id='word_1_68' title='bbox 774 961 1087 1028; x_wconf 88' lang='lat' dir='ltr'><strong>impressus.</strong></span> <span class='ocrx_word' id='word_1_69' title='bbox 1117 957 1206 1015; x_wconf 87' lang='lat' dir='ltr'><strong>Sic</strong></span> <span class='ocrx_word' id='word_1_70' title='bbox 1238 959 1521 1029; x_wconf 85' lang='lat' dir='ltr'><strong>oportebat</strong></span> <span class='ocrx_word' id='word_1_71' title='bbox 1549 956 1830 1027; x_wconf 90' lang='lat' dir='ltr'><strong>deprendi,</strong></span> 
     </span>
    </p>
   </div>
   <div class='ocr_carea' id='block_1_11' title="bbox 235 1048 1835 1122">
    <p class='ocr_par' dir='ltr' id='par_1_11' title="bbox 235 1048 1835 1122">
     <span class='ocr_line' id='line_1_11' title="bbox 235 1048 1835 1122; baseline -0.004 -14"><span class='ocrx_word' id='word_1_72' title='bbox 235 1053 322 1108; x_wconf 90' lang='lat' dir='ltr'><strong>cui</strong></span> <span class='ocrx_word' id='word_1_73' title='bbox 352 1051 494 1108; x_wconf 90' lang='lat' dir='ltr'><strong>ultro</strong></span> <span class='ocrx_word' id='word_1_74' title='bbox 543 1052 682 1106; x_wconf 90' lang='lat' dir='ltr'><strong>Deus</strong></span> <span class='ocrx_word' id='word_1_75' title='bbox 714 1049 1032 1122; x_wconf 87' lang='lat' dir='ltr'><strong>Apostolum</strong></span> <span class='ocrx_word' id='word_1_76' title='bbox 1078 1051 1320 1117; x_wconf 83' lang='lat' dir='ltr'><strong>miserat,</strong></span> <span class='ocrx_word' id='word_1_77' title='bbox 1348 1048 1415 1104; x_wconf 90' lang='lat' dir='ltr'><strong>ad</strong></span> <span class='ocrx_word' id='word_1_78' title='bbox 1446 1063 1606 1119; x_wconf 88' lang='lat' dir='ltr'><strong>quem</strong></span> <span class='ocrx_word' id='word_1_79' title='bbox 1645 1061 1835 1102; x_wconf 88' lang='lat' dir='ltr'><strong>rursus</strong></span> 
     </span>
    </p>
   </div>
   <div class='ocr_carea' id='block_1_12' title="bbox 236 1139 1832 1217">
    <p class='ocr_par' dir='ltr' id='par_1_12' title="bbox 236 1139 1832 1217">
     <span class='ocr_line' id='line_1_12' title="bbox 236 1139 1832 1217; baseline -0.005 -15"><span class='ocrx_word' id='word_1_80' title='bbox 236 1145 470 1217; x_wconf 86' lang='lat' dir='ltr'><strong>Spiritus</strong></span> <span class='ocrx_word' id='word_1_81' title='bbox 491 1186 506 1213; x_wconf 92' lang='lat'><strong>,</strong></span> <span class='ocrx_word' id='word_1_82' title='bbox 537 1153 594 1200; x_wconf 92' lang='lat' dir='ltr'><strong>ut</strong></span> <span class='ocrx_word' id='word_1_83' title='bbox 619 1159 678 1200; x_wconf 89' lang='lat' dir='ltr'><strong>se</strong></span> <span class='ocrx_word' id='word_1_84' title='bbox 702 1142 969 1199; x_wconf 87' lang='lat' dir='ltr'><strong>curriculo</strong></span> <span class='ocrx_word' id='word_1_85' title='bbox 997 1141 1228 1199; x_wconf 87' lang='lat' dir='ltr'><strong>eunuchi</strong></span> <span class='ocrx_word' id='word_1_86' title='bbox 1254 1141 1572 1213; x_wconf 82' lang='lat' dir='ltr'><strong>adjungeret</strong></span> <span class='ocrx_word' id='word_1_87' title='bbox 1595 1182 1609 1207; x_wconf 92' lang='lat'><strong>,</strong></span> <span class='ocrx_word' id='word_1_88' title='bbox 1635 1139 1832 1209; x_wconf 89' lang='lat' dir='ltr'><strong>jussit,</strong></span> 
     </span>
    </p>
   </div>
   <div class='ocr_carea' id='block_1_13' title="bbox 235 1233 1836 1310">
    <p class='ocr_par' dir='ltr' id='par_1_13' title="bbox 235 1233 1836 1310">
     <span class='ocr_line' id='line_1_13' title="bbox 235 1233 1836 1310; baseline -0.006 -13"><span class='ocrx_word' id='word_1_89' title='bbox 235 1239 515 1309; x_wconf 84' lang='lat' dir='ltr'><strong>Scriptura</strong></span> <span class='ocrx_word' id='word_1_90' title='bbox 537 1237 704 1310; x_wconf 91' lang='lat' dir='ltr'><strong>ipsius</strong></span> <span class='ocrx_word' id='word_1_91' title='bbox 730 1237 851 1293; x_wconf 89' lang='lat' dir='ltr'><strong>ﬁdei</strong></span> <span class='ocrx_word' id='word_1_92' title='bbox 883 1237 1117 1293; x_wconf 90' lang='lat' dir='ltr'><strong>occurrit</strong></span> <span class='ocrx_word' id='word_1_93' title='bbox 1143 1235 1195 1291; x_wconf 93' lang='lat' dir='ltr'><strong>in</strong></span> <span class='ocrx_word' id='word_1_94' title='bbox 1222 1244 1494 1306; x_wconf 91' lang='lat' dir='ltr'><strong>tempore,</strong></span> <span class='ocrx_word' id='word_1_95' title='bbox 1524 1233 1836 1290; x_wconf 82' lang='lat' dir='ltr'><strong>exhortatus</strong></span> 
     </span>
    </p>
   </div>
   <div class='ocr_carea' id='block_1_14' title="bbox 237 1312 1837 1400">
    <p class='ocr_par' dir='ltr' id='par_1_14' title="bbox 237 1312 1837 1400">
     <span class='ocr_line' id='line_1_14' title="bbox 237 1312 1837 1400; baseline -0.005 -13"><span class='ocrx_word' id='word_1_96' title='bbox 237 1312 556 1400; x_wconf 84' lang='lat' dir='ltr'><strong>assumitur,</strong></span> <span class='ocrx_word' id='word_1_97' title='bbox 591 1331 848 1385; x_wconf 87' lang='lat' dir='ltr'><strong>Dominus</strong></span> <span class='ocrx_word' id='word_1_98' title='bbox 884 1327 1207 1393; x_wconf 88' lang='lat' dir='ltr'><strong>ostenditur,</strong></span> <span class='ocrx_word' id='word_1_99' title='bbox 1242 1326 1377 1382; x_wconf 91' lang='lat' dir='ltr'><strong>ﬁdes</strong></span> <span class='ocrx_word' id='word_1_100' title='bbox 1421 1321 1528 1381; x_wconf 83' lang='lat' dir='ltr'><strong>non</strong></span> <span class='ocrx_word' id='word_1_101' title='bbox 1556 1334 1796 1380; x_wconf 83' lang='lat' dir='ltr'><strong>moratur</strong></span> <span class='ocrx_word' id='word_1_102' title='bbox 1821 1367 1837 1392; x_wconf 94' lang='lat'><strong>,</strong></span> 
     </span>
    </p>
   </div>
   <div class='ocr_carea' id='block_1_15' title="bbox 1931 489 3527 564">
    <p class='ocr_par' dir='ltr' id='par_1_15' title="bbox 1931 489 3527 564">
     <span class='ocr_line' id='line_1_15' title="bbox 1931 489 3527 564; baseline 0.003 -19"><span class='ocrx_word' id='word_1_103' title='bbox 1931 490 2272 549; x_wconf 86' lang='lat' dir='ltr'><strong>roborentur.</strong></span> <span class='ocrx_word' id='word_1_104' title='bbox 2314 489 2369 547; x_wconf 91' lang='lat' dir='ltr'><strong>Si</strong></span> <span class='ocrx_word' id='word_1_105' title='bbox 2401 492 2490 562; x_wconf 90' lang='lat' dir='ltr'><strong>qui</strong></span> <span class='ocrx_word' id='word_1_106' title='bbox 2521 489 2728 561; x_wconf 89' lang='lat' dir='ltr'><strong>pondus</strong></span> <span class='ocrx_word' id='word_1_107' title='bbox 2767 490 3066 563; x_wconf 79' lang='lat' dir='ltr'><strong>intelligant</strong></span> <span class='ocrx_word' id='word_1_108' title='bbox 3099 492 3380 564; x_wconf 87' lang='lat' dir='ltr'><strong>Baptismi,</strong></span> <span class='ocrx_word' id='word_1_109' title='bbox 3412 507 3527 548; x_wconf 88' lang='lat' dir='ltr'><strong>ma-</strong></span> 
     </span>
    </p>
   </div>
   <div class='ocr_carea' id='block_1_16' title="bbox 1930 585 3529 658">
    <p class='ocr_par' dir='ltr' id='par_1_16' title="bbox 1930 585 3529 658">
     <span class='ocr_line' id='line_1_16' title="bbox 1930 585 3529 658; baseline 0.003 -17"><span class='ocrx_word' id='word_1_110' title='bbox 1930 586 2014 656; x_wconf 84' lang='lat' dir='ltr'><strong>gis</strong></span> <span class='ocrx_word' id='word_1_111' title='bbox 2045 585 2309 642; x_wconf 88' lang='lat' dir='ltr'><strong>timebunt</strong></span> <span class='ocrx_word' id='word_1_112' title='bbox 2351 586 2787 642; x_wconf 86' lang='lat' dir='ltr'><strong>consecutionem</strong></span> <span class='ocrx_word' id='word_1_113' title='bbox 2816 602 2974 658; x_wconf 88' lang='lat' dir='ltr'><strong>quam</strong></span> <span class='ocrx_word' id='word_1_114' title='bbox 3013 586 3359 645; x_wconf 87' lang='lat' dir='ltr'><strong>dilationem:</strong></span> <span class='ocrx_word' id='word_1_115' title='bbox 3392 586 3529 645; x_wconf 86' lang='lat' dir='ltr'><strong>ﬁdes</strong></span> 
     </span>
    </p>
   </div>
   <div class='ocr_carea' id='block_1_17' title="bbox 1934 677 2879 752">
    <p class='ocr_par' dir='ltr' id='par_1_17' title="bbox 1934 677 2879 752">
     <span class='ocr_line' id='line_1_17' title="bbox 1934 677 2879 752; baseline -0.002 -18"><span class='ocrx_word' id='word_1_116' title='bbox 1934 678 2140 752; x_wconf 86' lang='lat' dir='ltr'><strong>integra</strong></span> <span class='ocrx_word' id='word_1_117' title='bbox 2170 693 2360 735; x_wconf 90' lang='lat' dir='ltr'><strong>secura</strong></span> <span class='ocrx_word' id='word_1_118' title='bbox 2385 687 2468 735; x_wconf 89' lang='lat' dir='ltr'><strong>est</strong></span> <span class='ocrx_word' id='word_1_119' title='bbox 2495 677 2562 735; x_wconf 91' lang='lat' dir='ltr'><strong>de</strong></span> <span class='ocrx_word' id='word_1_120' title='bbox 2586 679 2757 735; x_wconf 90' lang='lat' dir='ltr'><strong>salute</strong></span> <span class='ocrx_word' id='word_1_121' title='bbox 2785 679 2879 750; x_wconf 89' lang='lat' dir='ltr'><strong>(c).</strong></span> 
     </span>
    </p>
   </div>
   <div class='ocr_carea' id='block_1_18' title="bbox 2542 768 2958 826">
    <p class='ocr_par' dir='ltr' id='par_1_18' title="bbox 2542 768 2958 826">
     <span class='ocr_line' id='line_1_18' title="bbox 2542 768 2958 826; baseline 0 -1"><span class='ocrx_word' id='word_1_122' title='bbox 2542 768 2769 826; x_wconf 87' lang='lat' dir='ltr'><strong>CAPUT</strong></span> <span class='ocrx_word' id='word_1_123' title='bbox 2814 768 2958 825; x_wconf 86' lang='lat' dir='ltr'><strong>XIX.</strong></span> 
     </span>
    </p>
   </div>
   <div class='ocr_carea' id='block_1_19' title="bbox 2008 860 3532 935">
    <p class='ocr_par' dir='ltr' id='par_1_19' title="bbox 2008 860 3532 935">
     <span class='ocr_line' id='line_1_19' title="bbox 2008 860 3532 935; baseline 0.002 -19"><span class='ocrx_word' id='word_1_124' title='bbox 2008 861 2161 918; x_wconf 86' lang='lat' dir='ltr'><strong>Diem</strong></span> <span class='ocrx_word' id='word_1_125' title='bbox 2230 860 2508 932; x_wconf 88' lang='lat' dir='ltr'><strong>Baptismo</strong></span> <span class='ocrx_word' id='word_1_126' title='bbox 2572 862 2957 920; x_wconf 89' lang='lat' dir='ltr'><strong>solemniorem</strong></span> <span class='ocrx_word' id='word_1_127' title='bbox 3013 861 3218 919; x_wconf 88' lang='lat' dir='ltr'><strong>Pascha</strong></span> <span class='ocrx_word' id='word_1_128' title='bbox 3291 870 3532 935; x_wconf 67' lang='lat' dir='ltr'><strong>praestat,</strong></span> 
     </span>
    </p>
   </div>
   <div class='ocr_carea' id='block_1_20' title="bbox 1936 952 3533 1028">
    <p class='ocr_par' dir='ltr' id='par_1_20' title="bbox 1936 952 3533 1028">
     <span class='ocr_line' id='line_1_20' title="bbox 1936 952 3533 1028; baseline 0.003 -20"><span class='ocrx_word' id='word_1_129' title='bbox 1936 952 2014 1027; x_wconf 82' lang='grc' dir='ltr'><strong>(ά)</strong></span> <span class='ocrx_word' id='word_1_130' title='bbox 2047 969 2167 1010; x_wconf 93' lang='lat' dir='ltr'><strong>cum</strong></span> <span class='ocrx_word' id='word_1_131' title='bbox 2212 963 2268 1010; x_wconf 89' lang='lat' dir='ltr'><strong>et</strong></span> <span class='ocrx_word' id='word_1_132' title='bbox 2309 955 2490 1025; x_wconf 90' lang='lat' dir='ltr'><strong>passio</strong></span> <span class='ocrx_word' id='word_1_133' title='bbox 2544 955 2756 1010; x_wconf 88' lang='lat' dir='ltr'><strong>Domini</strong></span> <span class='ocrx_word' id='word_1_134' title='bbox 2810 956 2864 1010; x_wconf 92' lang='lat' dir='ltr'><strong>in</strong></span> <span class='ocrx_word' id='word_1_135' title='bbox 2916 971 3020 1027; x_wconf 91' lang='lat' dir='ltr'><strong>qua</strong></span> <span class='ocrx_word' id='word_1_136' title='bbox 3075 956 3177 1028; x_wconf 87' lang='lat'><strong>(7)</strong></span> <span class='ocrx_word' id='word_1_137' title='bbox 3221 957 3533 1028; x_wconf 86' lang='lat' dir='ltr'><strong>tinguimur,</strong></span> 
     </span>
    </p>
   </div>
   <div class='ocr_carea' id='block_1_21' title="bbox 1937 1045 3536 1121">
    <p class='ocr_par' dir='ltr' id='par_1_21' title="bbox 1937 1045 3536 1121">
     <span class='ocr_line' id='line_1_21' title="bbox 1937 1045 3536 1121; baseline 0.002 -20"><span class='ocrx_word' id='word_1_138' title='bbox 1937 1045 2227 1116; x_wconf 82' lang='lat' dir='ltr'><strong>adimpleta</strong></span> <span class='ocrx_word' id='word_1_139' title='bbox 2307 1057 2425 1114; x_wconf 90' lang='lat' dir='ltr'><strong>est,</strong></span> <span class='ocrx_word' id='word_1_140' title='bbox 2475 1063 2575 1104; x_wconf 90' lang='lat' dir='ltr'><strong>nec</strong></span> <span class='ocrx_word' id='word_1_141' title='bbox 2641 1047 3059 1121; x_wconf 87' lang='lat' dir='ltr'><strong>incongruenter</strong></span> <span class='ocrx_word' id='word_1_142' title='bbox 3125 1049 3208 1121; x_wconf 92' lang='lat'><strong>(8)</strong></span> <span class='ocrx_word' id='word_1_143' title='bbox 3273 1050 3340 1106; x_wconf 89' lang='lat' dir='ltr'><strong>ad</strong></span> <span class='ocrx_word' id='word_1_144' title='bbox 3399 1050 3536 1120; x_wconf 81' lang='lat' dir='ltr'><strong>ﬁgu-</strong></span> 
     </span>
    </p>
   </div>
   <div class='ocr_carea' id='block_1_22' title="bbox 1938 1141 3538 1213">
    <p class='ocr_par' dir='ltr' id='par_1_22' title="bbox 1938 1141 3538 1213">
     <span class='ocr_line' id='line_1_22' title="bbox 1938 1141 3538 1213; baseline 0.003 -18"><span class='ocrx_word' id='word_1_145' title='bbox 1938 1155 2055 1196; x_wconf 90' lang='lat' dir='ltr'><strong>ram</strong></span> <span class='ocrx_word' id='word_1_146' title='bbox 2111 1141 2586 1213; x_wconf 89' lang='lat' dir='ltr'><strong>interpretabitur,</strong></span> <span class='ocrx_word' id='word_1_147' title='bbox 2639 1142 2782 1213; x_wconf 90' lang='lat' dir='ltr'><strong>quod</strong></span> <span class='ocrx_word' id='word_1_148' title='bbox 2830 1156 2953 1198; x_wconf 89' lang='lat' dir='ltr'><strong>cum</strong></span> <span class='ocrx_word' id='word_1_149' title='bbox 3026 1141 3276 1197; x_wconf 90' lang='lat' dir='ltr'><strong>ultimum</strong></span> <span class='ocrx_word' id='word_1_150' title='bbox 3333 1142 3538 1199; x_wconf 86' lang='lat' dir='ltr'><strong>Pascha</strong></span> 
     </span>
    </p>
   </div>
   <div class='ocr_carea' id='block_1_23' title="bbox 1944 1235 3542 1309">
    <p class='ocr_par' dir='ltr' id='par_1_23' title="bbox 1944 1235 3542 1309">
     <span class='ocr_line' id='line_1_23' title="bbox 1944 1235 3542 1309; baseline 0.001 -18"><span class='ocrx_word' id='word_1_151' title='bbox 1944 1235 2198 1292; x_wconf 91' lang='lat' dir='ltr'><strong>Dominus</strong></span> <span class='ocrx_word' id='word_1_152' title='bbox 2223 1247 2369 1293; x_wconf 89' lang='lat' dir='ltr'><strong>esset</strong></span> <span class='ocrx_word' id='word_1_153' title='bbox 2399 1246 2638 1304; x_wconf 88' lang='lat' dir='ltr'><strong>acturus,</strong></span> <span class='ocrx_word' id='word_1_154' title='bbox 2671 1237 2852 1293; x_wconf 90' lang='lat' dir='ltr'><strong>missis</strong></span> <span class='ocrx_word' id='word_1_155' title='bbox 2896 1237 3174 1308; x_wconf 86' lang='lat' dir='ltr'><strong>discipulis</strong></span> <span class='ocrx_word' id='word_1_156' title='bbox 3218 1237 3284 1293; x_wconf 91' lang='lat' dir='ltr'><strong>ad</strong></span> <span class='ocrx_word' id='word_1_157' title='bbox 3333 1253 3542 1309; x_wconf 86' lang='lat' dir='ltr'><strong>praepa-</strong></span> 
     </span>
    </p>
   </div>
   <div class='ocr_carea' id='block_1_24' title="bbox 1944 1329 3542 1402">
    <p class='ocr_par' dir='ltr' id='par_1_24' title="bbox 1944 1329 3542 1402">
     <span class='ocr_line' id='line_1_24' title="bbox 1944 1329 3542 1402; baseline 0.001 -17"><span class='ocrx_word' id='word_1_158' title='bbox 1944 1329 2168 1386; x_wconf 83' lang='lat' dir='ltr'><strong>randum</strong></span> <span class='ocrx_word' id='word_1_159' title='bbox 2203 1372 2218 1396; x_wconf 93' lang='lat'><strong>,</strong></span> <span class='ocrx_word' id='word_1_160' title='bbox 2254 1329 2525 1386; x_wconf 77' lang='lat' dir='ltr'><strong>Invenietis</strong></span> <span class='ocrx_word' id='word_1_161' title='bbox 2554 1332 2572 1401; x_wconf 95' lang='lat'>(</span> <span class='ocrx_word' id='word_1_162' title='bbox 2600 1331 2694 1402; x_wconf 91' lang='lat'><strong>9),</strong></span> <span class='ocrx_word' id='word_1_163' title='bbox 2738 1331 2931 1402; x_wconf 85' lang='lat' dir='ltr'><strong>inquit,</strong></span> <span class='ocrx_word' id='word_1_164' title='bbox 2963 1331 3213 1386; x_wconf 84' lang='lat' dir='ltr'><strong>hominem</strong></span> <span class='ocrx_word' id='word_1_165' title='bbox 3242 1349 3427 1402; x_wconf 79' lang='lat' dir='ltr'><strong>aquam</strong></span> <span class='ocrx_word' id='word_1_166' title='bbox 3452 1332 3542 1386; x_wconf 85' lang='lat' dir='ltr'><strong>ba-</strong></span> 
     </span>
    </p>
   </div>
   <div class='ocr_carea' id='block_1_25' title="bbox 237 1420 3540 1497">
    <p class='ocr_par' dir='ltr' id='par_1_25' title="bbox 237 1420 3540 1497">
     <span class='ocr_line' id='line_1_25' title="bbox 237 1420 3540 1497; baseline 0.001 -17"><span class='ocrx_word' id='word_1_167' title='bbox 237 1439 377 1497; x_wconf 86' lang='lat' dir='ltr'><strong>aqua</strong></span> <span class='ocrx_word' id='word_1_168' title='bbox 425 1439 534 1480; x_wconf 89' lang='lat' dir='ltr'><strong>non</strong></span> <span class='ocrx_word' id='word_1_169' title='bbox 591 1431 959 1494; x_wconf 86' lang='lat' dir='ltr'><strong>exspectatur,</strong></span> <span class='ocrx_word' id='word_1_170' title='bbox 993 1421 1284 1493; x_wconf 84' lang='lat' dir='ltr'><strong>Apostolus</strong></span> <span class='ocrx_word' id='word_1_171' title='bbox 1339 1421 1574 1492; x_wconf 81' lang='lat' dir='ltr'><strong>perfecto</strong></span> <span class='ocrx_word' id='word_1_172' title='bbox 1627 1420 1842 1490; x_wconf 86' lang='lat' dir='ltr'><strong>negotio</strong></span> <span class='ocrx_word' id='word_1_173' title='bbox 1935 1423 2189 1494; x_wconf 82' lang='lat' dir='ltr'><strong>julantem</strong></span> <span class='ocrx_word' id='word_1_174' title='bbox 2219 1423 2430 1494; x_wconf 65' lang='grc' dir='ltr'><strong>(Μαι-οη</strong></span> <span class='ocrx_word' id='word_1_175' title='bbox 2462 1424 2598 1490; x_wconf 82' lang='lat' dir='ltr'><strong>XIV,</strong></span> <span class='ocrx_word' id='word_1_176' title='bbox 2633 1423 2721 1496; x_wconf 80' lang='lat' dir='ltr'><strong>I5)</strong></span> <span class='ocrx_word' id='word_1_177' title='bbox 2745 1424 2966 1481; x_wconf 69' lang='lat' dir='ltr'><strong>Pascha:</strong></span> <span class='ocrx_word' id='word_1_178' title='bbox 2998 1426 3338 1482; x_wconf 85' lang='lat' dir='ltr'><strong>celebrandae</strong></span> <span class='ocrx_word' id='word_1_179' title='bbox 3362 1426 3540 1483; x_wconf 91' lang='lat' dir='ltr'><strong>locum</strong></span> 
     </span>
    </p>
   </div>
   <div class='ocr_carea' id='block_1_26' title="bbox 240 1515 3543 1590">
    <p class='ocr_par' dir='ltr' id='par_1_26' title="bbox 240 1515 3543 1590">
     <span class='ocr_line' id='line_1_26' title="bbox 240 1515 3543 1590; baseline -0 -14"><span class='ocrx_word' id='word_1_180' title='bbox 240 1518 487 1590; x_wconf 77' lang='lat' dir='ltr'><strong>eripitur.</strong></span> <span class='ocrx_word' id='word_1_181' title='bbox 518 1515 628 1574; x_wconf 90' lang='lat' dir='ltr'><strong>Sed</strong></span> <span class='ocrx_word' id='word_1_182' title='bbox 657 1526 713 1573; x_wconf 89' lang='lat' dir='ltr'><strong>et</strong></span> <span class='ocrx_word' id='word_1_183' title='bbox 743 1517 940 1572; x_wconf 81' lang='lat' dir='ltr'><strong>Paulus</strong></span> <span class='ocrx_word' id='word_1_184' title='bbox 976 1531 1166 1574; x_wconf 85' lang='lat' dir='ltr'><strong>revera</strong></span> <span class='ocrx_word' id='word_1_185' title='bbox 1190 1515 1297 1572; x_wconf 91' lang='lat' dir='ltr'><strong>cito</strong></span> <span class='ocrx_word' id='word_1_186' title='bbox 1328 1516 1523 1570; x_wconf 91' lang='lat' dir='ltr'><strong>tinctus</strong></span> <span class='ocrx_word' id='word_1_187' title='bbox 1565 1523 1648 1570; x_wconf 90' lang='lat' dir='ltr'><strong>est</strong></span> <span class='ocrx_word' id='word_1_188' title='bbox 1673 1515 1840 1586; x_wconf 78' lang='lat' dir='ltr'><strong>(Act.,</strong></span> <span class='ocrx_word' id='word_1_189' title='bbox 1947 1515 2014 1572; x_wconf 90' lang='lat' dir='ltr'><strong>de</strong></span> <span class='ocrx_word' id='word_1_190' title='bbox 2049 1517 2201 1588; x_wconf 82' lang='lat' dir='ltr'><strong>signo</strong></span> <span class='ocrx_word' id='word_1_191' title='bbox 2229 1533 2379 1588; x_wconf 72' lang='lat' dir='ltr'><strong>aqua:</strong></span> <span class='ocrx_word' id='word_1_192' title='bbox 2403 1518 2656 1573; x_wconf 80' lang='lat' dir='ltr'><strong>ostendit.</strong></span> <span class='ocrx_word' id='word_1_193' title='bbox 2690 1518 2896 1574; x_wconf 85' lang='lat' dir='ltr'><strong>Exinde</strong></span> <span class='ocrx_word' id='word_1_194' title='bbox 2927 1519 3246 1576; x_wconf 86' lang='lat' dir='ltr'><strong>Pentecoste</strong></span> <span class='ocrx_word' id='word_1_195' title='bbox 3282 1519 3508 1575; x_wconf 85' lang='lat' dir='ltr'><strong>ordinati</strong></span> <span class='ocrx_word' id='word_1_196' title='bbox 3529 1549 3543 1560; x_wconf 86' lang='lat'><strong>-</strong></span> 
     </span>
    </p>
   </div>
   <div class='ocr_carea' id='block_1_27' title="bbox 239 1607 3546 1686">
    <p class='ocr_par' dir='ltr' id='par_1_27' title="bbox 239 1607 3546 1686">
     <span class='ocr_line' id='line_1_27' title="bbox 239 1607 3546 1686; baseline 0 -18"><span class='ocrx_word' id='word_1_197' title='bbox 239 1611 363 1684; x_wconf 79' lang='lat' dir='ltr'><strong>IX).</strong></span> <span class='ocrx_word' id='word_1_198' title='bbox 408 1611 529 1668; x_wconf 89' lang='lat' dir='ltr'><strong>Cito</strong></span> <span class='ocrx_word' id='word_1_199' title='bbox 592 1611 734 1667; x_wconf 85' lang='lat' dir='ltr'><strong>enim</strong></span> <span class='ocrx_word' id='word_1_200' title='bbox 786 1617 1112 1682; x_wconf 78' lang='lat' dir='ltr'><strong>cognoverat</strong></span> <span class='ocrx_word' id='word_1_201' title='bbox 1155 1608 1343 1665; x_wconf 90' lang='lat' dir='ltr'><strong>Simon</strong></span> <span class='ocrx_word' id='word_1_202' title='bbox 1384 1607 1462 1680; x_wconf 68' lang='grc' dir='ltr'><strong>(Ξ)</strong></span> <span class='ocrx_word' id='word_1_203' title='bbox 1515 1608 1713 1679; x_wconf 88' lang='lat' dir='ltr'><strong>hospes</strong></span> <span class='ocrx_word' id='word_1_204' title='bbox 1752 1621 1845 1662; x_wconf 69' lang='lat' dir='ltr'><strong>vas</strong></span> <span class='ocrx_word' id='word_1_205' title='bbox 1948 1607 2031 1664; x_wconf 90' lang='lat' dir='ltr'><strong>dis</strong></span> <span class='ocrx_word' id='word_1_206' title='bbox 2061 1609 2288 1665; x_wconf 83' lang='lat' dir='ltr'><strong>lavacris</strong></span> <span class='ocrx_word' id='word_1_207' title='bbox 2316 1609 2635 1666; x_wconf 90' lang='lat' dir='ltr'><strong>latissimum</strong></span> <span class='ocrx_word' id='word_1_208' title='bbox 2687 1612 2918 1680; x_wconf 88' lang='lat' dir='ltr'><strong>spatium</strong></span> <span class='ocrx_word' id='word_1_209' title='bbox 2949 1615 3245 1685; x_wconf 79' lang='lat' dir='ltr'><strong>est(Act.,</strong></span> <span class='ocrx_word' id='word_1_210' title='bbox 3278 1612 3364 1686; x_wconf 91' lang='lat' dir='ltr'><strong>Il)</strong></span> <span class='ocrx_word' id='word_1_211' title='bbox 3390 1656 3406 1682; x_wconf 92' lang='lat'><strong>,</strong></span> <span class='ocrx_word' id='word_1_212' title='bbox 3439 1628 3546 1685; x_wconf 89' lang='lat' dir='ltr'><strong>quo</strong></span> 
     </span>
    </p>
   </div>
   <div class='ocr_carea' id='block_1_28' title="bbox 241 1701 3544 1776">
    <p class='ocr_par' dir='ltr' id='par_1_28' title="bbox 241 1701 3544 1776">
     <span class='ocr_line' id='line_1_28' title="bbox 241 1701 3544 1776; baseline -0.001 -13"><span class='ocrx_word' id='word_1_213' title='bbox 241 1721 371 1763; x_wconf 88' lang='lat' dir='ltr'><strong>eum</strong></span> <span class='ocrx_word' id='word_1_214' title='bbox 415 1720 536 1762; x_wconf 90' lang='lat' dir='ltr'><strong>esse</strong></span> <span class='ocrx_word' id='word_1_215' title='bbox 586 1705 863 1762; x_wconf 87' lang='lat' dir='ltr'><strong>electionis</strong></span> <span class='ocrx_word' id='word_1_216' title='bbox 907 1704 1276 1759; x_wconf 90' lang='lat' dir='ltr'><strong>constitutum.</strong></span> <span class='ocrx_word' id='word_1_217' title='bbox 1331 1702 1425 1758; x_wconf 88' lang='lat' dir='ltr'><strong>Dei</strong></span> <span class='ocrx_word' id='word_1_218' title='bbox 1454 1701 1691 1774; x_wconf 80' lang='lat' dir='ltr'><strong>dignatio</strong></span> <span class='ocrx_word' id='word_1_219' title='bbox 1721 1716 1847 1758; x_wconf 91' lang='lat' dir='ltr'><strong>suas</strong></span> <span class='ocrx_word' id='word_1_220' title='bbox 1949 1711 2005 1757; x_wconf 91' lang='lat' dir='ltr'><strong>et</strong></span> <span class='ocrx_word' id='word_1_221' title='bbox 2029 1701 2240 1756; x_wconf 91' lang='lat' dir='ltr'><strong>Domini</strong></span> <span class='ocrx_word' id='word_1_222' title='bbox 2266 1703 2589 1759; x_wconf 87' lang='lat' dir='ltr'><strong>resurrectio</strong></span> <span class='ocrx_word' id='word_1_223' title='bbox 2616 1706 2753 1758; x_wconf 90' lang='lat' dir='ltr'><strong>inter</strong></span> <span class='ocrx_word' id='word_1_224' title='bbox 2774 1703 3068 1775; x_wconf 86' lang='lat' dir='ltr'><strong>discipulos</strong></span> <span class='ocrx_word' id='word_1_225' title='bbox 3095 1703 3544 1776; x_wconf 84' lang='lat' dir='ltr'><strong>frequentataest,</strong></span> 
     </span>
    </p>
   </div>
   <div class='ocr_carea' id='block_1_29' title="bbox 245 1779 3549 1872">
    <p class='ocr_par' dir='ltr' id='par_1_29' title="bbox 245 1779 3549 1872">
     <span class='ocr_line' id='line_1_29' title="bbox 245 1779 3549 1872; baseline 0 -17"><span class='ocrx_word' id='word_1_226' title='bbox 245 1800 528 1872; x_wconf 56' lang='lat' dir='ltr'><strong>praemittit</strong></span> <span class='ocrx_word' id='word_1_227' title='bbox 565 1799 950 1871; x_wconf 72' lang='lat' dir='ltr'><strong>prmrogativas</strong></span> <span class='ocrx_word' id='word_1_228' title='bbox 975 1814 990 1864; x_wconf 91' lang='lat'><strong>;</strong></span> <span class='ocrx_word' id='word_1_229' title='bbox 1020 1799 1195 1853; x_wconf 90' lang='lat' dir='ltr'><strong>omnis</strong></span> <span class='ocrx_word' id='word_1_230' title='bbox 1226 1796 1412 1868; x_wconf 89' lang='lat' dir='ltr'><strong>petitio</strong></span> <span class='ocrx_word' id='word_1_231' title='bbox 1439 1808 1494 1854; x_wconf 92' lang='lat' dir='ltr'><strong>et</strong></span> <span class='ocrx_word' id='word_1_232' title='bbox 1521 1797 1772 1869; x_wconf 87' lang='lat' dir='ltr'><strong>decipere</strong></span> <span class='ocrx_word' id='word_1_233' title='bbox 1797 1806 1853 1852; x_wconf 89' lang='lat' dir='ltr'><strong>et</strong></span> <span class='ocrx_word' id='word_1_234' title='bbox 1879 1779 1928 1839; x_wconf 75' lang='grc' dir='ltr'><strong><em>Β</em></strong></span> <span class='ocrx_word' id='word_1_235' title='bbox 1957 1804 2014 1853; x_wconf 90' lang='lat' dir='ltr'><strong>et</strong></span> <span class='ocrx_word' id='word_1_236' title='bbox 2038 1796 2208 1868; x_wconf 85' lang='lat' dir='ltr'><strong>gratia</strong></span> <span class='ocrx_word' id='word_1_237' title='bbox 2233 1797 2468 1868; x_wconf 89' lang='lat' dir='ltr'><strong>Spiritus</strong></span> <span class='ocrx_word' id='word_1_238' title='bbox 2514 1797 2686 1854; x_wconf 85' lang='lat' dir='ltr'><strong>saneti</strong></span> <span class='ocrx_word' id='word_1_239' title='bbox 2713 1796 2977 1866; x_wconf 89' lang='lat' dir='ltr'><strong>dedicata,</strong></span> <span class='ocrx_word' id='word_1_240' title='bbox 3012 1807 3067 1854; x_wconf 91' lang='lat' dir='ltr'><strong>et</strong></span> <span class='ocrx_word' id='word_1_241' title='bbox 3119 1811 3243 1870; x_wconf 90' lang='lat' dir='ltr'><strong>spes</strong></span> <span class='ocrx_word' id='word_1_242' title='bbox 3287 1798 3549 1857; x_wconf 83' lang='lat' dir='ltr'><strong>adventus</strong></span> 
     </span>
    </p>
   </div>
   <div class='ocr_carea' id='block_1_30' title="bbox 243 1888 1850 1962">
    <p class='ocr_par' dir='ltr' id='par_1_30' title="bbox 243 1888 1850 1962">
     <span class='ocr_line' id='line_1_30' title="bbox 243 1888 1850 1962; baseline -0.003 -13"><span class='ocrx_word' id='word_1_243' title='bbox 243 1892 425 1962; x_wconf 90' lang='lat' dir='ltr'><strong>decipi</strong></span> <span class='ocrx_word' id='word_1_244' title='bbox 477 1899 672 1962; x_wconf 80' lang='lat' dir='ltr'><strong>potest.</strong></span> <span class='ocrx_word' id='word_1_245' title='bbox 725 1891 905 1962; x_wconf 88' lang='lat' dir='ltr'><strong>Itaque</strong></span> <span class='ocrx_word' id='word_1_246' title='bbox 949 1906 1064 1961; x_wconf 91' lang='lat' dir='ltr'><strong>pro_</strong></span> <span class='ocrx_word' id='word_1_247' title='bbox 1084 1889 1343 1960; x_wconf 86' lang='lat' dir='ltr'><strong>cujusque</strong></span> <span class='ocrx_word' id='word_1_248' title='bbox 1380 1904 1624 1960; x_wconf 89' lang='lat' dir='ltr'><strong>personae</strong></span> <span class='ocrx_word' id='word_1_249' title='bbox 1661 1888 1850 1944; x_wconf 90' lang='lat' dir='ltr'><strong>condi-</strong></span> 
     </span>
    </p>
   </div>
   <div class='ocr_carea' id='block_1_31' title="bbox 248 1980 1851 2055">
    <p class='ocr_par' dir='ltr' id='par_1_31' title="bbox 248 1980 1851 2055">
     <span class='ocr_line' id='line_1_31' title="bbox 248 1980 1851 2055; baseline -0.003 -14"><span class='ocrx_word' id='word_1_250' title='bbox 248 1987 402 2041; x_wconf 89' lang='lat' dir='ltr'><strong>tione</strong></span> <span class='ocrx_word' id='word_1_251' title='bbox 429 1999 492 2040; x_wconf 89' lang='lat' dir='ltr'><strong>ac</strong></span> <span class='ocrx_word' id='word_1_252' title='bbox 518 1984 889 2055; x_wconf 85' lang='lat' dir='ltr'><strong>dispositione,</strong></span> <span class='ocrx_word' id='word_1_253' title='bbox 924 1985 1086 2043; x_wconf 86' lang='lat' dir='ltr'><strong>etiam</strong></span> <span class='ocrx_word' id='word_1_254' title='bbox 1113 1991 1270 2038; x_wconf 58' lang='lat' dir='ltr'><strong>aetate</strong></span> <span class='ocrx_word' id='word_1_255' title='bbox 1299 1983 1568 2038; x_wconf 86' lang='lat' dir='ltr'><strong>cunctatio</strong></span> <span class='ocrx_word' id='word_1_256' title='bbox 1597 1980 1851 2054; x_wconf 89' lang='lat' dir='ltr'><strong>Baptismi</strong></span> 
     </span>
    </p>
   </div>
   <div class='ocr_carea' id='block_1_32' title="bbox 245 2074 1852 2148">
    <p class='ocr_par' dir='ltr' id='par_1_32' title="bbox 245 2074 1852 2148">
     <span class='ocr_line' id='line_1_32' title="bbox 245 2074 1852 2148; baseline -0.002 -15"><span class='ocrx_word' id='word_1_257' title='bbox 245 2079 435 2134; x_wconf 89' lang='lat' dir='ltr'><strong>utilior</strong></span> <span class='ocrx_word' id='word_1_258' title='bbox 476 2088 597 2133; x_wconf 91' lang='lat' dir='ltr'><strong>est:</strong></span> <span class='ocrx_word' id='word_1_259' title='bbox 642 2078 908 2148; x_wconf 64' lang='lat' dir='ltr'><strong>praecipue</strong></span> <span class='ocrx_word' id='word_1_260' title='bbox 961 2085 1139 2132; x_wconf 87' lang='lat' dir='ltr'><strong>tamen</strong></span> <span class='ocrx_word' id='word_1_261' title='bbox 1184 2076 1326 2132; x_wconf 88' lang='lat' dir='ltr'><strong>circa</strong></span> <span class='ocrx_word' id='word_1_262' title='bbox 1379 2076 1657 2148; x_wconf 87' lang='lat' dir='ltr'><strong>parvulos.</strong></span> <span class='ocrx_word' id='word_1_263' title='bbox 1714 2074 1852 2144; x_wconf 86' lang='lat' dir='ltr'><strong>Quid</strong></span> 
     </span>
    </p>
   </div>
   <div class='ocr_carea' id='block_1_33' title="bbox 244 2155 1856 2241">
    <p class='ocr_par' dir='ltr' id='par_1_33' title="bbox 244 2155 1856 2241">
     <span class='ocr_line' id='line_1_33' title="bbox 244 2155 1856 2241; baseline -0.003 -13"><span class='ocrx_word' id='word_1_264' title='bbox 244 2155 400 2228; x_wconf 78' lang='lat' dir='ltr'><strong>enim</strong></span> <span class='ocrx_word' id='word_1_265' title='bbox 447 2185 666 2226; x_wconf 90' lang='lat' dir='ltr'><strong>necesse</strong></span> <span class='ocrx_word' id='word_1_266' title='bbox 694 2179 776 2224; x_wconf 91' lang='lat' dir='ltr'><strong>est</strong></span> <span class='ocrx_word' id='word_1_267' title='bbox 807 2169 889 2241; x_wconf 78' lang='lat'><strong>(3)</strong></span> <span class='ocrx_word' id='word_1_268' title='bbox 917 2211 931 2237; x_wconf 92' lang='lat'><strong>,</strong></span> <span class='ocrx_word' id='word_1_269' title='bbox 961 2183 1254 2239; x_wconf 84' lang='lat' dir='ltr'><strong>sponsores</strong></span> <span class='ocrx_word' id='word_1_270' title='bbox 1297 2170 1457 2224; x_wconf 88' lang='lat' dir='ltr'><strong>etiam</strong></span> <span class='ocrx_word' id='word_1_271' title='bbox 1506 2169 1744 2238; x_wconf 86' lang='lat' dir='ltr'><strong>periequ</strong></span> <span class='ocrx_word' id='word_1_272' title='bbox 1773 2167 1856 2223; x_wconf 88' lang='lat' dir='ltr'><strong>in-</strong></span> 
     </span>
    </p>
   </div>
   <div class='ocr_carea' id='block_1_34' title="bbox 246 2257 1853 2338">
    <p class='ocr_par' dir='ltr' id='par_1_34' title="bbox 246 2257 1853 2338">
     <span class='ocr_line' id='line_1_34' title="bbox 246 2257 1853 2338; baseline -0.002 -18"><span class='ocrx_word' id='word_1_273' title='bbox 246 2265 369 2338; x_wconf 85' lang='lat' dir='ltr'><strong>geri</strong></span> <span class='ocrx_word' id='word_1_274' title='bbox 401 2265 478 2336; x_wconf 87' lang='lat' dir='ltr'><strong>(a)</strong></span> <span class='ocrx_word' id='word_1_275' title='bbox 509 2265 531 2320; x_wconf 89' lang='lat'><strong>?</strong></span> <span class='ocrx_word' id='word_1_276' title='bbox 564 2265 686 2336; x_wconf 89' lang='lat' dir='ltr'><strong>quia</strong></span> <span class='ocrx_word' id='word_1_277' title='bbox 739 2273 794 2320; x_wconf 91' lang='lat' dir='ltr'><strong>et</strong></span> <span class='ocrx_word' id='word_1_278' title='bbox 835 2263 936 2334; x_wconf 88' lang='lat' dir='ltr'><strong>ipsi</strong></span> <span class='ocrx_word' id='word_1_279' title='bbox 993 2263 1072 2334; x_wconf 76' lang='grc'><strong>(4)</strong></span> <span class='ocrx_word' id='word_1_280' title='bbox 1124 2278 1220 2336; x_wconf 90' lang='lat' dir='ltr'><strong>per</strong></span> <span class='ocrx_word' id='word_1_281' title='bbox 1261 2257 1647 2319; x_wconf 7' lang='lat' dir='ltr'><strong>(mortalitatem</strong></span> <span class='ocrx_word' id='word_1_282' title='bbox 1690 2262 1853 2319; x_wconf 86' lang='lat' dir='ltr'><strong>desti-</strong></span> 
     </span>
    </p>
   </div>
   <div class='ocr_carea' id='block_1_35' title="bbox 248 2357 1854 2435">
    <p class='ocr_par' dir='ltr' id='par_1_35' title="bbox 248 2357 1854 2435">
     <span class='ocr_line' id='line_1_35' title="bbox 248 2357 1854 2435; baseline 0 -21"><span class='ocrx_word' id='word_1_283' title='bbox 248 2367 411 2415; x_wconf 81' lang='lat' dir='ltr'><strong>tuere</strong></span> <span class='ocrx_word' id='word_1_284' title='bbox 451 2358 837 2428; x_wconf 89' lang='lat' dir='ltr'><strong>promissiones</strong></span> <span class='ocrx_word' id='word_1_285' title='bbox 866 2371 994 2412; x_wconf 87' lang='lat' dir='ltr'><strong>suas</strong></span> <span class='ocrx_word' id='word_1_286' title='bbox 1024 2365 1247 2435; x_wconf 66' lang='lat' dir='ltr'><strong>possunt</strong></span> <span class='ocrx_word' id='word_1_287' title='bbox 1271 2399 1285 2423; x_wconf 94' lang='lat'><strong>,</strong></span> <span class='ocrx_word' id='word_1_288' title='bbox 1313 2367 1368 2413; x_wconf 92' lang='lat' dir='ltr'><strong>et</strong></span> <span class='ocrx_word' id='word_1_289' title='bbox 1399 2367 1661 2428; x_wconf 83' lang='lat' dir='ltr'><strong>proventu</strong></span> <span class='ocrx_word' id='word_1_290' title='bbox 1699 2357 1854 2414; x_wconf 78' lang='lat' dir='ltr'><strong>mala:</strong></span> 
     </span>
    </p>
   </div>
   <div class='ocr_carea' id='block_1_36' title="bbox 248 2449 1856 2523">
    <p class='ocr_par' dir='ltr' id='par_1_36' title="bbox 248 2449 1856 2523">
     <span class='ocr_line' id='line_1_36' title="bbox 248 2449 1856 2523; baseline -0.001 -17"><span class='ocrx_word' id='word_1_291' title='bbox 248 2450 456 2506; x_wconf 87' lang='lat' dir='ltr'><strong>indolis</strong></span> <span class='ocrx_word' id='word_1_292' title='bbox 481 2449 612 2504; x_wconf 80' lang='lat' dir='ltr'><strong>falli.</strong></span> <span class='ocrx_word' id='word_1_293' title='bbox 647 2450 735 2504; x_wconf 80' lang='lat' dir='ltr'><strong>Ait</strong></span> <span class='ocrx_word' id='word_1_294' title='bbox 760 2449 974 2520; x_wconf 88' lang='lat' dir='ltr'><strong>quidem</strong></span> <span class='ocrx_word' id='word_1_295' title='bbox 1003 2449 1262 2506; x_wconf 83' lang='lat' dir='ltr'><strong>DOminns</strong></span> <span class='ocrx_word' id='word_1_296' title='bbox 1290 2467 1301 2503; x_wconf 92' lang='lat'>:</span> <span class='ocrx_word' id='word_1_297' title='bbox 1339 2449 1516 2506; x_wconf 82' lang='lat' dir='ltr'><strong>Nolite</strong></span> <span class='ocrx_word' id='word_1_298' title='bbox 1540 2451 1656 2506; x_wconf 86' lang='lat' dir='ltr'><strong>illos</strong></span> <span class='ocrx_word' id='word_1_299' title='bbox 1679 2451 1856 2523; x_wconf 83' lang='lat' dir='ltr'><strong>prohi-</strong></span> 
     </span>
    </p>
   </div>
   <div class='ocr_carea' id='block_1_37' title="bbox 249 2539 1858 2616">
    <p class='ocr_par' dir='ltr' id='par_1_37' title="bbox 249 2539 1858 2616">
     <span class='ocr_line' id='line_1_37' title="bbox 249 2539 1858 2616; baseline 0.003 -19"><span class='ocrx_word' id='word_1_300' title='bbox 249 2542 374 2597; x_wconf 80' lang='lat' dir='ltr'><strong>bere</strong></span> <span class='ocrx_word' id='word_1_301' title='bbox 412 2541 480 2597; x_wconf 83' lang='lat' dir='ltr'><strong>ad</strong></span> <span class='ocrx_word' id='word_1_302' title='bbox 509 2558 588 2597; x_wconf 86' lang='lat' dir='ltr'><strong>me</strong></span> <span class='ocrx_word' id='word_1_303' title='bbox 615 2542 784 2598; x_wconf 78' lang='lat' dir='ltr'><strong>venire</strong></span> <span class='ocrx_word' id='word_1_304' title='bbox 807 2540 1020 2614; x_wconf 78' lang='lat' dir='ltr'><strong>(Matth.</strong></span> <span class='ocrx_word' id='word_1_305' title='bbox 1061 2584 1078 2611; x_wconf 90' lang='lat'><strong>,</strong></span> <span class='ocrx_word' id='word_1_306' title='bbox 1111 2539 1266 2610; x_wconf 86' lang='lat' dir='ltr'><strong>XIX,</strong></span> <span class='ocrx_word' id='word_1_307' title='bbox 1302 2542 1413 2616; x_wconf 74' lang='grc'><strong>14).</strong></span> <span class='ocrx_word' id='word_1_308' title='bbox 1449 2543 1680 2600; x_wconf 82' lang='lat' dir='ltr'><strong>Veniant</strong></span> <span class='ocrx_word' id='word_1_309' title='bbox 1724 2559 1858 2616; x_wconf 83' lang='lat' dir='ltr'><strong>ergo</strong></span> 
     </span>
    </p>
   </div>
   <div class='ocr_carea' id='block_1_38' title="bbox 247 2634 1858 2708">
    <p class='ocr_par' dir='ltr' id='par_1_38' title="bbox 247 2634 1858 2708">
     <span class='ocr_line' id='line_1_38' title="bbox 247 2634 1858 2708; baseline 0.002 -19"><span class='ocrx_word' id='word_1_310' title='bbox 247 2634 387 2689; x_wconf 90' lang='lat' dir='ltr'><strong>dum</strong></span> <span class='ocrx_word' id='word_1_311' title='bbox 417 2634 772 2702; x_wconf 90' lang='lat' dir='ltr'><strong>adolescunt,</strong></span> <span class='ocrx_word' id='word_1_312' title='bbox 802 2634 1020 2690; x_wconf 89' lang='lat' dir='ltr'><strong>veniant</strong></span> <span class='ocrx_word' id='word_1_313' title='bbox 1045 2635 1172 2689; x_wconf 89' lang='lat' dir='ltr'><strong>dum</strong></span> <span class='ocrx_word' id='word_1_314' title='bbox 1198 2634 1414 2691; x_wconf 89' lang='lat' dir='ltr'><strong>discunt</strong></span> <span class='ocrx_word' id='word_1_315' title='bbox 1433 2679 1448 2704; x_wconf 92' lang='lat'><strong>,</strong></span> <span class='ocrx_word' id='word_1_316' title='bbox 1474 2635 1601 2692; x_wconf 90' lang='lat' dir='ltr'><strong>dum</strong></span> <span class='ocrx_word' id='word_1_317' title='bbox 1631 2651 1738 2708; x_wconf 93' lang='lat' dir='ltr'><strong>quo</strong></span> <span class='ocrx_word' id='word_1_318' title='bbox 1759 2651 1858 2692; x_wconf 87' lang='lat' dir='ltr'><strong>ve-</strong></span> 
     </span>
    </p>
   </div>
   <div class='ocr_carea' id='block_1_39' title="bbox 249 2725 1857 2796">
    <p class='ocr_par' dir='ltr' id='par_1_39' title="bbox 249 2725 1857 2796">
     <span class='ocr_line' id='line_1_39' title="bbox 249 2725 1857 2796; baseline 0.002 -15"><span class='ocrx_word' id='word_1_319' title='bbox 249 2727 455 2796; x_wconf 87' lang='lat' dir='ltr'><strong>niant,</strong></span> <span class='ocrx_word' id='word_1_320' title='bbox 502 2725 807 2793; x_wconf 87' lang='lat' dir='ltr'><strong>docentur;</strong></span> <span class='ocrx_word' id='word_1_321' title='bbox 855 2726 984 2781; x_wconf 89' lang='lat' dir='ltr'><strong>liant</strong></span> <span class='ocrx_word' id='word_1_322' title='bbox 1030 2725 1360 2794; x_wconf 89' lang='lat' dir='ltr'><strong>Christiani,</strong></span> <span class='ocrx_word' id='word_1_323' title='bbox 1392 2743 1514 2786; x_wconf 89' lang='lat' dir='ltr'><strong>cum</strong></span> <span class='ocrx_word' id='word_1_324' title='bbox 1587 2727 1857 2785; x_wconf 89' lang='lat' dir='ltr'><strong>Christum</strong></span> 
     </span>
    </p>
   </div>
   <div class='ocr_carea' id='block_1_40' title="bbox 251 2819 1859 2896">
    <p class='ocr_par' dir='ltr' id='par_1_40' title="bbox 251 2819 1859 2896">
     <span class='ocr_line' id='line_1_40' title="bbox 251 2819 1859 2896; baseline 0 -18"><span class='ocrx_word' id='word_1_325' title='bbox 251 2835 426 2878; x_wconf 86' lang='lat' dir='ltr'><strong>nosse</strong></span> <span class='ocrx_word' id='word_1_326' title='bbox 450 2821 742 2892; x_wconf 88' lang='lat' dir='ltr'><strong>potuerint.</strong></span> <span class='ocrx_word' id='word_1_327' title='bbox 776 2819 913 2888; x_wconf 88' lang='lat' dir='ltr'><strong>Quid</strong></span> <span class='ocrx_word' id='word_1_328' title='bbox 960 2819 1176 2876; x_wconf 89' lang='lat' dir='ltr'><strong>festinat</strong></span> <span class='ocrx_word' id='word_1_329' title='bbox 1220 2820 1479 2878; x_wconf 90' lang='lat' dir='ltr'><strong>innocens</strong></span> <span class='ocrx_word' id='word_1_330' title='bbox 1526 2833 1656 2878; x_wconf 70' lang='lat' dir='ltr'><strong>tetas</strong></span> <span class='ocrx_word' id='word_1_331' title='bbox 1686 2823 1762 2896; x_wconf 87' lang='lat' dir='ltr'><strong>(b)</strong></span> <span class='ocrx_word' id='word_1_332' title='bbox 1792 2821 1859 2878; x_wconf 91' lang='lat' dir='ltr'><strong>ad</strong></span> 
     </span>
    </p>
   </div>
   <div class='ocr_carea' id='block_1_41' title="bbox 251 2912 1862 2985">
    <p class='ocr_par' dir='ltr' id='par_1_41' title="bbox 251 2912 1862 2985">
     <span class='ocr_line' id='line_1_41' title="bbox 251 2912 1862 2985; baseline 0.001 -15"><span class='ocrx_word' id='word_1_333' title='bbox 251 2913 639 2973; x_wconf 80' lang='lat' dir='ltr'><strong>remissionem</strong></span> <span class='ocrx_word' id='word_1_334' title='bbox 683 2912 1072 2984; x_wconf 83' lang='lat' dir='ltr'><strong>peccatorum?</strong></span> <span class='ocrx_word' id='word_1_335' title='bbox 1097 2913 1316 2970; x_wconf 85' lang='lat' dir='ltr'><strong>Cautius</strong></span> <span class='ocrx_word' id='word_1_336' title='bbox 1343 2924 1534 2985; x_wconf 83' lang='lat' dir='ltr'><strong>agetur</strong></span> <span class='ocrx_word' id='word_1_337' title='bbox 1551 2915 1606 2970; x_wconf 86' lang='lat' dir='ltr'><strong>in</strong></span> <span class='ocrx_word' id='word_1_338' title='bbox 1635 2917 1862 2972; x_wconf 53' lang='lat' dir='ltr'><strong>saecula.</strong></span> 
     </span>
    </p>
   </div>
   <div class='ocr_carea' id='block_1_42' title="bbox 253 3005 1859 3075">
    <p class='ocr_par' dir='ltr' id='par_1_42' title="bbox 253 3005 1859 3075">
     <span class='ocr_line' id='line_1_42' title="bbox 253 3005 1859 3075; baseline 0.002 -13"><span class='ocrx_word' id='word_1_339' title='bbox 253 3006 418 3062; x_wconf 84' lang='lat' dir='ltr'><strong>ribus</strong></span> <span class='ocrx_word' id='word_1_340' title='bbox 439 3047 454 3072; x_wconf 89' lang='lat'><strong>,</strong></span> <span class='ocrx_word' id='word_1_341' title='bbox 484 3013 543 3060; x_wconf 90' lang='lat' dir='ltr'><strong>ut</strong></span> <span class='ocrx_word' id='word_1_342' title='bbox 569 3006 654 3060; x_wconf 90' lang='lat' dir='ltr'><strong>cui</strong></span> <span class='ocrx_word' id='word_1_343' title='bbox 683 3005 979 3064; x_wconf 89' lang='lat' dir='ltr'><strong>substantia</strong></span> <span class='ocrx_word' id='word_1_344' title='bbox 1019 3015 1233 3064; x_wconf 87' lang='lat' dir='ltr'><strong>terrena</strong></span> <span class='ocrx_word' id='word_1_345' title='bbox 1260 3022 1362 3066; x_wconf 90' lang='lat' dir='ltr'><strong>non</strong></span> <span class='ocrx_word' id='word_1_346' title='bbox 1393 3007 1650 3075; x_wconf 79' lang='lat' dir='ltr'><strong>creditur,</strong></span> <span class='ocrx_word' id='word_1_347' title='bbox 1681 3008 1859 3066; x_wconf 86' lang='lat' dir='ltr'><strong>divina</strong></span> 
     </span>
    </p>
   </div>
   <div class='ocr_carea' id='block_1_43' title="bbox 1957 1889 3550 1964">
    <p class='ocr_par' dir='ltr' id='par_1_43' title="bbox 1957 1889 3550 1964">
     <span class='ocr_line' id='line_1_43' title="bbox 1957 1889 3550 1964; baseline 0.003 -19"><span class='ocrx_word' id='word_1_348' title='bbox 1957 1889 2168 1946; x_wconf 91' lang='lat' dir='ltr'><strong>Domini</strong></span> <span class='ocrx_word' id='word_1_349' title='bbox 2223 1890 2564 1960; x_wconf 90' lang='lat' dir='ltr'><strong>subostensa,</strong></span> <span class='ocrx_word' id='word_1_350' title='bbox 2597 1891 2739 1962; x_wconf 89' lang='lat' dir='ltr'><strong>quod</strong></span> <span class='ocrx_word' id='word_1_351' title='bbox 2790 1901 2916 1948; x_wconf 91' lang='lat' dir='ltr'><strong>tunc</strong></span> <span class='ocrx_word' id='word_1_352' title='bbox 2944 1893 2996 1947; x_wconf 91' lang='lat' dir='ltr'><strong>in</strong></span> <span class='ocrx_word' id='word_1_353' title='bbox 3027 1893 3193 1949; x_wconf 68' lang='lat' dir='ltr'><strong>caelos</strong></span> <span class='ocrx_word' id='word_1_354' title='bbox 3233 1902 3550 1964; x_wconf 88' lang='lat' dir='ltr'><strong>recuperato</strong></span> 
     </span>
    </p>
   </div>
   <div class='ocr_carea' id='block_1_44' title="bbox 1956 1982 3553 2057">
    <p class='ocr_par' dir='ltr' id='par_1_44' title="bbox 1956 1982 3553 2057">
     <span class='ocr_line' id='line_1_44' title="bbox 1956 1982 3553 2057; baseline 0.003 -18"><span class='ocrx_word' id='word_1_355' title='bbox 1956 1998 2042 2049; x_wconf 91' lang='lat' dir='ltr'><strong>eo,</strong></span> <span class='ocrx_word' id='word_1_356' title='bbox 2070 1983 2260 2055; x_wconf 85' lang='lat' dir='ltr'><strong>Angeli</strong></span> <span class='ocrx_word' id='word_1_357' title='bbox 2288 1984 2353 2040; x_wconf 89' lang='lat' dir='ltr'><strong>ad</strong></span> <span class='ocrx_word' id='word_1_358' title='bbox 2384 1986 2656 2055; x_wconf 90' lang='lat' dir='ltr'><strong>apostolos</strong></span> <span class='ocrx_word' id='word_1_359' title='bbox 2675 1982 2944 2056; x_wconf 83' lang='lat' dir='ltr'><strong>dixerunt,</strong></span> <span class='ocrx_word' id='word_1_360' title='bbox 2962 1988 3040 2042; x_wconf 92' lang='lat' dir='ltr'><strong>sic</strong></span> <span class='ocrx_word' id='word_1_361' title='bbox 3063 1995 3346 2042; x_wconf 89' lang='lat' dir='ltr'><strong>venturum</strong></span> <span class='ocrx_word' id='word_1_362' title='bbox 3363 2001 3553 2057; x_wconf 83' lang='lat' dir='ltr'><strong>quem-</strong></span> 
     </span>
    </p>
   </div>
   <div class='ocr_carea' id='block_1_45' title="bbox 1957 2075 3554 2151">
    <p class='ocr_par' dir='ltr' id='par_1_45' title="bbox 1957 2075 3554 2151">
     <span class='ocr_line' id='line_1_45' title="bbox 1957 2075 3554 2151; baseline 0.002 -20"><span class='ocrx_word' id='word_1_363' title='bbox 1957 2075 2249 2132; x_wconf 88' lang='lat' dir='ltr'><strong>admodum</strong></span> <span class='ocrx_word' id='word_1_364' title='bbox 2303 2089 2356 2132; x_wconf 92' lang='lat' dir='ltr'><strong>et</strong></span> <span class='ocrx_word' id='word_1_365' title='bbox 2411 2078 2462 2132; x_wconf 86' lang='lat' dir='ltr'><strong>in</strong></span> <span class='ocrx_word' id='word_1_366' title='bbox 2495 2078 2662 2133; x_wconf 83' lang='lat' dir='ltr'><strong>caelos</strong></span> <span class='ocrx_word' id='word_1_367' title='bbox 2707 2077 3024 2135; x_wconf 88' lang='lat' dir='ltr'><strong>conscendit</strong></span> <span class='ocrx_word' id='word_1_368' title='bbox 3080 2077 3241 2151; x_wconf 59' lang='lat' dir='ltr'><strong>(Ach,</strong></span> <span class='ocrx_word' id='word_1_369' title='bbox 3271 2076 3317 2150; x_wconf 88' lang='grc' dir='ltr'><strong>Ι)</strong></span> <span class='ocrx_word' id='word_1_370' title='bbox 3370 2078 3554 2150; x_wconf 88' lang='lat' dir='ltr'><strong>utique</strong></span> 
     </span>
    </p>
   </div>
   <div class='ocr_carea' id='block_1_46' title="bbox 1957 2169 3556 2227">
    <p class='ocr_par' dir='ltr' id='par_1_46' title="bbox 1957 2169 3556 2227">
     <span class='ocr_line' id='line_1_46' title="bbox 1957 2169 3556 2227; baseline 0.001 -3"><span class='ocrx_word' id='word_1_371' title='bbox 1957 2169 2012 2224; x_wconf 89' lang='lat' dir='ltr'><strong>in</strong></span> <span class='ocrx_word' id='word_1_372' title='bbox 2042 2169 2374 2226; x_wconf 88' lang='lat' dir='ltr'><strong>Pentecoste.</strong></span> <span class='ocrx_word' id='word_1_373' title='bbox 2409 2169 2516 2226; x_wconf 88' lang='lat' dir='ltr'><strong>Sed</strong></span> <span class='ocrx_word' id='word_1_374' title='bbox 2538 2170 2680 2226; x_wconf 91' lang='lat' dir='ltr'><strong>enim</strong></span> <span class='ocrx_word' id='word_1_375' title='bbox 2706 2169 2968 2227; x_wconf 86' lang='lat' dir='ltr'><strong>Jeremias</strong></span> <span class='ocrx_word' id='word_1_376' title='bbox 2995 2186 3116 2226; x_wconf 92' lang='lat' dir='ltr'><strong>cum</strong></span> <span class='ocrx_word' id='word_1_377' title='bbox 3145 2171 3309 2227; x_wconf 90' lang='lat' dir='ltr'><strong>dicit:</strong></span> <span class='ocrx_word' id='word_1_378' title='bbox 3344 2170 3409 2225; x_wconf 78' lang='lat' dir='ltr'><strong>Et</strong></span> <span class='ocrx_word' id='word_1_379' title='bbox 3433 2187 3556 2226; x_wconf 81' lang='lat' dir='ltr'><strong>con-</strong></span> 
     </span>
    </p>
   </div>
   <div class='ocr_carea' id='block_1_47' title="bbox 1957 2260 3552 2335">
    <p class='ocr_par' dir='ltr' id='par_1_47' title="bbox 1957 2260 3552 2335">
     <span class='ocr_line' id='line_1_47' title="bbox 1957 2260 3552 2335; baseline 0.001 -20"><span class='ocrx_word' id='word_1_380' title='bbox 1957 2261 2174 2335; x_wconf 80' lang='lat' dir='ltr'><strong>gregabo</strong></span> <span class='ocrx_word' id='word_1_381' title='bbox 2202 2262 2318 2316; x_wconf 87' lang='lat' dir='ltr'><strong>illos</strong></span> <span class='ocrx_word' id='word_1_382' title='bbox 2344 2262 2405 2316; x_wconf 83' lang='lat' dir='ltr'><strong>ab</strong></span> <span class='ocrx_word' id='word_1_383' title='bbox 2450 2264 2683 2318; x_wconf 74' lang='lat' dir='ltr'><strong>extremis</strong></span> <span class='ocrx_word' id='word_1_384' title='bbox 2712 2272 2858 2317; x_wconf 68' lang='lat' dir='ltr'><strong>terrae</strong></span> <span class='ocrx_word' id='word_1_385' title='bbox 2895 2263 2948 2317; x_wconf 84' lang='lat' dir='ltr'><strong>in</strong></span> <span class='ocrx_word' id='word_1_386' title='bbox 2973 2264 3054 2317; x_wconf 87' lang='lat' dir='ltr'><strong>die</strong></span> <span class='ocrx_word' id='word_1_387' title='bbox 3073 2267 3201 2335; x_wconf 76' lang='lat' dir='ltr'><strong>{esto</strong></span> <span class='ocrx_word' id='word_1_388' title='bbox 3223 2263 3383 2333; x_wconf 84' lang='lat' dir='ltr'><strong>(Jer.,</strong></span> <span class='ocrx_word' id='word_1_389' title='bbox 3405 2260 3552 2328; x_wconf 87' lang='lat' dir='ltr'><strong>XXI,</strong></span> 
     </span>
    </p>
   </div>
   <div class='ocr_carea' id='block_1_48' title="bbox 1960 2354 3558 2427">
    <p class='ocr_par' dir='ltr' id='par_1_48' title="bbox 1960 2354 3558 2427">
     <span class='ocr_line' id='line_1_48' title="bbox 1960 2354 3558 2427; baseline 0.001 -17"><span class='ocrx_word' id='word_1_390' title='bbox 1960 2354 2038 2426; x_wconf 89' lang='lat'><strong>8),</strong></span> <span class='ocrx_word' id='word_1_391' title='bbox 2075 2354 2295 2411; x_wconf 74' lang='lat' dir='ltr'><strong>Pascha:</strong></span> <span class='ocrx_word' id='word_1_392' title='bbox 2321 2354 2462 2410; x_wconf 88' lang='lat' dir='ltr'><strong>diem</strong></span> <span class='ocrx_word' id='word_1_393' title='bbox 2483 2355 2745 2427; x_wconf 82' lang='lat' dir='ltr'><strong>signiﬁcat</strong></span> <span class='ocrx_word' id='word_1_394' title='bbox 2767 2365 2822 2410; x_wconf 90' lang='lat' dir='ltr'><strong>et</strong></span> <span class='ocrx_word' id='word_1_395' title='bbox 2841 2355 3203 2422; x_wconf 88' lang='lat' dir='ltr'><strong>Pentecostes,</strong></span> <span class='ocrx_word' id='word_1_396' title='bbox 3219 2357 3310 2427; x_wconf 88' lang='lat' dir='ltr'><strong>qui</strong></span> <span class='ocrx_word' id='word_1_397' title='bbox 3334 2365 3416 2412; x_wconf 91' lang='lat' dir='ltr'><strong>est</strong></span> <span class='ocrx_word' id='word_1_398' title='bbox 3434 2372 3558 2427; x_wconf 87' lang='lat' dir='ltr'><strong>pro-</strong></span> 
     </span>
    </p>
   </div>
   <div class='ocr_carea' id='block_1_49' title="bbox 1959 2447 3556 2518">
    <p class='ocr_par' dir='ltr' id='par_1_49' title="bbox 1959 2447 3556 2518">
     <span class='ocr_line' id='line_1_49' title="bbox 1959 2447 3556 2518; baseline 0.001 -14"><span class='ocrx_word' id='word_1_399' title='bbox 1959 2448 2076 2518; x_wconf 87' lang='lat' dir='ltr'><strong>prie</strong></span> <span class='ocrx_word' id='word_1_400' title='bbox 2105 2447 2221 2504; x_wconf 88' lang='lat' dir='ltr'><strong>dies</strong></span> <span class='ocrx_word' id='word_1_401' title='bbox 2263 2447 2446 2503; x_wconf 80' lang='lat' dir='ltr'><strong>festus.</strong></span> <span class='ocrx_word' id='word_1_402' title='bbox 2483 2448 2749 2505; x_wconf 60' lang='lat' dir='ltr'><strong>Caeterum</strong></span> <span class='ocrx_word' id='word_1_403' title='bbox 2804 2449 2984 2506; x_wconf 92' lang='lat' dir='ltr'><strong>omnis</strong></span> <span class='ocrx_word' id='word_1_404' title='bbox 3022 2449 3140 2506; x_wconf 90' lang='lat' dir='ltr'><strong>dies</strong></span> <span class='ocrx_word' id='word_1_405' title='bbox 3182 2449 3395 2506; x_wconf 91' lang='lat' dir='ltr'><strong>Domini</strong></span> <span class='ocrx_word' id='word_1_406' title='bbox 3451 2458 3556 2517; x_wconf 88' lang='lat' dir='ltr'><strong>est,</strong></span> 
     </span>
    </p>
   </div>
   <div class='ocr_carea' id='block_1_50' title="bbox 1961 2540 3561 2612">
    <p class='ocr_par' dir='ltr' id='par_1_50' title="bbox 1961 2540 3561 2612">
     <span class='ocr_line' id='line_1_50' title="bbox 1961 2540 3561 2612; baseline 0.001 -15"><span class='ocrx_word' id='word_1_407' title='bbox 1961 2541 2136 2598; x_wconf 90' lang='lat' dir='ltr'><strong>omnis</strong></span> <span class='ocrx_word' id='word_1_408' title='bbox 2167 2540 2320 2609; x_wconf 86' lang='lat' dir='ltr'><strong>hora,</strong></span> <span class='ocrx_word' id='word_1_409' title='bbox 2354 2555 2514 2598; x_wconf 91' lang='lat' dir='ltr'><strong>omne</strong></span> <span class='ocrx_word' id='word_1_410' title='bbox 2568 2551 2774 2610; x_wconf 88' lang='lat' dir='ltr'><strong>tempus</strong></span> <span class='ocrx_word' id='word_1_411' title='bbox 2813 2541 2992 2598; x_wconf 90' lang='lat' dir='ltr'><strong>habile</strong></span> <span class='ocrx_word' id='word_1_412' title='bbox 3041 2541 3315 2612; x_wconf 84' lang='lat' dir='ltr'><strong>Baptismo</strong></span> <span class='ocrx_word' id='word_1_413' title='bbox 3357 2560 3370 2598; x_wconf 90' lang='lat'><strong>:</strong></span> <span class='ocrx_word' id='word_1_414' title='bbox 3403 2542 3449 2598; x_wconf 91' lang='lat' dir='ltr'><strong>si</strong></span> <span class='ocrx_word' id='word_1_415' title='bbox 3492 2541 3561 2599; x_wconf 91' lang='lat' dir='ltr'><strong>de</strong></span> 
     </span>
    </p>
   </div>
   <div class='ocr_carea' id='block_1_51' title="bbox 1964 2633 3237 2704">
    <p class='ocr_par' dir='ltr' id='par_1_51' title="bbox 1964 2633 3237 2704">
     <span class='ocr_line' id='line_1_51' title="bbox 1964 2633 3237 2704; baseline -0.002 -14"><span class='ocrx_word' id='word_1_416' title='bbox 1964 2634 2308 2691; x_wconf 86' lang='lat' dir='ltr'><strong>solemnitate</strong></span> <span class='ocrx_word' id='word_1_417' title='bbox 2334 2633 2576 2700; x_wconf 89' lang='lat' dir='ltr'><strong>interest,</strong></span> <span class='ocrx_word' id='word_1_418' title='bbox 2605 2633 2674 2688; x_wconf 86' lang='lat' dir='ltr'><strong>de</strong></span> <span class='ocrx_word' id='word_1_419' title='bbox 2693 2635 2862 2704; x_wconf 87' lang='lat' dir='ltr'><strong>gratia</strong></span> <span class='ocrx_word' id='word_1_420' title='bbox 2891 2633 3025 2688; x_wconf 88' lang='lat' dir='ltr'><strong>nihil</strong></span> <span class='ocrx_word' id='word_1_421' title='bbox 3052 2635 3237 2694; x_wconf 80' lang='lat' dir='ltr'><strong>refert.</strong></span> 
     </span>
    </p>
   </div>
   <div class='ocr_carea' id='block_1_52' title="bbox 2565 2725 2954 2783">
    <p class='ocr_par' dir='ltr' id='par_1_52' title="bbox 2565 2725 2954 2783">
     <span class='ocr_line' id='line_1_52' title="bbox 2565 2725 2954 2783; baseline -0.003 -1"><span class='ocrx_word' id='word_1_422' title='bbox 2565 2725 2795 2783; x_wconf 82' lang='lat' dir='ltr'><strong>CAPUT</strong></span> <span class='ocrx_word' id='word_1_423' title='bbox 2834 2725 2954 2782; x_wconf 80' lang='lat' dir='ltr'><strong>XX.</strong></span> 
     </span>
    </p>
   </div>
   <div class='ocr_carea' id='block_1_53' title="bbox 2039 2820 3568 2894">
    <p class='ocr_par' dir='ltr' id='par_1_53' title="bbox 2039 2820 3568 2894">
     <span class='ocr_line' id='line_1_53' title="bbox 2039 2820 3568 2894; baseline 0.003 -20"><span class='ocrx_word' id='word_1_424' title='bbox 2039 2820 2378 2892; x_wconf 82' lang='lat' dir='ltr'><strong>Ingressuros</strong></span> <span class='ocrx_word' id='word_1_425' title='bbox 2409 2820 2738 2891; x_wconf 89' lang='lat' dir='ltr'><strong>Baptismum</strong></span> <span class='ocrx_word' id='word_1_426' title='bbox 2770 2861 2784 2890; x_wconf 91' lang='lat'><strong>,</strong></span> <span class='ocrx_word' id='word_1_427' title='bbox 2827 2820 3164 2878; x_wconf 87' lang='lat' dir='ltr'><strong>orationibus</strong></span> <span class='ocrx_word' id='word_1_428' title='bbox 3209 2822 3412 2878; x_wconf 87' lang='lat' dir='ltr'><strong>crebris</strong></span> <span class='ocrx_word' id='word_1_429' title='bbox 3435 2865 3450 2892; x_wconf 90' lang='lat'><strong>,</strong></span> <span class='ocrx_word' id='word_1_430' title='bbox 3486 2823 3568 2894; x_wconf 83' lang='lat' dir='ltr'><strong>je-</strong></span> 
     </span>
    </p>
   </div>
   <div class='ocr_carea' id='block_1_54' title="bbox 1959 2914 3565 2987">
    <p class='ocr_par' dir='ltr' id='par_1_54' title="bbox 1959 2914 3565 2987">
     <span class='ocr_line' id='line_1_54' title="bbox 1959 2914 3565 2987; baseline -0.001 -15"><span class='ocrx_word' id='word_1_431' title='bbox 1959 2914 2129 2987; x_wconf 82' lang='lat' dir='ltr'><strong>juniis</strong></span> <span class='ocrx_word' id='word_1_432' title='bbox 2157 2924 2212 2972; x_wconf 83' lang='lat' dir='ltr'><strong>et</strong></span> <span class='ocrx_word' id='word_1_433' title='bbox 2233 2915 2742 2987; x_wconf 75' lang='lat' dir='ltr'><strong>geniculationibus,</strong></span> <span class='ocrx_word' id='word_1_434' title='bbox 2803 2923 2858 2971; x_wconf 87' lang='lat' dir='ltr'><strong>et</strong></span> <span class='ocrx_word' id='word_1_435' title='bbox 2885 2915 3178 2986; x_wconf 78' lang='lat' dir='ltr'><strong>pervigiliis</strong></span> <span class='ocrx_word' id='word_1_436' title='bbox 3215 2930 3371 2974; x_wconf 86' lang='lat' dir='ltr'><strong>orare</strong></span> <span class='ocrx_word' id='word_1_437' title='bbox 3393 2930 3565 2986; x_wconf 60' lang='lat' dir='ltr'><strong>opor.</strong></span> 
     </span>
    </p>
   </div>
   <div class='ocr_carea' id='block_1_55' title="bbox 1966 3008 3565 3076">
    <p class='ocr_par' dir='ltr' id='par_1_55' title="bbox 1966 3008 3565 3076">
     <span class='ocr_line' id='line_1_55' title="bbox 1966 3008 3565 3076; baseline -0.002 -10"><span class='ocrx_word' id='word_1_438' title='bbox 1966 3016 2065 3074; x_wconf 84' lang='lat' dir='ltr'><strong>tet,</strong></span> <span class='ocrx_word' id='word_1_439' title='bbox 2083 3019 2142 3064; x_wconf 85' lang='lat' dir='ltr'><strong>et</strong></span> <span class='ocrx_word' id='word_1_440' title='bbox 2186 3022 2305 3070; x_wconf 88' lang='lat' dir='ltr'><strong>cum</strong></span> <span class='ocrx_word' id='word_1_441' title='bbox 2351 3008 2693 3068; x_wconf 82' lang='lat' dir='ltr'><strong>confessione</strong></span> <span class='ocrx_word' id='word_1_442' title='bbox 2741 3008 2980 3067; x_wconf 90' lang='lat' dir='ltr'><strong>omnimn</strong></span> <span class='ocrx_word' id='word_1_443' title='bbox 3031 3019 3176 3066; x_wconf 89' lang='lat' dir='ltr'><strong>retro</strong></span> <span class='ocrx_word' id='word_1_444' title='bbox 3224 3008 3565 3076; x_wconf 89' lang='lat' dir='ltr'><strong>delictorum,</strong></span> 
     </span>
    </p>
   </div>
   <div class='ocr_carea' id='block_1_56' title="bbox 255 3099 3568 3182">
    <p class='ocr_par' dir='ltr' id='par_1_56' title="bbox 255 3099 3568 3182">
     <span class='ocr_line' id='line_1_56' title="bbox 255 3099 3568 3182; baseline -0.001 -25"><span class='ocrx_word' id='word_1_445' title='bbox 255 3100 659 3170; x_wconf 82' lang='lat' dir='ltr'><strong>credatur(5);</strong></span> <span class='ocrx_word' id='word_1_446' title='bbox 688 3101 868 3154; x_wconf 91' lang='lat' dir='ltr'><strong>norint</strong></span> <span class='ocrx_word' id='word_1_447' title='bbox 919 3108 1103 3169; x_wconf 90' lang='lat' dir='ltr'><strong>petere</strong></span> <span class='ocrx_word' id='word_1_448' title='bbox 1147 3100 1406 3166; x_wconf 90' lang='lat' dir='ltr'><strong>salutem,</strong></span> <span class='ocrx_word' id='word_1_449' title='bbox 1439 3109 1498 3156; x_wconf 90' lang='lat' dir='ltr'><strong>ut</strong></span> <span class='ocrx_word' id='word_1_450' title='bbox 1544 3105 1744 3172; x_wconf 88' lang='lat' dir='ltr'><strong>petenti</strong></span> <span class='ocrx_word' id='word_1_451' title='bbox 1773 3105 1866 3161; x_wconf 90' lang='lat' dir='ltr'><strong>de-</strong></span> <span class='ocrx_word' id='word_1_452' title='bbox 1893 3117 1937 3182; x_wconf 72' lang='grc' dir='ltr'><strong>ρ</strong></span> <span class='ocrx_word' id='word_1_453' title='bbox 1973 3099 2044 3174; x_wconf 91' lang='lat' dir='ltr'><strong>(e)</strong></span> <span class='ocrx_word' id='word_1_454' title='bbox 2105 3111 2162 3155; x_wconf 90' lang='lat' dir='ltr'><strong>ut</strong></span> <span class='ocrx_word' id='word_1_455' title='bbox 2209 3111 2479 3172; x_wconf 85' lang='lat' dir='ltr'><strong>exponant</strong></span> <span class='ocrx_word' id='word_1_456' title='bbox 2551 3103 2709 3156; x_wconf 87' lang='lat' dir='ltr'><strong>etiam</strong></span> <span class='ocrx_word' id='word_1_457' title='bbox 2777 3101 3105 3170; x_wconf 87' lang='lat' dir='ltr'><strong>Baptismum</strong></span> <span class='ocrx_word' id='word_1_458' title='bbox 3177 3099 3398 3156; x_wconf 85' lang='lat' dir='ltr'><strong>Joannis</strong></span> <span class='ocrx_word' id='word_1_459' title='bbox 3457 3099 3568 3173; x_wconf 69' lang='grc' dir='ltr'><strong>(ι’),</strong></span> 
     </span>
    </p>
   </div>
   <div class='ocr_carea' id='block_1_57' title="bbox 251 3193 1865 3274">
    <p class='ocr_par' dir='ltr' id='par_1_57' title="bbox 251 3193 1865 3274">
     <span class='ocr_line' id='line_1_57' title="bbox 251 3193 1865 3274; baseline 0.003 -23"><span class='ocrx_word' id='word_1_460' title='bbox 251 3194 414 3252; x_wconf 89' lang='lat' dir='ltr'><strong>disse</strong></span> <span class='ocrx_word' id='word_1_461' title='bbox 439 3193 692 3249; x_wconf 88' lang='lat' dir='ltr'><strong>videaris.</strong></span> <span class='ocrx_word' id='word_1_462' title='bbox 723 3194 837 3249; x_wconf 90' lang='lat' dir='ltr'><strong>Non</strong></span> <span class='ocrx_word' id='word_1_463' title='bbox 865 3195 1073 3248; x_wconf 91' lang='lat' dir='ltr'><strong>minore</strong></span> <span class='ocrx_word' id='word_1_464' title='bbox 1103 3193 1171 3250; x_wconf 89' lang='lat' dir='ltr'><strong>de</strong></span> <span class='ocrx_word' id='word_1_465' title='bbox 1193 3197 1382 3250; x_wconf 72' lang='lat' dir='ltr'><strong>caussa</strong></span> <span class='ocrx_word' id='word_1_466' title='bbox 1415 3197 1622 3266; x_wconf 78' lang='lat' dir='ltr'><strong>innupti</strong></span> <span class='ocrx_word' id='word_1_467' title='bbox 1649 3214 1865 3274; x_wconf 87' lang='lat' dir='ltr'><strong>quoque</strong></span> 
     </span>
    </p>
   </div>
   <div class='ocr_carea' id='block_1_58' title="bbox 254 3284 1863 3360">
    <p class='ocr_par' dir='ltr' id='par_1_58' title="bbox 254 3284 1863 3360">
     <span class='ocr_line' id='line_1_58' title="bbox 254 3284 1863 3360; baseline 0.002 -18"><span class='ocrx_word' id='word_1_468' title='bbox 254 3284 698 3360; x_wconf 84' lang='lat' dir='ltr'><strong>procrastinandi</strong></span> <span class='ocrx_word' id='word_1_469' title='bbox 720 3327 734 3351; x_wconf 90' lang='lat'><strong>,</strong></span> <span class='ocrx_word' id='word_1_470' title='bbox 765 3284 818 3339; x_wconf 93' lang='lat' dir='ltr'><strong>in</strong></span> <span class='ocrx_word' id='word_1_471' title='bbox 846 3285 1037 3354; x_wconf 86' lang='lat' dir='ltr'><strong>quibus</strong></span> <span class='ocrx_word' id='word_1_472' title='bbox 1065 3288 1288 3347; x_wconf 85' lang='lat' dir='ltr'><strong>tentatio</strong></span> <span class='ocrx_word' id='word_1_473' title='bbox 1317 3297 1612 3357; x_wconf 70' lang='lat' dir='ltr'><strong>praeparata</strong></span> <span class='ocrx_word' id='word_1_474' title='bbox 1636 3299 1724 3346; x_wconf 86' lang='lat' dir='ltr'><strong>est</strong></span> <span class='ocrx_word' id='word_1_475' title='bbox 1755 3299 1863 3346; x_wconf 86' lang='lat' dir='ltr'><strong>tam</strong></span> 
     </span>
    </p>
   </div>
   <div class='ocr_carea' id='block_1_59' title="bbox 253 3379 1862 3454">
    <p class='ocr_par' dir='ltr' id='par_1_59' title="bbox 253 3379 1862 3454">
     <span class='ocr_line' id='line_1_59' title="bbox 253 3379 1862 3454; baseline -0.001 -15"><span class='ocrx_word' id='word_1_476' title='bbox 253 3379 568 3452; x_wconf 77' lang='lat' dir='ltr'><strong>virginibus</strong></span> <span class='ocrx_word' id='word_1_477' title='bbox 599 3393 692 3450; x_wconf 90' lang='lat' dir='ltr'><strong>per</strong></span> <span class='ocrx_word' id='word_1_478' title='bbox 721 3379 1081 3434; x_wconf 89' lang='lat' dir='ltr'><strong>maturitatem</strong></span> <span class='ocrx_word' id='word_1_479' title='bbox 1108 3421 1123 3444; x_wconf 89' lang='lat'><strong>,</strong></span> <span class='ocrx_word' id='word_1_480' title='bbox 1156 3393 1316 3448; x_wconf 86' lang='lat' dir='ltr'><strong>quam</strong></span> <span class='ocrx_word' id='word_1_481' title='bbox 1360 3379 1534 3434; x_wconf 87' lang='lat' dir='ltr'><strong>viduis</strong></span> <span class='ocrx_word' id='word_1_482' title='bbox 1577 3397 1673 3451; x_wconf 86' lang='lat' dir='ltr'><strong>per</strong></span> <span class='ocrx_word' id='word_1_483' title='bbox 1696 3397 1862 3454; x_wconf 85' lang='lat' dir='ltr'><strong>vaga-</strong></span> 
     </span>
    </p>
   </div>
   <div class='ocr_carea' id='block_1_60' title="bbox 1974 3193 3568 3267">
    <p class='ocr_par' dir='ltr' id='par_1_60' title="bbox 1974 3193 3568 3267">
     <span class='ocr_line' id='line_1_60' title="bbox 1974 3193 3568 3267; baseline 0 -18"><span class='ocrx_word' id='word_1_484' title='bbox 1974 3193 2390 3267; x_wconf 81' lang='lat' dir='ltr'><strong>Tinguebantttr,</strong></span> <span class='ocrx_word' id='word_1_485' title='bbox 2430 3195 2621 3264; x_wconf 89' lang='lat' dir='ltr'><strong>inquit,</strong></span> <span class='ocrx_word' id='word_1_486' title='bbox 2666 3195 3157 3262; x_wconf 79' lang='lat' dir='ltr'><strong>confitentesdelicta</strong></span> <span class='ocrx_word' id='word_1_487' title='bbox 3197 3211 3289 3248; x_wconf 87' lang='lat' dir='ltr'><strong>sua</strong></span> <span class='ocrx_word' id='word_1_488' title='bbox 3333 3193 3568 3266; x_wconf 71' lang='lat' dir='ltr'><strong>(Matt/2.,</strong></span> 
     </span>
    </p>
   </div>
   <div class='ocr_carea' id='block_1_61' title="bbox 1969 3284 3574 3357">
    <p class='ocr_par' dir='ltr' id='par_1_61' title="bbox 1969 3284 3574 3357">
     <span class='ocr_line' id='line_1_61' title="bbox 1969 3284 3574 3357; baseline 0.001 -18"><span class='ocrx_word' id='word_1_489' title='bbox 1969 3284 2057 3352; x_wconf 89' lang='lat' dir='ltr'><strong>Ill,</strong></span> <span class='ocrx_word' id='word_1_490' title='bbox 2091 3284 2167 3357; x_wconf 89' lang='lat'><strong>6).</strong></span> <span class='ocrx_word' id='word_1_491' title='bbox 2222 3285 2387 3342; x_wconf 88' lang='lat' dir='ltr'><strong>Nobis</strong></span> <span class='ocrx_word' id='word_1_492' title='bbox 2436 3287 2811 3356; x_wconf 71' lang='lat' dir='ltr'><strong>gratulandum</strong></span> <span class='ocrx_word' id='word_1_493' title='bbox 2861 3294 2945 3341; x_wconf 91' lang='lat' dir='ltr'><strong>est</strong></span> <span class='ocrx_word' id='word_1_494' title='bbox 2975 3285 3076 3357; x_wconf 86' lang='lat' dir='ltr'><strong>(g),</strong></span> <span class='ocrx_word' id='word_1_495' title='bbox 3130 3284 3174 3340; x_wconf 90' lang='lat' dir='ltr'><strong>si</strong></span> <span class='ocrx_word' id='word_1_496' title='bbox 3218 3301 3323 3340; x_wconf 92' lang='lat' dir='ltr'><strong>non</strong></span> <span class='ocrx_word' id='word_1_497' title='bbox 3362 3285 3574 3356; x_wconf 89' lang='lat' dir='ltr'><strong>publice</strong></span> 
     </span>
    </p>
   </div>
   <div class='ocr_carea' id='block_1_62' title="bbox 1967 3378 3575 3450">
    <p class='ocr_par' dir='ltr' id='par_1_62' title="bbox 1967 3378 3575 3450">
     <span class='ocr_line' id='line_1_62' title="bbox 1967 3378 3575 3450; baseline -0.004 -10"><span class='ocrx_word' id='word_1_498' title='bbox 1967 3380 2286 3440; x_wconf 86' lang='lat' dir='ltr'><strong>conﬁtemur</strong></span> <span class='ocrx_word' id='word_1_499' title='bbox 2314 3379 2622 3450; x_wconf 89' lang='lat' dir='ltr'><strong>iniquitates</strong></span> <span class='ocrx_word' id='word_1_500' title='bbox 2648 3388 2737 3434; x_wconf 89' lang='lat' dir='ltr'><strong>aut</strong></span> <span class='ocrx_word' id='word_1_501' title='bbox 2768 3378 3126 3450; x_wconf 89' lang='lat' dir='ltr'><strong>turpitudines</strong></span> <span class='ocrx_word' id='word_1_502' title='bbox 3151 3389 3380 3437; x_wconf 89' lang='lat' dir='ltr'><strong>nostras.</strong></span> <span class='ocrx_word' id='word_1_503' title='bbox 3405 3379 3575 3436; x_wconf 84' lang='lat' dir='ltr'><strong>Simul</strong></span> 
     </span>
    </p>
   </div>
   <div class='ocr_carea' id='block_1_63' title="bbox 1474 3493 2307 3556">
    <p class='ocr_par' dir='ltr' id='par_1_63' title="bbox 1474 3493 2307 3556">
     <span class='ocr_line' id='line_1_63' title="bbox 1474 3493 2307 3556; baseline -0.001 -6"><span class='ocrx_word' id='word_1_504' title='bbox 1474 3494 1853 3556; x_wconf 83' lang='lat' dir='ltr'><strong>LECTIONES</strong></span> <span class='ocrx_word' id='word_1_505' title='bbox 1892 3493 2307 3555; x_wconf 76' lang='lat' dir='ltr'><strong>VABIANTES.</strong></span> 
     </span>
    </p>
   </div>
   <div class='ocr_carea' id='block_1_64' title="bbox 369 3612 1205 3688">
    <p class='ocr_par' dir='ltr' id='par_1_64' title="bbox 369 3612 1205 3688">
     <span class='ocr_line' id='line_1_64' title="bbox 369 3612 1205 3688; baseline -0.004 -24"><span class='ocrx_word' id='word_1_506' title='bbox 369 3612 416 3688; x_wconf 51' lang='grc' dir='ltr'><strong>ξ)</strong></span> <span class='ocrx_word' id='word_1_507' title='bbox 449 3612 760 3688; x_wconf 57' lang='lat' dir='ltr'><strong>Pet-tendere</strong></span> <span class='ocrx_word' id='word_1_508' title='bbox 783 3625 828 3662; x_wconf 87' lang='grc' dir='ltr'><strong>υ.</strong></span> <span class='ocrx_word' id='word_1_509' title='bbox 850 3624 895 3688; x_wconf 57' lang='lat' dir='ltr'><strong>c:</strong></span> <span class='ocrx_word' id='word_1_510' title='bbox 927 3621 1127 3688; x_wconf 39' lang='lat' dir='ltr'><strong>Wouw;</strong></span> 
     </span>
    </p>
   </div>
   <div class='ocr_carea' id='block_1_65' title="bbox 337 3617 1256 3804">
    <p class='ocr_par' dir='ltr' id='par_1_65' title="bbox 337 3617 1256 3804">
     <span class='ocr_line' id='line_1_65' title="bbox 369 3617 1205 3688; baseline -0.007 -22"><span class='ocrx_word' id='word_1_511' title='bbox 369 3617 416 3680; x_wconf 90' lang='lat' dir='ltr'><strong>l)</strong></span> <span class='ocrx_word' id='word_1_512' title='bbox 449 3617 760 3664; x_wconf 84' lang='lat' dir='ltr'><strong>Pertendere</strong></span> <span class='ocrx_word' id='word_1_513' title='bbox 783 3625 828 3662; x_wconf 87' lang='grc' dir='ltr'><strong>υ.</strong></span> <span class='ocrx_word' id='word_1_514' title='bbox 850 3624 895 3662; x_wconf 88' lang='lat' dir='ltr'><strong>c.</strong></span> <span class='ocrx_word' id='word_1_515' title='bbox 927 3621 1112 3688; x_wconf 76' lang='lat' dir='ltr'><strong>Wouw.</strong></span> <span class='ocrx_word' id='word_1_516' title='bbox 1193 3671 1205 3682; x_wconf 39' lang='grc' dir='ltr'><strong>ο</strong></span> 
     </span>
     <span class='ocr_line' id='line_1_66' title="bbox 337 3617 1256 3804; baseline -0.018 0"><span class='ocrx_word' id='word_1_517' title='bbox 337 3617 419 3804; x_wconf 53' lang='grc' dir='ltr'><strong>ἐξ»,</strong></span> <span class='ocrx_word' id='word_1_518' title='bbox 445 3675 612 3792; x_wconf 66' lang='lat' dir='ltr'><strong>ea:</strong></span> <span class='ocrx_word' id='word_1_519' title='bbox 626 3675 1256 3790; x_wconf 53' lang='lat' dir='ltr'><strong>transenna</strong></span> 
     </span>
    </p>
   </div>
   <div class='ocr_carea' id='block_1_66' title="bbox 367 3735 1880 3805">
    <p class='ocr_par' dir='ltr' id='par_1_66' title="bbox 367 3735 1880 3805">
     <span class='ocr_line' id='line_1_67' title="bbox 367 3735 1880 3805; baseline 0.001 -14"><span class='ocrx_word' id='word_1_520' title='bbox 367 3735 419 3805; x_wconf 68' lang='grc' dir='ltr'><strong>δ’)</strong></span> <span class='ocrx_word' id='word_1_521' title='bbox 445 3740 612 3792; x_wconf 89' lang='lat' dir='ltr'><strong>Sinon</strong></span> <span class='ocrx_word' id='word_1_522' title='bbox 637 3745 733 3788; x_wconf 89' lang='lat' dir='ltr'><strong>tam</strong></span> <span class='ocrx_word' id='word_1_523' title='bbox 757 3735 967 3790; x_wconf 82' lang='lat' dir='ltr'><strong>necesse</strong></span> <span class='ocrx_word' id='word_1_524' title='bbox 989 3735 1111 3789; x_wconf 89' lang='lat' dir='ltr'><strong>add.</strong></span> <span class='ocrx_word' id='word_1_525' title='bbox 1138 3738 1349 3804; x_wconf 79' lang='lat' dir='ltr'><strong>Franeq.</strong></span> <span class='ocrx_word' id='word_1_526' title='bbox 1370 3738 1530 3788; x_wconf 85' lang='lat' dir='ltr'><strong>sinon</strong></span> <span class='ocrx_word' id='word_1_527' title='bbox 1548 3746 1643 3789; x_wconf 87' lang='lat' dir='ltr'><strong>tam</strong></span> <span class='ocrx_word' id='word_1_528' title='bbox 1668 3752 1880 3792; x_wconf 89' lang='lat' dir='ltr'><strong>necesse</strong></span> 
     </span>
    </p>
   </div>
   <div class='ocr_carea' id='block_1_67' title="bbox 265 3811 712 3858">
    <p class='ocr_par' dir='ltr' id='par_1_67' title="bbox 265 3811 712 3858">
     <span class='ocr_line' id='line_1_68' title="bbox 265 3811 712 3858; baseline -0.018 0"><span class='ocrx_word' id='word_1_529' title='bbox 265 3811 363 3858; x_wconf 72' lang='grc' dir='ltr'><strong>εει</strong></span> <span class='ocrx_word' id='word_1_530' title='bbox 383 3816 426 3854; x_wconf 85' lang='grc' dir='ltr'><strong>υ,</strong></span> <span class='ocrx_word' id='word_1_531' title='bbox 453 3815 498 3853; x_wconf 78' lang='grc' dir='ltr'>ε.</span> <span class='ocrx_word' id='word_1_532' title='bbox 532 3811 712 3851; x_wconf 71' lang='grc' dir='ltr'><strong>Ψονιυ.</strong></span> 
     </span>
    </p>
   </div>
   <div class='ocr_carea' id='block_1_68' title="bbox 340 3861 1286 3932">
    <p class='ocr_par' dir='ltr' id='par_1_68' title="bbox 340 3861 1286 3932">
     <span class='ocr_line' id='line_1_69' title="bbox 340 3861 1286 3932; baseline -0.005 -15"><span class='ocrx_word' id='word_1_533' title='bbox 340 3866 418 3932; x_wconf 69' lang='grc'><strong>(4)</strong></span> <span class='ocrx_word' id='word_1_534' title='bbox 442 3865 532 3927; x_wconf 84' lang='lat' dir='ltr'><strong>Qui</strong></span> <span class='ocrx_word' id='word_1_535' title='bbox 555 3871 609 3915; x_wconf 90' lang='lat' dir='ltr'><strong>et</strong></span> <span class='ocrx_word' id='word_1_536' title='bbox 628 3865 721 3930; x_wconf 90' lang='lat' dir='ltr'><strong>ipsi</strong></span> <span class='ocrx_word' id='word_1_537' title='bbox 744 3864 899 3915; x_wconf 87' lang='lat' dir='ltr'><strong>Fran.</strong></span> <span class='ocrx_word' id='word_1_538' title='bbox 929 3861 1121 3918; x_wconf 76' lang='lat' dir='ltr'><strong>Corbin.</strong></span> <span class='ocrx_word' id='word_1_539' title='bbox 1144 3863 1286 3927; x_wconf 85' lang='lat' dir='ltr'><strong>Le0p.</strong></span> 
     </span>
    </p>
   </div>
   <div class='ocr_carea' id='block_1_69' title="bbox 2067 3674 2668 3740">
    <p class='ocr_par' dir='ltr' id='par_1_69' title="bbox 2067 3674 2668 3740">
     <span class='ocr_line' id='line_1_70' title="bbox 2067 3674 2668 3740; baseline -0.007 -14"><span class='ocrx_word' id='word_1_540' title='bbox 2067 3674 2119 3740; x_wconf 82' lang='grc' dir='ltr'><strong>ϐ)</strong></span> <span class='ocrx_word' id='word_1_541' title='bbox 2142 3674 2457 3740; x_wconf 65' lang='lat' dir='ltr'><strong>Yacationetn</strong></span> <span class='ocrx_word' id='word_1_542' title='bbox 2488 3683 2668 3724; x_wconf 72' lang='lat' dir='ltr'><strong>Iratnv.</strong></span> 
     </span>
    </p>
   </div>
   <div class='ocr_carea' id='block_1_70' title="bbox 2069 3735 2646 3928">
    <p class='ocr_par' dir='ltr' id='par_1_70' title="bbox 2069 3735 2646 3928">
     <span class='ocr_line' id='line_1_71' title="bbox 2069 3735 2646 3798; baseline -0.003 -10"><span class='ocrx_word' id='word_1_543' title='bbox 2069 3735 2112 3788; x_wconf 78' lang='lat'><strong>7&#39;</strong></span> <span class='ocrx_word' id='word_1_544' title='bbox 2147 3737 2298 3798; x_wconf 85' lang='lat' dir='ltr'><strong>Quam</strong></span> <span class='ocrx_word' id='word_1_545' title='bbox 2323 3735 2431 3786; x_wconf 86' lang='lat' dir='ltr'><strong>cod.</strong></span> <span class='ocrx_word' id='word_1_546' title='bbox 2466 3745 2646 3786; x_wconf 83' lang='lat' dir='ltr'><strong>Wouw.</strong></span> 
     </span>
     <span class='ocr_line' id='line_1_72' title="bbox 2069 3797 2646 3857; baseline -0.003 -9"><span class='ocrx_word' id='word_1_547' title='bbox 2069 3803 2100 3848; x_wconf 88' lang='lat'><strong>8</strong></span> <span class='ocrx_word' id='word_1_548' title='bbox 2147 3801 2269 3857; x_wconf 82' lang='lat' dir='ltr'><strong>Quis</strong></span> <span class='ocrx_word' id='word_1_549' title='bbox 2289 3797 2408 3848; x_wconf 81' lang='lat' dir='ltr'><strong>add.</strong></span> <span class='ocrx_word' id='word_1_550' title='bbox 2438 3799 2547 3848; x_wconf 82' lang='lat' dir='ltr'><strong>cod.</strong></span> <span class='ocrx_word' id='word_1_551' title='bbox 2580 3808 2646 3847; x_wconf 70' lang='lat' dir='ltr'><strong>W1</strong></span> 
     </span>
     <span class='ocr_line' id='line_1_73' title="bbox 2071 3746 2646 3928; baseline -0.007 -14"><span class='ocrx_word' id='word_1_552' title='bbox 2071 3746 2124 3928; x_wconf 51' lang='grc' dir='ltr'><strong>ΘΞ</strong></span> <span class='ocrx_word' id='word_1_553' title='bbox 2149 3862 2468 3914; x_wconf 85' lang='lat' dir='ltr'><strong>Convenietis</strong></span> <span class='ocrx_word' id='word_1_554' title='bbox 2484 3858 2646 3913; x_wconf 83' lang='lat' dir='ltr'><strong>Paris.</strong></span> 
     </span>
    </p>
   </div>
   <div class='ocr_carea' id='block_1_71' title="bbox 2071 3863 2103 3914">
    <p class='ocr_par' dir='ltr' id='par_1_71' title="bbox 2071 3863 2103 3914">
     <span class='ocr_line' id='line_1_74' title="bbox 2071 3863 2103 3914; baseline 0 0"><span class='ocrx_word' id='word_1_555' title='bbox 2071 3863 2103 3914; x_wconf 89' lang='lat'><strong>9</strong></span> 
     </span>
    </p>
   </div>
   <div class='ocr_carea' id='block_1_72' title="bbox 2147 3797 2762 3857">
    <p class='ocr_par' dir='ltr' id='par_1_72' title="bbox 2147 3797 2762 3857">
     <span class='ocr_line' id='line_1_75' title="bbox 2147 3797 2762 3857; baseline -0.003 -8"><span class='ocrx_word' id='word_1_556' title='bbox 2147 3801 2269 3857; x_wconf 82' lang='lat' dir='ltr'><strong>Quis</strong></span> <span class='ocrx_word' id='word_1_557' title='bbox 2289 3797 2408 3848; x_wconf 81' lang='lat' dir='ltr'><strong>add.</strong></span> <span class='ocrx_word' id='word_1_558' title='bbox 2438 3799 2547 3848; x_wconf 82' lang='lat' dir='ltr'><strong>cod.</strong></span> <span class='ocrx_word' id='word_1_559' title='bbox 2580 3808 2762 3849; x_wconf 75' lang='lat' dir='ltr'><strong>Wouw.</strong></span> 
     </span>
    </p>
   </div>
   <div class='ocr_carea' id='block_1_73' title="bbox 2067 3608 2795 3680">
    <p class='ocr_par' dir='ltr' id='par_1_73' title="bbox 2067 3608 2795 3680">
     <span class='ocr_line' id='line_1_76' title="bbox 2067 3608 2795 3680; baseline 0.001 -19"><span class='ocrx_word' id='word_1_560' title='bbox 2067 3611 2120 3680; x_wconf 57' lang='lat'><strong>{5)</strong></span> <span class='ocrx_word' id='word_1_561' title='bbox 2142 3609 2430 3680; x_wconf 76' lang='lat' dir='ltr'><strong>_Credatur?</strong></span> <span class='ocrx_word' id='word_1_562' title='bbox 2445 3608 2615 3660; x_wconf 87' lang='lat' dir='ltr'><strong>Norint</strong></span> <span class='ocrx_word' id='word_1_563' title='bbox 2643 3608 2795 3662; x_wconf 82' lang='lat' dir='ltr'><strong>Latin.</strong></span> 
     </span>
    </p>
   </div>
   <div class='ocr_carea' id='block_1_74' title="bbox 2043 3613 2650 3929">
    <p class='ocr_par' dir='ltr' id='par_1_74' title="bbox 2067 3613 2650 3914">
     <span class='ocr_line' id='line_1_77' title="bbox 2067 3613 2650 3680; baseline -0.007 -16"><span class='ocrx_word' id='word_1_564' title='bbox 2067 3613 2120 3680; x_wconf 83' lang='lat'><strong>5)</strong></span> <span class='ocrx_word' id='word_1_565' title='bbox 2155 3613 2615 3663; x_wconf 86' lang='lat' dir='ltr'><strong>Credatur?Norint</strong></span> <span class='ocrx_word' id='word_1_566' title='bbox 2643 3613 2650 3660; x_wconf 67' lang='grc' dir='ltr'><strong>ι</strong></span> 
     </span>
     <span class='ocr_line' id='line_1_78' title="bbox 2067 3674 2650 3740; baseline -0.007 -14"><span class='ocrx_word' id='word_1_567' title='bbox 2067 3678 2119 3740; x_wconf 84' lang='grc' dir='ltr'><strong>ϐ)</strong></span> <span class='ocrx_word' id='word_1_568' title='bbox 2142 3674 2457 3723; x_wconf 73' lang='lat' dir='ltr'><strong>Vacationem</strong></span> <span class='ocrx_word' id='word_1_569' title='bbox 2488 3683 2650 3724; x_wconf 72' lang='lat' dir='ltr'><strong>Ironw</strong></span> 
     </span>
     <span class='ocr_line' id='line_1_79' title="bbox 2069 3735 2646 3798; baseline -0.003 -10"><span class='ocrx_word' id='word_1_570' title='bbox 2069 3741 2096 3788; x_wconf 89' lang='lat'><strong>7</strong></span> <span class='ocrx_word' id='word_1_571' title='bbox 2147 3737 2298 3798; x_wconf 85' lang='lat' dir='ltr'><strong>Quam</strong></span> <span class='ocrx_word' id='word_1_572' title='bbox 2323 3735 2431 3786; x_wconf 86' lang='lat' dir='ltr'><strong>cod.</strong></span> <span class='ocrx_word' id='word_1_573' title='bbox 2466 3745 2646 3786; x_wconf 83' lang='lat' dir='ltr'><strong>Wouw.</strong></span> 
     </span>
     <span class='ocr_line' id='line_1_80' title="bbox 2069 3797 2650 3868; baseline 0 -20"><span class='ocrx_word' id='word_1_574' title='bbox 2069 3803 2100 3848; x_wconf 89' lang='lat'><strong>8</strong></span> <span class='ocrx_word' id='word_1_575' title='bbox 2147 3801 2269 3857; x_wconf 83' lang='lat' dir='ltr'><strong>Quis</strong></span> <span class='ocrx_word' id='word_1_576' title='bbox 2289 3797 2408 3848; x_wconf 81' lang='lat' dir='ltr'><strong>add.</strong></span> <span class='ocrx_word' id='word_1_577' title='bbox 2438 3799 2547 3848; x_wconf 82' lang='lat' dir='ltr'><strong>cod.</strong></span> <span class='ocrx_word' id='word_1_578' title='bbox 2580 3808 2650 3868; x_wconf 60' lang='grc' dir='ltr'><strong>Ψ(</strong></span> 
     </span>
     <span class='ocr_line' id='line_1_81' title="bbox 2071 3862 2650 3914; baseline -0.009 0"><span class='ocrx_word' id='word_1_579' title='bbox 2071 3863 2103 3914; x_wconf 88' lang='grc'>9</span> <span class='ocrx_word' id='word_1_580' title='bbox 2149 3862 2468 3914; x_wconf 85' lang='lat' dir='ltr'><strong>Convenietis</strong></span> <span class='ocrx_word' id='word_1_581' title='bbox 2484 3862 2650 3913; x_wconf 72' lang='lat' dir='ltr'><strong>Paris.</strong></span> 
     </span>
    </p>
   </div>
   <div class='ocr_carea' id='block_1_75' title="bbox 1641 3969 2198 4028">
    <p class='ocr_par' dir='ltr' id='par_1_75' title="bbox 1641 3969 2198 4028">
     <span class='ocr_line' id='line_1_82' title="bbox 1641 3969 2198 4028; baseline -0.004 0"><span class='ocrx_word' id='word_1_582' title='bbox 1641 3969 2198 4028; x_wconf 77' lang='lat' dir='ltr'><strong>COMMENTARIUS.</strong></span> 
     </span>
    </p>
   </div>
   <div class='ocr_carea' id='block_1_76' title="bbox 353 4087 1883 4161">
    <p class='ocr_par' dir='ltr' id='par_1_76' title="bbox 353 4087 1883 4161">
     <span class='ocr_line' id='line_1_83' title="bbox 353 4087 1883 4161; baseline -0.008 -8"><span class='ocrx_word' id='word_1_583' title='bbox 353 4095 511 4152; x_wconf 81' lang='lat' dir='ltr'><strong>CAP.</strong></span> <span class='ocrx_word' id='word_1_584' title='bbox 535 4091 725 4150; x_wconf 85' lang='lat' dir='ltr'><strong>XVIII.</strong></span> <span class='ocrx_word' id='word_1_585' title='bbox 753 4121 824 4132; x_wconf 93' lang='lat'><strong><em>—</em></strong></span> <span class='ocrx_word' id='word_1_586' title='bbox 847 4089 926 4161; x_wconf 66' lang='grc' dir='ltr'><strong>(ε)</strong></span> <span class='ocrx_word' id='word_1_587' title='bbox 959 4089 1252 4161; x_wconf 60' lang='lat' dir='ltr'><strong>Sponsores</strong></span> <span class='ocrx_word' id='word_1_588' title='bbox 1281 4088 1431 4141; x_wconf 85' lang='lat' dir='ltr'><strong>etiam</strong></span> <span class='ocrx_word' id='word_1_589' title='bbox 1456 4087 1680 4156; x_wconf 85' lang='lat' dir='ltr'><strong>periculo</strong></span> <span class='ocrx_word' id='word_1_590' title='bbox 1702 4087 1883 4161; x_wconf 79' lang='lat' dir='ltr'><strong>ingeri.</strong></span> 
     </span>
    </p>
   </div>
   <div class='ocr_carea' id='block_1_77' title="bbox 266 4158 1886 4235">
    <p class='ocr_par' dir='ltr' id='par_1_77' title="bbox 266 4158 1886 4235">
     <span class='ocr_line' id='line_1_84' title="bbox 266 4158 1886 4235; baseline -0.008 -7"><span class='ocrx_word' id='word_1_591' title='bbox 266 4171 579 4229; x_wconf 86' lang='lat' dir='ltr'><strong>Puerorum</strong></span> <span class='ocrx_word' id='word_1_592' title='bbox 595 4158 956 4235; x_wconf 81' lang='lat' dir='ltr'><strong>susceptores,</strong></span> <span class='ocrx_word' id='word_1_593' title='bbox 975 4158 1287 4235; x_wconf 61' lang='lat' dir='ltr'><strong>quiQui-cis</strong></span> <span class='ocrx_word' id='word_1_594' title='bbox 1305 4162 1551 4235; x_wconf 49' lang='lat' dir='ltr'><strong>evaserint,</strong></span> <span class='ocrx_word' id='word_1_595' title='bbox 1571 4160 1718 4235; x_wconf 80' lang='lat' dir='ltr'><strong>quasi</strong></span> <span class='ocrx_word' id='word_1_596' title='bbox 1750 4159 1886 4215; x_wconf 83' lang='lat' dir='ltr'><strong>lide-</strong></span> 
     </span>
    </p>
   </div>
   <div class='ocr_carea' id='block_1_78' title="bbox 266 4231 1883 4315">
    <p class='ocr_par' dir='ltr' id='par_1_78' title="bbox 266 4231 1883 4315">
     <span class='ocr_line' id='line_1_85' title="bbox 266 4231 1883 4315; baseline -0.009 -16"><span class='ocrx_word' id='word_1_597' title='bbox 266 4243 525 4315; x_wconf 77' lang='lat' dir='ltr'><strong>jussorcs</strong></span> <span class='ocrx_word' id='word_1_598' title='bbox 553 4246 696 4315; x_wconf 82' lang='lat' dir='ltr'><strong>sunt,</strong></span> <span class='ocrx_word' id='word_1_599' title='bbox 722 4231 908 4315; x_wconf 70' lang='lat' dir='ltr'><strong>eorum</strong></span> <span class='ocrx_word' id='word_1_600' title='bbox 938 4231 1174 4315; x_wconf 68' lang='lat' dir='ltr'><strong>ofﬁcium</strong></span> <span class='ocrx_word' id='word_1_601' title='bbox 1202 4240 1293 4315; x_wconf 48' lang='lat' dir='ltr'><strong>est.</strong></span> <span class='ocrx_word' id='word_1_602' title='bbox 1317 4231 1571 4313; x_wconf 72' lang='lat' dir='ltr'><strong>infantem</strong></span> <span class='ocrx_word' id='word_1_603' title='bbox 1599 4231 1883 4315; x_wconf 80' lang='lat' dir='ltr'><strong>instruere,</strong></span> 
     </span>
    </p>
   </div>
   <div class='ocr_carea' id='block_1_79' title="bbox 2061 4082 3588 4157">
    <p class='ocr_par' dir='ltr' id='par_1_79' title="bbox 2061 4082 3588 4157">
     <span class='ocr_line' id='line_1_86' title="bbox 2061 4082 3588 4157; baseline 0.001 -16"><span class='ocrx_word' id='word_1_604' title='bbox 2061 4085 2215 4142; x_wconf 86' lang='lat' dir='ltr'><strong>CAP.</strong></span> <span class='ocrx_word' id='word_1_605' title='bbox 2235 4083 2532 4157; x_wconf 45' lang='lat' dir='ltr'><strong>XlX.-e(d)</strong></span> <span class='ocrx_word' id='word_1_606' title='bbox 2546 4082 2702 4157; x_wconf 27' lang='lat' dir='ltr'><strong>ADiem</strong></span> <span class='ocrx_word' id='word_1_607' title='bbox 2727 4082 2990 4155; x_wconf 83' lang='lat' dir='ltr'><strong>Baptismo</strong></span> <span class='ocrx_word' id='word_1_608' title='bbox 3009 4083 3384 4140; x_wconf 85' lang='lat' dir='ltr'><strong>solemniorem.</strong></span> <span class='ocrx_word' id='word_1_609' title='bbox 3401 4083 3588 4142; x_wconf 81' lang='lat' dir='ltr'><strong>Nullus</strong></span> 
     </span>
    </p>
   </div>
   <div class='ocr_carea' id='block_1_80' title="bbox 1990 4155 3587 4239">
    <p class='ocr_par' dir='ltr' id='par_1_80' title="bbox 1990 4155 3587 4239">
     <span class='ocr_line' id='line_1_87' title="bbox 1990 4155 3587 4239; baseline 0.001 -28"><span class='ocrx_word' id='word_1_610' title='bbox 1990 4168 2120 4239; x_wconf 70' lang='lat' dir='ltr'><strong>pulo</strong></span> <span class='ocrx_word' id='word_1_611' title='bbox 2149 4157 2358 4239; x_wconf 72' lang='lat' dir='ltr'><strong>ignorat</strong></span> <span class='ocrx_word' id='word_1_612' title='bbox 2380 4155 2490 4239; x_wconf 69' lang='lat' dir='ltr'><strong>duo</strong></span> <span class='ocrx_word' id='word_1_613' title='bbox 2511 4155 2638 4238; x_wconf 76' lang='lat' dir='ltr'><strong>olim</strong></span> <span class='ocrx_word' id='word_1_614' title='bbox 2663 4158 2945 4239; x_wconf 53' lang='lat' dir='ltr'><strong>praecipue</strong></span> <span class='ocrx_word' id='word_1_615' title='bbox 2971 4164 3240 4239; x_wconf 41' lang='lat' dir='ltr'><strong>tempore“</strong></span> <span class='ocrx_word' id='word_1_616' title='bbox 3258 4158 3587 4239; x_wconf 72' lang='lat' dir='ltr'><strong>baptizandis</strong></span> 
     </span>
    </p>
   </div>
   <div class='ocr_carea' id='block_1_81' title="bbox 1989 4226 3586 4289">
    <p class='ocr_par' dir='ltr' id='par_1_81' title="bbox 1989 4226 3586 4289">
     <span class='ocr_line' id='line_1_88' title="bbox 1989 4226 3586 4289; baseline -0.003 -3"><span class='ocrx_word' id='word_1_617' title='bbox 1989 4226 2309 4288; x_wconf 79' lang='lat' dir='ltr'><strong>Christianis</strong></span> <span class='ocrx_word' id='word_1_618' title='bbox 2321 4227 2442 4284; x_wconf 86' lang='lat' dir='ltr'><strong>data</strong></span> <span class='ocrx_word' id='word_1_619' title='bbox 2465 4227 2650 4289; x_wconf 82' lang='lat' dir='ltr'><strong>fuisse,</strong></span> <span class='ocrx_word' id='word_1_620' title='bbox 2671 4242 2882 4282; x_wconf 83' lang='lat' dir='ltr'><strong>sacrum</strong></span> <span class='ocrx_word' id='word_1_621' title='bbox 2908 4226 3111 4284; x_wconf 89' lang='lat' dir='ltr'><strong>Pascha</strong></span> <span class='ocrx_word' id='word_1_622' title='bbox 3128 4238 3183 4283; x_wconf 89' lang='lat' dir='ltr'><strong>et</strong></span> <span class='ocrx_word' id='word_1_623' title='bbox 3205 4228 3586 4285; x_wconf 81' lang='lat' dir='ltr'><strong>Pentecosten:</strong></span> 
     </span>
    </p>
   </div>
   <div class='ocr_carea' id='block_1_82' title="bbox 269 4295 3589 4372">
    <p class='ocr_par' dir='ltr' id='par_1_82' title="bbox 269 4295 3589 4372">
     <span class='ocr_line' id='line_1_89' title="bbox 269 4295 3589 4372; baseline -0.004 -3"><span class='ocrx_word' id='word_1_624' title='bbox 269 4295 336 4370; x_wconf 72' lang='grc' dir='ltr'>ἓῖ</span> <span class='ocrx_word' id='word_1_625' title='bbox 355 4295 420 4367; x_wconf 72' lang='lat' dir='ltr'><strong>ad</strong></span> <span class='ocrx_word' id='word_1_626' title='bbox 439 4295 577 4367; x_wconf 80' lang='lat' dir='ltr'><strong>bene</strong></span> <span class='ocrx_word' id='word_1_627' title='bbox 594 4295 872 4364; x_wconf 82' lang='lat' dir='ltr'><strong>vivendum</strong></span> <span class='ocrx_word' id='word_1_628' title='bbox 895 4303 1186 4369; x_wconf 87' lang='lat' dir='ltr'><strong>adhortari,</strong></span> <span class='ocrx_word' id='word_1_629' title='bbox 1205 4311 1259 4357; x_wconf 92' lang='lat' dir='ltr'><strong>et</strong></span> <span class='ocrx_word' id='word_1_630' title='bbox 1280 4301 1403 4358; x_wconf 90' lang='lat' dir='ltr'><strong>hinc</strong></span> <span class='ocrx_word' id='word_1_631' title='bbox 1418 4295 1635 4358; x_wconf 82' lang='lat' dir='ltr'><strong>Sensum</strong></span> <span class='ocrx_word' id='word_1_632' title='bbox 1653 4303 1886 4358; x_wconf 86' lang='lat' dir='ltr'><strong>auctoris</strong></span> <span class='ocrx_word' id='word_1_633' title='bbox 1989 4310 2148 4372; x_wconf 88' lang='lat' dir='ltr'><strong>atque</strong></span> <span class='ocrx_word' id='word_1_634' title='bbox 2165 4300 2215 4355; x_wconf 91' lang='lat' dir='ltr'><strong>in</strong></span> <span class='ocrx_word' id='word_1_635' title='bbox 2243 4301 2418 4372; x_wconf 81' lang='lat' dir='ltr'><strong>priore</strong></span> <span class='ocrx_word' id='word_1_636' title='bbox 2438 4298 2772 4372; x_wconf 80' lang='lat' dir='ltr'><strong>potissimum</strong></span> <span class='ocrx_word' id='word_1_637' title='bbox 2801 4295 3032 4372; x_wconf 29' lang='lat' dir='ltr'><strong>per‘dies</strong></span> <span class='ocrx_word' id='word_1_638' title='bbox 3053 4310 3176 4356; x_wconf 91' lang='lat' dir='ltr'><strong>octo</strong></span> <span class='ocrx_word' id='word_1_639' title='bbox 3193 4299 3589 4356; x_wconf 87' lang='lat' dir='ltr'><strong>solemnitatem</strong></span> 
     </span>
    </p>
   </div>
   <div class='ocr_carea' id='block_1_83' title="bbox 273 4377 928 4451">
    <p class='ocr_par' dir='ltr' id='par_1_83' title="bbox 273 4377 928 4451">
     <span class='ocr_line' id='line_1_90' title="bbox 273 4377 928 4451; baseline -0.017 -10"><span class='ocrx_word' id='word_1_640' title='bbox 273 4383 500 4443; x_wconf 84' lang='lat' dir='ltr'><strong>edicere</strong></span> <span class='ocrx_word' id='word_1_641' title='bbox 526 4389 694 4451; x_wconf 90' lang='lat' dir='ltr'><strong>potes.</strong></span> <span class='ocrx_word' id='word_1_642' title='bbox 723 4378 800 4434; x_wconf 79' lang='lat' dir='ltr'><strong>Ls</strong></span> <span class='ocrx_word' id='word_1_643' title='bbox 832 4377 928 4434; x_wconf 77' lang='lat' dir='ltr'><strong>Pu.</strong></span> 
     </span>
    </p>
   </div>
   <div class='ocr_carea' id='block_1_84' title="bbox 362 4443 1884 4528">
    <p class='ocr_par' dir='ltr' id='par_1_84' title="bbox 362 4443 1884 4528">
     <span class='ocr_line' id='line_1_91' title="bbox 362 4443 1884 4528; baseline -0.009 -18"><span class='ocrx_word' id='word_1_644' title='bbox 362 4455 442 4528; x_wconf 88' lang='lat' dir='ltr'><strong>(b)</strong></span> <span class='ocrx_word' id='word_1_645' title='bbox 470 4443 606 4528; x_wconf 72' lang='lat' dir='ltr'><strong>Quid</strong></span> <span class='ocrx_word' id='word_1_646' title='bbox 622 4452 828 4521; x_wconf 76' lang='lat' dir='ltr'><strong>festinat</strong></span> <span class='ocrx_word' id='word_1_647' title='bbox 848 4453 1087 4528; x_wconf 75' lang='lat' dir='ltr'><strong>innocens</strong></span> <span class='ocrx_word' id='word_1_648' title='bbox 1126 4455 1268 4501; x_wconf 64' lang='lat' dir='ltr'><strong>artas.</strong></span> <span class='ocrx_word' id='word_1_649' title='bbox 1291 4445 1387 4528; x_wconf 72' lang='lat' dir='ltr'><strong>Sic</strong></span> <span class='ocrx_word' id='word_1_650' title='bbox 1403 4445 1633 4528; x_wconf 76' lang='lat' dir='ltr'><strong>putabat</strong></span> <span class='ocrx_word' id='word_1_651' title='bbox 1677 4443 1884 4528; x_wconf 62' lang='lat' dir='ltr'><strong>:I‘ertul-</strong></span> 
     </span>
    </p>
   </div>
   <div class='ocr_carea' id='block_1_85' title="bbox 261 4515 1961 4600">
    <p class='ocr_par' dir='ltr' id='par_1_85' title="bbox 261 4515 1961 4600">
     <span class='ocr_line' id='line_1_92' title="bbox 261 4515 1961 4600; baseline -0.008 -16"><span class='ocrx_word' id='word_1_652' title='bbox 261 4515 583 4600; x_wconf 44' lang='lat' dir='ltr'><strong>yaiiu&#39;sfad</strong></span> <span class='ocrx_word' id='word_1_653' title='bbox 622 4515 820 4600; x_wconf 80' lang='lat' dir='ltr'><strong>nomen</strong></span> <span class='ocrx_word' id='word_1_654' title='bbox 849 4518 1197 4600; x_wconf 71' lang='lat' dir='ltr'><strong>christianum</strong></span> <span class='ocrx_word' id='word_1_655' title='bbox 1251 4515 1456 4600; x_wconf 74' lang='lat' dir='ltr'><strong>admitti</strong></span> <span class='ocrx_word' id='word_1_656' title='bbox 1507 4531 1614 4600; x_wconf 64' lang='lat' dir='ltr'><strong>non</strong></span> <span class='ocrx_word' id='word_1_657' title='bbox 1647 4515 1879 4600; x_wconf 73' lang='lat' dir='ltr'><strong>debere,</strong></span> <span class='ocrx_word' id='word_1_658' title='bbox 1907 4522 1961 4582; x_wconf 88' lang='lat' dir='ltr'><strong>D</strong></span> 
     </span>
    </p>
   </div>
   <div class='ocr_carea' id='block_1_86' title="bbox 245 4586 1877 4686">
    <p class='ocr_par' dir='ltr' id='par_1_86' title="bbox 245 4586 1877 4686">
     <span class='ocr_line' id='line_1_93' title="bbox 245 4586 1877 4686; baseline 0 0"><span class='ocrx_word' id='word_1_659' title='bbox 408 4586 893 4686; x_wconf 44' lang='lat' dir='ltr'><strong>&quot;abducetur?!-</strong></span> <span class='ocrx_word' id='word_1_660' title='bbox 919 4586 1877 4686; x_wconf 33' lang='lat' dir='ltr'><strong>elusaminsinuante.EE??-</strong></span> 
     </span>
    </p>
   </div>
   <div class='ocr_carea' id='block_1_87' title="bbox 277 4659 1878 4734">
    <p class='ocr_par' dir='ltr' id='par_1_87' title="bbox 277 4659 1878 4734">
     <span class='ocr_line' id='line_1_94' title="bbox 277 4659 1878 4734; baseline -0.011 -6"><span class='ocrx_word' id='word_1_661' title='bbox 277 4659 473 4734; x_wconf 58' lang='lat' dir='ltr'><strong>ﬁnitae,</strong></span> <span class='ocrx_word' id='word_1_662' title='bbox 507 4682 608 4723; x_wconf 86' lang='lat' dir='ltr'><strong>nec</strong></span> <span class='ocrx_word' id='word_1_663' title='bbox 643 4666 890 4733; x_wconf 83' lang='lat' dir='ltr'><strong>indigere</strong></span> <span class='ocrx_word' id='word_1_664' title='bbox 917 4659 1594 4734; x_wconf 78' lang='lat' dir='ltr'><strong>delictorumremissione,</strong></span> <span class='ocrx_word' id='word_1_665' title='bbox 1629 4659 1716 4728; x_wconf 93' lang='lat' dir='ltr'><strong>qui</strong></span> <span class='ocrx_word' id='word_1_666' title='bbox 1746 4672 1878 4711; x_wconf 88' lang='lat' dir='ltr'><strong>non-</strong></span> 
     </span>
    </p>
   </div>
   <div class='ocr_carea' id='block_1_88' title="bbox 279 4729 1880 4800">
    <p class='ocr_par' dir='ltr' id='par_1_88' title="bbox 279 4729 1880 4800">
     <span class='ocr_line' id='line_1_95' title="bbox 279 4729 1880 4800; baseline -0.01 -1"><span class='ocrx_word' id='word_1_667' title='bbox 279 4742 420 4800; x_wconf 84' lang='lat' dir='ltr'><strong>dum</strong></span> <span class='ocrx_word' id='word_1_668' title='bbox 451 4729 593 4795; x_wconf 82' lang='lat' dir='ltr'><strong>esset</strong></span> <span class='ocrx_word' id='word_1_669' title='bbox 617 4729 901 4790; x_wconf 53' lang='lat' dir='ltr'><strong>ullius&#39;doli</strong></span> <span class='ocrx_word' id='word_1_670' title='bbox 931 4732 1045 4786; x_wconf 83' lang='lat' dir='ltr'><strong>sive</strong></span> <span class='ocrx_word' id='word_1_671' title='bbox 1065 4731 1242 4784; x_wconf 87' lang='lat' dir='ltr'><strong>delicti</strong></span> <span class='ocrx_word' id='word_1_672' title='bbox 1268 4745 1455 4800; x_wconf 84' lang='lat' dir='ltr'><strong>capax.</strong></span> <span class='ocrx_word' id='word_1_673' title='bbox 1489 4729 1668 4783; x_wconf 84' lang='lat' dir='ltr'><strong>Visum</strong></span> <span class='ocrx_word' id='word_1_674' title='bbox 1702 4737 1880 4800; x_wconf 89' lang='lat' dir='ltr'><strong>tamen</strong></span> 
     </span>
    </p>
   </div>
   <div class='ocr_carea' id='block_1_89' title="bbox 280 4799 1881 4927">
    <p class='ocr_par' dir='ltr' id='par_1_89' title="bbox 280 4799 1881 4927">
     <span class='ocr_line' id='line_1_96' title="bbox 280 4799 1881 4927; baseline -0.012 -55"><span class='ocrx_word' id='word_1_675' title='bbox 280 4799 550 4871; x_wconf 73' lang='lat' dir='ltr'><strong>Ecclesiae</strong></span> <span class='ocrx_word' id='word_1_676' title='bbox 576 4807 871 4869; x_wconf 76' lang='lat' dir='ltr'><strong>catholicae,</strong></span> <span class='ocrx_word' id='word_1_677' title='bbox 901 4801 1194 4858; x_wconf 90' lang='lat' dir='ltr'><strong>secundum</strong></span> <span class='ocrx_word' id='word_1_678' title='bbox 1215 4800 1463 4927; x_wconf 56' lang='lat' dir='ltr'><strong>Gygi-iani</strong></span> <span class='ocrx_word' id='word_1_679' title='bbox 1485 4799 1831 4867; x_wconf 77' lang='lat' dir='ltr'><strong>sententiam,</strong></span> <span class='ocrx_word' id='word_1_680' title='bbox 1852 4815 1881 4853; x_wconf 88' lang='lat' dir='ltr'><strong>a</strong></span> 
     </span>
     <span class='ocr_line' id='line_1_97' title="bbox 280 4870 1881 4927; baseline -0.002 0"><span class='ocrx_word' id='word_1_681' title='bbox 280 4883 567 4927; x_wconf 68' lang='grc' dir='ltr'><strong>ιιιιηιῑεηιο</strong></span> <span class='ocrx_word' id='word_1_682' title='bbox 593 4890 646 4927; x_wconf 77' lang='lat' dir='ltr'><strong>et</strong></span> <span class='ocrx_word' id='word_1_683' title='bbox 673 4877 842 4927; x_wconf 69' lang='lat' dir='ltr'><strong>gratia</strong></span> <span class='ocrx_word' id='word_1_684' title='bbox 871 4873 1136 4927; x_wconf 88' lang='lat' dir='ltr'><strong>neminem</strong></span> <span class='ocrx_word' id='word_1_685' title='bbox 1187 4889 1282 4927; x_wconf 85' lang='lat' dir='ltr'><strong>pro</strong></span> <span class='ocrx_word' id='word_1_686' title='bbox 1329 4873 1493 4927; x_wconf 86' lang='lat' dir='ltr'><strong>ibere.</strong></span> <span class='ocrx_word' id='word_1_687' title='bbox 1531 4886 1594 4927; x_wconf 88' lang='lat' dir='ltr'><strong>ac</strong></span> <span class='ocrx_word' id='word_1_688' title='bbox 1620 4886 1688 4926; x_wconf 92' lang='lat' dir='ltr'><strong>ne</strong></span> <span class='ocrx_word' id='word_1_689' title='bbox 1716 4870 1881 4925; x_wconf 81' lang='lat' dir='ltr'><strong>inlan-</strong></span> 
     </span>
    </p>
   </div>
   <div class='ocr_carea' id='block_1_90' title="bbox 279 4870 1887 4956">
    <p class='ocr_par' dir='ltr' id='par_1_90' title="bbox 279 4870 1887 4956">
     <span class='ocr_line' id='line_1_98' title="bbox 279 4870 1887 4956; baseline -0.012 -14"><span class='ocrx_word' id='word_1_690' title='bbox 279 4870 567 4956; x_wconf 70' lang='lat' dir='ltr'><strong>Baptismo</strong></span> <span class='ocrx_word' id='word_1_691' title='bbox 593 4890 646 4936; x_wconf 92' lang='lat' dir='ltr'><strong>et</strong></span> <span class='ocrx_word' id='word_1_692' title='bbox 673 4877 842 4956; x_wconf 75' lang='lat' dir='ltr'><strong>gratia</strong></span> <span class='ocrx_word' id='word_1_693' title='bbox 871 4873 1170 4956; x_wconf 32' lang='lat' dir='ltr'><strong>neminem”</strong></span> <span class='ocrx_word' id='word_1_694' title='bbox 1187 4870 1493 4956; x_wconf 65' lang='lat' dir='ltr'><strong>prohibere,</strong></span> <span class='ocrx_word' id='word_1_695' title='bbox 1531 4886 1594 4927; x_wconf 88' lang='lat' dir='ltr'><strong>ac</strong></span> <span class='ocrx_word' id='word_1_696' title='bbox 1620 4886 1688 4926; x_wconf 92' lang='lat' dir='ltr'><strong>ne</strong></span> <span class='ocrx_word' id='word_1_697' title='bbox 1716 4870 1887 4953; x_wconf 51' lang='lat' dir='ltr'><strong>inlati:</strong></span> 
     </span>
    </p>
   </div>
   <div class='ocr_carea' id='block_1_91' title="bbox 284 4944 1979 5021">
    <p class='ocr_par' dir='ltr' id='par_1_91' title="bbox 284 4944 1979 5021">
     <span class='ocr_line' id='line_1_99' title="bbox 284 4944 1979 5021; baseline -0.011 -8"><span class='ocrx_word' id='word_1_698' title='bbox 284 4944 390 5013; x_wconf 72' lang='lat' dir='ltr'><strong>tes</strong></span> <span class='ocrx_word' id='word_1_699' title='bbox 404 4954 641 5021; x_wconf 90' lang='lat' dir='ltr'><strong>quidem,</strong></span> <span class='ocrx_word' id='word_1_700' title='bbox 675 4944 785 5021; x_wconf 62' lang='lat' dir='ltr'><strong>&#39;qui</strong></span> <span class='ocrx_word' id='word_1_701' title='bbox 831 4961 1019 5021; x_wconf 78' lang='lat' dir='ltr'><strong>recens</strong></span> <span class='ocrx_word' id='word_1_702' title='bbox 1064 4945 1172 4999; x_wconf 83' lang='lat' dir='ltr'><strong>nati</strong></span> <span class='ocrx_word' id='word_1_703' title='bbox 1207 4944 1353 5021; x_wconf 68' lang='lat' dir='ltr'><strong>nihil</strong></span> <span class='ocrx_word' id='word_1_704' title='bbox 1410 4957 1737 5021; x_wconf 75' lang='lat' dir='ltr'><strong>peccavere,</strong></span> <span class='ocrx_word' id='word_1_705' title='bbox 1783 4944 1886 5021; x_wconf 80' lang='lat' dir='ltr'><strong>nisi</strong></span> <span class='ocrx_word' id='word_1_706' title='bbox 1970 4968 1979 4974; x_wconf 92' lang='lat'><em>-</em></span> 
     </span>
    </p>
   </div>
   <div class='ocr_carea' id='block_1_92' title="bbox 486 5015 1889 5083">
    <p class='ocr_par' dir='ltr' id='par_1_92' title="bbox 486 5015 1889 5083">
     <span class='ocr_line' id='line_1_100' title="bbox 486 5015 1889 5083; baseline -0.01 -2"><span class='ocrx_word' id='word_1_707' title='bbox 486 5015 778 5081; x_wconf 80' lang='lat' dir='ltr'><strong>secundum</strong></span> <span class='ocrx_word' id='word_1_708' title='bbox 827 5019 996 5074; x_wconf 86' lang='lat' dir='ltr'><strong>Adam</strong></span> <span class='ocrx_word' id='word_1_709' title='bbox 1042 5015 1327 5070; x_wconf 89' lang='lat' dir='ltr'><strong>carnaliter</strong></span> <span class='ocrx_word' id='word_1_710' title='bbox 1383 5015 1490 5069; x_wconf 90' lang='lat' dir='ltr'><strong>nati</strong></span> <span class='ocrx_word' id='word_1_711' title='bbox 1520 5055 1535 5081; x_wconf 92' lang='lat'><strong>,</strong></span> <span class='ocrx_word' id='word_1_712' title='bbox 1585 5015 1889 5083; x_wconf 80' lang='lat' dir='ltr'><strong>contagium</strong></span> 
     </span>
    </p>
   </div>
   <div class='ocr_carea' id='block_1_93' title="bbox 283 5086 1891 5164">
    <p class='ocr_par' dir='ltr' id='par_1_93' title="bbox 283 5086 1891 5164">
     <span class='ocr_line' id='line_1_101' title="bbox 283 5086 1891 5164; baseline -0.011 -7"><span class='ocrx_word' id='word_1_713' title='bbox 283 5086 488 5156; x_wconf 59' lang='lat' dir='ltr'><strong>[hortis</strong></span> <span class='ocrx_word' id='word_1_714' title='bbox 511 5096 743 5164; x_wconf 77' lang='lat' dir='ltr'><strong>antiqnte</strong></span> <span class='ocrx_word' id='word_1_715' title='bbox 792 5092 962 5162; x_wconf 87' lang='lat' dir='ltr'><strong>prima</strong></span> <span class='ocrx_word' id='word_1_716' title='bbox 994 5087 1272 5164; x_wconf 80' lang='lat' dir='ltr'><strong>nativilale</strong></span> <span class='ocrx_word' id='word_1_717' title='bbox 1291 5096 1686 5164; x_wconf 79' lang='lat' dir='ltr'><strong>_contraxere:_</strong></span> <span class='ocrx_word' id='word_1_718' title='bbox 1716 5086 1891 5164; x_wconf 69' lang='lat' dir='ltr'><strong>itaque</strong></span> 
     </span>
    </p>
   </div>
   <div class='ocr_carea' id='block_1_94' title="bbox 282 5155 1892 5234">
    <p class='ocr_par' dir='ltr' id='par_1_94' title="bbox 282 5155 1892 5234">
     <span class='ocr_line' id='line_1_102' title="bbox 282 5155 1892 5234; baseline -0.011 -7"><span class='ocrx_word' id='word_1_719' title='bbox 282 5155 365 5226; x_wconf 70' lang='lat' dir='ltr'><strong>ad</strong></span> <span class='ocrx_word' id='word_1_720' title='bbox 415 5155 692 5227; x_wconf 79' lang='lat' dir='ltr'><strong>remissam</strong></span> <span class='ocrx_word' id='word_1_721' title='bbox 742 5155 1080 5234; x_wconf 78' lang='lat' dir='ltr'><strong>peccatorum</strong></span> <span class='ocrx_word' id='word_1_722' title='bbox 1137 5157 1502 5234; x_wconf 89' lang='lat' dir='ltr'><strong>accipiendam</strong></span> <span class='ocrx_word' id='word_1_723' title='bbox 1545 5155 1647 5212; x_wconf 90' lang='lat' dir='ltr'><strong>hoc</strong></span> <span class='ocrx_word' id='word_1_724' title='bbox 1674 5156 1790 5227; x_wconf 85' lang='lat' dir='ltr'><strong>ipso</strong></span> <span class='ocrx_word' id='word_1_725' title='bbox 1816 5157 1892 5234; x_wconf 74' lang='lat' dir='ltr'><strong>la-</strong></span> 
     </span>
    </p>
   </div>
   <div class='ocr_carea' id='block_1_95' title="bbox 283 5042 402 5098">
    <p class='ocr_par' dir='ltr' id='par_1_95' title="bbox 283 5042 402 5098">
     <span class='ocr_line' id='line_1_103' title="bbox 283 5042 402 5098; baseline 0.008 -16"><span class='ocrx_word' id='word_1_726' title='bbox 283 5042 402 5098; x_wconf 89' lang='lat' dir='ltr'><strong>quo</strong></span> 
     </span>
    </p>
   </div>
   <div class='ocr_carea' id='block_1_96' title="bbox 284 5227 1887 5308">
    <p class='ocr_par' dir='ltr' id='par_1_96' title="bbox 284 5227 1887 5308">
     <span class='ocr_line' id='line_1_104' title="bbox 284 5227 1887 5308; baseline -0.011 -10"><span class='ocrx_word' id='word_1_727' title='bbox 284 5242 454 5298; x_wconf 89' lang='lat' dir='ltr'><strong>cilius</strong></span> <span class='ocrx_word' id='word_1_728' title='bbox 481 5227 762 5308; x_wconf 64' lang='lat' dir='ltr'><strong>accedere;</strong></span> <span class='ocrx_word' id='word_1_729' title='bbox 805 5233 946 5308; x_wconf 70' lang='lat' dir='ltr'><strong>quod</strong></span> <span class='ocrx_word' id='word_1_730' title='bbox 977 5232 1078 5287; x_wconf 85' lang='lat' dir='ltr'><strong>illis</strong></span> <span class='ocrx_word' id='word_1_731' title='bbox 1120 5227 1466 5286; x_wconf 77' lang='lat' dir='ltr'><strong>remittuntur</strong></span> <span class='ocrx_word' id='word_1_732' title='bbox 1500 5242 1604 5283; x_wconf 91' lang='lat' dir='ltr'><strong>non</strong></span> <span class='ocrx_word' id='word_1_733' title='bbox 1652 5227 1887 5300; x_wconf 88' lang='lat' dir='ltr'><strong>propria,</strong></span> 
     </span>
    </p>
   </div>
   <div class='ocr_carea' id='block_1_97' title="bbox 283 5304 1650 5381">
    <p class='ocr_par' dir='ltr' id='par_1_97' title="bbox 283 5304 1650 5381">
     <span class='ocr_line' id='line_1_105' title="bbox 283 5304 1650 5381; baseline -0.002 -15"><span class='ocrx_word' id='word_1_734' title='bbox 283 5312 398 5372; x_wconf 85' lang='lat' dir='ltr'><strong>sed</strong></span> <span class='ocrx_word' id='word_1_735' title='bbox 417 5312 589 5381; x_wconf 89' lang='lat' dir='ltr'><strong>aliena</strong></span> <span class='ocrx_word' id='word_1_736' title='bbox 610 5304 844 5381; x_wconf 76' lang='lat' dir='ltr'><strong>peccata.</strong></span> <span class='ocrx_word' id='word_1_737' title='bbox 879 5304 997 5360; x_wconf 81' lang='lat' dir='ltr'><strong>Rio.</strong></span> <span class='ocrx_word' id='word_1_738' title='bbox 1259 5373 1270 5381; x_wconf 87' lang='lat'>_</span> <span class='ocrx_word' id='word_1_739' title='bbox 1391 5373 1402 5381; x_wconf 38' lang='lat'><em>.</em></span> <span class='ocrx_word' id='word_1_740' title='bbox 1449 5380 1454 5381; x_wconf 14' lang='grc' dir='ltr'>ί</span> <span class='ocrx_word' id='word_1_741' title='bbox 1539 5370 1595 5381; x_wconf 50' lang='grc' dir='ltr'><em>Ν</em></span> <span class='ocrx_word' id='word_1_742' title='bbox 1640 5370 1650 5381; x_wconf 84' lang='lat'>_</span> 
     </span>
    </p>
   </div>
   <div class='ocr_carea' id='block_1_98' title="bbox 376 5370 1886 5455">
    <p class='ocr_par' dir='ltr' id='par_1_98' title="bbox 376 5370 1886 5455">
     <span class='ocr_line' id='line_1_106' title="bbox 376 5370 1886 5455; baseline -0.007 -21"><span class='ocrx_word' id='word_1_743' title='bbox 376 5386 452 5455; x_wconf 87' lang='lat' dir='ltr'><strong>(e)</strong></span> <span class='ocrx_word' id='word_1_744' title='bbox 505 5370 662 5455; x_wconf 70' lang='lat' dir='ltr'><strong>Fides</strong></span> <span class='ocrx_word' id='word_1_745' title='bbox 689 5380 885 5455; x_wconf 75' lang='lat' dir='ltr'><strong>integra</strong></span> <span class='ocrx_word' id='word_1_746' title='bbox 913 5390 1092 5455; x_wconf 62' lang='lat' dir='ltr'><strong>secura</strong></span> <span class='ocrx_word' id='word_1_747' title='bbox 1135 5381 1208 5429; x_wconf 85' lang='lat' dir='ltr'><strong>est</strong></span> <span class='ocrx_word' id='word_1_748' title='bbox 1235 5373 1298 5427; x_wconf 86' lang='lat' dir='ltr'><strong>de</strong></span> <span class='ocrx_word' id='word_1_749' title='bbox 1325 5373 1503 5426; x_wconf 83' lang='lat' dir='ltr'><strong>salute.</strong></span> <span class='ocrx_word' id='word_1_750' title='bbox 1539 5370 1679 5455; x_wconf 78' lang='lat' dir='ltr'><strong>Dixit</strong></span> <span class='ocrx_word' id='word_1_751' title='bbox 1723 5383 1886 5455; x_wconf 69' lang='lat' dir='ltr'><strong>supra</strong></span> 
     </span>
    </p>
   </div>
   <div class='ocr_carea' id='block_1_99' title="bbox 284 5441 1886 5525">
    <p class='ocr_par' dir='ltr' id='par_1_99' title="bbox 284 5441 1886 5525">
     <span class='ocr_line' id='line_1_107' title="bbox 284 5441 1886 5525; baseline -0.011 -11"><span class='ocrx_word' id='word_1_752' title='bbox 284 5457 370 5514; x_wconf 88' lang='lat' dir='ltr'><strong>de</strong></span> <span class='ocrx_word' id='word_1_753' title='bbox 382 5441 463 5511; x_wconf 54' lang='lat' dir='ltr'><strong>‘ii&#39;s</strong></span> <span class='ocrx_word' id='word_1_754' title='bbox 490 5453 686 5525; x_wconf 80' lang='lat' dir='ltr'><strong>quibus</strong></span> <span class='ocrx_word' id='word_1_755' title='bbox 705 5441 878 5525; x_wconf 78' lang='lat' dir='ltr'><strong>aliena</strong></span> <span class='ocrx_word' id='word_1_756' title='bbox 905 5445 1061 5525; x_wconf 72' lang='lat' dir='ltr'><strong>culpa</strong></span> <span class='ocrx_word' id='word_1_757' title='bbox 1082 5447 1350 5525; x_wconf 65' lang='lat' dir='ltr'><strong>lavacrum</strong></span> <span class='ocrx_word' id='word_1_758' title='bbox 1377 5444 1636 5525; x_wconf 76' lang='lat' dir='ltr'><strong>negavit;_</strong></span> <span class='ocrx_word' id='word_1_759' title='bbox 1653 5455 1794 5525; x_wconf 73' lang='lat' dir='ltr'><strong>nunc</strong></span> <span class='ocrx_word' id='word_1_760' title='bbox 1818 5441 1886 5525; x_wconf 84' lang='lat' dir='ltr'><strong>de</strong></span> 
     </span>
    </p>
   </div>
   <div class='ocr_carea' id='block_1_100' title="bbox 285 5512 1888 5612">
    <p class='ocr_par' dir='ltr' id='par_1_100' title="bbox 285 5512 1888 5612">
     <span class='ocr_line' id='line_1_108' title="bbox 285 5512 1888 5612; baseline -0.012 -26"><span class='ocrx_word' id='word_1_761' title='bbox 285 5512 368 5586; x_wconf 77' lang='lat' dir='ltr'><strong>iis</strong></span> <span class='ocrx_word' id='word_1_762' title='bbox 387 5512 578 5612; x_wconf 59' lang='lat' dir='ltr'><strong>qiiih&#39;us</strong></span> <span class='ocrx_word' id='word_1_763' title='bbox 605 5522 732 5612; x_wconf 61' lang='lat' dir='ltr'><strong>dum</strong></span> <span class='ocrx_word' id='word_1_764' title='bbox 761 5520 979 5612; x_wconf 59' lang='lat' dir='ltr'><strong>veniunt</strong></span> <span class='ocrx_word' id='word_1_765' title='bbox 995 5512 1380 5612; x_wconf 45' lang='lat' dir='ltr'><strong>ad.Chr&#39;istu_m,</strong></span> <span class='ocrx_word' id='word_1_766' title='bbox 1404 5512 1530 5597; x_wconf 72' lang='lat' dir='ltr'><strong>dum</strong></span> <span class='ocrx_word' id='word_1_767' title='bbox 1552 5512 1888 5612; x_wconf 58' lang='lat' dir='ltr'><strong>&#39;adolescunt</strong></span> 
     </span>
    </p>
   </div>
   <div class='ocr_carea' id='block_1_101' title="bbox 282 5586 1889 5658">
    <p class='ocr_par' dir='ltr' id='par_1_101' title="bbox 282 5586 1889 5658">
     <span class='ocr_line' id='line_1_109' title="bbox 282 5586 1889 5658; baseline -0.012 -2"><span class='ocrx_word' id='word_1_768' title='bbox 282 5601 356 5658; x_wconf 85' lang='lat' dir='ltr'><strong>in</strong></span> <span class='ocrx_word' id='word_1_769' title='bbox 383 5586 620 5657; x_wconf 84' lang='lat' dir='ltr'><strong>Christo,</strong></span> <span class='ocrx_word' id='word_1_770' title='bbox 648 5593 777 5650; x_wconf 91' lang='lat' dir='ltr'><strong>dum</strong></span> <span class='ocrx_word' id='word_1_771' title='bbox 802 5591 1083 5647; x_wconf 89' lang='lat' dir='ltr'><strong>addiscunt</strong></span> <span class='ocrx_word' id='word_1_772' title='bbox 1106 5587 1366 5654; x_wconf 68' lang='lat' dir='ltr'><strong>coelestia,</strong></span> <span class='ocrx_word' id='word_1_773' title='bbox 1399 5588 1478 5641; x_wconf 87' lang='lat' dir='ltr'><strong>vis</strong></span> <span class='ocrx_word' id='word_1_774' title='bbox 1516 5586 1690 5654; x_wconf 86' lang='lat' dir='ltr'><strong>aliqua</strong></span> <span class='ocrx_word' id='word_1_775' title='bbox 1719 5586 1889 5654; x_wconf 90' lang='lat' dir='ltr'><strong>major</strong></span> 
     </span>
    </p>
   </div>
   <div class='ocr_carea' id='block_1_102' title="bbox 283 5658 1888 5728">
    <p class='ocr_par' dir='ltr' id='par_1_102' title="bbox 283 5658 1888 5728">
     <span class='ocr_line' id='line_1_110' title="bbox 283 5658 1888 5728; baseline -0.011 -2"><span class='ocrx_word' id='word_1_776' title='bbox 283 5679 358 5728; x_wconf 84' lang='lat' dir='ltr'><strong>et</strong></span> <span class='ocrx_word' id='word_1_777' title='bbox 377 5672 538 5724; x_wconf 88' lang='lat' dir='ltr'><strong>vitam</strong></span> <span class='ocrx_word' id='word_1_778' title='bbox 556 5666 776 5722; x_wconf 90' lang='lat' dir='ltr'><strong>abstulit</strong></span> <span class='ocrx_word' id='word_1_779' title='bbox 790 5673 845 5720; x_wconf 92' lang='lat' dir='ltr'><strong>et</strong></span> <span class='ocrx_word' id='word_1_780' title='bbox 865 5663 1154 5717; x_wconf 88' lang='lat' dir='ltr'><strong>lavacrum.</strong></span> <span class='ocrx_word' id='word_1_781' title='bbox 1182 5661 1354 5727; x_wconf 82' lang='lat' dir='ltr'><strong>Atque</strong></span> <span class='ocrx_word' id='word_1_782' title='bbox 1372 5658 1468 5713; x_wconf 87' lang='lat' dir='ltr'><strong>hos</strong></span> <span class='ocrx_word' id='word_1_783' title='bbox 1485 5658 1644 5712; x_wconf 90' lang='lat' dir='ltr'><strong>etiam</strong></span> <span class='ocrx_word' id='word_1_784' title='bbox 1671 5669 1888 5728; x_wconf 80' lang='lat' dir='ltr'><strong>securos</strong></span> 
     </span>
    </p>
   </div>
   <div class='ocr_carea' id='block_1_103' title="bbox 285 5725 1890 5812">
    <p class='ocr_par' dir='ltr' id='par_1_103' title="bbox 285 5725 1890 5812">
     <span class='ocr_line' id='line_1_111' title="bbox 285 5725 1890 5812; baseline -0.01 -14"><span class='ocrx_word' id='word_1_785' title='bbox 285 5725 423 5798; x_wconf 57' lang='lat' dir='ltr'><strong>esse</strong></span> <span class='ocrx_word' id='word_1_786' title='bbox 449 5729 1156 5812; x_wconf 76' lang='lat' dir='ltr'><strong>jubet_Septimiu_s:_Fidetn</strong></span> <span class='ocrx_word' id='word_1_787' title='bbox 1184 5725 1442 5799; x_wconf 82' lang='lat' dir='ltr'><strong>integram</strong></span> <span class='ocrx_word' id='word_1_788' title='bbox 1463 5742 1752 5812; x_wconf 71' lang='lat' dir='ltr'><strong>esse,_qute</strong></span> <span class='ocrx_word' id='word_1_789' title='bbox 1765 5725 1890 5812; x_wconf 66' lang='lat' dir='ltr'><strong>talis</strong></span> 
     </span>
    </p>
   </div>
   <div class='ocr_carea' id='block_1_104' title="bbox 286 5796 1886 5882">
    <p class='ocr_par' dir='ltr' id='par_1_104' title="bbox 286 5796 1886 5882">
     <span class='ocr_line' id='line_1_112' title="bbox 286 5796 1886 5882; baseline -0.016 -7"><span class='ocrx_word' id='word_1_790' title='bbox 286 5796 421 5874; x_wconf 66' lang='lat' dir='ltr'><strong>Dori</strong></span> <span class='ocrx_word' id='word_1_791' title='bbox 449 5796 666 5882; x_wconf 64' lang='lat' dir='ltr'><strong>satagit,</strong></span> <span class='ocrx_word' id='word_1_792' title='bbox 688 5796 750 5868; x_wconf 71' lang='lat' dir='ltr'><strong>ac</strong></span> <span class='ocrx_word' id='word_1_793' title='bbox 777 5804 1004 5880; x_wconf 87' lang='lat' dir='ltr'><strong>proinde</strong></span> <span class='ocrx_word' id='word_1_794' title='bbox 1030 5815 1273 5860; x_wconf 88' lang='lat' dir='ltr'><strong>securam</strong></span> <span class='ocrx_word' id='word_1_795' title='bbox 1300 5796 1420 5857; x_wconf 78' lang='lat' dir='ltr'><strong>esse</strong></span> <span class='ocrx_word' id='word_1_796' title='bbox 1445 5801 1513 5857; x_wconf 86' lang='lat' dir='ltr'><strong>dc</strong></span> <span class='ocrx_word' id='word_1_797' title='bbox 1552 5796 1741 5856; x_wconf 78' lang='lat' dir='ltr'><strong>salute.</strong></span> <span class='ocrx_word' id='word_1_798' title='bbox 1765 5796 1886 5855; x_wconf 79' lang='grc' dir='ltr'>Ριιε.</span> 
     </span>
    </p>
   </div>
   <div class='ocr_carea' id='block_1_105' title="bbox 1992 4369 3090 4443">
    <p class='ocr_par' dir='ltr' id='par_1_105' title="bbox 1992 4369 3090 4443">
     <span class='ocr_line' id='line_1_113' title="bbox 1992 4369 3090 4443; baseline -0.003 -18"><span class='ocrx_word' id='word_1_799' title='bbox 1992 4369 2298 4443; x_wconf 85' lang='lat' dir='ltr'><strong>baptizandi</strong></span> <span class='ocrx_word' id='word_1_800' title='bbox 2325 4371 2644 4426; x_wconf 81' lang='lat' dir='ltr'><strong>celebratam</strong></span> <span class='ocrx_word' id='word_1_801' title='bbox 2675 4369 2860 4425; x_wconf 84' lang='lat' dir='ltr'><strong>fuisse.</strong></span> <span class='ocrx_word' id='word_1_802' title='bbox 2887 4369 2966 4425; x_wconf 77' lang='lat' dir='ltr'><strong>Le</strong></span> <span class='ocrx_word' id='word_1_803' title='bbox 2998 4369 3090 4425; x_wconf 81' lang='lat' dir='ltr'><strong>Pu.</strong></span> 
     </span>
    </p>
   </div>
   <div class='ocr_carea' id='block_1_106' title="bbox 2061 4463 3588 4535">
    <p class='ocr_par' dir='ltr' id='par_1_106' title="bbox 2061 4463 3588 4535">
     <span class='ocr_line' id='line_1_114' title="bbox 2061 4463 3588 4535; baseline -0.003 -13"><span class='ocrx_word' id='word_1_804' title='bbox 2061 4465 2212 4522; x_wconf 83' lang='lat' dir='ltr'><strong>CAP.</strong></span> <span class='ocrx_word' id='word_1_805' title='bbox 2247 4464 2444 4519; x_wconf 86' lang='lat' dir='ltr'><strong>XX.-—</strong></span> <span class='ocrx_word' id='word_1_806' title='bbox 2464 4463 2540 4535; x_wconf 86' lang='lat' dir='ltr'><strong>(e)</strong></span> <span class='ocrx_word' id='word_1_807' title='bbox 2575 4464 2703 4519; x_wconf 83' lang='lat' dir='ltr'><strong>Cum</strong></span> <span class='ocrx_word' id='word_1_808' title='bbox 2733 4466 3050 4534; x_wconf 76' lang='lat' dir='ltr'><strong>confessione</strong></span> <span class='ocrx_word' id='word_1_809' title='bbox 3076 4465 3300 4520; x_wconf 88' lang='lat' dir='ltr'><strong>omnium</strong></span> <span class='ocrx_word' id='word_1_810' title='bbox 3333 4474 3467 4518; x_wconf 85' lang='lat' dir='ltr'><strong>retro</strong></span> <span class='ocrx_word' id='word_1_811' title='bbox 3497 4464 3588 4518; x_wconf 86' lang='lat' dir='ltr'><strong>de-</strong></span> 
     </span>
    </p>
   </div>
   <div class='ocr_carea' id='block_1_107' title="bbox 1989 4535 3591 4605">
    <p class='ocr_par' dir='ltr' id='par_1_107' title="bbox 1989 4535 3591 4605">
     <span class='ocr_line' id='line_1_115' title="bbox 1989 4535 3591 4605; baseline -0.001 -12"><span class='ocrx_word' id='word_1_812' title='bbox 1989 4539 2238 4593; x_wconf 85' lang='lat' dir='ltr'><strong>lictorum.</strong></span> <span class='ocrx_word' id='word_1_813' title='bbox 2255 4535 2601 4591; x_wconf 80' lang='lat' dir='ltr'><strong>Conﬁtentur</strong></span> <span class='ocrx_word' id='word_1_814' title='bbox 2623 4536 2802 4589; x_wconf 89' lang='lat' dir='ltr'><strong>omnia</strong></span> <span class='ocrx_word' id='word_1_815' title='bbox 2825 4547 2970 4590; x_wconf 92' lang='lat' dir='ltr'><strong>retro</strong></span> <span class='ocrx_word' id='word_1_816' title='bbox 3001 4535 3216 4603; x_wconf 88' lang='lat' dir='ltr'><strong>delicta,</strong></span> <span class='ocrx_word' id='word_1_817' title='bbox 3245 4537 3334 4605; x_wconf 87' lang='lat' dir='ltr'><strong>qui</strong></span> <span class='ocrx_word' id='word_1_818' title='bbox 3366 4537 3508 4589; x_wconf 89' lang='lat' dir='ltr'><strong>serio</strong></span> <span class='ocrx_word' id='word_1_819' title='bbox 3527 4551 3591 4591; x_wconf 85' lang='lat' dir='ltr'><strong>ac</strong></span> 
     </span>
    </p>
   </div>
   <div class='ocr_carea' id='block_1_108' title="bbox 1981 4607 3588 4677">
    <p class='ocr_par' dir='ltr' id='par_1_108' title="bbox 1981 4607 3588 4677">
     <span class='ocr_line' id='line_1_116' title="bbox 1981 4607 3588 4677; baseline -0.004 -12"><span class='ocrx_word' id='word_1_820' title='bbox 1981 4609 2168 4665; x_wconf 86' lang='lat' dir='ltr'><strong>sedulo</strong></span> <span class='ocrx_word' id='word_1_821' title='bbox 2185 4607 2525 4677; x_wconf 81' lang='lat' dir='ltr'><strong>resipiscunt,</strong></span> <span class='ocrx_word' id='word_1_822' title='bbox 2547 4618 2603 4662; x_wconf 89' lang='lat' dir='ltr'><strong>et</strong></span> <span class='ocrx_word' id='word_1_823' title='bbox 2629 4608 2753 4662; x_wconf 76' lang='lat' dir='ltr'><strong>vitae</strong></span> <span class='ocrx_word' id='word_1_824' title='bbox 2773 4607 2913 4675; x_wconf 85' lang='lat' dir='ltr'><strong>apud</strong></span> <span class='ocrx_word' id='word_1_825' title='bbox 2939 4607 3184 4662; x_wconf 88' lang='lat' dir='ltr'><strong>ethnicos</strong></span> <span class='ocrx_word' id='word_1_826' title='bbox 3205 4617 3464 4663; x_wconf 78' lang='lat' dir='ltr'><strong>anteacta:</strong></span> <span class='ocrx_word' id='word_1_827' title='bbox 3485 4607 3588 4662; x_wconf 81' lang='lat' dir='ltr'><strong>cri-</strong></span> 
     </span>
    </p>
   </div>
   <div class='ocr_carea' id='block_1_109' title="bbox 1983 4677 3593 4744">
    <p class='ocr_par' dir='ltr' id='par_1_109' title="bbox 1983 4677 3593 4744">
     <span class='ocr_line' id='line_1_117' title="bbox 1983 4677 3593 4744; baseline -0.002 -8"><span class='ocrx_word' id='word_1_828' title='bbox 1983 4683 2125 4736; x_wconf 88' lang='lat' dir='ltr'><strong>mina</strong></span> <span class='ocrx_word' id='word_1_829' title='bbox 2150 4682 2231 4736; x_wconf 89' lang='lat' dir='ltr'><strong>vel</strong></span> <span class='ocrx_word' id='word_1_830' title='bbox 2246 4694 2460 4736; x_wconf 91' lang='lat' dir='ltr'><strong>errores</strong></span> <span class='ocrx_word' id='word_1_831' title='bbox 2486 4678 2740 4734; x_wconf 87' lang='lat' dir='ltr'><strong>damnant</strong></span> <span class='ocrx_word' id='word_1_832' title='bbox 2759 4694 2824 4732; x_wconf 88' lang='lat' dir='ltr'><strong>ac</strong></span> <span class='ocrx_word' id='word_1_833' title='bbox 2847 4678 3200 4744; x_wconf 87' lang='lat' dir='ltr'><strong>detestantur,</strong></span> <span class='ocrx_word' id='word_1_834' title='bbox 3230 4677 3396 4734; x_wconf 88' lang='lat' dir='ltr'><strong>corde</strong></span> <span class='ocrx_word' id='word_1_835' title='bbox 3414 4678 3481 4732; x_wconf 87' lang='lat' dir='ltr'><strong>ad</strong></span> <span class='ocrx_word' id='word_1_836' title='bbox 3509 4693 3593 4733; x_wconf 88' lang='lat' dir='ltr'><strong>ve-</strong></span> 
     </span>
    </p>
   </div>
   <div class='ocr_carea' id='block_1_110' title="bbox 1986 4747 3593 4820">
    <p class='ocr_par' dir='ltr' id='par_1_110' title="bbox 1986 4747 3593 4820">
     <span class='ocr_line' id='line_1_118' title="bbox 1986 4747 3593 4820; baseline -0.002 -13"><span class='ocrx_word' id='word_1_837' title='bbox 1986 4768 2104 4807; x_wconf 89' lang='lat' dir='ltr'><strong>rum</strong></span> <span class='ocrx_word' id='word_1_838' title='bbox 2127 4751 2293 4806; x_wconf 88' lang='lat' dir='ltr'><strong>Deum</strong></span> <span class='ocrx_word' id='word_1_839' title='bbox 2316 4747 2972 4816; x_wconf 70' lang='lat' dir='ltr'><strong>convers:r.Conﬁtentur,</strong></span> <span class='ocrx_word' id='word_1_840' title='bbox 2992 4749 3229 4820; x_wconf 83' lang='lat' dir='ltr'><strong>inquam,</strong></span> <span class='ocrx_word' id='word_1_841' title='bbox 3250 4752 3428 4802; x_wconf 88' lang='lat' dir='ltr'><strong>omnia</strong></span> <span class='ocrx_word' id='word_1_842' title='bbox 3448 4756 3593 4803; x_wconf 91' lang='lat' dir='ltr'><strong>retro</strong></span> 
     </span>
    </p>
   </div>
   <div class='ocr_carea' id='block_1_111' title="bbox 1988 4820 3587 4893">
    <p class='ocr_par' dir='ltr' id='par_1_111' title="bbox 1988 4820 3587 4893">
     <span class='ocr_line' id='line_1_119' title="bbox 1988 4820 3587 4893; baseline -0.001 -16"><span class='ocrx_word' id='word_1_843' title='bbox 1988 4823 2202 4888; x_wconf 87' lang='lat' dir='ltr'><strong>delicta,</strong></span> <span class='ocrx_word' id='word_1_844' title='bbox 2224 4824 2311 4893; x_wconf 90' lang='lat' dir='ltr'><strong>qui</strong></span> <span class='ocrx_word' id='word_1_845' title='bbox 2343 4821 2658 4877; x_wconf 88' lang='lat' dir='ltr'><strong>delictorum</strong></span> <span class='ocrx_word' id='word_1_846' title='bbox 2680 4820 3048 4890; x_wconf 74' lang='lat' dir='ltr'><strong>pannitentiam</strong></span> <span class='ocrx_word' id='word_1_847' title='bbox 3069 4828 3250 4890; x_wconf 85' lang='lat' dir='ltr'><strong>agunt,</strong></span> <span class='ocrx_word' id='word_1_848' title='bbox 3274 4827 3587 4891; x_wconf 88' lang='lat' dir='ltr'><strong>mutatoque</strong></span> 
     </span>
    </p>
   </div>
   <div class='ocr_carea' id='block_1_112' title="bbox 1992 4893 3268 4950">
    <p class='ocr_par' dir='ltr' id='par_1_112' title="bbox 1992 4893 3268 4950">
     <span class='ocr_line' id='line_1_120' title="bbox 1992 4893 3268 4950; baseline -0.004 -1"><span class='ocrx_word' id='word_1_849' title='bbox 1992 4894 2218 4950; x_wconf 88' lang='lat' dir='ltr'><strong>consilio</strong></span> <span class='ocrx_word' id='word_1_850' title='bbox 2241 4894 2402 4948; x_wconf 87' lang='lat' dir='ltr'><strong>vitam</strong></span> <span class='ocrx_word' id='word_1_851' title='bbox 2429 4894 2714 4950; x_wconf 89' lang='lat' dir='ltr'><strong>instituunt</strong></span> <span class='ocrx_word' id='word_1_852' title='bbox 2737 4894 3102 4946; x_wconf 89' lang='lat' dir='ltr'><strong>innocentem.</strong></span> <span class='ocrx_word' id='word_1_853' title='bbox 3145 4893 3268 4946; x_wconf 76' lang='lat' dir='ltr'><strong>lilG.</strong></span> 
     </span>
    </p>
   </div>
   <div class='ocr_carea' id='block_1_113' title="bbox 2068 4983 3596 5061">
    <p class='ocr_par' dir='ltr' id='par_1_113' title="bbox 2068 4983 3596 5061">
     <span class='ocr_line' id='line_1_121' title="bbox 2068 4983 3596 5061; baseline -0.002 -18"><span class='ocrx_word' id='word_1_854' title='bbox 2068 4988 2133 5061; x_wconf 75' lang='grc' dir='ltr'><strong>(Γ)</strong></span> <span class='ocrx_word' id='word_1_855' title='bbox 2170 4988 2235 5044; x_wconf 89' lang='lat' dir='ltr'><strong>Ut</strong></span> <span class='ocrx_word' id='word_1_856' title='bbox 2261 4997 2517 5061; x_wconf 69' lang='lat' dir='ltr'><strong>exponunt</strong></span> <span class='ocrx_word' id='word_1_857' title='bbox 2551 4989 2702 5042; x_wconf 89' lang='lat' dir='ltr'><strong>etiam</strong></span> <span class='ocrx_word' id='word_1_858' title='bbox 2731 4985 3063 5061; x_wconf 46' lang='lat' dir='ltr'><strong>Baptismum</strong></span> <span class='ocrx_word' id='word_1_859' title='bbox 3097 4983 3338 5061; x_wconf 56' lang='lat' dir='ltr'><strong>Joannis.</strong></span> <span class='ocrx_word' id='word_1_860' title='bbox 3370 4984 3596 5061; x_wconf 73' lang='lat' dir='ltr'><strong>Exposi-</strong></span> 
     </span>
    </p>
   </div>
   <div class='ocr_carea' id='block_1_114' title="bbox 1999 5056 3591 5125">
    <p class='ocr_par' dir='ltr' id='par_1_114' title="bbox 1999 5056 3591 5125">
     <span class='ocr_line' id='line_1_122' title="bbox 1999 5056 3591 5125; baseline -0.003 -11"><span class='ocrx_word' id='word_1_861' title='bbox 1999 5056 2143 5116; x_wconf 81' lang='lat' dir='ltr'><strong>tione</strong></span> <span class='ocrx_word' id='word_1_862' title='bbox 2168 5056 2404 5118; x_wconf 84' lang='lat' dir='ltr'><strong>omnium</strong></span> <span class='ocrx_word' id='word_1_863' title='bbox 2429 5059 2741 5114; x_wconf 78' lang='lat' dir='ltr'><strong>delictorum</strong></span> <span class='ocrx_word' id='word_1_864' title='bbox 2762 5071 3002 5112; x_wconf 85' lang='lat' dir='ltr'><strong>suorum.</strong></span> <span class='ocrx_word' id='word_1_865' title='bbox 3021 5056 3232 5120; x_wconf 85' lang='lat' dir='ltr'><strong>Etenim</strong></span> <span class='ocrx_word' id='word_1_866' title='bbox 3262 5056 3591 5125; x_wconf 77' lang='lat' dir='ltr'><strong>Baptismum</strong></span> 
     </span>
    </p>
   </div>
   <div class='ocr_carea' id='block_1_115' title="bbox 2001 5127 3592 5199">
    <p class='ocr_par' dir='ltr' id='par_1_115' title="bbox 2001 5127 3592 5199">
     <span class='ocr_line' id='line_1_123' title="bbox 2001 5127 3592 5199; baseline 0 -13"><span class='ocrx_word' id='word_1_867' title='bbox 2001 5132 2397 5188; x_wconf 88' lang='lat' dir='ltr'><strong>administrabit</strong></span> <span class='ocrx_word' id='word_1_868' title='bbox 2425 5131 2659 5186; x_wconf 88' lang='lat' dir='ltr'><strong>Joannes</strong></span> <span class='ocrx_word' id='word_1_869' title='bbox 2688 5128 3069 5199; x_wconf 64' lang='lat' dir='ltr'><strong>paenitentibus</strong></span> <span class='ocrx_word' id='word_1_870' title='bbox 3107 5135 3163 5183; x_wconf 92' lang='lat' dir='ltr'><strong>et</strong></span> <span class='ocrx_word' id='word_1_871' title='bbox 3213 5127 3592 5199; x_wconf 81' lang='lat' dir='ltr'><strong>conﬁtentibus</strong></span> 
     </span>
    </p>
   </div>
   <div class='ocr_carea' id='block_1_116' title="bbox 1996 5197 3592 5270">
    <p class='ocr_par' dir='ltr' id='par_1_116' title="bbox 1996 5197 3592 5270">
     <span class='ocr_line' id='line_1_124' title="bbox 1996 5197 3592 5270; baseline -0.004 -12"><span class='ocrx_word' id='word_1_872' title='bbox 1996 5203 2190 5259; x_wconf 85' lang='lat' dir='ltr'><strong>delicta</strong></span> <span class='ocrx_word' id='word_1_873' title='bbox 2223 5219 2337 5258; x_wconf 89' lang='lat' dir='ltr'><strong>sua.</strong></span> <span class='ocrx_word' id='word_1_874' title='bbox 2371 5204 2498 5257; x_wconf 81' lang='lat' dir='ltr'><strong>Eam</strong></span> <span class='ocrx_word' id='word_1_875' title='bbox 2536 5215 2664 5255; x_wconf 85' lang='lat' dir='ltr'><strong>vero</strong></span> <span class='ocrx_word' id='word_1_876' title='bbox 2690 5197 3096 5270; x_wconf 15' lang='lat' dir='ltr'><strong>confessionem,</strong></span> <span class='ocrx_word' id='word_1_877' title='bbox 3138 5199 3349 5270; x_wconf 90' lang='lat' dir='ltr'><strong>publice</strong></span> <span class='ocrx_word' id='word_1_878' title='bbox 3397 5197 3592 5270; x_wconf 75' lang='lat' dir='ltr'><strong>factam</strong></span> 
     </span>
    </p>
   </div>
   <div class='ocr_carea' id='block_1_117' title="bbox 1998 5268 3597 5343">
    <p class='ocr_par' dir='ltr' id='par_1_117' title="bbox 1998 5268 3597 5343">
     <span class='ocr_line' id='line_1_125' title="bbox 1998 5268 3597 5343; baseline -0.003 -13"><span class='ocrx_word' id='word_1_879' title='bbox 1998 5275 2164 5331; x_wconf 79' lang='lat' dir='ltr'><strong>fuisse</strong></span> <span class='ocrx_word' id='word_1_880' title='bbox 2183 5274 2421 5331; x_wconf 80' lang='lat' dir='ltr'><strong>ostendit</strong></span> <span class='ocrx_word' id='word_1_881' title='bbox 2463 5271 2774 5343; x_wconf 89' lang='lat' dir='ltr'><strong>Septimius,</strong></span> <span class='ocrx_word' id='word_1_882' title='bbox 2797 5286 2920 5327; x_wconf 91' lang='lat' dir='ltr'><strong>cum</strong></span> <span class='ocrx_word' id='word_1_883' title='bbox 2948 5270 3027 5326; x_wconf 87' lang='lat' dir='ltr'><strong>ait</strong></span> <span class='ocrx_word' id='word_1_884' title='bbox 3053 5268 3212 5343; x_wconf 73' lang='lat' dir='ltr'><strong>aliam</strong></span> <span class='ocrx_word' id='word_1_885' title='bbox 3265 5285 3388 5327; x_wconf 80' lang='lat' dir='ltr'><strong>esse</strong></span> <span class='ocrx_word' id='word_1_886' title='bbox 3411 5268 3597 5326; x_wconf 88' lang='lat' dir='ltr'><strong>Chris-</strong></span> 
     </span>
    </p>
   </div>
   <div class='ocr_carea' id='block_1_118' title="bbox 2001 5341 3188 5406">
    <p class='ocr_par' dir='ltr' id='par_1_118' title="bbox 2001 5341 3188 5406">
     <span class='ocr_line' id='line_1_126' title="bbox 2001 5341 3188 5406; baseline -0.005 -4"><span class='ocrx_word' id='word_1_887' title='bbox 2001 5346 2267 5404; x_wconf 89' lang='lat' dir='ltr'><strong>tianorum</strong></span> <span class='ocrx_word' id='word_1_888' title='bbox 2297 5361 2412 5401; x_wconf 74' lang='lat' dir='ltr'><strong>aevo</strong></span> <span class='ocrx_word' id='word_1_889' title='bbox 2440 5341 3023 5406; x_wconf 60' lang='lat' dir='ltr'><strong>suo&#39;c0iisuctudinetn.</strong></span> <span class='ocrx_word' id='word_1_890' title='bbox 3064 5341 3188 5404; x_wconf 78' lang='lat' dir='ltr'><strong>Rm.</strong></span> 
     </span>
    </p>
   </div>
   <div class='ocr_carea' id='block_1_119' title="bbox 2059 5433 3582 5510">
    <p class='ocr_par' dir='ltr' id='par_1_119' title="bbox 2059 5433 3582 5510">
     <span class='ocr_line' id='line_1_127' title="bbox 2059 5433 3582 5510; baseline -0.005 -16"><span class='ocrx_word' id='word_1_891' title='bbox 2059 5438 2141 5510; x_wconf 93' lang='lat' dir='ltr'><strong>(g)</strong></span> <span class='ocrx_word' id='word_1_892' title='bbox 2167 5437 2328 5494; x_wconf 80' lang='lat' dir='ltr'><strong>Nobis</strong></span> <span class='ocrx_word' id='word_1_893' title='bbox 2353 5435 2716 5510; x_wconf 72' lang='lat' dir='ltr'><strong>gratulandum</strong></span> <span class='ocrx_word' id='word_1_894' title='bbox 2743 5445 2835 5502; x_wconf 82' lang='lat' dir='ltr'><strong>est,</strong></span> <span class='ocrx_word' id='word_1_895' title='bbox 2860 5437 2904 5491; x_wconf 84' lang='lat' dir='ltr'><strong>si</strong></span> <span class='ocrx_word' id='word_1_896' title='bbox 2930 5451 3030 5490; x_wconf 82' lang='lat' dir='ltr'><strong>non</strong></span> <span class='ocrx_word' id='word_1_897' title='bbox 3053 5435 3250 5510; x_wconf 66' lang='lat' dir='ltr'><strong>publice</strong></span> <span class='ocrx_word' id='word_1_898' title='bbox 3275 5433 3582 5510; x_wconf 69' lang='lat' dir='ltr'><strong>conﬁtemur</strong></span> 
     </span>
    </p>
   </div>
   <div class='ocr_carea' id='block_1_120' title="bbox 1988 5505 3581 5581">
    <p class='ocr_par' dir='ltr' id='par_1_120' title="bbox 1988 5505 3581 5581">
     <span class='ocr_line' id='line_1_128' title="bbox 1988 5505 3581 5581; baseline -0.003 -16"><span class='ocrx_word' id='word_1_899' title='bbox 1988 5505 2284 5581; x_wconf 67' lang='lat' dir='ltr'><strong>iniquitates</strong></span> <span class='ocrx_word' id='word_1_900' title='bbox 2314 5505 2402 5562; x_wconf 75' lang='lat' dir='ltr'><strong>aut</strong></span> <span class='ocrx_word' id='word_1_901' title='bbox 2433 5507 2770 5581; x_wconf 76' lang='lat' dir='ltr'><strong>turpitudines</strong></span> <span class='ocrx_word' id='word_1_902' title='bbox 2806 5517 3024 5563; x_wconf 84' lang='lat' dir='ltr'><strong>nostras.</strong></span> <span class='ocrx_word' id='word_1_903' title='bbox 3055 5505 3335 5581; x_wconf 82' lang='lat' dir='ltr'><strong>Quomodo</strong></span> <span class='ocrx_word' id='word_1_904' title='bbox 3377 5505 3581 5581; x_wconf 64' lang='lat' dir='ltr'><strong>igitur?</strong></span> 
     </span>
    </p>
   </div>
   <div class='ocr_carea' id='block_1_121' title="bbox 1988 5576 3581 5649">
    <p class='ocr_par' dir='ltr' id='par_1_121' title="bbox 1988 5576 3581 5649">
     <span class='ocr_line' id='line_1_129' title="bbox 1988 5576 3581 5649; baseline -0.006 -11"><span class='ocrx_word' id='word_1_905' title='bbox 1988 5576 2398 5638; x_wconf 82' lang='lat' dir='ltr'><strong>Coiiﬁictatione</strong></span> <span class='ocrx_word' id='word_1_906' title='bbox 2445 5579 2621 5635; x_wconf 85' lang='lat' dir='ltr'><strong>carnis</strong></span> <span class='ocrx_word' id='word_1_907' title='bbox 2668 5586 2723 5633; x_wconf 91' lang='lat' dir='ltr'><strong>et</strong></span> <span class='ocrx_word' id='word_1_908' title='bbox 2766 5581 2983 5649; x_wconf 82' lang='lat' dir='ltr'><strong>Spiritus</strong></span> <span class='ocrx_word' id='word_1_909' title='bbox 3024 5595 3036 5631; x_wconf 90' lang='lat'>:</span> <span class='ocrx_word' id='word_1_910' title='bbox 3077 5579 3179 5633; x_wconf 88' lang='lat' dir='ltr'><strong>hoc</strong></span> <span class='ocrx_word' id='word_1_911' title='bbox 3223 5587 3325 5642; x_wconf 91' lang='lat' dir='ltr'><strong>est,</strong></span> <span class='ocrx_word' id='word_1_912' title='bbox 3375 5576 3581 5649; x_wconf 90' lang='lat' dir='ltr'><strong>crebris</strong></span> 
     </span>
    </p>
   </div>
   <div class='ocr_carea' id='block_1_122' title="bbox 1989 5648 3580 5720">
    <p class='ocr_par' dir='ltr' id='par_1_122' title="bbox 1989 5648 3580 5720">
     <span class='ocr_line' id='line_1_130' title="bbox 1989 5648 3580 5720; baseline -0.006 -11"><span class='ocrx_word' id='word_1_913' title='bbox 1989 5653 2339 5714; x_wconf 87' lang='lat' dir='ltr'><strong>orationibus,</strong></span> <span class='ocrx_word' id='word_1_914' title='bbox 2367 5649 2586 5720; x_wconf 81' lang='lat' dir='ltr'><strong>jejuniis</strong></span> <span class='ocrx_word' id='word_1_915' title='bbox 2603 5659 2656 5705; x_wconf 89' lang='lat' dir='ltr'><strong>et</strong></span> <span class='ocrx_word' id='word_1_916' title='bbox 2671 5648 3155 5720; x_wconf 67' lang='lat' dir='ltr'><strong>gesticulationibus</strong></span> <span class='ocrx_word' id='word_1_917' title='bbox 3182 5660 3238 5704; x_wconf 89' lang='lat' dir='ltr'><strong>et</strong></span> <span class='ocrx_word' id='word_1_918' title='bbox 3265 5648 3580 5720; x_wconf 77' lang='lat' dir='ltr'><strong>pervigiliis.</strong></span> 
     </span>
    </p>
   </div>
   <div class='ocr_carea' id='block_1_123' title="bbox 1993 5719 3592 5794">
    <p class='ocr_par' dir='ltr' id='par_1_123' title="bbox 1993 5719 3592 5794">
     <span class='ocr_line' id='line_1_131' title="bbox 1993 5719 3592 5794; baseline -0.006 -13"><span class='ocrx_word' id='word_1_919' title='bbox 1993 5724 2071 5781; x_wconf 83' lang='lat' dir='ltr'><strong>Ex</strong></span> <span class='ocrx_word' id='word_1_920' title='bbox 2093 5719 2398 5794; x_wconf 70' lang='lat' dir='ltr'><strong>huiusmodi</strong></span> <span class='ocrx_word' id='word_1_921' title='bbox 2425 5719 2613 5794; x_wconf 71' lang='lat' dir='ltr'><strong>autem</strong></span> <span class='ocrx_word' id='word_1_922' title='bbox 2625 5792 2632 5794; x_wconf 19' lang='grc' dir='ltr'><em>Α</em></span> <span class='ocrx_word' id='word_1_923' title='bbox 2651 5719 3051 5794; x_wconf 74' lang='lat' dir='ltr'><strong>conﬂictatione</strong></span> <span class='ocrx_word' id='word_1_924' title='bbox 3075 5720 3352 5794; x_wconf 77' lang='lat' dir='ltr'><strong>duplicem</strong></span> <span class='ocrx_word' id='word_1_925' title='bbox 3391 5719 3592 5794; x_wconf 75' lang='lat' dir='ltr'><strong>utilita-</strong></span> 
     </span>
    </p>
   </div>
   <div class='ocr_carea' id='block_1_124' title="bbox 1991 5788 3602 5868">
    <p class='ocr_par' dir='ltr' id='par_1_124' title="bbox 1991 5788 3602 5868">
     <span class='ocr_line' id='line_1_132' title="bbox 1991 5788 3602 5868; baseline -0.005 -16"><span class='ocrx_word' id='word_1_926' title='bbox 1991 5803 2100 5852; x_wconf 88' lang='lat' dir='ltr'><strong>tem</strong></span> <span class='ocrx_word' id='word_1_927' title='bbox 2130 5788 2331 5868; x_wconf 66' lang='grc' dir='ltr'>νει-εἱρί</span> <span class='ocrx_word' id='word_1_928' title='bbox 2359 5792 2541 5852; x_wconf 85' lang='lat' dir='ltr'><strong>docet:</strong></span> <span class='ocrx_word' id='word_1_929' title='bbox 2575 5791 2745 5850; x_wconf 85' lang='lat' dir='ltr'><strong>Simul</strong></span> <span class='ocrx_word' id='word_1_930' title='bbox 2771 5794 2927 5862; x_wconf 86' lang='lat' dir='ltr'><strong>enim,</strong></span> <span class='ocrx_word' id='word_1_931' title='bbox 2964 5788 3169 5862; x_wconf 51' lang='lat' dir='ltr'><strong>inquit,</strong></span> <span class='ocrx_word' id='word_1_932' title='bbox 3187 5799 3237 5850; x_wconf 88' lang='lat' dir='ltr'><strong>et</strong></span> <span class='ocrx_word' id='word_1_933' title='bbox 3281 5789 3344 5845; x_wconf 86' lang='lat' dir='ltr'><strong>de</strong></span> <span class='ocrx_word' id='word_1_934' title='bbox 3373 5788 3602 5861; x_wconf 74' lang='lat' dir='ltr'><strong>pristinis</strong></span> 
     </span>
    </p>
   </div>
  </div>
