4068 6352
608 321 748 388 49.23
2014 308 2482 382 TERTULLlANl
3735 320 3838 388 tut

603 452 744 508 enim
783 458 836 505 et
883 447 950 504 de
1004 445 1240 518 pristinis
1275 443 1632 501 satisfacimus
1685 442 2080 501 conﬂictatione
2125 442 2205 517 (Ι)
2231 456 2284 515 Α
2313 443 2535 500 litttdine
2567 445 2854 502 translatus
2882 461 2976 517 per
3025 445 3376 519 quadraginta
3405 460 3588 512 annos.
3618 447 3714 505 illic
3737 464 3830 507 cum

601 543 777 600 carnis
806 549 862 596 et
887 542 1127 612 spiritus,
1159 550 1214 594 et
1253 537 1618 593 subsecuturis
1648 525 2029 593 tentaliunibtts
2081 552 2197 591 mu-
2300 538 2496 593 divinis
2523 538 2784 605 aleretur,
2813 539 3164 594 nihilominus
3191 541 3391 595 ventris
3418 551 3467 595 et
3523 540 3650 611 gula!
3691 544 3834 597 metui-

600 634 836 691 nimeuta
883 633 1271 704 ριίυειιυὶιιιυε.
1317 630 1535 703 Vigilate
1576 641 1620 685 ct
1679 640 1841 693 orate,
1891 630 2084 700 inquit,
2135 646 2198 684 nc
2303 642 2475 698 nerat,
2510 647 2669 704 quam
2706 634 2818 688 Dei.
2855 634 3056 690 Deinde
3102 636 3183 706 (5)
3231 635 3486 690 Dominus
3535 645 3644 704 post
3688 649 3835 705 aquam

605 729 845 784 incidatis
871 729 923 782 in
954 728 1274 783 tentationem
1307 725 1539 797 (Mallia,
1571 724 1764 791 XXVI,
1794 723 1908 797 41).
1947 725 2009 778 Et
2050 722 2192 788 ideo,
2299 737 2620 797 segregatus
2651 727 2700 781 itt
2732 727 2946 782 deserto
2990 725 3065 800 (α)
3100 725 3182 798 (4)
3212 727 3555 798 quadraginta
3577 726 3754 782 dierum
3774 729 3834 797 je-

598 823 783 890 crcdo,
814 824 999 878 tentati
1031 822 1432 893 sunt,quoniam
1456 819 1882 882 obdot-mierunt,
1907 829 1962 872 ttt
1990 833 2188 888 appre-
2293 812 2439 882 junia
2469 828 2722 868 emensus
2743 855 2757 880 ,
2789 813 3026 869 ostendit
3070 830 3173 868 nou
3227 829 3362 884 pane
3403 816 3576 870 vivere
3618 815 3834 872 hominem

595 917 820 973 hensum
853 917 1134 971 Dominum
1157 916 1517 979 destitueriut,
1546 923 1600 969 et
1639 915 1879 984 quicum
1904 907 2196 982 eo'pcrsti-
2301 903 2413 968 θεῖ.
2462 904 2555 959 sed
2603 904 2694 961 Dei
2744 906 2912 960 verbo
2951 925 2964 961 :
2997 908 3434 979 tetttatiuttesque
3475 908 3756 978 plenitudini
3795 926 3834 966 et

596 1009 742 1075 terit,
771 1018 826 1064 et
849 1008 1026 1080 gladio
1053 1009 1123 1064 sit
1151 1023 1302 1075 usus,
1336 1017 1417 1063 ter
1444 1007 1604 1063 ctiam
1639 1005 1954 1077 negaverit:
1990 1021 2112 1060 nam
2142 1015 2197 1060 ct,
2300 996 2722 1054 itnmoderautite
2777 999 2982 1054 ventris
3039 1001 3317 1072 appositas
3362 1001 3670 1057 abstinentia
3721 1003 3833 1060 elidi.

595 1102 1158 1173 pra-cesseratdictum
1187 1119 1200 1155 :
1240 1099 1820 1155 Neminemintentatum
1861 1115 2017 1170 regna
2043 1099 2194 1154 caele-
2298 1088 2462 1159 lgilur
2486 1090 2750 1147 benedicti
2776 1107 2913 1164 quos
2936 1095 3105 1163 gratia
3136 1093 3232 1148 Dei
3260 1103 3528 1164 εκροοιειι.
3555 1109 3665 1148 cum
3691 1094 3746 1150 de
3767 1097 3835 1151 illo

589 1196 688 1250 uia
741 1205 1127 1249 conseculurum
1184 1194 1202 1269 (
1233 1192 1384 1260 Luc"
1681 1191 1771 1257 28,
2018 1192 2194 1262 Ipsum
2301 1183 2644 1239 sanctissimo
2670 1185 2880 1240 lavacro
2907 1186 3032 1240 ιιονί
3061 1187 3255 1242 natalis
3283 1186 3591 1252 ascenditis,
3609 1197 3657 1242 ει

591 1287 874 1343 Dominum
899 1298 1018 1358 post
1045 1287 1313 1342 lavacrum
1336 1285 1511 1341 statim
1534 1286 1853 1341 tentatiOues
1880 1286 2196 1340 circumste-
2301 1291 2488 1330 manus
2539 1274 2614 1348 (δ)
2663 1277 2801 1347 πρωί
2850 1276 3070 1333 “utrem
3121 1278 3194 1348 (ο)
3248 1293 3370 1333 cum
3422 1277 3661 1333 fratribus
3699 1281 3832 1350 aperi-

2293 1369 2382 1434 tis,
2437 1370 2600 1439 petite
2643 1369 2713 1424 de
2766 1369 2960 1436 Patre,
3015 1369 3178 1441 petite
3231 1369 3301 1426 de
3359 1372 3601 1437 Domino,
3646 1371 3828 1440 peculia,

2291 1463 2514 1530 gratias,
2561 1461 2969 1517 distributiones
2999 1464 3408 1528 charismatum,
3445 1463 3828 1535 sobjicieute(6).

2291 1549 2456 1608 Petitc
2479 1565 2526 1608 et
2549 1555 2803 1624 accipietis
2819 1554 3715 1628 (Matth.,VII.7),ittquil.Qu.rsiSlis
3726 1556 3832 1612 enim

589 1389 771 1436 terunt
808 1381 1155 1451 quadraginta
1201 1379 1390 1434 diebus
1431 1378 1649 1448 jejuuiis
1693 1377 2116 1448 lunctuut.Ergo
2133 1385 2188 1433 et

587 1489 709 1542 nos,
739 1475 1097 1547 ἀίουιςιιὶψιὶε,
1123 1490 1150 1528 a
1170 1474 1383 1528 lavacro
1408 1473 1840 1550 potiusjejuuare
1862 1482 2094 1542 Oportet.
2121 1471 2188 1527 Et

585 1569 705 1640 qttis
732 1572 874 1625 enim
900 1567 1145 1638 prohibet
1179 1611 1193 1634 ,
1231 1568 1330 1623 nisi
1360 1567 1654 1622 necessitas
1705 1565 1881 1636 gaudii
1909 1576 1962 1620 et
2003 1576 2184 1637 gratu-

582 1661 712 1718 latio
786 1661 1010 1716 salutis?
1089 1661 1194 1717 Sed
1259 1661 1534 1725 Dominus,
1612 1669 1871 1730 quantum
1935 1658 2188 1713 mistimo
2289 1661 2340 1705 et
2367 1652 2980 1724 invenistis;pulsastis,
3003 1665 3058 1709 et
3087 1665 3330 1724 apertum
3355 1668 3441 1708 est
3473 1652 3830 1709 vobis.Tantum

583 1753 684 1826 (2).
709 1753 777 1810 de
806 1754 968 1825 ligura
1001 1753 1216 1810 lsraelis
1261 1751 1730 1823 exprobrationem
1783 1751 1834 1805 in
1891 1751 2062 1820 ipsmn
2097 1765 2182 1804 re-
2289 1760 2407 1812 oro,
2439 1756 2496 1800 ut
2537 1762 2660 1802 cum
2728 1748 2908 1819 petitis
2976 1749 3142 1804 etiam
3215 1746 3533 1803 Tertulliani
3593 1746 3829 1818 peccatoris

583 1845 761 1900 torsit.
792 1845 1031 1918 Namque
1059 1845 1283 1916 populus
1315 1859 1460 1899 mare
1493 1852 1879 1913 transgressus,
1923 1850 1974 1894 et
2006 1841 2058 1895 in
2089 1855 2174 1895 so-
2210 1831 2256 1890 Β
2287 1839 2658 1894 memineritis.

1784 1931 2162 1990 LECTION‘ES
2202 1930 2608 1988 VARIANTES.

2351 2023 2425 2086 (4)
2451 2021 2667 2073 Deserto
2689 2037 2730 2074 ο.
2757 2035 2802 2074 c.
2835 2033 3020 2076 Wouw.

2351 2087 2424 2152 g5)
2448 2088 2582 2152 ﬂare
2604 2099 2697 2139 vox
2717 2086 2931 2152 redund.
2959 2087 3060 2139 visa
3080 2086 3172 2152 fuit
3194 2096 3308 2140 Jun.

2342 2146 2418 2214 (6)
2441 2149 2739 2213 Subjacente
2763 2148 2921 2202 Paris.

1933 2231 2494 2291 COMMENTARIUS.

575 2337 938 2410 satisfacimus,
978 2345 1024 2410 et
1066 2335 1405 2410 subsecutmjs
1451 2329 1806 2410 mutationibus
1850 2329 2162 2410 munimenta
2270 2398 2282 2410 -
2338 2326 2414 2398 (ιι)
2450 2326 2574 2410 Post
2601 2339 3111 2410 aqu_amr.segregatus
3142 2329 3443 2410 indcsgrto.
3489 2329 3606 2385 Post
3646 2344 3814 2401 aquam,

576 2398 942 2481 prditi-nium;
985 2404 1623 2481 Quodsicoullictatione
1648 2403 1826 2458 Carnis
1864 2409 1919 2455 et
1939 2399 2162 2481 spiritus
2270 2398 2492 2481 hoc'est‘,
2524 2410 2643 2481 post
2667 2398 2996 2467 Baptisunnit
3023 2400 3272 2481 inantus:
3310 2402 3435 2458 th.

574 2470 643 2537 ile
697 2481 930 2552 pristinis
971 2470 1190 2552 fdi-lictis
1234 2476 1589 2552 satisfacimus
1614 2516 1628 2538 ,
1671 2489 1817 2552 sane
1871 2470 2162 2552 Satislactio
2297 2541 2308 2552 _
2338 2470 2418 2552 (li)
2444 2470 2857 2552 Primus-manus
2887 2473 3383 2552 aperitis._0rabant
3412 2471 3642 2552 manibus
3655 2487 3812 2552 capsa:

575 2541 712 2607 facta
737 2568 830 2620 per
856 2551 1307 2605 conllictatiooetn
1325 2551 1580 2620 carnisAet
1604 2545 1842 2620 spiritus,
1868 2541 2155 2620 confessio-

574 2640 696 2680 nem
718 2615 930 2692 quoque
953 2626 1064 2692 ipsa
1085 2615 1691 2692 conﬂictationefactam
1713 2615 1952 2692 includit.
1983 2617 2157 2692 Atque
2265 2615 2565 2692 orationem
2589 2627 2800 2692 apertas
2827 2618 2939 2670 sive
2967 2617 3404 2692 expattsns._lltt;.

573 2693 689 2750 haec
735 2683 800 2748 de
845 2683 1185 2747 confessione
1211 2706 1302 2745 seu
1351 2689 1660 2759 ptenitentia
1709 2687 2068 2759 venientium_
2087 2684 2152 2738 ad
2270 2683 2434 2759 __(c)A
2468 2683 2634 2756 Apud
2669 2697 2902 2740 matrem.
2952 2683 3107 2759 Apud
3149 2688 3467 2759 Ecclesium.
3523 2687 3606 2743 Sic
3648 2687 3724 2740 lib.
3759 2685 3807 2740 de

2269 2755 2596 2824 Idololatrta,
2620 2758 2862 2812 Attollcre
2887 2759 2954 2812 ad
2976 2757 3138 2812 Deum
3177 2757 3390 2814 Patrem
3415 2777 3608 2814 manus.
3647 2759 3744 2814 κω.

649 2029 726 2221 Et;
745 2031 1041 2081 Conﬂatione
1067 2028 1242 2104 Rigalt.

674 2095 703 2141 ἓ
758 2093 1052 2153 Quantulum
1076 2104 1242 2144 aesttun

672 2160 724 2221 5)
748 2158 959 2208 Proinde
985 2153 1138 2207 Latin.

674 2091 726 2153 2)
758 2093 1052 2153 Quantulum
1076 2091 1263 2144 aStiuto
1294 2091 1447 2142 Fran.

672 2153 724 2221 3)
748 2158 959 2208 Proinde
985 2153 1138 2207 Latin.

572 2766 732 2822 ltdem
758 2765 1124 2819 Christianam.
1155 2761 1252 2816 Hic
1272 2755 1414 2817 enim
1449 2761 1518 2815 de
1541 2760 1659 2813 aliis
1682 2774 1789 2814 non
1832 2760 2006 2829 agitur
2035 2755 2157 2811 th.

587 2916 3802 2981 ψ

1049 3046 1416 3137 QUINTI
1473 3043 1970 3120 SEPTIMII
2017 3038 2618 3115 FLORENTIS
2663 3039 3418 3116 TERTULLIANI

1337 3177 1610 3343 DE
1723 3191 3046 3345 POENITENTIA

2019 3413 2395 3497 LIBER.

1779 3560 2654 3595 ———-=-————-

1991 3645 2399 3704 PROOEMIUM.

637 3769 712 3824 De
751 3767 1066 3826 Pteuitentia
1094 3767 1288 3823 librum
1331 3782 1398 3822 eo
1436 3775 1676 3837 tempore
1713 3763 1999 3836 scripsisse
2027 3763 2162 3818 Ter—
2185 3764 2230 3828 C
2268 3764 2508 3836 tapltoris
2551 3763 2710 3835 paulo
2737 3763 3116 3819 illustriorihus
3137 3766 3258 3821 sita.
3283 3765 3486 3832 Quodsi
3509 3778 3624 3822 vero
3643 3759 3801 3818 similes

567 3863 868 3924 tullianum,
896 3854 1001 3932 quo
1028 3860 1264 3916 nondum
1294 3859 1524 3913 Montani
1550 3859 1800 3928 dogmata
1825 3866 2151 3924 sectaretur,
2260 3856 2514 3913 ﬂosculos
2541 3874 2607 3913 ex
2633 3859 2753 3914 aliis
2781 3858 3021 3930 ejusdem
3053 3859 3254 3914 arcolis
3279 3860 3569 3932 decerpere
3594 3862 3795 3918 vacaret,

564 3955 684 4010 liliri
727 3955 891 4025 ipsius
922 3962 1295 4026 argumentum
1348 3955 1574 4019 edocet;
1621 3953 1674 4007 in
1721 3967 1788 4007 co
1836 3953 1981 4008 enim
2034 3962 2159 4023 post
2259 3953 2413 4008 facile
2440 3955 2672 4022 integras
2693 3953 2926 4010 corollas
2971 3965 3187 4011 nectere
3219 3971 3454 4024 possem.
3495 3955 3799 4011 Caeterumex

563 4047 890 4118 Baptismum
930 4047 1064 4118 lapsi
1095 4047 1162 4102 ad
1209 4045 1574 4116 paenitentiam
1621 4045 1944 4110 excitantur,
1988 4062 2152 4116 quam
2258 4045 2369 4100 Sola
2398 4054 2452 4100 et
2488 4060 2823 4117 quacumque
2865 4048 2987 4118 styli
3014 4042 3413 4117 discordantia,
3449 4047 3544 4102 nisi
3582 4047 3796 4105 aliorum.

561 4137 900 4192 Montanistze
937 4139 1167 4194 dandam
1211 4152 1332 4194 esse
1359 4138 1665 4208 negabant:
1695 4137 1949 4194 Omnibus
1986 4155 2107 4209 ergo
2135 4180 2152 4207 ,
2257 4149 2310 4193 et
2338 4140 2644 4208 graviorum
2683 4139 2898 4210 quidem
2929 4150 3306 4210 argumentum
3361 4139 3665 4197 adminicula
3699 4149 3798 4190 con-

560 4229 767 4294 aiebat,
813 4229 1044 4294 delictis,
1079 4245 1168 4283 seu
1219 4245 1402 4296 carne,
1434 4247 1520 4284 seu
1563 4229 1776 4300 spiritu,
1833 4247 1920 4284 seu
1979 4232 2148 4301 facta,
2257 4241 2519 4298 currant,
2559 4233 2646 4286 vix
2675 4243 2947 4288 auctorem
2977 4244 3282 4304 suspectum
3325 4235 3464 4302 ﬁeri,
3511 4249 3575 4288 ne
3613 4231 3790 4289 dicam.

559 4337 645 4376 seu
689 4321 946 4376 uoluntate
999 4323 1315 4388 commissis,
1358 4325 1444 4394 qui
1497 4339 1696 4393 ptrnam
1757 4339 1844 4393 per
1895 4324 2152 4394 judicium
2255 4323 2453 4394 aliquid
2471 4333 2654 4379 c0ntra
2677 4326 2925 4380 eumdem
2950 4326 3168 4382 decerni
3195 4343 3372 4397 posse,
3401 4327 3793 4399 pridetuscusere

557 4414 858 4478 destinavit,
909 4414 1042 4467 idem
1098 4425 1145 4468 ct
1189 4416 1383 4468 veniam
1413 4431 1503 4483 per
1532 4415 1879 4485 ptenitentiam
1933 4433 2152 4485 spopon-
2253 4415 2344 4469 alii
2370 4417 2588 4485 optima:
2614 4429 2754 4472 notae
2781 4418 2974 4482 critici,
3002 4433 3069 4472 ex
3099 4419 3290 4489 quibus
3329 4421 3411 4476 vel
3445 4435 3598 4475 unum
3625 4415 3793 4471 adduco

556 4507 629 4560 dit
677 4508 849 4561 dicens
892 4524 904 4560 :
958 4504 1084 4560 Vivo
1149 4524 1239 4578 ego
1264 4549 1280 4574 ,
1312 4508 1434 4562 dicit
1468 4507 1716 4563 Dominus
1741 4549 1756 4576 ,
1803 4510 2146 4580 ptenitentiam
2255 4504 2587 4562 Guitlelmum
2624 4507 2870 4573 Caecum,
2895 4510 2984 4581 qui
3017 4510 3066 4564 in
3099 4509 3239 4565 Hist.
3271 4525 3382 4566 sua:
3407 4513 3621 4566 litterar.
3648 4502 3792 4562 Prole-

555 4601 690 4654 malo
758 4601 921 4671 magis
973 4616 1124 4670 quam
1182 4612 1393 4655 mortem
1457 4600 1660 4670 (Infra
1711 4618 1827 4673 cap.
1893 4600 1961 4655 1V
1996 4602 2036 4672 ).
2080 4603 2146 4658 Et
2247 4601 2528 4670 gomenis,
2584 4611 2715 4655 sect.
2760 4600 2825 4655 ιν
2855 4642 2868 4666 ,
2923 4618 3066 4656 num.
3123 4605 3191 4658 64
3221 4645 3234 4666 ,
3291 4613 3401 4658 tum
3451 4603 3684 4661 demum,
3719 4608 3790 4648 seu

552 4695 726 4762 Capite
761 4691 853 4747 VII
896 4692 1098 4748 diserte
1149 4707 1314 4746 unum
1359 4706 1423 4746 ex
1474 4693 1758 4763 praecipuis
1803 4693 2147 4772 Blontattista-
2251 4694 2634 4765 suppositionis
2653 4707 3024 4767 argumentum
3057 4698 3266 4768 probari
3297 4700 3391 4761 ait,
3419 4699 3462 4752 si
3483 4690 3791 4768 stylustotittt-

552 4801 669 4840 rum
715 4785 991 4841 erroribus
1045 4787 1318 4857 impugnat
1337 4825 1352 4850 ,
1407 4784 1828 4840 demonstrando
1875 4801 1998 4848 eos,
2053 4787 2142 4857 qui
2170 4810 2220 4862 ﬁ
2247 4803 2343 4857 que
2367 4789 2609 4844 orationis
2625 4800 2888 4844 contextus
2910 4832 2925 4854 ,
2956 4791 3020 4844 sit
3050 4791 3200 4862 longe
3218 4793 3448 4846 diversus
3469 4791 3529 4845 ab
3555 4807 3608 4844 eo
3626 4780 3787 4841 dicendi

550 4888 671 4949 post
702 4878 1032 4948 Baptismum
1067 4889 1280 4950 peccata
1329 4879 1726 4933 commiserunt
1747 4917 1763 4945 ,
1807 4880 1875 4932 ab
1905 4879 2138 4934 Ecclesia
2167 4862 2220 4890 υ
2245 4878 2534 4934 charactere
2557 4921 2570 4945 ,
2611 4897 2711 4952 quo
2739 4880 2792 4935 in
2817 4862 3050 4952 genuinis
3077 4885 3182 4936 suis
3205 4899 3326 4937 usus
3347 4894 3418 4938 est
3441 4893 3628 4936 auctor.
3659 4873 3783 4945 Atqui

547 4970 941 5029 absolutionem
972 4961 1160 5028 eorum
1195 4973 1481 5042 impetrare
1515 4986 1706 5039 posse,
1733 4970 1860 5025 dum
1891 4986 1987 5026 eos
2017 4973 2139 5026 illo-
2242 4984 2371 5025 vero
2396 4970 2532 5026 adeo
2558 4988 2663 5026 non
2711 4972 2870 5044 longe
2903 4974 3173 5029 diversum
3217 4975 3390 5046 quivis
3434 4975 3607 5046 legens
3629 4969 3784 5038 depre-

549 5081 665 5120 rutn
695 5068 1025 5135 paenituerit.
1061 5069 1142 5120 An
1169 5067 1215 5121 is
1243 5067 1377 5121 liber
1403 5067 1471 5120 sit
1497 5063 1823 5132 Tertulliani,
1855 5079 2015 5122 nemo
2045 5081 2140 5122 ne—
2242 5061 2473 5127 hendet,
2504 5075 2562 5118 ut
2585 5065 2760 5135 potius
2792 5076 2986 5136 praeter
3037 5081 3232 5136 paucas
3270 5065 3525 5137 quasdam
3555 5064 3743 5135 phrases
3765 5095 3778 5120 ι

545 5177 651 5230 que
692 5163 819 5216 olim
848 5162 1148 5231 dubitavit,
1190 5179 1361 5234 neque
1390 5176 1534 5218 nunc
1579 5163 1806 5218 dubitat.
1843 5159 1994 5217 Unus
2020 5169 2139 5215 erat
2241 5159 2402 5230 paulo
2430 5161 2803 5226 excitatiores,
2837 5171 2892 5215 et
2919 5161 2972 5216 in
3003 5159 3120 5216 aliis
3151 5159 3450 5215 Tertulliani
3479 5155 3672 5226 scriptis
3712 5150 3778 5203 ti!

545 5252 801 5308 Erasmus
817 5253 1505 5323 Rotterodamus,eumdetn
1523 5254 1837 5311 Tertulliano
1855 5253 2136 5311 detrahere
2238 5263 2557 5309 occurentes
2578 5293 2594 5318 ,
2631 5255 2801 5308 atrum
2831 5253 2984 5321 illud,
3016 5270 3080 5310 ac
3107 5256 3379 5310 concisum
3408 5253 3596 5324 eloquii
3619 5257 3774 5320 genus.

2265 2541 2360 2596 sis.
2385 2541 2568 2612 Itaque
2590 2543 2789 2610 primas
2810 2559 2999 2598 manus
3035 2545 3184 2607 dicit,
3212 2557 3322 2598 tuen
3357 2547 3578 2614 primum
3605 2559 3632 2599 a
3650 2542 3737 2600 ﬁde
3761 2542 3831 2598 ad‘

542 5355 786 5415 conatus,
808 5365 966 5419 quem
999 5366 1105 5404 non
1129 5351 1229 5404 nisi
1256 5351 1448 5405 Beatus
1473 5351 1764 5405 Rhenanus
1785 5359 2001 5404 secutus
2028 5357 2132 5416 est,

543 5449 767 5510 uterque
791 5441 880 5495 uni
911 5441 1033 5496 huic
1059 5452 1399 5510 argumento,
1429 5445 1560 5498 satis
1585 5442 1862 5507 imbecilli,
1893 5442 2127 5507 innixus,

540 5536 668 5604 Styli
699 5533 999 5587 diversitas.
1039 5536 1213 5603 Atque
1241 5535 1380 5590 hunc
1405 5537 1618 5606 quidem
1647 5553 1750 5590 non
1784 5553 1918 5606 nego
1946 5536 1999 5590 in
2029 5535 2129 5589 hoc

540 5627 677 5680 libro
705 5628 862 5695 paulo
893 5627 1222 5681 ﬂoridioretn
1255 5643 1375 5682 esse
1400 5671 1415 5692 ,
1447 5629 1542 5683 sed
1575 5644 1678 5683 non
1706 5644 1894 5698 magna
1939 5644 1967 5681 a
2002 5628 2127 5682 reli-

535 5732 760 5786 quorum
787 5760 802 5784 ,
831 5720 996 5773 etiam
1023 5736 1158 5788 quos
1185 5729 1431 5774 extrema
1477 5720 1646 5775 ferme
1688 5732 1846 5774 aetate
1869 5723 2085 5792 scripsit
2108 5763 2124 5789 ,

535 5809 844 5868 diversitate
875 5852 891 5880 ,
931 5824 984 5868 et
1003 5812 1176 5868 solum
1200 5813 1253 5867 in
1283 5812 1600 5884 quibusdam
1620 5813 1888 5884 allegoriis
1915 5828 1980 5869 ac
2005 5829 2124 5870 ute-

2240 5346 2329 5400 uni
2358 5345 2526 5401 ferme
2546 5343 2864 5400 Tcrtalliano
2891 5345 3186 5416 proprium,
3213 5347 3298 5401 illa
3326 5347 3514 5402 deinde
3539 5343 3647 5414 Styti
3665 5335 3776 5392 velut

2236 5440 2478 5509 qtnedam
2507 5441 2780 5509 majesas,
2810 5455 3174 5509 sensuumque
3196 5443 3248 5495 in
3276 5441 3494 5513 singulis
3515 5450 3663 5510 prope
3681 5443 3772 5484 ἵετ’

2233 5533 2315 5589 bis
2341 5536 2592 5598 ubertas;
2623 5535 2706 5588 illa
2739 5535 2956 5604 grandis
2999 5535 3307 5605 eloquentia
3329 5578 3344 5601 ,
3374 5550 3511 5606 quae,
3542 5538 3645 5586 utut
3665 5524 3768 5580 ἀιιη

2228 5630 2318 5691 sit,
2352 5630 2550 5684 nescio.
2582 5626 2855 5698 quomodo
2896 5638 3074 5683 tamen
3105 5628 3358 5684 lectorem
3384 5627 3462 5682 vel
3493 5624 3692 5679 invitum
3713 5611 3765 5668 ad

2233 5733 2293 5775 se
2316 5735 2504 5788 rapere
2535 5729 2730 5788 tuaest,
2757 5737 2862 5774 non
2892 5720 3066 5775 minus
3097 5721 3152 5775 in
3180 5723 3283 5775 hoc
3312 5724 3442 5775 libro
3473 5714 3760 5782 triumphet:

2231 5823 2288 5870 ut
2308 5815 2382 5870 nil
2405 5815 2580 5872 dicam
2601 5816 2668 5872 de
2689 5815 2812 5872 aliis
2829 5799 3136 5910 plu-asinus,
3158 5830 3223 5872 es
3251 5815 3370 5872 aliis
3391 5812 3616 5885 ejusdem
3639 5800 3762 5861 libris

3887 5755 3890 5758 ,
3937 5627 3939 5743 i
