4068 6352
1542 144 1568 162 ,κ

287 341 434 401 1325

1499 331 1702 392 LIBER
1738 332 1832 392 DE
1870 329 2314 392 ΡΟΕΝΙΤΕΝΤΙΑ
2327 371 2340 386 .

3449 329 3590 386 ἱὲἒσι

288 471 399 519 tam
426 459 617 518 sedulo
643 456 932 530 expressis.
984 453 1206 512 Fatetur
1225 451 1349 510 dein
1380 452 1496 526 ipse
1521 452 1710 509 beatus
1741 452 1882 509 Rhe-
1909 453 1966 513 Α
1989 458 2229 507 tractata:
2253 492 2270 517 ,
2319 445 2630 504 nonnullam
2690 446 3020 504 mentionem
3073 445 3336 504 iacturum
3391 446 3579 504 fuisse.

285 571 463 614 nanus
493 565 749 612 auctorem
776 553 930 624 hujus
961 550 1076 606 libri
1099 548 1263 605 verbis
1299 557 1345 604 et
1372 548 1553 620 figuris
1572 547 1749 602 iisdem
1766 547 1842 602 uti
1863 586 1881 613 ,

286 661 335 708 et
357 649 581 722 quisquis
611 647 786 720 fuerit,
816 646 924 718 ejus
947 643 1152 700 indubia
1180 658 1288 698 esse
1311 641 1509 706 seaculi,
1529 649 1573 695 et
1602 639 1881 695 Tertullia-

286 745 339 799 ni
363 741 822 806 studiosissimum;
858 738 1045 811 quidni
1089 752 1218 794 vero
1245 735 1633 793 Tertullianum
1661 734 1834 806 ipsum
1860 733 1884 787 ?

285 835 418 904 Quis
433 835 576 891 enim
596 833 733 889 alius
757 832 954 904 stylum
976 831 1277 903 ejus,certe
1298 828 1646 901 singularem,
1664 837 1718 884 et
1736 827 1826 882 vix
1849 841 1883 882 a

283 931 536 1003 quopiam
565 928 879 996 imitabilem
897 968 914 996 ,
949 936 1055 982 tam
1082 926 1217 982 scite
1246 923 1610 996 expresserit,
1651 929 1713 977 ut
1739 920 1882 992 apud

282 1024 342 1083 S.
383 1024 698 1091 Pacianum,
727 1037 853 1079 saec.
902 1019 970 1077 IV
1001 1019 1319 1091 scriptorem
1343 1060 1360 1087 ,
1411 1029 1705 1088 omnesque
1750 1015 1885 1071 alios

282 1134 380 1191 per
408 1118 688 1191 plusquam
739 1115 989 1174 undecim
1041 1113 1239 1171 stecula
1267 1112 1334 1169 ad
1377 1110 1659 1168 Erasmum
1689 1123 1882 1181 usque,

283 1229 383 1286 pro
405 1213 522 1285 ipso
542 1210 875 1269 Tertulliano
892 1209 1160 1276 fefellerit,
1185 1215 1240 1265 et
1261 1206 1387 1264 nulli
1411 1220 1644 1279 unquam
1673 1221 1739 1263 ex
1760 1204 1886 1276 styli

283 1308 598 1364 diversitate
623 1305 898 1379 quidpiam
923 1304 993 1361 de
1034 1303 1141 1359 alio
1166 1303 1287 1359 libri
1316 1301 1474 1373 hujus
1499 1309 1719 1357 auctore
1755 1299 1886 1355 sub-

281 1399 517 1455 aluerit?
555 1397 794 1455 Tandem
836 1411 966 1469 ergo
1008 1410 1077 1452 ex
1121 1393 1210 1450 illa
1239 1393 1617 1466 qualicumque
1667 1391 1886 1447 demum

281 1489 410 1564 styli
446 1489 807 1548 discordantia
852 1489 973 1561 plus
1009 1489 1160 1560 argui
1203 1503 1311 1545 non
1356 1500 1516 1559 posse
1561 1499 1885 1552 censemus,

282 1599 444 1657 quam
461 1583 874 1650 Tertullianum,
897 1597 1021 1639 cum
1045 1580 1222 1638 adhuc
1251 1579 1511 1652 vegetiori
1539 1588 1686 1636 esset
1727 1587 1886 1636 aetate

283 1678 644 1750 vivaciorique
673 1675 920 1748 ingenio,
955 1675 1092 1730 hanc
1141 1673 1490 1744 scriptionem
1541 1672 1876 1742 suscepisse.

283 1768 474 1827 Solent
499 1768 644 1826 enim
675 1767 886 1840 ingenia
912 1763 1179 1838 ejusmodi
1221 1753 1423 1821 fervida
1451 1777 1514 1819 ac
1544 1763 1702 1836 agilia
1724 1805 1740 1831 ,
1764 1763 1880 1819 ins-

1988 547 2144 605 Certe
2169 555 2347 602 autem
2377 545 2428 600 in
2458 543 2576 616 ipso
2609 542 2747 599 libro
2772 541 2840 599 de
2869 541 3145 614 Baptismo
3179 541 3246 597 ad
3269 541 3434 598 ﬁnem
3463 557 3585 614 cap.
3653 559 3656 562 η

1986 640 2310 697 ISIectores
2359 652 2486 694 suos
2527 635 2594 692 ad
2639 635 2802 692 alium
2829 636 2896 692 de
2923 635 3112 691 eodem
3139 633 3584 705 tractatum,jam

1986 743 2143 790 antea
2169 747 2332 805 grteco
2354 746 2583 786 sermone
2606 738 2904 796 exaratum,
2937 730 3164 785 solerter
3190 729 3432 785 remittit.
3454 728 3588 796 Quis

1987 844 2116 900 ergo
2143 829 2282 885 male
2309 827 2519 884 videtur
2545 826 2773 898 opinari,
2802 827 2846 882 si
2873 825 3148 882 materiam
3189 824 3328 881 hanc
3354 826 3422 882 de
3449 825 3580 882 Ρω-

1989 923 2234 990 nitentia,
2263 936 2421 992 quam
2441 918 2510 975 ad
2540 919 2742 976 calcem
2771 917 2988 994 libride
3009 917 3165 988 Bapt.
3194 916 3434 974 nonnihil
3459 917 3585 973 bre-

1987 1015 2106 1070 vius
2136 1012 2544 1085 perstrinxerat,
2576 1027 2716 1068 novo
2743 1010 2968 1068 consilio
2990 1053 3005 1078 ,
3039 1022 3094 1066 et
3139 1011 3193 1066 in
3224 1011 3478 1082 peculiari
3508 1010 3576 1067 li-

1986 1107 2088 1166 bro
2131 1106 2450 1178 ampliorem
2470 1105 2602 1177 fejus
2646 1104 3016 1161 tractationem
3058 1113 3246 1176 postea
3281 1103 3585 1176 suscepisse

1989 1202 2197 1260 dicatur
2219 1243 2236 1267 ,
2265 1209 2322 1258 et
2362 1199 2577 1273 quidem
2619 1199 2810 1271 partim
2836 1198 2890 1253 in
2918 1198 3430 1254 catechumenorum
3455 1211 3580 1270 gra-

1996 1295 2150 1362 tiam,
2177 1303 2239 1352 ut
2269 1295 2322 1350 hi
2361 1307 2428 1352 eo
2455 1293 2716 1365 majorem
2746 1292 2812 1349 de
2840 1291 3093 1362 baptismi
3142 1292 3314 1363 pretio
3341 1291 3581 1347 mstima-

1991 1393 2190 1446 tionem
2222 1390 2606 1462 conciperent,
2639 1403 2796 1460 quem
2825 1387 3189 1458 intelligerent
3218 1395 3324 1441 tam
3351 1384 3585 1442 laborio-

1989 1481 2065 1538 sis
2088 1481 2415 1554 poenitentia:
2443 1481 2700 1552 operibus
2723 1480 3147 1552 comparandum
3177 1492 3302 1536 esse
3323 1479 3346 1534 ?
3384 1478 3584 1550 Quidni

1989 1589 2118 1647 ergo
2149 1575 2202 1630 in
2235 1574 2320 1631 his
2345 1590 2405 1632 se
2434 1589 2500 1631 eo
2524 1574 2820 1630 ardentiori
2869 1573 3125 1646 deinceps
3155 1573 3333 1628 studio
3365 1586 3586 1629 exerce-

1988 1681 2131 1740 rent,
2167 1680 2224 1728 ut
2245 1680 2353 1726 tam
2386 1671 2605 1743 largiter
2633 1669 2968 1744 propositum
2991 1669 3249 1741 Baptismi
3281 1669 3584 1738 praemium,

1989 1764 2212 1837 ejusque
2237 1765 2465 1837 gratiam
2489 1806 2504 1830 ,
2547 1779 2614 1820 eo
2646 1763 2847 1820 certius
2886 1769 3375 1834 consequerentur,
3411 1775 3586 1834 eoque

284 1871 368 1919 tar
390 1877 548 1934 apum
577 1876 674 1934 per
703 1860 885 1917 varios
914 1858 1076 1916 ﬂores
1103 1857 1534 1915 circumvolitare
1558 1897 1574 1925 ,
1605 1865 1767 1929 atque
1814 1872 1884 1914 ex
1912 1828 1962 1890 Β
1991 1861 2156 1917 tutius
2179 1859 2436 1932 deinceps
2460 1857 2883 1916 conservaram?

285 1955 476 2013 alienis
490 1955 653 2012 etiam
675 1954 838 2012 rebus
859 1953 1143 2026 allegorias
1163 1961 1218 2010 et
1240 1951 1584 2024 metaphoras
1601 1965 1882 2024 exsugere,

285 2064 550 2122 suumque
573 2049 628 2106 in
654 2048 870 2105 alveare
889 2063 982 2104 eas
1011 2056 1372 2118 comportare.
1401 2045 1553 2102 Solet
1573 2046 1700 2101 item
1729 2053 1886 2101 astate

285 2142 489 2198 sensim
519 2139 840 2212 provectiori
881 2137 1161 2195 subsidere
1190 2138 1379 2205 stilus,
1415 2134 1874 2208 temperatiorque

286 2241 342 2291 et
366 2231 637 2290 robustior
667 2231 803 2288 ﬁeri.
856 2230 926 2288 Et
951 2230 1182 2301 denique
1209 2228 1350 2284 haud
1377 2228 1533 2284 facile
1557 2227 1880 2300 scriptorem

285 2325 566 2398 quisquam
603 2323 879 2397 reperiet,
909 2323 996 2394 qui
1030 2329 1290 2394 perpetuo
1330 2321 1436 2377 sibi
1463 2329 1717 2389 constet,
1745 2335 1885 2393 pra:-

286 2419 472 2476 sertim
516 2419 562 2475 si
611 2434 730 2494 non
761 2433 869 2474 uno
907 2416 1162 2473 continuo
1186 2430 1351 2488 opere
1374 2414 1738 2484 protraxerit,
1781 2413 1882 2470 sed

287 2526 385 2583 per
412 2511 586 2568 varias
605 2553 621 2581 ,
648 2525 822 2583 neque
849 2509 1188 2566 cohzerentes
1217 2508 1471 2565 materias
1490 2549 1506 2575 ,
1554 2506 1719 2563 variis
1747 2514 1881 2562 tem-

285 2603 508 2677 poribus
533 2646 550 2674 ,
571 2603 832 2675 annisque
858 2602 987 2673 ipsis
1022 2601 1371 2673 interpolatas
1393 2642 1410 2669 ,
1460 2597 1884 2655 circumduxerit

285 2695 572 2753 calamum.
618 2695 714 2752 Est
731 2694 873 2752 enim
916 2693 1162 2766 quredam
1209 2701 1400 2765 suapte
1455 2702 1650 2749 natura
1682 2691 1887 2748 tristior

284 2798 376 2844 aut
419 2787 713 2858 humilior,
746 2797 909 2860 atque
961 2801 1186 2844 exsucca
1232 2787 1425 2859 magis,
1473 2801 1591 2858 qua:
1626 2784 1886 2857 juvenilis

287 2895 502 2954 quoque
548 2881 745 2953 ingenii
790 2883 1030 2954 vigorem
1078 2881 1208 2937 satis
1237 2879 1490 2937 retundat
1513 2888 1675 2952 atque
1703 2879 1885 2952 depri-

287 2981 436 3041 mat,
465 2984 520 3031 et
541 2972 611 3029 ad
631 2989 791 3046 quam
817 2971 1126 3030 succulenta
1155 2973 1489 3050 cmteroquin
1509 2973 1744 3029 virorum
1770 2972 1885 3028 elo-

283 3066 502 3138 quentia
516 3067 664 3124 velut
683 3076 964 3124 exarescat
988 3084 1003 3122 :
1021 3074 1105 3124 est
1125 3075 1305 3124 autem
1323 3066 1426 3122 alia
1449 3081 1635 3123 rursus
1656 3066 1881 3122 materia

283 3157 518 3225 suavior,
551 3159 919 3231 amceniorque
939 3199 956 3228 ,
990 3169 1045 3215 et
1094 3158 1262 3229 ipsius
1290 3159 1530 3214 auctoris
1558 3157 1772 3230 ingenio
1794 3173 1883 3214 ac-

286 3250 680 3308 commodatior
702 3292 720 3320 ,
750 3265 870 3322 quae
898 3248 1204 3322 languidius
1245 3250 1575 3323 cmteroquin
1604 3250 1880 3322 ingenium

279 3341 414 3398 satis
447 3341 686 3399 excitare
731 3355 796 3398 ac
839 3342 1117 3398 stimulare
1165 3350 1370 3415 queat:
1399 3352 1483 3399 est
1539 3341 1772 3414 denique
1806 3341 1880 3398 ita

281 3435 438 3491 vivax
481 3449 546 3492 ac
572 3434 845 3492 radiosum
874 3433 1144 3507 quidpiam
1190 3434 1536 3504 diﬂ'undens,
1568 3451 1689 3507 qua:
1737 3435 1880 3491 scri-

280 3529 498 3586 bentem
529 3529 744 3602 penitus
794 3528 1083 3587 incendere
1123 3543 1187 3587 ac
1217 3528 1554 3586 inﬂammare
1578 3571 1594 3596 ,
1637 3545 1798 3602 quem
1825 3536 1883 3587 et

280 3637 348 3679 ex
377 3629 656 3680 senectute
681 3621 904 3694 jamjam
936 3621 1193 3679 cinericia
1231 3622 1324 3679 diu
1371 3621 1685 3694 consopitos
1738 3621 1878 3692 igni-

281 3714 433 3771 culos
461 3714 781 3788 quandoque
822 3716 1086 3772 suscitare
1119 3714 1318 3772 valeat.
1343 3715 1480 3773 Sunt
1527 3715 1725 3772 deinde
1774 3715 1878 3772 alia

281 3821 494 3878 quoque
516 3850 530 3875 ,
563 3807 819 3863 scribenti
860 3807 1075 3864 aliunde
1097 3850 1114 3876 ,
1163 3822 1228 3863 ac
1258 3807 1405 3864 velut
1435 3823 1531 3878 per
1553 3807 1830 3880 obliquum
1857 3848 1875 3874 ,

281 3901 618 3960 advenientia
640 3945 656 3970 ,
683 3915 804 3975 quae
828 3911 1006 3960 tamen
1033 3901 1101 3958 ad
1129 3901 1246 3975 ejus
1268 3901 1569 3975 ingenium,
1602 3911 1662 3958 ut
1692 3903 1761 3958 ita
1792 3901 1878 3958 di-

281 4014 400 4058 cam
421 4042 437 4069 ,
482 4000 820 4057 alterandum
851 3999 1173 4072 quandoque
1208 3997 1432 4054 multum
1462 4005 1707 4070 possunt.
1740 3996 1879 4067 Quid

283 4095 480 4150 mirum
509 4093 687 4166 igitur,
719 4095 764 4150 si
789 4109 963 4164 neque
989 4093 1350 4150 Tertullianus
1377 4092 1732 4166 undequaque
1774 4091 1879 4150 sibi

283 4197 512 4256 constet,
540 4189 658 4255 sed,
687 4203 808 4244 cum
833 4189 1098 4260 primitus,
1130 4189 1256 4245 licet
1274 4188 1384 4260 jam
1411 4188 1661 4244 adultiori
1693 4195 1874 4256 aetate,

285 4297 342 4338 se
371 4282 436 4337 ad
464 4281 808 4339 scribendum
859 4282 1124 4350 contulit,
1167 4281 1412 4338 nonnihil
1453 4281 1707 4337 alacriori
1736 4281 1878 4353 stylo

281 4389 410 4431 usus
434 4375 629 4441 fuerit,
677 4375 932 4446 deinceps
959 4375 1073 4430 aliis
1103 4374 1154 4430 in
1181 4374 1300 4444 ejus
1349 4373 1606 4446 operibus
1633 4371 1880 4428 nonnihil

279 4467 451 4538 magis
479 4465 810 4532 subsidente,
831 4465 1128 4538 majorique
1154 4465 1477 4522 eruditionis
1499 4473 1760 4538 apparatu
1786 4479 1879 4521 or-

281 4571 463 4614 natum
492 4559 634 4614 velut
657 4573 1028 4630 compensare.

307 4659 322 4674 ‘
351 4651 412 4710 Si
452 4655 560 4724 jam
606 4669 738 4710 vero
769 4661 981 4724 tempus
1013 4654 1188 4725 ipsum
1214 4694 1229 4722 ,
1261 4666 1367 4725 quo
1397 4651 1543 4708 hunc
1588 4658 1875 4708 tractatum

281 4749 609 4818 exaraverit,
639 4749 801 4820 paulo
826 4749 1180 4820 propinquius
1211 4749 1562 4822 (quamquam
1609 4749 1661 4805 id
1689 4751 1879 4821 przeei-

282 4854 342 4898 se
366 4839 480 4897 ﬁeri
513 4843 768 4914 nequeat)
795 4841 1184 4914 designandum
1217 4845 1322 4910 sit,
1369 4844 1440 4899 ita
1465 4844 1658 4915 opinor
1685 4885 1702 4911 ,
1741 4843 1878 4898 hanc

283 4934 654 4990 tractationem
685 4943 834 4990 certo
863 4943 986 4991 ante
1016 4949 1216 4990 annum
1244 4935 1445 4991 Christi
1473 4933 1558 4991 CC
1609 4943 1665 4991 et
1690 4935 1880 4990 verisi-

281 5025 481 5083 militer
509 5042 650 5084 anno
676 5026 907 5084 CXCVII
951 5036 1044 5083 aut
1068 5026 1298 5084 fortasse
1345 5028 1605 5083 maturius
1630 5069 1646 5095 ,
1679 5027 1877 5083 litteris

281 5119 648 5190 consignatum
669 5119 832 5177 fuisse
849 5163 866 5190 ,
895 5131 1039 5178 certe
1066 5129 1244 5178 autem
1270 5130 1323 5177 et
1351 5119 1539 5192 hujus,
1569 5130 1624 5176 et
1651 5120 1877 5176 alterius

281 5208 350 5268 de
392 5211 666 5282 Baptismo
709 5214 932 5285 scripti,
967 5223 1177 5286 tempus
1221 5213 1362 5270 haud
1415 5215 1601 5286 procul
1646 5213 1875 5269 invicem

285 5306 509 5364 distare.
541 5309 622 5364 An
664 5324 794 5365 vero
817 5309 1014 5365 librum
1054 5310 1122 5366 de
1149 5310 1422 5382 Baptismo
1453 5308 1577 5365 huic
1597 5307 1665 5364 de
1691 5307 1874 5364 Pazni-

283 5399 448 5454 tentia
473 5441 489 5465 ,
511 5414 579 5455 an
603 5400 744 5456 hunc
775 5399 887 5465 illi,
915 5400 1184 5458 scribendi
1215 5401 1406 5458 ordine
1436 5443 1451 5467 ,
1497 5399 1834 5470 sulijunxerit
1857 5443 1874 5467 ,

280 5489 368 5545 vix
398 5490 686 5562 quidquam
713 5491 1060 5548 determinari
1090 5502 1284 5562 potest.
1312 5492 1672 5550 Verisimilius
1695 5501 1875 5548 tamen

280 5579 413 5637 mihi
437 5583 652 5654 quidem
678 5583 926 5652 videtur,
957 5583 1330 5654 subjunxisse;
1385 5587 1430 5644 si
1454 5586 1598 5643 enim
1624 5585 1766 5640 hunc
1809 5583 1878 5642 de

283 5670 600 5729 Poenitentia
629 5675 995 5745 prtemisisset,
1024 5675 1210 5742 credo,
1238 5677 1290 5732 in
1320 5692 1436 5748 cap.
1469 5678 1564 5734 ult.
1591 5677 1658 5734 de
1680 5677 1881 5748 Baptis-

282 5779 394 5827 mo.
424 5765 510 5820 ubi
533 5768 600 5822 de
630 5767 964 5836 poenitentia,
999 5767 1262 5841 baptismo
1283 5771 1451 5826 instar
1479 5785 1588 5841 prae
1619 5771 1879 5826 orationis

301 5857 674 5930 pi-a‘iniuenda
697 5900 711 5923 ,
743 5863 886 5931 agit,
921 5858 1078 5930 hujus
1097 5903 1111 5929 ,
1156 5877 1251 5919 ceu
1275 5862 1385 5938 jam
1411 5865 1536 5923 alibi
1557 5864 1727 5922 fusius
1752 5880 1878 5938 per-

529 5952 855 6018 TanTULLt
870 5971 974 6016 AN!
1018 5954 1071 6015 Ι.

2066 1954 2306 2024 Denique
2367 1968 2497 2013 vero
2545 1953 2862 2026 prmclarum
2904 1951 2972 2008 de
3011 1953 3114 2008 hoc
3156 1949 3296 2009 libro
3318 1949 3583 2023 judicium

1988 2048 2315 2106 audiendum
2345 2058 2450 2117 est,
2479 2048 2621 2121 quod
2653 2048 2769 2119 ipse
2796 2047 2992 2103 Beatus
3020 2045 3331 2114 Rhenanus,
3361 2047 3444 2102 vir
3465 2062 3585 2102 ma-

1989 2141 2285 2216 gnijudicii
2311 2183 2327 2210 ,
2376 2143 2427 2198 in
2457 2141 2740 2213 praemisso
2777 2140 2843 2197 ad
2886 2139 3132 2197 eumdem
3163 2150 3479 2210 argumento
3504 2148 3589 2196 tu-

1992 2233 2077 2300 lit,
2111 2249 2307 2306 nempe
2336 2234 2755 2289 commentarium
2786 2236 2921 2288 Itunc
2943 2249 3049 2288 esse
3069 2233 3341 2301 eiusmodi,
3369 2242 3424 2287 ut
3446 2234 3591 2289 theae

1991 2326 2098 2400 logi
2138 2343 2253 2383 eum
2291 2326 2505 2382 debeant
2524 2327 2593 2382 ad
2614 2343 2833 2399 unguem
2851 2327 3106 2393 ediscere;
3137 2342 3257 2380 nam
3293 2327 3549 2399 egregium
3571 2367 3587 2395 ,

1989 2420 2197 2492 pergit,
2235 2428 2618 2476 monumentum
2663 2427 2736 2475 est
2773 2418 3129 2491 antiquitatis;
3158 2428 3262 2473 tam
3296 2428 3470 2474 sancte
3494 2418 3588 2474 do-

1989 2523 2066 2568 cet
2091 2554 2106 2579 ,
2136 2524 2239 2569 tam
2268 2513 2348 2584 pic
2369 2514 2588 2584 suadet,
2621 2523 2726 2569 tam
2764 2514 3012 2568 instanter
3037 2522 3182 2585 urget
3204 2529 3309 2568 rem
3341 2513 3583 2569 ecclesia-

1987 2604 2129 2660 sticte
2147 2605 2433 2676 disciplinae
2454 2621 2778 2677 summopere
2798 2605 3136 2660 necessariam
3157 2646 3174 2671 ,
3221 2603 3553 2662 Exnuomcs;
3569 2635 3588 2647 -

1987 2712 2072 2754 sm
2092 2740 2108 2766 ,
2137 2698 2234 2754 hoc
2260 2709 2331 2756 est
2356 2743 2370 2768 ,
2399 2708 2570 2755 actum
2609 2710 2658 2756 et
2695 2699 3034 2755 ministerium
3066 2699 3391 2769 paenitentia.
3425 2698 3588 2756 Certo

1987 2803 2166 2850 autem
2189 2803 2246 2850 ut
2265 2794 2478 2866 passim.
2492 2809 2560 2851 ex
2578 2794 2910 2851 Tertulliano
2933 2793 3130 2849 veteris
3143 2792 3398 2849 Ecclesia:
3426 2791 3592 2847 tradi-

1986 2883 2160 2941 tiones
2191 2893 2246 2942 et
2269 2885 2604 2959 disciplinam
2634 2884 2978 2950 addiscimus,
3002 2885 3072 2939 ita
3090 2885 3251 2940 etiam
3268 2883 3374 2951 hic,
3395 2885 3593 2956 insigni

1985 2985 2176 3034 contra
2220 2987 2510 3036 novatores
2535 2986 2751 3036 nostros
2781 2976 3013 3034 utilitate
3037 3019 3053 3046 ,
3098 2976 3318 3033 modum
3366 2977 3590 3048 agenda:

1985 3071 2339 3142 poenitentiae,
2357 3081 2519 3144 prout
2537 3088 2600 3130 ea
2624 3071 2812 3144 primis
2838 3086 2963 3127 mox
2983 3071 3196 3127 sacculis
3218 3079 3275 3126 et
3304 3070 3487 3140 utique
3514 3085 3587 3127 ex

1988 3163 2299 3235 Apostolica
2326 3164 2685 3230 institutione,
2709 3163 2794 3236 agi
2815 3172 3188 3231 consueverat,
3208 3162 3433 3235 pulchre
3456 3161 3587 3220 soli-

1987 3256 2161 3328 deque
2188 3256 2466 3315 docemur.
3230 3254 3400 3311 Luna.

2534 3347 3045 3407 ARGUMENTUM.

2063 3438 2324 3514 Principio
2348 3443 2625 3514 generatim
2650 3442 2714 3497 de
2740 3440 3032 3514 paenitentia
3056 3450 3330 3512 pertractat
3360 3439 3498 3514 (cap.
3531 3441 3589 3513 I)

1983 3549 2194 3605 eamque
2243 3535 2578 3591 necessariam
2615 3534 2834 3590 adstruit
2876 3550 2970 3606 pro
2995 3533 3227 3589 omnibus
3272 3534 3491 3606 peccatis
3538 3545 3589 3589 et

1984 3624 2204 3693 delictis,
2226 3643 2318 3682 seu
2343 3642 2518 3694 carne,
2552 3643 2640 3682 seu
2664 3626 2870 3698 spiritu,
2901 3643 2989 3682 seu
3016 3630 3176 3699 facto,
3221 3641 3309 3681 seu
3333 3626 3590 3681 voluntate

1983 3720 2265 3775 commissis
2295 3719 2434 3791 (cap.
2467 3719 2548 3793 4).
2580 3718 2712 3774 Dein
2749 3719 2852 3774 duo
2879 3719 3142 3791 distinguit
3168 3719 3471 3790 paenitentiae
3495 3734 3587 3790 ge-

1983 3827 2124 3867 nera.
2155 3810 2311 3867 Prior
2336 3821 2444 3882 est,
2485 3827 2599 3883 qua:
2645 3811 2892 3883 baptismo
2938 3809 3082 3867 debet
3127 3811 3366 3883 praemitti
3390 3826 3421 3865 a
3445 3819 3588 3866 cate-

1982 3904 2260 3971 chumenis,
2288 3920 2375 3959 seu
2398 3919 2513 3975 quat
2537 3904 2705 3976 agitur
2741 3912 2861 3959 ante
2879 3903 3184 3977 baptismum
3213 3904 3350 3975 (cap.
3381 3902 3469 3975 6);
3497 3920 3590 3974 po-

1981 3998 2162 4052 sterior
2181 4015 2374 4065 eorum,
2388 3999 2540 4070 quiin
2563 4009 2771 4070 peccata
2795 3999 2970 4069 grauia
2989 4007 3100 4069 post
3115 3998 3422 4068 baptismum
3447 3999 3587 4070 infe~

1981 4089 2146 4144 liciter-
2191 4090 2344 4161 lapsi,
2372 4106 2435 4145 εκ
2475 4091 2539 4146 iis
2561 4101 2843 4163 exsurgunt
2892 4106 3105 4162 Operose
3157 4091 3469 4162 paenitentia.
3518 4089 3588 4145 In

1981 4183 2141 4254 priori
2187 4193 2329 4254 parte
2375 4184 2720 4239 necessitatem
2762 4199 2872 4238 sese
2923 4183 3171 4255 probandi
3197 4193 3358 4255 urget,
3387 4192 3432 4237 et
3479 4199 3587 4238 sese

1979 4278 2309 4348 pra'parandi
2331 4278 2400 4331 ad
2424 4278 2657 4348 baptismi
2681 4278 2899 4350 gratiam
2915 4293 3032 4333 vera
3055 4278 3366 4348 paenitentia.
3386 4276 3588 4348 Baptis-

1979 4385 2120 4423 mum
2156 4370 2358 4425 inanem
2399 4387 2507 4425 esse
2555 4387 2657 4425 non
2699 4381 2893 4432 veretur
2934 4388 3177 4440 asserere,
3204 4388 3320 4426 cum
3361 4373 3583 4443 aliquem

1979 4471 2298 4534 peccatorum
2326 4479 2536 4518 suorum
2579 4479 2681 4518 non
2728 4463 2978 4533 poznituit,
3008 4479 3098 4518 nec
3126 4465 3229 4519 vita
3275 4463 3580 4532 emendavit,

1899 4567 1955 4628 Ῑ)
1981 4565 2027 4610 et
2067 4572 2250 4610 vanam
2272 4570 2380 4611 esse
2401 4554 2666 4626 ﬁduciam,
2693 4554 2790 4610 sibi
2815 4555 3028 4627 lingere,
3055 4571 3171 4611 cum
3191 4555 3302 4623 quis
3331 4571 3483 4625 prave
3510 4554 3581 4608 ad

1981 4649 2218 4721 baptismi
2238 4665 2394 4720 usque
2414 4649 2548 4704 diem
2573 4647 2771 4715 vixerit,
2801 4665 2914 4702 eum
2939 4659 3142 4718 repente
3169 4649 3222 4702 in
3261 4649 3426 4702 virum
3452 4663 3580 4703 δαη-

1978 4752 2116 4797 ctum
2144 4757 2429 4807 evasurum,
2457 4751 2505 4797 et
2546 4758 2579 4796 a
2621 4749 2824 4812 peccato
2872 4740 3172 4807 desiturum,
3224 4739 3306 4793 ubi
3355 4740 3580 4812 primum

1979 4834 2110 4889 illud
2137 4844 2509 4890 sacramentum
2535 4823 2774 4905 receperit
2804 4832 2962 4905 (cap.
2996 4831 3093 4903 6).
3122 4831 3392 4887 Tractatus
3425 4832 3580 4904 hujus

1982 4947 2101 5001 pars
2129 4931 2376 5002 posterior
2416 4939 2489 4985 est
2515 4929 2579 4984 de
2611 4927 2900 5000 paenitentia
2949 4935 3060 4996 post
3089 4926 3416 4998 baptismum,
3465 4942 3579 4997 qua:

1980 5020 2367 5094 Exomologesis
2394 5021 2600 5076 dicitur.
2631 5018 2866 5074 Testatur
2894 5016 2914 5089 (
2940 5034 3055 5089 cap.
3079 5017 3111 5071 7
3137 5019 3156 5088 )
3199 5019 3337 5072 illico
3366 5034 3419 5073 se
3443 5034 3580 5090 (egre

1980 5116 2044 5171 de
2077 5116 2173 5170 hac
2203 5115 2476 5186 posteriore
2504 5111 2804 5185 pwnitentia,
2823 5109 2959 5182 loqui
2983 5152 2998 5179 ,
3026 5126 3143 5183 qutc
3181 5119 3434 5181 postrema
3461 5127 3579 5182 spes

1979 5217 2054 5265 est
2082 5209 2145 5264 iis
2172 5207 2389 5278 reliqua,
2415 5207 2502 5277 qui
2549 5203 2863 5273 criminibus,
2894 5203 2947 5258 h.
2979 5219 3026 5258 e.
3078 5203 3294 5274 peccatis
3322 5203 3578 5259 atrocibus

1981 5311 2093 5373 post
2135 5300 2440 5370 baptismum
2485 5313 2538 5352 se
2584 5296 2978 5377 obstrinagerunt,
3035 5311 3116 5362 ne,
3159 5296 3344 5368 inquit,
3375 5295 3438 5349 de
3479 5295 3577 5352 hac

1981 5411 2112 5450 nova
2136 5409 2169 5448 a
2196 5392 2416 5464 peccatis
2439 5389 2743 5460 exsurgendi
2769 5389 2963 5442 ratione
2987 5389 3205 5460 agendo,
3230 5404 3262 5442 a
3301 5387 3408 5443 Deo
3434 5389 3578 5443 nobis

1981 5487 2171 5553 oblata,
2203 5485 2266 5538 de
2303 5497 2430 5537 novo
2473 5481 2712 5553 peccandi
2739 5482 2872 5534 viam
2901 5482 3102 5551 aperire
3144 5479 3394 5535 videatur.
3425 5479 3580 5536 Illius

1983 5587 2156 5650 postea
2186 5574 2488 5646 poenitentia:
2534 5573 2749 5643 publica:
2773 5571 3158 5644 Exomologesis
3183 5573 3334 5626 dictw
3369 5588 3582 5642 operosa

1983 5667 2210 5738 depingit
2231 5665 2466 5720 exercitia
2489 5662 2629 5734 (cap.
2655 5663 2732 5735 9),
2759 5665 2870 5734 ejus
2895 5666 3236 5719 necessitatem
3265 5667 3578 5720 demonstrat

1983 5763 2120 5834 (cap.
2154 5762 2212 5816 ll
2245 5757 2265 5830 )
2317 5774 2377 5812 ac
2405 5757 2608 5812 tandem
2648 5773 2732 5810 eos
2770 5756 3027 5826 objurgat,
3053 5773 3176 5826 quos
3204 5773 3314 5812 cam
3341 5760 3582 5827 amplecti

1984 5854 2202 5928 pudebat
2231 5851 2525 5912 criminibus
2550 5859 2662 5924 post
2697 5849 3001 5921 baptismum
3025 5851 3260 5906 adntissis
3291 5853 3428 5925 (cap.
3461 5855 3582 5929 10).

2801 5943 3289 6027 (Trente-ueuf.)
