4016 6652
403 276 542 344 4Ω31

1834 283 2293 344 TERTULLIANI

3569 292 3724 349 1232

413 413 553 480 quit,
611 424 707 466 cur
755 405 1122 481 paenitentiam
1164 405 1414 475 invadit,
1459 403 1886 478 delinquentium
1930 406 2008 479 (i)
2036 408 2296 483 Atentiae
2347 406 2729 464 necessitatem
2784 407 3148 483 intelligamus
3195 408 3724 483 lmpendere.Com~

413 504 675 574 privatum
708 503 788 574 (a)
816 517 912 559 cur
936 502 1153 558 malitiae
1177 500 1412 558 ofﬁcium
1440 501 1662 557 bonitati
1693 516 1804 557 suae
1831 503 2009 573 impo-

413 598 527 653 nit?
549 599 620 653 ita
637 598 837 664 evenit,
861 608 1063 655 utcum
1105 595 1307 669 aliquid
1338 595 1427 653 ubi
1458 611 1563 652 non
1592 605 1804 668 oportet
1849 597 2006 654 adhi-

413 691 572 748 betur
599 733 613 759 ,
645 690 751 747 illic
779 690 869 748 ubi
899 699 1110 765 oportet
1136 689 1453 761 negligatur.

1033 783 1260 841 CAPUT
1300 782 1385 839 lll.

483 878 722 948 Quorum
753 891 884 949 ergo
912 876 1226 949 poenitentia
1251 877 1394 947 justa
1435 886 1489 932 et
1535 876 1715 933 debita
1745 877 2008 946 videatur,

410 970 465 1026 id
495 977 599 1038 est,
627 985 746 1038 qua}
773 969 970 1025 delicto
994 968 1294 1040 deputanda
1329 969 1457 1034 sint,
1491 968 1882 1039 locusquidem
1910 986 2008 1025 ex-

411 1063 647 1134 postulat
699 1063 980 1130 denotare,
1039 1062 1133 1119 sed
1191 1063 1420 1119 otiosum
1465 1062 1633 1120 videri
1677 1073 1857 1135 potest
1911 1063 2008 1136 (ὑ).

411 1158 641 1213 Domino
679 1157 822 1213 enim
867 1157 1103 1228 cognito,
1137 1157 1277 1212 ultro
1322 1158 1541 1227 spiritus
1588 1173 1617 1211 a
1664 1173 1763 1213 suo
1792 1167 2010 1216 auctore

409 1259 688 1322 respectus
713 1251 940 1322 emergit
965 1249 1032 1306 ad
1058 1250 1300 1306 notitiam
1333 1249 1596 1315 veritatis,
1637 1259 1691 1306 et
1739 1250 2007 1309 admissus

403 1347 474 1403 ad
513 1346 779 1402 dominica
812 1353 1100 1417 praecepta,
1129 1360 1194 1400 ex
1219 1345 1351 1414 ipsis
1401 1343 1587 1399 statim
1635 1344 1898 1411 eruditur,
1955 1345 2008 1401 id

408 1447 632 1512 peccato
681 1436 1066 1508 deputandum,
1109 1452 1139 1492 a
1170 1451 1275 1508 quo
1318 1436 1461 1493 Deus
1502 1446 1701 1493 arceat.
1744 1437 2007 1506 Quoniam

404 1549 530 1589 cum
586 1532 754 1588 Deum
795 1531 994 1603 grande
1037 1530 1165 1602 quid
1208 1531 1334 1586 boni
1378 1539 1590 1587 constet
1630 1545 1774 1600 esse,
1824 1533 2009 1603 utique

406 1627 552 1682 bono
577 1625 678 1681 nisi
705 1625 905 1680 malum
925 1639 1032 1680 non
1057 1623 1388 1694 displiceret.
1413 1623 1555 1694 quod
1578 1623 1720 1680 inter
1736 1626 2006 1681 contraria

403 1721 506 1775 sibi
530 1718 672 1774 nulla
719 1717 951 1775 amicitia
983 1727 1085 1774 est.
1119 1718 1492 1789 Pcrstringere
1518 1728 1696 1775 tamen
1727 1735 1830 1774 non
1861 1720 2006 1792 pigc-
2036 1738 2085 1800 Β

404 1813 503 1877 bit,
531 1811 850 1869 delictorum
869 1811 1116 1883 quaedam
1133 1826 1254 1867 esse
1267 1812 1524 1875 carnalia,
1547 1811 1596 1866 id
1621 1821 1723 1880 est,
1748 1827 2008 1883 corpora-

404 1904 498 1972 lia,
517 1902 764 1975 qumdam
791 1918 921 1960 vero
949 1902 1227 1974 spiritalia.
1258 1900 1392 1957 Nam
1423 1913 1544 1958 eum
1567 1890 1632 1958 ex
1663 1902 1761 1959 hac
1783 1903 2011 1974 duplicis

401 1997 716 2052 substantiae
760 1995 1178 2066 congregatione
1227 1993 1506 2050 confectus
1553 1994 1714 2050 homo
1760 1995 1868 2061 sit,
1903 2011 2009 2051 non

402 2088 622 2146 aliunde
651 2088 936 2159 delinquit,
981 2102 1142 2158 quam
1189 2086 1330 2142 unde
1368 2095 1602 2141 constat.
1651 2085 1758 2142 Sed
1805 2102 1913 2142 non
1945 2102 2010 2143 eo

401 2183 546 2236 inter
568 2195 629 2236 se
655 2178 926 2242 differunt,
967 2177 1108 2248 quod
1136 2191 1334 2248 corpus
1370 2187 1424 2233 et
1457 2178 1676 2248 spiritus
1707 2178 1815 2235 duo
1848 2189 2006 2236 sunt:

401 2274 639 2345 alioquin
684 2287 751 2328 eo
801 2271 969 2343 magis
998 2271 1143 2341 paria
1173 2279 1332 2339 sunt,
1363 2271 1485 2340 quia
1529 2269 1639 2326 duo
1681 2286 1844 2326 unum
1896 2271 2010 2326 efﬁ-

402 2370 588 2426 ciunt:
620 2383 688 2423 ne
734 2367 856 2438 quis
884 2379 983 2438 pro
1037 2365 1350 2421 diversitate
1393 2365 1740 2420 materiarum
1789 2375 2008 2436 peccata

403 2476 596 2518 eorum
623 2459 916 2523 discernat,
947 2469 1003 2512 ut
1028 2457 1256 2513 alterum
1288 2457 1460 2512 altero
1483 2456 1654 2512 levius
1677 2465 1770 2511 aut
1795 2457 2008 2527 gravius

401 2551 698 2610 existimet.
743 2549 1018 2621 Siquidem
1063 2557 1118 2604 et
1159 2563 1306 2615 caro,
1359 2556 1414 2604 et
1441 2547 1696 2618 spiritus,
1735 2548 1831 2604 Dei
1874 2563 2001 2604 res:

403 2645 529 2712 alia,
561 2659 725 2700 manu
771 2641 888 2712 ejus
912 2655 1202 2712 expressa;
1249 2640 1351 2694 alia
1379 2639 1562 2696 afﬁatu
1585 2639 1704 2710 ejus
1753 2654 2007 2697 consum-

402 2746 548 2796 mata
573 2736 728 2810 (Gen.
751 2734 841 2806 ll).
863 2734 1014 2810 Cum=
1038 2748 1166 2804 ergo
1196 2749 1261 2789 ex
1290 2733 1404 2804 pari
1429 2732 1494 2788 ad
1529 2733 1812 2788 Dominum
1837 2736 2004 2804 perti-

402 2827 570 2892 neant
594 2847 610 2884 :
641 2826 1018 2898 quodcumque
1044 2829 1230 2881 eorum
1253 2822 1561 2894 deliquerit,
1589 2839 1657 2880 ex
1688 2824 1799 2895 pari
1824 2825 2006 2882 Domi-

401 2937 531 2976 num
554 2917 798 2975 oﬁ‘endit.
825 2919 905 2974 An
934 2925 990 2972 tu
1015 2915 1290 2972 discernas
1309 2924 1462 2971 actus
1486 2916 1666 2972 carnis
1682 2917 2004 2989 etspiritus?

403 3027 630 3085 quorum
657 3019 712 3066 et
741 3009 795 3065 in
827 3010 952 3078 vita,
985 3019 1038 3064 et
1084 3008 1137 3064 in
1181 3016 1372 3074 morte,
1417 3017 1470 3064 et
1500 3007 1552 3062 in
1583 3010 1998 3080 resurrectione,

401 3117 609 3165 tantum
635 3103 1029 3163 communionis
1049 3111 1210 3172 atque
1230 3101 1486 3158 consortii
1508 3112 1589 3157 cst
1615 3093 1793 3172 (Joan'.
1831 3104 1915 3176 V),
1947 3115 2003 3162 ut

403 3200 608 3273 pariter
634 3209 761 3256 tunc
780 3207 870 3254 aut
891 3198 944 3253 in
965 3201 1130 3253 vitam
1158 3206 1252 3251 aut
1278 3197 1330 3251 in
1350 3195 1610 3267 judicium
1633 3197 1961 3254 suscitentur
1984 3219 1998 3255 :

403 3297 530 3370 quia
550 3295 757 3352 scilicet
786 3293 989 3366 pariter
1008 3302 1098 3346 aut
1129 3290 1475 3362 deliquerint,
1520 3300 1612 3346 aut
1635 3290 1716 3364 (2)
1744 3292 2000 3350 innocen-

403 3400 488 3447 ter
511 3389 743 3461 egerint.
775 3385 890 3442 Hoc
917 3400 983 3442 eo
1011 3385 1453 3455 prtemiserimus,
1487 3394 1545 3439 ut
1582 3400 1687 3441 non
1731 3387 1996 3444 minorem

406 3483 562 3551 alteri
592 3495 752 3555 quam
780 3477 990 3551 utrique
1042 3477 1197 3550 parti,
1241 3477 1286 3533 si
1323 3475 1449 3548 quid
1475 3475 1788 3548 deliquerit,
1816 3481 1993 3550 poeni.

2111 505 2289 559 munis
2311 512 2492 560 reatus
2519 505 2798 559 amborum
2825 513 2929 572 est,
2958 505 3261 562 communis
3289 515 3342 561 et
3357 505 3546 577 judex,
3572 506 3722 562 Deus

2113 596 2365 652 scilicet:
2417 597 2719 652 communis
2785 596 2946 668 igitur
2996 608 3052 654 et
3100 599 3430 670 poenitentiae
3482 599 3721 656 medela.

2115 686 2322 743 Exinde
2345 687 2602 759 spiritalia
2629 697 2683 744 et
2707 689 3010 760 corporalia
3055 691 3419 757 nominantur,
3449 690 3593 762 quod
3621 690 3726 747 de-

2118 779 2298 835 lictum
2326 795 2505 848 omne,
2529 790 2624 836 aut
2650 782 2844 853 agitur,
2869 791 2960 836 aut
3001 783 3286 854 cogitatur,
3327 790 3386 837 ut
3429 781 3725 855 corporale

2116 872 2206 939 sit,
2241 872 2382 943 quod
2413 874 2464 928 in
2494 873 2635 929 facto
2673 883 2792 930 est:
2826 876 2951 945 quia
2984 874 3201 943 factum,
3228 885 3287 932 ut
3307 891 3526 948 corpus,
3557 887 3611 933 et
3638 877 3725 933 vi-

2115 963 2229 1021 deri
2260 975 2314 1022 et
2343 967 2580 1038 contingi
2611 965 2794 1024 habet.
2825 967 3079 1039 Spiritale
3104 985 3258 1038 vero,
3287 969 3429 1040 quod
3456 971 3509 1026 in
3535 970 3724 1028 animo

2114 1066 2218 1125 est,
2249 1059 2372 1130 quia
2397 1061 2616 1132 spiritus
2646 1076 2822 1133 neque
2864 1061 3099 1128 videtur,
3140 1078 3317 1134 neque
3347 1071 3594 1130 tenetur;
3622 1078 3726 1135 per

2113 1151 2256 1223 quod
2281 1152 2584 1209 ostenditur
2611 1169 2718 1210 non
2741 1155 2864 1210 facti
2885 1156 3058 1212 solum
3083 1202 3100 1226 ,
3128 1173 3314 1213 verum
3338 1166 3393 1213 et
3429 1159 3726 1215 voluntatis

2114 1244 2309 1301 delicta
2338 1246 2574 1314 vitanda,
2607 1256 2663 1304 et
2704 1247 3018 1319 poenitentia
3054 1250 3326 1322 purganda
3352 1265 3496 1308 esse.
3532 1250 3729 1323 Neque

2114 1337 2329 1394 enimsi
2375 1338 2721 1396 mediocritas
2769 1340 3026 1408 humana,
3084 1341 3207 1398 facti
3243 1343 3326 1415 (ὅ)
3379 1343 3550 1400 solum
3578 1344 3730 1415 judi-

2113 1437 2200 1485 cat
2227 1429 2319 1501 (c),
2347 1431 2470 1498 quia
2503 1432 2791 1488 voluntatis
2837 1433 3058 1490 latebris
3095 1449 3193 1505 par
3234 1428 3340 1490 n'on
3379 1445 3483 1502 est,
3521 1435 3730 1494 ideirco

2113 1525 2339 1580 crimina
2386 1525 2504 1596 ejus
2552 1527 2715 1582 etiam
2769 1527 2872 1584 sub
2911 1528 3022 1584 Deo
3069 1529 3437 1600 negligamus,
3480 1531 3624 1588 Deus
3671 1531 3729 1587 in

2111 1616 2289 1672 omnia
2321 1615 2540 1673 sufﬁcit.
2570 1617 2710 1674 Nihil
2739 1634 2766 1673 a
2795 1629 3087 1692 conspectu
3111 1622 3229 1691 ejus
3255 1630 3544 1691 remotum,
3575 1622 3728 1680 unde

2113 1709 2336 1764 omnino
2387 1709 2738 1781 delinquitur.
2773 1710 2908 1780 Quia
2937 1728 3051 1769 non
3102 1713 3310 1786 ignorat
3357 1731 3458 1773 nec
3498 1717 3726 1783 omittit,

2117 1803 2406 1874 quominus
2466 1805 2517 1859 in
2577 1805 2838 1874 judicium
2905 1806 3179 1864 decernat.
3231 1809 3609 1867 Dissimulator
3673 1820 3731 1868 et

2117 1897 2498 1967 praevaricator
2531 1896 2612 1970 (ά)
2641 1899 2984 1969 perspicacize
3013 1916 3125 1956 suae
3152 1916 3257 1957 non
3285 1913 3388 1958 est.
3420 1902 3558 1972 Quid
3577 1904 3730 1975 quod

2119 1991 2369 2048 voluntas
2398 1992 2518 2047 facti
2548 1992 2700 2064 origo
2726 1993 2849 2049 est?
2874 1994 3104 2050 viderint
3143 1995 3308 2063 enim,
3334 1997 3377 2052 si
3416 2013 3519 2069 qua
3547 1999 3728 2068 casui,

2115 2093 2207 2138 aut
2257 2085 2584 2150 necessitati,
2638 2094 2730 2140 aut
2770 2085 3087 2157 ignorantiae
3136 2088 3731 2161 imputanturtquibus
3797 2099 3820 2154 τ

2117 2177 2355 2246 exceptis
2401 2175 2512 2244 jam
2564 2191 2670 2232 non
2726 2177 2826 2232 nisi
2878 2178 3155 2234 voluntate
3207 2179 3555 2251 delinquitur.
3587 2181 3730 2238 Cum

2113 2283 2243 2339 ergo
2274 2267 2398 2322 facti
2427 2269 2580 2339 origo
2610 2277 2712 2334 est,
2744 2285 2849 2324 non
2879 2279 3027 2326 tanto
3059 2273 3233 2342 potior
3261 2271 3329 2328 ad
3361 2287 3573 2345 ptenam
3612 2287 3727 2344 est,

2113 2370 2313 2433 quanto
2370 2363 2681 2434 principalis
2721 2363 2787 2419 ad
2818 2365 3031 2435 culpam
3057 2381 3069 2418 :
3095 2381 3215 2437 quce
3257 2382 3326 2422 ne
3352 2375 3477 2424 tunc
3502 2369 3729 2440 quidem

2110 2456 2395 2524 liberatur,
2422 2471 2545 2511 cum
2577 2456 2752 2528 aliqua
2794 2457 3086 2514 difﬁcultas
3117 2461 3573 2531 perpetrationem
3606 2463 3728 2532 ejus

2113 2549 2414 2620 intercipit.
2461 2547 2578 2620 lpsa
2625 2550 2768 2606 enim
2810 2548 2910 2605 sibi
2955 2550 3282 2621 imputatur,
3322 2567 3422 2608 nec
3475 2554 3727 2610 excusari

2114 2645 2314 2714 poterit
2344 2660 2438 2716 per
2469 2644 2610 2700 illam
2637 2643 2952 2715 perﬁciendi
2980 2643 3347 2700 infelicitatem
3377 2647 3474 2716 (e),
3497 2658 3724 2716 Operata

2107 2737 2251 2808 quod
2277 2752 2431 2792 suum
2472 2736 2665 2792 fuerat.
2698 2736 2936 2808 Denique
2966 2737 3224 2793 Dominus
3263 2738 3726 2810 quemadmodum

2108 2842 2169 2885 se
2205 2828 2559 2900 adjectionem
2580 2829 2681 2901 legi
2725 2840 3099 2900 superstruere
3139 2830 3472 2902 demonstrat
3497 2831 3722 2901 (Matth.

2109 2920 2201 2994 V),
2228 2923 2330 2977 nisi
2360 2933 2415 2977 et
2445 2922 2737 2978 voluntatis
2769 2924 3137 2980 interdicendo
3163 2924 3546 2982 delicta?Cum
3567 2927 3723 2984 adul-

2107 3021 2284 3070 terum
2323 3029 2430 3071 non
2479 3031 2599 3070 eum
2628 3016 2801 3070 solum
2828 3015 3034 3083 deﬁnit,
3076 3017 3166 3086 qui
3196 3018 3440 3075 cominus
3486 3019 3542 3075 in
3586 3020 3723 3078 alie-

2110 3123 2237 3164 num
2265 3108 2664 3164 matrimonium
2696 3107 2982 3165 cecidisset
3021 3107 3111 3183 (f),
3147 3125 3331 3167 verum
3358 3113 3517 3168 etitl‘m
3541 3115 3718 3184 illum,

2107 3202 2196 3272 qui
2215 3209 2464 3272 aspectus
2485 3201 2925 3273 concupiscentia
2948 3204 3369 3262 contaminasset
3395 3205 3556 3262 :adeo
3570 3208 3720 3278 quod

2107 3295 2426 3366 prohibetur
2453 3295 2854 3364 administrare,
2899 3297 3028 3352 satis
3054 3298 3355 3368 periculose
3390 3298 3476 3372 (ς)
3503 3301 3718 3359 animus

2105 3389 2207 3445 sibi
2236 3398 2587 3460 repraesentat
2612 3388 2714 3463 (Ia),
2745 3399 2798 3446 et
2825 3399 3028 3447 temere
3057 3405 3154 3462 per
3173 3392 3502 3450 voluntatem
3531 3393 3594 3468 (ί)
3617 3410 3722 3453 ex-

2103 3483 2289 3557 pungit
2311 3482 2582 3540 etl‘eetum.
2601 3483 2767 3554 Cujus
2790 3485 3078 3543 voluntatis
3099 3500 3221 3543 eum
3244 3488 3321 3544 vis
3349 3497 3496 3545 tanta
3518 3488 3590 3546 sit
3617 3488 3716 3563 υ),

1640 3592 2026 3657 LECTIONES
2066 3598 2372 3657 VARIANT
2376 3599 2478 3656 ES.

463 3737 540 3801 (i)
577 3735 821 3801 l'rivatum
848 3727 1014 3801 _t_zbest
1046 3727 1222 3801 futili.
1255 3726 1678 3801 delinquentium
1715 3732 1963 3801 privatum
1983 3732 2008 3783 ?

408 3789 647 3854 Wouwer.
666 3799 736 3845 Μ.
764 3795 819 3845 S.
845 3789 956 3856 Rig.
980 3789 1370 3856 delinquentium
1387 3789 1678 3856 peccatum?
1700 3789 1737 3841 Ι
1740 3806 1822 3844 un.
1847 3794 2008 3847 delin-
2079 3812 2082 3814 ·

400 3849 694 3928 quentium?
720 3849 968 3926 Privatu'm
985 3866 1072 3903 cur
1089 3849 1286 3913 malitiae
1312 3849 1518 3906 Seiuler.

2175 3733 2249 3861 ἓξ)
2272 3734 2567 3787 Innocentes
2583 3735 2693 3803 Rig.
3082 3738 3086 3742 ’

2197 3800 2250 3861 5)
2283 3797 2444 3849 Factis
2477 3801 2620 3849 Pam.
2647 3798 2798 3853 Seml.
2823 3801 3007 3855 efactis
3031 3805 3086 3856 Le

2197 3797 2250 3863 5)
2283 3797 2444 3849 Factis
2477 3801 2620 3849 Pam.
2645 3797 2798 3853 'Seml.
2823 3801 3007 3855 efactis
3031 3803 3252 3882 Leop.’
3594 3811 3646 3839 π’
3687 3814 3715 3874 '3

1777 3963 2338 4028 COMMENTARIUS.

405 4100 594 4143 caussa
647 4083 772 4140 boui
803 4083 999 4139 ominis
1037 4081 1220 4135 bonum
1252 4077 1438 4148 factum
1469 4076 1678 4146 praefari
1734 4081 1997 4140 solebant.

407 4157 736 4215 Notavithoc
750 4155 1028 4210 Turnebus
1047 4151 1139 4205 lib.
1166 4151 1252 4224 Ill,
1281 4148 1520 4224 cap.2‘2.
1545 4151 1676 4208 Lac.

471 4227 554 4298 (a)
594 4227 698 4283 Cur
715 4226 1055 4298 paenitentiam
1076 4221 1291 4298 ittuadit,
1320 4221 1714 4298 delinquentium
1727 4226 1996 4295 privatum.

471 4227 554 4356 ta?
594 4227 698 4283 Cur
715 4227 1055 4298 paenitentiam
1078 4227 1291 4288 invadit,
1320 4227 1996 4295 delinquentiumprivatum.

405 4291 500 4368 Sic
549 4299 722 4372 egitur
747 4301 798 4352 in
825 4296 946 4372 cod.
967 4293 1169 4372 Ursini.
1193 4293 1566 4349 Paenitentiam
1589 4295 1716 4351 dicit
1758 4312 1878 4354 esse
1909 4301 2002 4355 dc-

406 4364 756 4444 linqueittium
787 4369 1069 4444 privatum,
1103 4364 1205 4444 hoc
1225 4374 1325 4428 cst,
1373 4381 1486 4444 rem
1513 4377 1566 4423 et
1604 4381 1785 4423 curam
1825 4371 1996 4444 deliu-

407 4435 686 4520 qnentium
717 4435 992 4520 propriam
1017 4447 1073 4492 et
1105 4437 1384 4506 privatam.
1414 4435 1612 4520 lnju.s_te
1639 4441 1993 4520 aulemfac‘it,

407 4510 499 4591 qui
541 4510 757 4591 privatis
779 4510 946 4591 utitur
982 4517 1230 4577 tanquam
1267 4510 1993 4591 conin'tunibusLet‘publicis.

405 4581 689 4648 ﬁrivatum
710 4583 974 4649 absolute,
999 4595 1094 4651 pro
1121 4593 1250 4648 agro
1293 4581 1517 4647 privato,
1548 4581 1683 4636 dixit
1698 4581 1936 4652 0vidius,
1959 4586 2002 4640 ν

403 4664 616 4716 Faster.

563 4769 770 4822 Vindice
794 4767 1021 4820 servabat
1045 4763 1178 4816 nullo
1201 4778 1287 4816 sua
1311 4763 1502 4827 publica
1523 4764 1701 4828 vulgus
1730 4782 1739 4814 :

631 4833 841 4896 Jamque
875 4829 1133 4894 in-privato
1151 4841 1355 4892 pascere
1383 4828 1555 4879 inertis
1579 4839 1723 4886 erata
1770 4830 1874 4882 Rm.

483 4957 640 5016 CAP.
673 4956 758 5013 Ill.
781 4988 852 4997 —
880 4954 960 5027 (b)
992 4955 1223 5010 Otiosum
1248 4954 1409 5027 videri
1437 4964 1614 5024 potest.
1635 4956 2004 5026 Supersede".

411 5032 539 5087 dum
571 5044 692 5086 esse
709 5026 898 5084 censet
917 5028 985 5083 de
1007 5028 1205 5097 pietate
1227 5033 1282 5082 et
1301 5026 1557 5096 religione
1585 5029 1998 5088 catechumeno-

409 5119 551 5168 rum,
568 5102 792 5174 quicum
813 5099 906 5154 Dei
925 5099 1100 5174 legem
1120 5106 1452 5174 perSpectam
1466 5097 1996 5174 h‘aberent,u|troque

411 5169 779 5247 pmniténtiam
799 5169 1273 5247 amplecterentur.
1294 5169 1436 5247 illius
1460 5171 1628 5247 elogia
1652 5180 1743 5228 aut
1763 5173 1827 5229 ad
1845 5169 1990 5232 illam

408 5240 814 5302 adhortationes
843 5257 948 5297 non
971 5240 1328 5312 postulabant.
1360 5240 1434 5296 LE
1466 5240 1561 5296 Pn.

477 5319 552 5390 (c)
586 5315 734 5370 Facti
761 5313 925 5390 solum
948 5311 1168 5390 iudicat.
1199 5311 1368 5390 Facti,
1400 5312 1602 5368 scilicet
1626 5313 1835 5390 delicta.
1868 5318 1991 5374 Ete-

407 5382 840 5458 nim'prteeessit,
871 5382 994 5458 Non
1035 5384 1156 5456 {acti
1207 5384 1389 5448 solum,
1428 5401 1597 5441 verum
1625 5397 1670 5441 et
1719 5389 1989 5446 voluntatis

404 5456 592 5516 delicia
615 5457 842 5513 vitanda.
878 5456 992 5511 ﬂio.

485 5529 565 5604 (d)
597 5529 988 5604 Prwvaricator.
1018 5527 1237 5597 Proprie
1255 5528 1342 5595 qui
1372 5529 1828 5604 proditcaussam.
1858 5532 1990 5590 Nam

403 5614 458 5658 et
484 5599 678 5674 glessm
706 5616 812 5655 non
863 5599 1061 5677 solum
1085 5600 1519 5677 συξοράντηςηερᾱ
1544 5602 1720 5677 etiam
1747 5611 1994 5677 προδιδοὺς

401 5687 490 5737 τὴν
516 5677 637 5726 ἰδίην
657 5677 811 5736 atatis,
837 5674 917 5724 καὶ
949 5683 1013 5741 τῷ
1036 5674 1259 5738 ἀντίδικῷ
1289 5675 1499 5741 βογζθῶν.
1540 5673 1669 5728 LAC.

474 5745 549 5815 (e)
580 5741 1280 5818 Perﬁeiendilinlelicitqtem.
1304 5741 1748 5818 Frustrationem,
1766 5754 1989 5818 ἀτυχίαν.

403 5812 602 5869 Ruﬁ—
623 5812 925 5882 Perﬁcicudi
962 5813 1325 5889 infelicitatem.
1361 5813 1667 5887 Metaphora
1696 5817 1780 5873 illa
1812 5812 1991 5878 abar-

2029 4559 2083 4620 D

2109 4085 2327 4142 boribus
2379 4087 2614 4155 ducitur,
2668 4103 2788 4159 quze
2832 4104 2952 4145 cum
2990 4090 3215 4147 fructus'
3234 4107 3337 4148 non
3383 4095 3560 4152 ferant
3605 4110 3710 4155 seu

2107 4159 2364 4229 temporis
2392 4160 2609 4236 injuria,
2655 4175 2750 4217 seu
2781 4162 3050 4218 cultorqu
3086 4161 3428 4236 negligentia,
3461 4165 3709 4226 infelices

2105 4240 2386 4285 vocantur.
2413 4231 2488 4286 Ls
2513 4231 2608 4287 Ρη.

2179 4300 2247 4374 (f)
2289 4302 2530 4359 Cominus
2597 4305 2650 4358 in
2703 4305 2926 4359 alienum
2979 4309 3355 4364 matrimonium
3418 4312 3703 4370 cecidisset.

2104 4373 2366 4429 Adultera
2389 4375 2596 4430 scilicet
2615 4377 2923 4431 concubitu.
2950 4377 3069 4434 RIG.

2178 4443 2255 4518 (ς)
2297 4445 2439 4501 Satis
2461 4446 2761 4516 periculose.
2815 4446 2934 4514 Ipse
2979 4450 3336 4509 Tcrtullianus
3363 4452 3460 4510 lib.
3482 4455 3549 4510 de
3577 4456 3708 4513 Μο-

2108 4532 2230 4586 nog.
2255 4518 2404 4599 habet
2432 4534 2598 4599 secum
2645 4519 2804 4599 animi
2829 4519 3106 4599 iicentiam,
3139 4527 3225 4595 qui
3267 4525 3437 4579 omnia
3474 4528 3709 4599 nomini,

2109 4604 2222 4667 qua;
2251 4589 2542 4667 nonnjtabet,
2567 4591 2871 4667 imaginario
2899 4592 3070 4667 [ructu
3097 4589 3443 4667 repraesentat.
3473 4597 3591 4655 Rle.

2184 4659 2410 4742 (It)_S_ibi
2435 4659 2787 4742 reprwsentat:
2807 4663 2883 4718 Ex
2899 4659 3007 4742 hoc
3044 4659 3163 4721 loco
3186 4667 3373 4723 Petrus
3398 4668 3620 4742 Martyr,
3650 4680 3710 4729 et

2109 4733 2288 4786 caeteri
2321 4732 2559 4807 lueretici
2599 4732 2745 4787 aiunt
2774 4733 2876 4790 hoc
2902 4737 3120 4790 verbum
3153 4749 3448 4807 prwsentem
3494 4732 3709 4799 eihibeo

2108 4819 2182 4880 re,
2207 4803 2346 4873 apud
2376 4805 2676 4880 _A_uetorem
2724 4821 2831 4861 non
2868 4803 3200 4872 signiﬁcare;
3239 4819 3400 4880 atque
3417 4811 3554 4867 adeo
3574 4830 3705 4871 cum

2107 4875 2181 4950 ait
2208 4889 2343 4950 pane
2358 4874 2639 4950 Christum
2692 4891 2888 4946 corpus
2929 4893 3084 4932 suum
3113 4874 3550 4950 reprtesentasse,
3587 4901 3707 4943 non

2107 4945 2570 5020 ita‘accipiendum
2593 4955 2650 5002 ut
2672 4945 2906 5018 prméens
2943 4964 3138 5020 corpus
3167 4945 3444 5008 tradiderit
3476 4945 3704 5014 :verurn

2106 5014 2350 5096 huicuni
2383 5014 2684 5074 sexcentos
2713 5034 2988 5096 opponere
3017 5014 3254 5096 possem,
3276 5023 3365 5079 ubi
3399 5038 3707 5096 praesentem

2100 5089 2397 5160 remipsam
2426 5106 2676 5156 exponere
2706 5089 2987 5160 signiﬁcat.
3017 5089 3258 5149 ’Awltse.

2173 5159 2235 5233 (i)
2269 5160 2337 5215 Et
2353 5171 2542 5233 temere
2565 5179 2654 5230 per
2669 5159 2998 5222 voluntatem.
3030 5164 3084 5220 In
3104 5165 3349 5223 eatndcm
3371 5169 3701 5230 sententiam

2097 5231 2306 5287 dixerat
2342 5232 2586 5288 Juvenal.
2620 5242 2722 5288 sat.
2750 5234 2840 5288 15.

2217 5322 2320 5387 llas
2343 5336 2511 5387 poenas
2536 5325 2716 5386 patitur
2749 5325 2981 5387 peccandi
3004 5325 3108 5377 sola
3121 5327 3377 5387 voluntas;

2218 5369 2981 5454 magna;suggerenda
2997 5369 3460 5454 ςῑῑιῖοξιξῐιέίῑῖιίιιω

2220 5447 2355 5500 Facti
2377 5450 2564 5498 crimen
2580 5447 2749 5498 habet.
3015 5447 3030 5454 ”
3125 5447 3236 5505 Bia.

2171 5532 2234 5605 (j)
2279 5533 2436 5606 Cujus
2459 5536 2733 5590 uoluntatis
2755 5551 2869 5589 cum
2898 5537 2973 5593 vis
3000 5548 3140 5594 tanta
3166 5541 3248 5607 sit,
3289 5558 3380 5597 cur
3417 5559 3517 5598 non
3550 5547 3697 5602 sola-

2097 5605 2223 5659 tium
2249 5605 2628 5681 jui'saturans,
2663 5623 2757 5676 pro
2787 5609 2926 5681 facta
2953 5611 3139 5666 cedat?
3163 5605 3252 5668 Sic
3279 5614 3447 5670 edidit
3477 5615 3698 5674 Rhena-

2097 5691 2219 5732 nus.
2379 5675 2710 5758 retinendam
2741 5675 2940 5758 censeo
2973 5684 3176 5758 codicis
3221 5687 3428 5756 antiqui
3450 5689 3694 5758 scriptu-

2097 5761 2214 5803 ram
2240 5745 2756 5826 bujusmodi,‘Cujus
2798 5752 3074 5808 voluntatis
3115 5771 3228 5810 cum
3255 5758 3328 5811 vis
3356 5745 3497 5813 'tanta
3515 5745 3604 5826 si},
3633 5770 3696 5816 ut

2099 5835 2199 5874 non
2226 5820 2466 5876 solatium
2515 5822 2594 5876 sui
2624 5820 2860 5879 saturnus
2909 5841 3002 5895 pro
3036 5829 3176 5899 facta
3221 5829 3384 5900 cedat,
3417 5847 3510 5896 pro
3549 5820 3696 5903 facta

3949 6135 3955 6150 Α

2052 6290 2075 6301 χ

2052 6344 2458 6358 —_——»
2491 6345 2501 6347 -
2559 6347 2588 6356 _
2715 6350 2718 6351 ν
3097 6326 3114 6344 ο
