4068 6352
942 286 971 302 υ

366 326 508 387 1235

1583 324 1786 382 LIBER
1825 324 1913 383 DE
1950 323 2418 383 ΡίΕΝΙΤΕΝἸῚΑ.

3528 331 3671 394 1251

365 456 427 502 ut
457 446 535 519 (Ι)
566 460 672 501 non
712 445 958 502 solatium
1000 446 1081 503 sui
1107 453 1356 502 saturans
1386 443 1459 515 (a)
1490 457 1588 515 pro
1626 444 1767 500 facto
1786 442 1963 511 cedat,
1993 442 2047 503 Α
2071 442 2265 514 quibus
2289 440 2611 500 oll‘endimur
2630 440 2708 515 (ὃ)
2740 457 2845 498 ιιοη
2881 441 3059 501 odisse
3096 444 3471 516 permittimus.
3493 447 3667 506 Obse-

366 556 497 614 ergo
520 542 805 612 plectetpr.
838 540 1196 598 Vanissimum
1218 549 1301 598 est
1320 539 1521 606 dicere,
1550 539 1717 605 volui,
1750 553 1850 595 nec
1879 548 1962 594 ta-

364 647 494 690 men
521 632 640 690 feci.
692 633 895 706 Atquin
945 635 1201 705 perlicere
1246 633 1411 690 debes
1445 630 1569 704 quia
1591 631 1669 687 vis
1701 647 1714 686 :
1746 642 1839 687 aut
1864 645 1965 686 nec

366 712 529 792 velle,
572 727 696 798 quia
736 742 837 784 nec
874 728 1111 799 perﬁcis.
1150 727 1255 786 Sed
1312 728 1427 798 ipse
1474 726 1818 783 conscientiae
1861 733 1966 782 tute

366 820 708 879 confessione
730 823 1064 892 pronuntias.
1090 821 1222 877 Nam
1243 822 1286 878 si
1305 820 1964 892 bonum‘concupisceres,

366 912 626 986 perficere
660 915 953 985 gestisses;
981 929 1145 985 porro
1178 914 1317 970 sicut
1340 914 1540 969 malum
1581 927 1688 969 non
1730 911 1967 983 perticis,

368 1023 470 1064 nec
494 1008 878 1080 concupiscere
926 1008 1210 1065 debueras.
1248 1009 1467 1080 Quaqua
1491 1017 1543 1064 te
1572 1007 1652 1081 (‘2)
1678 1007 1969 1063 constitue-

368 1100 466 1168 ris,
492 1099 720 1158 crimine
746 1101 1078 1173 astringeris.
1103 1101 1226 1172 quia
1254 1112 1346 1157 aut
1374 1100 1571 1156 malum
1593 1099 1851 1169 volueris,
1879 1106 1971 1155 aut

368 1191 573 1250 bonum
598 1207 706 1250 non
732 1192 1130 1265 adimpleveris.

983 1328 1211 1387 CAPUT
1249 1328 1339 1385 IV.

372 1484 378 1490 -
442 1463 701 1521 Omnibus
725 1479 853 1536 ergo
898 1463 1107 1521 delictis
1137 1464 1213 1539 (b)
1236 1481 1328 1521 seu
1356 1479 1519 1521 carne
1548 1507 1563 1533 ,
1602 1478 1700 1521 seu
1748 1464 1970 1537 spiritu,

370 1574 466 1616 seu
513 1558 687 1628 facto,
715 1574 809 1617 seu
842 1559 1117 1615 voluntate
1145 1561 1468 1627 commissis,
1502 1559 1592 1631 qui
1623 1574 1833 1630 [mnam
1879 1574 1975 1630 per

367 1651 629 1723 judicium
662 1651 980 1720 deStinavit,
1029 1652 1170 1709 idem
1217 1663 1272 1709 et
1297 1653 1508 1710 veniam
1567 1652 1663 1724 per
1703 1652 1976 1723 poeniten-

372 1745 498 1799 tiam
538 1745 848 1817 spopondit,
864 1745 1053 1802 dicens
1080 1745 1146 1801 ad
1177 1746 1429 1816 populum
1458 1764 1472 1801 :
1504 1744 1757 1802 Paenitcre
1784 1744 1891 1818 (ὅ),
1925 1756 1971 1801 et

370 1839 566 1893 salvum
593 1837 779 1911 faciam
811 1846 860 1894 te
890 1836 1103 1912 (Ezeclt.
1136 1837 1323 1904 XVIII,
1345 1838 1442 1906 2|,
1471 1836 1602 1909 25).
1636 1838 1704 1894 Et
1746 1837 1961 1906 iterum,
1995 1820 2044 1880 Β

382 1928 526 1996 Vivo,
554 1929 724 2002 inquit
746 1931 1024 1999 Dominus,
1044 1941 1092 1987 et
1112 1932 1457 2004 paenitentiam
1482 1931 1619 1987 malo
1644 1948 1799 2003 quam
1825 1949 1963 1986 mor.

371 2032 489 2079 tem.
530 2023 671 2096 Ergo
718 2023 1035 2096 pcenitentia
1069 2026 1177 2080 vita
1213 2034 1295 2081 est
1352 2023 1448 2098 (ε),
1477 2039 1599 2080 cum
1639 2023 1968 2096 praeponitur

372 2114 553 2170 morti.
604 2114 737 2171 Eam
787 2125 843 2171 tu
892 2126 1164 2187 peccator,
1215 2116 1322 2174 mei
1365 2116 1558 2173 similis
1603 2116 1733 2189 (imo
1759 2130 1846 2173 me
1870 2116 1971 2172 mi-

372 2220 472 2261 nor
521 2205 623 2280 (d),
678 2204 778 2280 ego
822 2209 967 2265 enim
1012 2210 1484 2280 praestantiam-in
1525 2208 1734 2266 delictis
1795 2224 1972 2265 meam

371 2300 654 2373 agnosco),
682 2300 753 2356 ita
783 2302 994 2373 invade,
1014 2303 1084 2359 ita
1114 2303 1445 2375 amplexare,
1475 2313 1533 2360 ut
1552 2302 1842 2375 naufragus
1874 2303 1975 2359 ali-

372 2395 525 2465 cujus
561 2395 756 2452 tabulae
783 2395 942 2453 ﬁdem
973 2397 1068 2471 (e).
1100 2398 1228 2455 Haec
1266 2409 1318 2456 te
1356 2410 1696 2471 peccatorum
1723 2399 1978 2457 fluctibus

370 2503 633 2556 mersum,
680 2490 975 2562 prolevabit
1023 2492 1097 2565 (f)
1128 2491 1207 2567 (4)
1239 2503 1295 2550 et
1319 2494 1373 2549 in
1405 2503 1617 2565 portum
1643 2493 1837 2551 divina:
1865 2495 1976 2551 cie-

372 2585 590 2639 mentizn
622 2584 921 2654 protelabit.
952 2585 1103 2658 Rape
1128 2587 1465 2644 occasionem
1489 2589 1776 2660 inopinatae
1807 2589 1978 2663 felici-

375 2679 520 2744 tatis,
551 2688 610 2734 ut
631 2679 722 2736 ille
750 2691 804 2736 tn
835 2680 968 2736 nihil
1007 2682 1275 2753 quondam
1304 2699 1472 2755 penes
1503 2686 1692 2756 Deum,
1742 2687 1843 2744 nisi
1875 2685 1979 2760 (Is.

374 2769 832 2840 XL,15;LXIV,
860 2774 928 2841 8;
958 2773 1098 2831 Dan.
1131 2775 1211 2843 II;
1258 2773 1355 2833 Ps.
1387 2777 1430 2844 I,
1464 2780 1531 2845 ὃς
1560 2778 1671 2835 Jer.
1699 2779 1845 2848 XIX,
1877 2782 1979 2849 II;

374 2864 567 2921 Matth.
602 2863 671 2920 III
699 2865 719 2937 )
748 2866 888 2922 stilla
932 2868 1118 2938 sitular,
1147 2879 1194 2925 et
1239 2885 1374 2926 area:
1422 2873 1591 2942 pulvis
1628 2874 1984 2933 etwasculum

376 2960 542 3033 ﬁguli,
566 2960 726 3015 arbor
753 2960 947 3017 exinde
976 2961 1072 3020 fias
1094 2963 1204 3031 illa,
1238 2979 1357 3035 qua:
1385 2978 1548 3035 penes
1586 2982 1745 3037 aquas
1774 2966 1980 3034 seritur,

377 3061 425 3107 ct
446 3051 498 3105 in
527 3050 666 3122 foliis
695 3063 961 3122 perennat,
1008 3061 1056 3108 et
1104 3061 1330 3126 tempore
1348 3073 1443 3112 sua
1470 3060 1667 3126 fructus
1705 3057 1831 3130 agit,
1861 3073 1982 3130 qua:

380 3159 486 3199 non
514 3144 702 3216 ignem,
731 3159 837 3199 non
882 3146 1099 3200 securim
1127 3147 1345 3204 videbit.
1397 3149 1660 3205 Pmniteat
1709 3166 1978 3219 errorum,

382 3249 597 3309 reperta
647 3237 913 3304 veritate;
955 3239 1213 3309 poeniteat
1245 3254 1459 3297 amasse
1509 3258 1629 3312 qua:
1686 3242 1826 3299 Deus
1870 3258 1978 3298 non

383 3337 548 3399 amat,
577 3328 790 3402 quando
814 3343 882 3387 ne
902 3344 1001 3387 nos
1025 3329 1239 3402 quidem
1269 3332 1371 3404 ipsi
1399 3333 1626 3391 servulis
1664 3334 1862 3390 nostris
1913 3348 1978 3389 ca

2068 537 2178 605 quii
2196 534 2337 590 enim
2356 534 2492 591 ratio
2509 535 2562 590 in
2580 534 2926 592 similitudine
2937 536 3234 592 animorum
3257 540 3545 597 constituta
3562 551 3667 599 est.

2070 625 2148 682 De
2178 626 2321 683 bono
2358 627 2687 699 paenitentiae
2715 627 3083 686 enumerando
3106 670 3125 696 ,
3154 627 3343 686 diffusa
3370 639 3426 687 et
3456 646 3550 703 per
3583 632 3666 706 (6)

2072 716 2176 774 hoc
2216 732 2409 790 magno
2453 719 2670 791 eloquio
2719 720 3103 778 committenda
3154 723 3379 780 materia
3431 733 3537 782 est.
3563 725 3673 783 Nos

2071 824 2200 866 vero
2224 824 2325 882 pro
2352 811 2550 866 nostris
2588 812 2848 883 angustiis
2876 828 3037 869 unum
3069 813 3435 872 inculcamus:
3465 816 3667 874 bonum

2071 913 2232 975 atque
2259 904 2520 975 optimum
2546 920 2686 972 esse,
2715 906 2859 978 quod
2884 906 3029 964 Deus
3054 910 3308 980 praecepit
3335 908 3439 985 (7).
3486 908 3671 967 Auda-

2072 996 2211 1051 ciam
2253 997 2523 1064 existimo,
2565 997 2634 1054 de
2675 997 2815 1054 bono
2869 997 3034 1055 divini
3077 996 3328 1071 praecepti
3374 1000 3670 1072 disputare.

2071 1088 2258 1160 Neque
2276 1089 2420 1145 enim
2442 1090 2562 1162 quia
2592 1091 2787 1146 bonum
2816 1100 2918 1160 est,
2942 1091 3142 1148 idcirco
3169 1093 3473 1151 auscultare
3507 1093 3673 1151 debe-

2076 1196 2228 1248 mus;
2284 1180 2378 1238 sed
2418 1182 2542 1252 quia
2584 1181 2724 1238 Deus
2754 1180 2837 1255 (8)
2874 1183 3148 1254 praecepit.
3174 1183 3257 1240 Ad
3286 1183 3671 1243 exbibitionem

2076 1273 2342 1346 obsequii,
2392 1273 2539 1345 prior
2568 1283 2651 1330 est
2680 1274 2933 1346 majestas
2960 1275 3156 1332 divina:
3174 1278 3495 1348 potestatis:
3527 1278 3675 1350 prior

2078 1375 2165 1425 est
2221 1367 2509 1424 auctoritas
2536 1367 2885 1439 imperantis,
2913 1376 3074 1439 quam
3116 1367 3317 1426 utilitas
3364 1369 3672 1428 servientis.

2078 1460 2285 1517 Bonum
2335 1468 2420 1516 est
2464 1460 2745 1529 poenitere,
2778 1460 2993 1516 annon?
3035 1459 3174 1529 Quid
3220 1460 3496 1518 revolvis?
3533 1462 3678 1518 Deus

2081 1554 2343 1628 praecipit.
2375 1555 2445 1612 At
2469 1555 2613 1612 enim
2644 1553 2727 1628 (9)
2772 1554 2866 1611 ille
2891 1563 2998 1612 nan
3039 1555 3283 1625 praecipit
3310 1563 3553 1622 tantum;
3580 1555 3678 1612 sed

2079 1650 2241 1707 etiam
2265 1649 2527 1704 hortatur.
2559 1647 2751 1703 Invitat
2779 1646 2995 1721 (Ezech.
3022 1646 3279 1713 XXXIII,
3313 1648 3378 1703 11
3411 1644 3680 1719 )praemio

2079 1742 2306 1798 salutem
2336 1739 2479 1814 (l0),
2512 1739 2722 1812 jurans,
2755 1738 2917 1796 etiam
2946 1740 3056 1795 vivo
3096 1738 3301 1805 dicens,
3327 1739 3475 1810 cupit
3526 1737 3677 1795 credi

2072 1833 2199 1890 sibi.
2228 1832 2274 1889 0
2330 1832 2515 1888 beatos
2552 1845 2652 1887 nos
2683 1828 2801 1903 (11)
2829 1845 3055 1902 quorum
3104 1844 3295 1887 caussa
3327 1830 3468 1887 Deus
3489 1829 3674 1901 jurat!

2068 1923 2114 1980 Ο
2164 1925 2523 1991 miserrimos,
2543 1942 2549 1951 π
2578 1924 2624 1978 si
2685 1937 2785 1979 nec
2822 1922 3027 1995 juranti
3092 1922 3322 1978 Domino
3372 1923 3674 1979 credimus!

2070 2018 2224 2089 Quod
2255 2019 2417 2090 igitur
2449 2018 2594 2074 Deus
2619 2026 2899 2087 tantopere
2937 2015 3311 2085 commendat,
3342 2016 3485 2088 quod
3514 2018 3675 2073 etiam

2071 2113 2308 2169 humano
2333 2124 2487 2169 more
2512 2110 2614 2167 sub
2652 2109 2988 2181 dejeratione
3041 2118 3287 2177 testatur,
3330 2123 3540 2166 summa
3569 2111 3676 2167 uti-

2076 2220 2181 2275 que
2202 2204 2468 2276 gravitate
2496 2212 2553 2260 et
2589 2201 2807 2274 aggredi
2834 2211 2891 2258 et
2925 2200 3196 2258 custodire
3223 2199 3503 2269 debemus,
3537 2208 3598 2257 ut
3619 2201 3675 2258 in

2078 2299 2478 2357 asseveratione
2526 2298 2726 2354 divina:
2753 2296 2943 2368 gratias
2972 2304 3373 2369 permanentes,
3404 2294 3458 2351 in
3505 2294 3679 2352 fructu

2079 2408 2294 2465 quoque
2316 2392 2436 2464 ejus
2455 2399 2508 2448 et
2535 2390 2900 2447 emolumento
2927 2387 3155 2460 proinde
3182 2401 3529 2460 perseverare
3559 2401 3684 2459 pos-

2080 2486 2269 2553 simus.

2700 2578 2929 2636 CAPUT
2969 2578 3035 2634 γ.

2133 2658 2269 2737 Ἰῐοο
2294 2679 2436 2736 enim
2468 2677 2609 2743 dico,
2641 2676 3008 2748 paenitentiam
3036 2690 3157 2747 qua:
3184 2690 3279 2745 per
3318 2674 3413 2731 Dei
3452 2672 3677 2747 gratiam

2085 2781 2302 2831 ostensa
2338 2783 2395 2829 et
2442 2771 2642 2829 indicta
2689 2770 2865 2838 nobis,
2926 2771 2980 2825 in
3027 2767 3256 2839 gratiam
3299 2783 3400 2824 nos
3455 2767 3684 2824 Domino

2085 2874 2324 2933 revocat,
2377 2864 2546 2920 semel
2567 2862 2837 2934 cognitam
2869 2870 3029 2931 atque
3075 2866 3380 2931 susceptam
3408 2875 3684 2932 nunquam

2087 2969 2210 3031 post
2259 2957 2674 3015 hocitcratione
2724 2954 2907 3011 delicti
2954 2953 3216 3026 resignari
3261 2952 3376 3025 (12)
3408 2962 3680 3025 oportere.

2087 3052 2204 3110 Jam
2224 3050 2440 3124 quidem
2491 3049 2693 3106 nullum
2746 3048 3062 3118 ignorantiae
3096 3055 3413 3119 prmtextum
3462 3046 3542 3119 (g)
3591 3048 3684 3103 tibi

2085 3133 2472 3218 patrocinatur,
2502 3142 2644 3213 quod
2676 3138 2903 3197 Domino
2928 3140 3108 3213 agnito
3152 3140 3538 3212 prteceptisqne
3568 3141 3688 3211 ejus

2088 3240 2360 3305 admissis,
2406 3237 2647 3308 (denique
2694 3235 3004 3307 pmnitentia
3076 3233 3397 3290 delictorum
3447 3233 3687 3302 functus,

2079 3347 2268 3390 rursus
2307 3341 2360 3388 te
2380 3332 2433 3387 in
2462 3330 2656 3387 delicta
2681 3328 2918 3385 restituis
2947 3328 3066 3400 (15)
3097 3325 3201 3400 (li).
3240 3326 3315 3383 Ita
3345 3327 3398 3386 in
3429 3337 3687 3401 quantum

1620 3425 2001 3487 LECTIONES
2042 3424 2467 3502 vamames.’

448 3516 526 3639 iii
546 3516 877 3632 ῗοῗιῖέιεῖξῖίέ
900 3518 1269 3632 fi?"

474 3579 526 3632 Ξ)
559 3579 877 3632 Comet-teris
900 3580 1052 3631 Latin.
1079 3579 1201 3632 Jun.

384 3648 401 3695 ε
452 3642 529 3763 ἵόζ
550 3642 806 3716 Pasniteat
819 3648 872 3693 te
900 3652 1081 3695 Wouw.
1107 3646 1178 3695 Μ.
1205 3645 1262 3696 S.

477 3708 506 3755 4
552 3704 833 3755 Perlavabtt
856 3706 1071 3763 Franeq.

477 3704 528 3773 fi)
552 3704 833 3773 Berlavabit
856 3706 1071 3773 Franeq.

475 3766 527 3820 5i
552 3767 706 3818 Nosse
736 3766 881 3819 Rhea.
904 3766 1048 3820 male:

475 3770 506 3817 5
552 3767 706 3818 Nosse
736 3767 791 3817 Idl

476 3831 506 3879 6
553 3830 651 3880 Pro
671 3832 791 3882 Jun.

452 3767 530 3960 iri
554 3892 786 3960 Praecipit

478 3892 530 3960 7)
554 3892 786 3960 Praecipit
807 3894 961 3945 Fran.
989 3892 1157 3947 Paris.
1182 3892 1293 3962 Rig.

395 4071 512 4127 ergo
533 4056 795 4126 plectetur.
844 4052 935 4110 Sic
957 4063 1134 4111 autem
1179 4056 1501 4125 interpretor
1532 4072 1544 4110 :
1577 4052 1678 4127 Qui
1707 4054 1983 4111 fmminam

395 4126 503 4183 non
521 4141 672 4198 suam
704 4135 922 4197 aspectu
952 4127 1402 4198 concupiscentiae
1424 4126 1775 4198 contaminat,
1799 4126 1986 4197 imagi-

397 4199 547 4255 naria
569 4197 851 4267 voluptatis
874 4200 1156 4269 prmsentia
1182 4200 1362 4253 animo
1375 4197 1516 4265 quod
1535 4198 1859 4266 concupivit,
1875 4197 1987 4267 jam

395 4270 699 4328 nuecbatus
713 4278 796 4325 est
822 4270 872 4325 in
888 4269 1051 4326 corde
1079 4286 1199 4326 suo.
1234 4270 1363 4326 .lure
1392 4270 1552 4339 igitur
1566 4269 1990 4340 voluntascnjus

399 4351 544 4397 tanta
575 4341 656 4397 vis
694 4350 802 4400 est.
832 4352 889 4395 ut
922 4356 1015 4410 per
1036 4343 1204 4410 ipsam
1232 4342 1441 4397 animus
1480 4341 1792 4411 imaginario
1814 4339 1989 4396 fruetu

402 4412 719 4484 delectetur,
737 4427 835 4481 pro
860 4412 998 4468 facto
1012 4413 1171 4479 cedit,
1191 4423 1245 4467 et
1263 4428 1362 4484 pro
1377 4413 1514 4467 facto
1532 4412 1800 4484 plectitur.
1830 4412 1949 4469 Bte.

2172 3578 2225 3643 9)
2248 3581 2313 3643 At
2331 3578 2417 3630 ille‘
2438 3578 2547 3643 Rig.

2179 3634 2257 3710 ib)
2280 3638 2460 3710 Salutis
2606 3638 2900 3710 _Ciacconitts
2921 3654 2939 3704 ;
2962 3641 3120 3694 salute
3138 3640 3249 3710 Rig.

2178 3702 2259 3758 II)
2281 3706 2382 3757 Nos
2403 3705 2573 3758 omittit
2594 3702 2743 3757 Seml.

2182 3769 2260 3832 t2)
2282 3769 2557 3832 Resignare
2589 3773 2753 3832 Kenet.
2856 3806 2881 3815 ί

2172 3517 2397 3696 εἴ)τωί
2403 3519 2472 3583 pit
2484 3513 2672 3589 ,Εἱραιι

2172 3583 2204 3633 9
2248 3581 2415 3643 Atille
2438 3584 2547 3643 th.

2179 3647 2200 3696 1
2240 3644 2257 3696 I
2280 3642 2460 3695 Salutis
2481 3634 2592 3695 Pet.
2618 3640 2672 3693 Ci

2172 3521 2202 3569 8
2240 3517 2672 3589 Praeeipitﬂigalt.

2172 3583 2204 3633 9
2248 3581 2415 3643 Atille
2438 3584 2547 3643 th.

2179 3647 2200 3696 1
2280 3642 2460 3695 Salutis
2481 3634 2592 3695 Pet.
2618 3638 2900 3694 Ciacconius
2921 3654 2939 3704 ;
2962 3641 3120 3694 salute
3138 3640 3249 3710 Rig.

2178 3709 2229 3758 11
2281 3706 2382 3757 Nos
2403 3705 2573 3758 omittit
2594 3702 2743 3757 Seml.
3523 3739 3532 3748 .

2182 3770 2239 3820 I2
2282 3769 2557 3832 Resignare
2589 3773 2753 3819 Venet.
2856 3806 2881 3815 ί

2180 3833 2238 3884 15
2284 3832 2417 3884 Ita...
2439 3832 2580 3897 Leon.
2604 3829 2861 3883 Restitues
2884 3830 3033 3882 Semt.
3058 3830 3213 3882 Fran.
3226 3827 3392 3884 Paris.
3421 3827 3532 3897 Rig.

1756 3952 2315 4019 COMMENTARIUS.

2090 4056 2301 4119 bantur,
2330 4065 2387 4110 nt
2407 4057 2609 4110 Auctor
2636 4053 2700 4110 de
2725 4051 2936 4117 Pudic.,
2959 4052 3023 4107 D.
3046 4050 3233 4125 Cypr.,
3252 4050 3598 4125 atttqnisqnis
3626 4052 3695 4107 Ii-

2090 4127 2288 4183 bellum
2334 4126 2397 4182 de
2431 4125 2632 4182 Pedum
2681 4125 2950 4180 Ablutione
3001 4123 3156 4180 nobis
3182 4123 3349 4186 dedit,
3385 4123 3609 4179 Hermes
3637 4133 3695 4180 et

2066 4198 2331 4275 Justinus
2373 4197 2645 4253 aftirmant
2674 4197 3068 4275 :_quamobrem
3112 4196 3187 4251 ait
3239 4194 3688 4252 catechumcnum

2093 4270 2271 4326 minus
2298 4286 2355 4324 se
2382 4283 2655 4338 peccasse.
2680 4269 2909 4323 Aaaasp.

2170 4339 2252 4415 (e)
2295 4336 2524 4410 Alicujus
2553 4340 2758 4415 tabulaz.
2789 4337 3015 4415 Quando
3036 4336 3187 4415 aiunt
3215 4337 3404 4415 Patres
3424 4337 3690 4415 pmniteno

2098 4408 2370 4469 tiain'esse
2389 4408 2679 4466 secundam
2709 4419 2829 4480 post
2850 4408 3182 4481 naufragium
3222 4408 3483 4481 tabulam,
3514 4408 3582 4481 de
3607 4424 3696 4465 se-

503 4483 554 4555 a)
598 4479 863 4555 Salutium
898 4484 977 4536 sui
1004 4479 1516 4555 saturnus.'Anitnus
1534 4479 1641 4552 per
1662 4483 1992 4539 voluntatem
2022 4495 2077 4555 Ῑ)
2103 4483 2277 4540 cunda
2304 4491 2359 4538 et
2389 4489 2510 4555 post
2538 4479 2860 4551 baptismum
2891 4479 3202 4555 paenitentia
3221 4479 3273 4535 id
3295 4479 3690 4555 accipiendum,

503 4502 527 4536 τι

478 4483 554 4610 (εἰ)
598 4484 858 4539 Salutium
898 4484 977 4536 sui
1004 4483 1516 4539 saturans.iAnimus
1548 4499 1641 4552 per
1662 4483 1992 4539 voluntatem

403 4570 506 4626 apn
575 4555 813 4623 seipsum
844 4553 967 4609 fecit
993 4563 1048 4609 et
1073 4554 1297 4624 adeptos
1318 4564 1401 4610 est
1422 4555 1578 4626 quod
1606 4554 1790 4626 libuit;
1817 4556 2001 4626 itaque

407 4625 510 4682 inec
553 4625 664 4696 jam
697 4626 889 4680 fruitur
915 4634 969 4679 et
1020 4633 1289 4698 saturatur
1323 4625 1542 4681 solatio.
1570 4625 1705 4681 Nam
1750 4625 1892 4698 quod
1910 4642 2001 4682 su—

406 4706 596 4770 perest
616 4711 728 4770 non
746 4698 1037 4770 estanimi,
1064 4696 1160 4770 sed
1187 4698 1448 4770 corporis.
1480 4697 1594 4770 th.

478 4766 631 4840 CAP.
658 4767 913 4840 IV.-+-(lt)
939 4767 1185 4840 Omnibus
1216 4784 1336 4839 ergo
1362 4767 1579 4823 delictis.
1606 4769 1683 4825 De
1697 4769 1869 4839 prima
1897 4784 2004 4840 pte-

408 4839 635 4897 nitentia
667 4839 920 4910 loquitur,
948 4839 1091 4910 quod
1114 4855 1217 4895 non
1248 4841 1682 4896 animadvertens
1710 4841 2003 4907 Parnelius,

411 4913 594 4984 nescio
613 4911 743 4984 quid
774 4911 969 4976 turbat,
988 4920 1078 4966 aut
1102 4911 1448 4984 currprimam
1469 4913 1852 4984 cumusecnnda
1875 4928 2007 4968 con-

411 4983 581 5039 fundit
602 4981 765 5047 {nam
796 4998 1016 5054 necesse
1036 4993 1120 5040 est
1145 4982 1274 5039 mibi
1292 4981 1415 5054 det._
1434 4981 1537 5039 boc
1556 4982 1686 5038 nihil
1717 4998 1815 5054 pro
1836 4985 2005 5053 parti-

412 5055 580 5138 culari
604 5056 915 5138 ptenitentia
944 5053 1141 5138 facere,
1171 5063 1333 5138 atque
1352 5052 1488 5110 adeo
1516 5069 1616 5126 pro
1641 5052 2003 5138 confessione,

414 5134 472 5181 et
490 5126 808 5183 remissione
829 5129 1066 5182 omnium
1099 5134 1462 5197 peccatorum,
1491 5142 1613 5182 cum
1644 5126 1711 5183 de
1740 5127 1907 5198 prima
1939 5127 2011 5182 sit

414 5198 639 5266 mentio,
685 5200 808 5268 quia
863 5212 1022 5253 nemo
1064 5199 1279 5268 inquam
1323 5198 1539 5269 negavit
1577 5198 1756 5255 omnia
1785 5199 2007 5256 omnino

418 5277 644 5342 peccata
661 5269 849 5325 deleri.
883 5270 1111 5342 ALBASP.

490 5340 738 5414 (c)AErgo
768 5341 1075 5414 manentia:
1117 5342 1218 5396 vita
1260 5348 1356 5396 'est.
1408 5339 1501 5395 Ait
1545 5338 1839 5408 Dominus,
1889 5338 2010 5414 Pa:-

418 5412 683 5467 niténtiatn
759 5412 894 5483 man
927 5480 939 5483 A
962 5429 1115 5482 quant
1173 5423 1429 5483 mortem;
1483 5426 1763 5483 opponens
1835 5412 2011 5482 paeni-

422 5483 659 5555 tentiam
698 5481 881 5555 morti.
911 5480 1050 5550 Quid
1088 5494 1267 5540 autem
1314 5482 1497 5540 verius
1524 5480 1822 5555 opponitur
1838 5480 2010 5539 ‘morti

423 5568 584 5625 quam
612 5553 764 5610 vita?
787 5553 932 5626 Ergo
956 5555 1200 5626 opposita
1228 5554 1391 5613 morti
1410 5553 1747 5680 ptenit'e‘ntila,
1775 5554 1882 5609 vita
1906 5562 2012 5611 est.

1728 5641 1800 5680 to.

1728 5641 1800 5682 IGo

442 5720 443 5723 η
497 5693 583 5769 (d)
611 5693 728 5751 Ima
768 5713 848 5753 me
875 5698 1063 5753 minor.
1094 5695 1356 5769 Quidquid
1397 5705 1522 5754 ante
1564 5697 1834 5753 lavacrum
1860 5709 2014 5753 com-

426 5777 739 5824 meruerant
760 5769 1129 5827 eatecbumeni
1159 5780 1251 5824 aut
1290 5769 1546 5832 fecerant.
1579 5769 1631 5824 id
1669 5783 1830 5825 onme
1867 5771 2019 5825 natu-

430 5854 507 5897 τω
534 5839 704 5914 magis
728 5839 928 5915 impetu
979 5856 1142 5916 quam
1188 5839 1463 5900 voluntate
1515 5840 1706 5900 fecisse
1735 5840 2017 5900 existima-

2108 4571 2216 4611 non
2241 4554 2309 4610 de
2339 4553 2531 4624 prima.
2560 4550 2680 4622 quas
2705 4550 2946 4624 nouerat
2986 4550 3242 4615 secunda,
3288 4551 3399 4624 sed,
3415 4552 3583 4624 prima
3612 4560 3694 4624 ta!-

2109 4627 2262 4683 bula.
2290 4621 2731 4694 Ate.-—Aticujus
2752 4623 2959 4679 tabulas.
2988 4624 3202 4694 Optime
3223 4623 3431 4694 monuit
3456 4621 3699 4694 Albaspi-

2110 4712 2242 4753 nens
2267 4695 2558 4775 secundam
2593 4691 2826 4775 tabulam
2865 4695 2974 4751 dici
3021 4691 3226 4775 tantum
3281 4691 3349 4775 de
3377 4692 3695 4775 poenitentia

2108 4769 2343 4826 secunda
2367 4784 2465 4825 seu
2501 4775 2620 4836 post
2644 4767 2968 4835 baptismum
3006 4774 3275 4835 suscepta.
3302 4763 3478 4836 Prima
3499 4764 3700 4835 quippe

2115 4840 2426 4912 poenitentia
2479 4835 2583 4910 qua
2635 4836 2822 4912 ﬁdeles
2869 4836 3198 4912 accedebant
3251 4835 3694 4912 ad___bapt_ismnm

2108 4906 2511 4983 suscipiendum
2561 4910 2711 4983 navis
2758 4907 3054 4983 dicebatur,
3100 4922 3203 4977 qua
3254 4906 3462 4983 scilicet
3488 4906 3652 4983 fracta
3682 4948 3697 4971 ,

2107 4976 2340 5041 secunda
2366 4982 2679 5055 poenitentia
2706 4994 2803 5035 ceu
2833 4977 3008 5033 tabula
3040 4978 3091 5034 in
3139 4976 3422 5104 naufrﬂgig
3441 4978 3702 5065 restabat.

3329 5066 3361 5104 ε
3427 5067 3480 5104 n.

3329 5066 3361 5105 Ε
3386 5066 3480 5105 ΙΊὶο

2184 5124 2604 5202 (f)_Protevabit.
2635 5122 2725 5181 Sic
2779 5119 2975 5193 legitur
3016 5121 3069 5176 in
3098 5120 3332 5193 antiquis
3370 5121 3693 5194 exemplari-

2110 5198 2241 5256 bus.
2264 5200 2381 5256 th.
2416 5226 2455 5247 κ

2184 5269 2335 5344 CAP.
2361 5268 2501 5344 V._-
2516 5266 2597 5344 (g)
2635 5265 2951 5344 Ignorantite
2978 5272 3300 5344 prmtextum.
3327 5263 3563 5344 _Gentiles
3590 5264 3709 5344 sive

2114 5342 2394 5398 audientes
2423 5334 2899 5397 bae‘iina'ratione
2917 5334 3149 5408 peccatis
3164 5336 3290 5392 'suis
3326 5336 3529 5407 ignosci
3552 5336 3706 5392 vole-

2116 5412 2267 5479 bant,
2286 5413 2426 5483 quod
2449 5410 2576 5483 quid
2595 5410 2857 5483 Optimum
2878 5406 3027 5483 esset
3045 5406 3190 5483 factu
3210 5406 3542 5483 ignorassent
3565 5424 3707 5483 :_qua

2116 5478 2554 5540 excusatione'iis
2582 5478 2688 5538 non
2735 5481 2920 5539 liceret
2957 5481 3030 5536 uti
3078 5481 3170 5549 qui
3203 5478 3708 5549 Christimandatis

2118 5554 2307 5610 imbuti
2327 5562 2530 5621 essent,
2561 5552 2700 5610 unde
2723 5551 2886 5609 etiam
2924 5548 3192 5607 constabit
3218 5560 3384 5608 totum
3416 5548 3520 5605 hoc
3547 5557 3711 5622 caput
3762 5596 3769 5599 ν

2118 5625 2185 5680 ad
2200 5623 2483 5706 laudi-_cntes
2501 5632 2556 5706 et
2583 5624 2994 5706 catechumenos
3024 5623 3323 5706 pertinere._
3335 5622 3561 5706 nuisse.

2192 5693 2277 5767 (b)
2306 5695 2506 5752 Rursus
2530 5705 2577 5752 te
2629 5698 2680 5751 in
2708 5696 2891 5751 delicta
2920 5691 3162 5767 restituis.
3211 5693 3569 5767 Stultissimus
3615 5691 3707 5760 qui

2121 5763 2365 5840 pugnans
2383 5767 2639 5840 adversus
2670 5765 3212 5840 propriacommoda,
3238 5765 3360 5824 etin
3377 5763 3704 5822 deteriorem

2122 5837 2317 5900 Statum
2352 5839 2558 5898 restitui
2581 5837 2835 5910 postulas.
2867 5837 2989 5896 BIG.
