4068 6352
479 279 622 364 tass
1890 269 2361 332 TERTULLlANl
3621 279 3738 340 less

481 392 781 464 ignorantia
811 391 1127 464 segregaris,
1160 390 1212 445 in
1245 397 1452 448 tantum
1476 386 1828 444 contumacia:
1850 387 2076 458 aggluti-
2104 389 2152 449 Α
2185 404 2278 459 [ει-
2305 387 2463 443 aliam
2493 386 2821 460 pauitentia:
2852 387 3216 459 paenitentiam
3245 388 3322 460 (5i
3346 389 3418 463 (ὁ)
3454 392 3736 456 satisfaciet;

480 489 646 544 naris.
687 485 819 544 Nam
849 487 896 542 si
929 485 1128 541 idcirco
1179 492 1232 540 te
1258 482 1551 554 deliquisse
1583 480 1924 552 pmnituerat,
1954 480 2076 549 quia
2181 481 2391 553 eritque
2439 492 2585 538 tanto
2649 482 2817 554 magis
2871 497 3098 552 perosus
3151 483 3258 539 Deo
3285 525 3301 552 ,
3340 496 3531 556 quanto
3570 492 3738 552 temqu

477 580 762 638 luxninuin
798 593 1042 650 cmperas
1071 577 1281 644 timere,
1331 590 1426 634 cur
1483 574 1628 645 quod
1680 584 1858 630 metus
1907 573 2075 645 gratia
2180 577 2299 648 ejus
2325 585 2598 648 acceptus.
2631 576 2738 634 Sed
2783 579 2933 633 aiunt
2959 577 3174 649 quidam
3201 576 3278 650 (c)
3318 579 3447 634 satis
3477 579 3627 638 Dem"
3664 583 3741 640 ιιι.

476 675 691 749 gessisti
717 673 1026 734 rescindere
1054 672 1313 740 maluisti,
1349 671 1452 728 nisi
1495 670 1622 743 quia
1658 680 1898 726 metuere
1933 668 2078 726 desi-
2181 669 2311 725 bere
2337 712 2352 737 ,
2382 670 2427 725 si
2453 669 2617 727 corde
2647 679 2702 726 et
2725 670 2906 726 animo
2931 671 3277 742 suspiciatur,
3313 672 3437 728 licet
3460 683 3572 729 actu
3594 677 3741 736 minus

475 769 586 824 sti?
615 767 798 839 Neque
823 767 972 824 enim
999 767 1247 824 timorem
1274 766 1378 822 alia
1408 780 1516 831 res,
1545 779 1706 835 quam
1738 762 2076 820 contumacia
2179 761 2293 818 fiat.
2325 762 2507 834 Itaque
2533 778 2592 818 se
2625 762 2775 819 salvo
2803 772 2950 820 metu
2995 774 3050 820 et
3098 764 3205 821 fide
3247 780 3470 837 peccare
3500 785 3511 821 :
3540 767 3632 825 hoc
3655 781 3741 842 est,

478 863 762 924 subvertit.
785 861 927 922 Cum
955 863 1116 920 etiam
1147 861 1461 932 ignorantes
1513 859 1798 915 Dominum
1830 858 1908 929 (α)
1935 857 2079 914 nulla
2185 855 2330 910 salva
2356 855 2606 912 castitate
2645 856 2989 912 matrimonia
3023 857 3245 926 violare,
3275 859 3420 915 salva
3462 861 3640 932 pietate
3665 881 3742 934 pa-

479 959 726 1030 exceptio
801 964 1015 1017 tueatur
1067 954 1150 1027 (Ι)
1198 955 1266 1010 ad
1323 969 1580 1025 poenam;
1627 953 1748 1024 quia
1798 952 1964 1008 Deum
2024 951 2079 1008 in
2187 948 2327 1004 renti
2377 963 2642 1005 venenum
2690 959 3010 1021 temperare.
3068 948 3160 1008 Sic
3207 965 3338 1023 ergo
3387 961 3443 1008 et
3483 952 3578 1025 ipsi
3620 956 3742 1015 salva

481 1061 669 1122 aperto
716 1050 1091 1116 constitutum,
1137 1057 1193 1105 et
1237 1048 1322 1104 vel
1375 1063 1439 1104 ex
1472 1047 1603 1118 ipsis
1645 1046 1958 1104 coelestibus
1985 1045 2082 1102 bo-
2187 1043 2340 1098 venia
2387 1043 2441 1098 in
2485 1045 2788 1114 gehennam
2835 1043 3229 1113 detrudentur,
3261 1045 3389 1103 dum
3444 1048 3584 1104 salvo
3621 1061 3740 1110 metu

475 1147 562 1202 nis
590 1143 1155 1216 comprehensibilem,
1186 1143 1418 1214 ignorari
1441 1156 1548 1197 non
1577 1141 1739 1197 licet:
1771 1151 1969 1210 quanto
1999 1139 2078 1211 (2)
2186 1145 2431 1205 peccant.
2489 1134 2726 1191 Primum
2778 1137 3085 1208 exemplum
3129 1138 3511 1208 perversitatis,
3551 1142 3657 1212 quia
3691 1145 3742 1200 ti-

475 1241 750 1313 cognitum
797 1239 998 1309 despici
1045 1239 1404 1309 periculosum
1445 1238 1562 1292 est!
1607 1234 1845 1306 Despicit
1894 1250 2076 1306 porro,
2188 1239 2356 1297 ment,
2402 1227 2760 1300 delinquunt:
2801 1229 2993 1302 opinor
3037 1245 3144 1286 non
3167 1230 3558 1302 delinquerent,
3591 1235 3741 1293 sinon

480 1335 572 1404 qui
604 1335 867 1390 bonorum
896 1347 957 1388 ac
984 1333 1246 1388 malorum
1277 1331 1606 1386 intellectum
1653 1329 1720 1384 ab
1750 1328 1843 1383 illo
1887 1343 2074 1384 conse-
2188 1324 2459 1379 timerent.
2491 1323 2676 1393 Igitur,
2713 1323 2803 1395 qui
2853 1323 3021 1379 Deum
3058 1325 3194 1379 nolit
3243 1325 3524 1393 oﬂ'ensum,
3564 1341 3651 1385 nec
3669 1345 3740 1385 rc-

477 1436 654 1494 cutus,
683 1425 825 1496 quod
852 1425 1100 1495 intelligit
1124 1424 1452 1495 fugiendum,
1507 1421 1757 1493 quodque
1777 1423 1890 1492 jam
1917 1422 2068 1492 fugit,
2183 1427 2435 1473 vereatur
2475 1417 2718 1483 omnino,
2774 1417 2821 1473 si
2870 1418 3032 1473 timor
3071 1417 3381 1474 oﬂendendi
3427 1421 3738 1490 patrocinium

475 1534 780 1584 resumens,
813 1518 1107 1575 intellectui
1134 1533 1251 1582 suo,
1283 1516 1335 1572 id
1366 1526 1450 1572 est
1473 1559 1488 1583 ,
1520 1516 1613 1571 Dei
1655 1515 1818 1581 dono,
1875 1526 2070 1570 contu-
2177 1520 2279 1566 est.
2307 1509 2412 1566 Sed
2443 1510 2540 1566 ista
2570 1510 2784 1581 ingenia
2812 1509 2880 1566 de
2904 1511 3113 1566 semine
3143 1510 3544 1583 liypdcritarum
3591 1515 3739 1584 pullu-

474 1614 690 1669 meliam
745 1612 902 1668 facit:
939 1611 1144 1681 respuit
1174 1611 1416 1666 datorem
1467 1625 1590 1665 cum
1635 1608 1816 1664 datum
1845 1607 2068 1675 deserit,
2177 1603 2289 1659 lare
2315 1613 2666 1672 consuerunt,
2697 1619 2924 1674 quorum
2970 1602 3054 1676 (6)
3101 1604 3378 1661 individua
3407 1622 3524 1663 cum
3559 1607 3739 1665 diabolo

475 1717 636 1778 negat
665 1708 747 1776 (5)
773 1705 1270 1771 beneﬁcium,‘cum
1318 1703 1637 1760 beneficium
1668 1718 1773 1759 non
1819 1702 2067 1758 honorat.
2102 1767 2147 1778 ﬁ
2176 1696 2408 1753 amicitia
2465 1707 2548 1754 est
2576 1739 2591 1763 ,
2650 1698 2736 1768 (ά)
2775 1712 3005 1769 quorum
3053 1699 3372 1768 poenitentia
3402 1715 3653 1772 nunquam
3694 1701 3742 1758 ti-

477 1767 943 1868 Qtieiiiadmodum
988 1784 1037 1854 ei
1066 1767 1243 1868 potest
1267 1798 1501 1868 placere,
1549 1796 1704 1866 cujus
1745 1810 1941 1851 munus
1963 1795 2070 1850 sibi
2102 1767 2150 1828 Β
2179 1790 2340 1847 delis.

475 1892 761 1963 displicet?
791 1891 865 1946 lta
899 1891 952 1946 in
984 1891 1268 1984 Dominum
1305 1905 1412 1945 non
1441 1888 1600 1944 modo
1645 1887 2073 1984 contumax,sed
2811 1924 3037 1982 CAPUT
3081 1926 3168 1984 VL

483 1986 645 2042 etiam
673 1985 911 2056 ingratus
935 1993 1177 2055 apparet.
1211 1982 1477 2039 Creterum
1507 1998 1615 2038 non
1643 1983 1834 2038 leviter
1875 1982 1930 2038 in
1960 1983 2066 2038 Do-

478 2079 681 2135 minum
713 2088 920 2150 peccat,
965 2078 1078 2149 qui,
1121 2093 1244 2133 cum
1287 2077 1486 2132 :emulo
1511 2076 1630 2146 ejus
1656 2075 1871 2131 diabolo
1895 2074 2071 2146 pceni-
2251 2064 2512 2134 Quicquid
2542 2077 2671 2133 ergo
2700 2061 3043 2119 mediocritas
3081 2072 3268 2120 nostra
3313 2063 3385 2137 (ε)
3416 2064 3480 2122 ad
3515 2066 3741 2137 poeniten-

472 2175 636 2230 tentia
659 2174 1040 2240 renuntiasset,
1059 2182 1116 2229 et
1137 2172 1238 2229 hoc
1264 2172 1481 2228 nomine
1511 2171 1660 2226 illum
1687 2171 1914 2227 Domino
1939 2171 2070 2226 sub-
2183 2159 2310 2214 liam
2356 2158 2522 2213 semei
2568 2157 2956 2227 ωρθεεθηάθηι
2999 2167 3052 2211 οι
3097 2167 3362 2228 Perpetuo
3403 2160 3740 2216 οοηῑίηθηάἓηὶ

466 2267 708 2339 iecisset,
726 2283 912 2324 rursus
929 2267 1176 2324 eumdem
1206 2283 1453 2339 regressu
1472 2283 1569 2322 suo
1595 2267 1771 2338 erigit,
1787 2276 1842 2322 ct
1869 2267 2072 2323 exulta-

2179 2267 2467 2325 suggerere
2495 2262 2686 2308 conata
2729 2261 2854 2320 est,
2907 2266 3100 2307 omnes
3137 2252 3358 2323 quidem
3405 2253 3603 2310 deditos
3657 2255 3741 2309 Do-

473 2361 671 2416 tionem
687 2361 805 2432 ejus
825 2363 1059 2430 seipsum
1090 2360 1235 2427 facit,
1267 2370 1324 2414 ut
1349 2359 1736 2425 denuontalus,
1761 2369 2071 2430 recuperata
2184 2349 2329 2404 ιιιῖηο
2376 2355 2602 2418 spectat.
2649 2356 2707 2401 ιιι
2752 2346 2926 2402 omnis
2978 2345 3061 2418 (7)
3091 2346 3284 2404 saliuis
3331 2349 3382 2404 ίη
3429 2348 3742 2420 Ρΐοωεΐεηάο

476 2457 656 2526 praeda
680 2472 800 2522 sua,
829 2456 1087 2512 adversus
1116 2457 1398 2512 Dominum
1424 2455 1672 2528 gaudeat.
1707 2456 1896 2512 Nonne
1931 2454 2078 2526 quod

2184 2441 2295 2498 Deo
2353 2441 2632 2512 petitores,
2661 2438 2759 2495 sed
2811 2441 3081 2511 praecipue
3119 2440 3398 2497 novitiolis
3443 2443 3553 2498 istis
3598 2444 3743 2498 immi-

424 2558 427 2561 '
473 2549 656 2604 dicere
681 2563 894 2620 thOque
925 2549 1287 2618 periculosum
1320 2561 1424 2613 est,
1447 2550 1542 2606 sed
1567 2549 1634 2604 ad
1666 2549 2030 2605 mtiiﬁcationet

2183 2543 2275 2590 net
2305 2534 2394 2607 (ί).
2423 2532 2526 2601 Qui
2563 2549 2684 2590 eum
2703 2533 2935 2590 maxime
2956 2532 3213 2605 incipiunt
3228 2535 3426 2593 divinis
3449 2539 3742 2595 sermonibus

477 2641 854 2712 proferendum
892 2641 974 2714 (ι)
1004 2625 1125 2708 ἴδει,
1168 2641 1440 2698 diabolum
1493 2643 1723 2698 Domino
1771 2641 2076 2714 praeponit?

2180 2645 2341 2688 aures
2367 2629 2565 2700 rigare,
2609 2627 2808 2699 quique
2847 2627 3009 2683 catuli
3042 2626 3284 2686 infantia:
3304 2629 3478 2686 adhuc
3524 2631 3739 2697 recentis,

475 2734 946 2803 Comparationem
993 2735 1135 2790 enim
1177 2735 1387 2790 videtur
1412 2735 1607 2806 egisse,
1640 2736 1728 2806 qui
1782 2744 2072 2806 utrumque
2183 2740 2284 2782 nec
2327 2722 2589 2794 perfectis
2633 2721 2926 2777 luminibus
2959 2723 3160 2777 incerta
3212 2731 3463 2794 reptant;
3501 2733 3551 2780 et
3592 2724 3742 2782 dicunt

478 2827 812 2896 cognoverit,
845 2837 898 2881 et
921 2827 1157 2896 iudicato
1178 2829 1557 2897 pronuntiasse
1583 2844 1707 2884 eum
1765 2829 2067 2896 meliorem,

2175 2817 2394 2891 quidem
2457 2815 2534 2890 (8)
2587 2815 2828 2888 pristinis
2877 2815 3186 2871 renuntiare
3239 2815 3359 2889 (g),
3397 2825 3452 2872 et
3513 2819 3739 2888 paeniten-

473 2913 628 2982 cujus
654 2927 714 2968 se
744 2928 929 2967 rursus
951 2928 1072 2969 esse
1097 2913 1366 2970 maluerit.
1401 2912 1476 2968 Ita
1505 2915 1594 2984 qui
1621 2928 1718 2984 per
1746 2913 2068 2972 delictorum
2178 2914 2304 2968 tiam
2332 2918 2614 2967 assumunt
2642 2909 2750 2979 (It),
2784 2907 2880 2963 sed
2919 2907 3191 2964 includere
3223 2925 3345 2964 eam
3393 2911 3646 2982 negligunt
3674 2913 3738 2981 (i).

476 3004 848 3077 paenitentiam
885 3005 1188 3062 instituerat
1222 3006 1450 3063 Domino
1483 3005 1820 3074 satisfacere,
1853 3006 2068 3066 diabolo
2093 3001 2138 3065 C
2171 3005 2484 3078 Interpellat
2526 3003 2670 3060 enim
2719 3001 2838 3058 illos
2875 3000 2945 3057 ad
2973 3000 3394 3060 desiderandum
3429 3019 3494 3061 ex
3539 3003 3739 3076 pristinis

1705 3122 2092 3187 LECTIONES
2133 3121 2552 3185 VARIANTES.

533 3219 608 3340 μ’)
632 3219 672 3266 Λ
691 3229 832 3281 pruna
855 3225 1004 3290 Han.
1024 3218 1181 3290 Paris.
1209 3217 1340 3282 Rig.;
1362 3219 1422 3270 ad
1439 3231 1632 3285 poenam
1657 3216 1810 3270 Seml.
2238 3217 2314 3340 E6)
2333 3216 2518 3268 Invidia
2544 3216 2698 3286 Fran.
2725 3210 2886 3264 Paris.

563 3288 611 3340 .)
635 3281 827 3340 Quanto
850 3293 1006 3340 magis
1027 3282 1226 3333 Jumus.
2264 3285 2315 3340 7)
2339 3281 2527 3332 Omnes
2551 3281 2716 3329 Paris.
2745 3278 2866 3327 Jun.

536 3219 608 3340 Et)
632 3219 672 3266 Λ
691 3229 832 3281 pruna
855 3225 1004 3290 Han.
1024 3218 1181 3290 Paris.
1209 3217 1340 3282 Rig.;
1362 3219 1422 3270 ad
1439 3231 1632 3285 poenam
1657 3217 1810 3270 Seml.

561 3282 611 3392 ἵ)
635 3281 1226 3392 ίὸίὲῗιέίὲεὲἶῗιεᾶῗιέῗω·

536 3343 615 3463 i2;
640 3405 1003 3454 l’rteferendum
1021 3405 1169 3456 Seml.

2259 3220 2314 3282 ϐ)
2333 3217 2518 3268 Invidia
2544 3217 2698 3265 Fratt.
2725 3217 2886 3264 Paris.

2264 3285 2289 3332 7
2339 3281 2527 3332 Omnes
2551 3275 2716 3329 Paris.
2745 3278 2866 3327 Jun.

2178 3217 2426 3459 ηυὶξὶξθξὲξ
2458 3342 2573 3393 edd-
2620 3352 2800 3399 omnes.
2839 3343 3029 3402 except.
3067 3339 3210 3404 Leop.
3251 3338 3342 3404 qui
3365 3341 3528 3394 scribit
3553 3352 3568 3391 :
3592 3352 3640 3390 se
3672 3352 3740 3388 re-

539 3405 606 3463 (l'
640 3405 1003 3454 l’rteferendum
1021 3405 1169 3456 Seml.
2178 3405 2426 3459 nuntiare.

639 3467 909 3519 Satisfaciat
925 3465 1074 3520 Seml.

1845 3552 2401 3616 COMMENTARIUS.

547 3671 627 3745 (a)
676 3672 804 3728 Cum
846 3673 998 3726 etiant
1052 3673 1341 3742 ignorantes
1394 3670 1688 3727 Dominum.
1718 3671 1871 3745 Facit
1911 3673 2062 3729 locus
2227 3673 2568 3730 CAP.VI.—
2585 3671 2663 3745 (e)
2687 3671 2950 3745 Quidquid
2968 3687 3086 3745 ergo
3109 3672 3436 3745 mediocritas
3457 3679 3632 3734 nostra,
3651 3679 3738 3726 etc.

478 3743 569 3801 ille
593 3743 779 3800 eontra
808 3758 975 3802 novos
1015 3745 1144 3799 istos
1183 3745 1522 3814 evangelieos
1546 3745 1635 3814 qui
1681 3744 1749 3799 ab
1780 3744 2064 3814 Apostolo-
2169 3743 3738 3814 Docerevidetnr'I‘ertullianushoclocoeatechumenosquos

475 3832 594 3897 rum
629 3826 867 3897 tempore
897 3815 1126 3885 majores
1156 3813 1370 3897 nostros
1394 3817 1443 3869 in
1478 3813 1773 3886 ignorantia
1796 3813 2062 3897 perpetua
2171 3820 2375 3897 tirones
2405 3829 2556 3871 vocat
2611 3816 2983 3897 pmiiitentiam
3014 3830 3180 3897 usque
3206 3815 3276 3869 ad
3310 3816 3635 3897 baptismum
3656 3813 3738 3866 ali-

475 3889 680 3943 vixisse
702 3888 904 3971 dicunt.
929 3896 982 3941 et
1009 3896 1183 3969 tamen
1216 3903 1244 3940 a
1272 3889 1426 3971 culpa
1463 3897 1766 3971 excusatos.
1796 3887 2064 3971 Imprimis
2167 3889 2383 3971 quando
2427 3889 2789 3971 promisisse;
2845 3901 2989 3971 cuin
3021 3887 3162 3969 enim
3207 3887 3375 3968 probe
3402 3887 3736 3970 intelligerent

481 3965 658 4014 autem
707 3957 803 4027 pro
833 3957 1084 4012 Auctoris
1105 3958 1370 4030 sententia
1402 3957 1604 4013 faciunt
1629 3957 2065 4030 frequentissima
2170 3957 2349 4016 onniia
2375 3957 2592 4030 peccata
2615 3959 2881 4030 baptismo
2905 3957 3100 4022 deleri,
3127 3959 3463 4028 poenitentia:
3485 3957 3734 4030 suscipien-

483 4030 574 4084 illa
603 4031 863 4101 sacrificia
889 4030 1149 4084 immolari
1177 4029 1325 4101 jussu
1352 4045 1448 4101 pro
1477 4030 1709 4099 peccatis
1727 4029 2061 4101 ignorantiae,
2171 4033 2254 4086 dae
2281 4027 2492 4101 tempus
2523 4027 2891 4100 producebant.
2933 4040 3191 4099 quantum
3233 4029 3286 4083 in
3340 4045 3399 4086 se
3434 4042 3579 4096 erat,
3604 4027 3737 4082 adeo-

481 4100 658 4156 I.evit.
687 4101 752 4155 IV
779 4109 834 4156 et
876 4101 939 4173 Υ,
969 4110 1023 4154 et
1046 4116 1191 4156 num.
1218 4100 1336 4165 XV,
1363 4100 1654 4173 dequjbus
1679 4111 1737 4156 et
1759 4100 1936 4156 Hebr.
1972 4102 2064 4156 IX.
2173 4121 2276 4173 que
2308 4100 2411 4158 non
2465 4103 2811 4158 includebant
2850 4101 3246 4170 paenitentiam,
3283 4103 3386 4157 hoc
3413 4113 3493 4156 est
3522 4116 3616 4154 non
3644 4113 3739 4168 pcr-

478 4173 685 4228 Deinde
705 4183 769 4246 et
798 4173 850 4224 in
885 4171 1033 4246 Novo
1068 4173 1240 4240 'I'est.,
1265 4173 1381 4246 Act.
1434 4171 1500 4239 Il,
1525 4171 1587 4226 Β.
1632 4172 1824 4246 Petrus
1851 4173 1917 4227 ad
1947 4174 2067 4228 illos
2172 4171 2423 4246 agebant.
2471 4175 2585 4242 Qua
2658 4175 2711 4228 in
2744 4173 3226 4246 interpretatione
3280 4188 3313 4227 a
3385 4173 3600 4245 Rigaltio
3644 4180 3739 4225 tan-

479 4259 624 4320 quos
645 4244 847 4298 sciebat
875 4259 970 4312 per
1013 4245 1364 4320 ignorantiam
1391 4257 1646 4320 peccasse
1673 4263 1687 4300 :
1722 4242 2064 4313 Pwnitemini,
2172 4242 2593 4320 ti'spcrdiscedo,
2613 4245 2810 4303 ctenim
2835 4244 3108 4301 includere
3123 4255 3205 4300 est
3223 4242 3486 4320 πληρῶεαὶ,
3501 4254 3735 4320 ςεὶειῶσιε.

481 4315 673 4385 inquit,
725 4324 771 4368 et
822 4316 1191 4381 convertimini,
1221 4326 1276 4368 ut
1308 4314 1584 4386 deleantur
1629 4325 1834 4386 peccata
1877 4329 2062 4372 vestra.
2246 4314 2260 4320 ⁷
3321 4314 3328 4319 ’
3395 4318 3470 4372 ιε
3499 4316 3583 4371 Pn.

477 4383 615 4463 Ilinc
642 4387 856 4463 Patrum
927 4387 1165 4441 omnium
1191 4383 1901 4463 conformis_es_t_‘sententia
1925 4389 2066 4459 quod
2244 4389 2322 4463 (Γ)
2367 4391 2640 4446 Novitiolis
2696 4389 2823 4463 istis.
2871 4387 3175 4463 Novitiolos
3200 4389 3339 4463 istos
3371 4398 3487 4459 post
3511 4386 3656 4463 paulo

477 4459 802 4528 ignorantia,
825 4473 984 4528 quam
1006 4472 1242 4513 crassam
1271 4458 1513 4513 moderni
1554 4459 1813 4528 Theologi
1849 4455 2064 4528 vocant,
2171 4455 2261 4517 cet
2285 4455 2584 4528 audientes,
2608 4471 2660 4517 ct
2680 4460 2978 4516 auditorum
3003 4460 3266 4516 tirocinia.
3290 4455 3487 4518 nm.—
3502 4455 3737 4514 Norin'olis

477 4531 748 4613 netnipem
776 4545 803 4582 a
831 4530 983 4615 culpa
1010 4541 1252 4615 excuset,
1284 4531 1456 4615 qualis
1479 4531 1564 4585 illa
1584 4532 1724 4587 haud
1752 4530 1911 4588 dubie
1940 4533 2068 4588 fuis-
2093 4554 2146 4615 D
2171 4535 2304 4589 istis.
2333 4533 2556 4588 Notetur
2607 4532 3032 4615 catechumenos
3059 4533 3132 4615 ita
3156 4531 3353 4598 dictos,
3380 4532 3517 4615 unde
3542 4530 3737 4610 fortasse

475 4613 577 4665 set,
603 4603 648 4674 si
678 4617 862 4674 verum
888 4601 960 4655 illi
992 4600 1255 4656 dicerent.
1286 4601 1423 4674 Pan.
2093 4600 2142 4615 ⁴’
2173 4614 2384 4674 sumpta
2413 4620 2516 4660 vox
2548 4605 2860 4660 monasticae
2897 4603 3200 4674 disciplina:
3231 4620 3353 4674 qtue
3384 4603 3538 4660 hodie
3562 4600 3736 4656 retine-

548 4671 650 4746 (Ιι)Δ
675 4672 776 4746 Per
831 4674 986 4746 alium
1013 4673 1355 4746 77pmnitentia:
1411 4673 1772 4743 pwnitentiam.
1839 4675 2064 4743 Plinius,
2175 4671 2388 4743 tur,'ita
2415 4685 2473 4731 ut
2510 4677 2698 4731 novitii
2738 4671 3055 4746 religionum
3085 4677 3192 4731 sint
3220 4671 3386 4731 veluti
3413 4675 3670 4731 audientes
3691 4678 3737 4724 et

475 4760 562 4814 op.
595 4744 682 4810 10,
713 4745 803 4817 lib.
838 4744 928 4799 VII
957 4763 969 4799 :
1001 4745 1242 4817 Superest
1289 4760 1352 4797 ne
1398 4762 1574 4800 rursus
1621 4747 1894 4817 provincia:
1929 4748 2068 4817 quod
2172 4749 2564 4804 catechumeni.
2598 4748 2733 4804 LAc.

475 4817 748 4892 damnasse
769 4816 974 4892 digitm,
1031 4815 1226 4888 placeat
1264 4825 1481 4888 agatque
1516 4815 1858 4888 penitentiam
1902 4815 2066 4889 pteni-
2246 4818 2326 4892 (g)
2370 4819 2608 4874 Pristinis
2629 4820 2939 4892 renuntiare.
2974 4817 3088 4873 Hoc
3107 4827 3188 4874 est
3217 4817 3549 4883 idololatriae,
3585 4823 3633 4872 et
3657 4825 3736 4868 ne-

473 4889 643 4962 tctttin:
665 4903 790 4962 sum.
819 4887 940 4962 Bto.
1034 4887 1049 4962 λ
1078 4959 1087 4962 7
1245 4959 1254 4962 Α
1295 4959 1306 4962 _
1400 4887 1405 4888 “
1518 4887 1523 4888 “
1547 4959 1579 4962 7_
1903 4887 1910 4889 ⁷
2173 4887 2333 4962 gotiis
2358 4892 2477 4945 vita;
2504 4891 2785 4946 serularis.
2815 4891 2934 4948 RIG‘.

545 4957 623 5029 (c)
666 4958 770 5037 sed
795 4959 938 5013 aiunt
966 4959 1195 5029 quidam.
1228 4959 1498 5037 Adnotat_u
1529 4959 1724 5037 dignus
1769 4962 1929 5037 etiam
1968 4962 2070 5018 iste
2177 4957 2211 5037 Ἀ
2248 4962 2430 5037 (h)_Et
2457 4962 2818 5037 Paenitentiam
2864 4971 3148 5037 assumunt.
3184 4964 3473 5037 Assumere
3500 4958 3732 5037 poeniten-

476 5029 912 5105 locus_adversus
962 5047 1152 5105 novatn
1208 5031 1560 5105 quorumdam
1592 5029 1839 5105 haeresim
1876 5032 1927 5105 (a
1966 5049 2070 5103 qua
2179 5029 2603 5099 tiam'dicuntur,
2635 5035 2726 5105 qui
2765 5035 2902 5088 inter
2937 5033 3214 5089 audientes
3256 5035 3469 5088 nomina
3501 5029 3732 5105 profiten-

474 5117 576 5156 uec
620 5100 926 5174 Calvinista;
954 5098 1293 5173 abhorrent),
1348 5104 1437 5174 qui
1493 5105 1592 5160 sibi
1641 5098 1893 5160 sufficere
1927 5098 2072 5160 ar'bi-
2179 5117 2265 5162 tur
2286 5098 2985 5162 sua.RIe.—F-Pcenitentiant
3007 5116 3292 5160 assumunt.
3336 5098 3553 5160 Notetnr
3582 5103 3628 5174 in
3646 5098 3736 5170 pri-

475 5181 702 5250 trantur,
727 5174 770 5226 si
801 5173 962 5250 corde
981 5182 1036 5228 et
1055 5175 1234 5228 animo
1269 5173 1416 5250 suain
1443 5175 1753 5250 religionem
1769 5177 2068 5250 retineant,
2177 5178 2280 5234 mis
2310 5179 2678 5250 paenitentiam
2704 5191 2978 5250 assumere
2997 5190 3117 5250 esse
3149 5177 3416 5250 propriam
3441 5173 3732 5250 locutionem

475 5246 720 5324 quamvis
759 5245 1145 5324 catholicorum
1175 5245 1458 5324 contraria:
1488 5245 1588 5324 sibi
1630 5247 1873 5320 religioni
1919 5264 2071 5324 exer-
2176 5245 2360 5305 eorum
2392 5250 2479 5324 qui
2512 5249 2838 5324 invadebant
2893 5245 3296 5324 pcenitentiam',
3322 5245 3733 5324 cuju_s_ipse_pri-

470 5315 613 5369 citiis
639 5331 704 5390 ac
728 5319 996 5386 mysteriis
1031 5331 1090 5372 se
1112 5316 1471 5386 immisceant,
1520 5320 1628 5374 imo
1660 5315 2066 5374 et'communi-
2175 5335 2293 5375 mus
2340 5315 2514 5376 aditus
2561 5318 2842 5376 dicebatur
2887 5315 3204 5390 assumptio.
3257 5319 3324 5374 Et
3367 5315 3576 5390 quidem
3616 5315 3730 5390 hanc

475 5387 778 5462 cent-‘97“.
910 5459 923 5462 _
986 5459 1013 5462 __
1053 5459 1062 5462 7
1428 5461 1432 5462 7
1493 5461 1497 5462 7
1653 5461 1656 5462 7
2175 5407 2294 5447 esse
2323 5394 2589 5462 propriam
2639 5393 2962 5448 locutionem
3005 5386 3729 5462 invadentium"paenitentiam

496 5526 510 5539 .
548 5455 630 5539 (εἰ)
657 5459 1302 5539 Quorumindividudcunz
1328 5461 1530 5539 diabolo
1555 5461 1778 5539 a_nn'_citia
1804 5472 1893 5539 est.
1926 5462 2065 5518 Rec-
2173 5455 2392 5539 notavit
2419 5455 2702 5539 Ileraldus,
2735 5465 2826 5519 lib.
2850 5463 2890 5528 Ι,
2933 5479 2984 5520 c.
3019 5465 3073 5532 ι,
3103 5463 3354 5536 digress.,
3377 5455 3471 5519 sed
3517 5459 3649 5516 nulla
3682 5468 3731 5510 re

472 5529 679 5604 tissime
694 5530 1091 5604 scriptura,_nee
1109 5531 1295 5604 debuit
1319 5531 1615 5587 sollicitari.
1644 5534 1739 5588 Est
1769 5535 1910 5588 enim
1941 5549 2066 5590 ser-
2171 5535 2438 5604 probavit.
2464 5535 2595 5591 Lac.

473 5614 566 5652 mo
610 5601 678 5655 de
725 5615 924 5679 seruere
980 5602 1397 5679 hypocritarum,
1455 5619 1695 5679 quorum
1752 5606 2064 5675 ptenitentia
2172 5600 2187 5604 ⁷
2243 5605 2307 5679 (i)
2338 5606 2443 5661 Sed
2479 5606 2741 5679 includere
2764 5623 2874 5679 enm
2908 5607 3188 5679 negligant.
3230 5606 3498 5679 Baptismo
3521 5600 3726 5679 scilicet.

472 5671 978 5748 gmpqumuf‘idelis,
998 5671 1222 5748 quorum
1265 5671 1766 5748 scilicet’individua'
1794 5693 1915 5732 cum
1941 5672 2061 5732 dia-
2167 5671 2260 5747 qui
2281 5671 2336 5732 et
2377 5679 2680 5748 obsignatio
2708 5677 2924 5734 dicitur.
2959 5671 3167 5744 Et'ipse
3203 5671 3323 5733 moi
3353 5671 3728 5748 dicet,7lntinc-

473 5740 597 5795 bolo
620 5743 854 5819 amicitia
875 5754 957 5800 est
981 5763 994 5812 ;
1019 5740 1274 5817 'adeoque
1301 5762 1516 5819 semper
1540 5747 1606 5802 ad
1637 5749 1752 5819 ejus
1772 5759 1945 5805 castra
1971 5765 2058 5806 re-
2167 5740 2315 5804 tionis
2337 5740 2847 5804 seramvobslructam.
2865 5740 3189 5805 Paenitentia
3211 5751 3368 5815 igitur
3399 5757 3452 5802 et
3473 5746 3597 5800 fides
3617 5753 3725 5795 tunc

471 5820 769 5868 νοτιηηιυν·
808 5815 921 5869 lilc-
1191 5815 1200 5817 ἡ
1422 5815 1436 5819 ’
1667 5815 1680 5819 ⁷
2167 5821 2472 5891 includitur,
2521 5837 2644 5878 cum
2694 5823 2746 5878 in
2794 5824 3116 5896 baptismum
3139 5822 3449 5889 deducitur;
3491 5819 3620 5878 sicut
3644 5827 3723 5869 sc-
