4068 6352
313 273 450 334 1241

1539 274 1748 334 LIBER
1786 274 1874 334 DE
1912 270 2392 334 PCENITENTIA.
2437 297 2446 306 ·

3470 277 3614 338 1243

311 405 415 448 nus
436 389 753 463 periculosis
768 388 1130 465 nosmetipsos
1146 391 1439 452 inferamus
1459 392 1624 467 (a),et
1644 395 1688 451 si
1718 395 1909 451 iterum
1942 395 1990 454 A
2016 403 2100 450 est
2127 395 2337 451 animus
2362 394 2758 467 desperatione,
2792 395 2836 451 si
2864 393 3112 452 secundae
3138 394 3258 467 quis
3279 394 3612 467 poenitentia:

309 487 522 543 evasuri
550 486 815 544 videmur.
866 487 1120 560 Plerique
1159 486 1443 560 naufragio
1481 488 1692 545 liberati
1712 487 1910 544 exinde

309 579 591 652 repudium
609 583 663 637 et
680 581 798 636 navi
814 589 869 638 et
893 583 1024 639 mari
1043 583 1226 639 dicunt
1244 581 1344 654 (ὁ),
1368 592 1422 638 et
1443 583 1533 638 Dei
1561 582 1903 648 beneﬁcium,

308 675 536 730 salutem
590 689 744 731 suam
797 677 1028 746 scilicet,
1078 678 1338 733 memoria
1363 675 1586 749 periculi
1617 677 1903 734 honorant.

307 765 493 822 Laudo
521 767 789 833 timorem,
823 768 986 840 diligo
1031 769 1430 838 verecundiam,
1469 771 1660 826 nolunt
1715 772 1909 828 iterum

307 858 503 914 divinae
524 859 902 917 misericordia:
917 863 1069 918 oneri
1086 878 1204 920 esse
1221 880 1236 923 :
1257 863 1543 920 formidant
1560 864 1727 921 videri
1747 864 1910 921 incul-

305 963 452 1017 care,
480 950 624 1021 quod
673 954 950 1010 consecuti
995 966 1120 1010 sunt
1151 971 1166 1013 :
1201 955 1338 1012 bona
1369 965 1518 1012 certe
1547 956 1910 1014 sollicitudine

306 1042 501 1102 iterum
532 1045 763 1115 experiri
803 1045 973 1102 vitant
999 1047 1143 1118 quod
1169 1049 1337 1106 semel
1362 1047 1666 1106 didicerunt
1692 1049 1903 1106 timere.

304 1136 384 1193 Ita
410 1138 602 1194 modus
631 1140 968 1209 temeritatis,
993 1143 1212 1199 testatio
1236 1151 1320 1199 est
1349 1143 1578 1199 timoris.
1606 1141 1793 1198 Timor
1813 1158 1909 1198 att-

304 1240 415 1287 tem
446 1231 700 1299 hominis,
731 1233 823 1290 Dei
855 1235 1026 1291 honor
1074 1244 1176 1292 est.
1206 1235 1312 1291 Sed
1341 1239 1486 1293 enim
1535 1236 1903 1307 pervicacissi-

302 1339 425 1381 mus
453 1324 620 1381 hostis
665 1326 780 1396 ille,
823 1343 1095 1400 nunquam
1125 1328 1343 1384 malitia:
1395 1343 1507 1385 sua:
1537 1332 1703 1384 otium
1756 1328 1901 1385 facit.

313 1419 514 1490 Atquin
563 1428 691 1476 tunc
741 1423 974 1478 maxime
1023 1423 1195 1491 saevit,
1251 1437 1372 1479 cum
1422 1423 1693 1478 hominem
1747 1422 1902 1492 plene

300 1511 469 1566 sentit
495 1510 774 1568 liberatum
804 1513 908 1585 (I);
938 1523 1066 1570 tunc
1101 1515 1388 1587 plurimum
1415 1515 1744 1583 accenditur,
1773 1515 1899 1571 dum

299 1604 648 1677 extinguitur.
686 1607 876 1664 Doleat
917 1617 972 1665 et
1002 1610 1314 1680 ingemiscat
1341 1624 1560 1666 necesse
1618 1619 1720 1678 cst,
1745 1610 1900 1666 venia

296 1705 645 1767 peccatorum
690 1701 968 1772 permissa,
1014 1709 1094 1757 tot
1149 1703 1202 1757 in
1240 1702 1455 1758 homine
1498 1703 1688 1758 mortis
1734 1717 1896 1773 opera

2016 487 2225 545 debitor
2253 489 2412 558 fuerit
2437 506 2451 544 :
2485 491 2659 562 pigeat
2681 504 2809 546 sane
2830 504 3053 560 peccare
3070 505 3278 556 rursus,
3301 489 3398 547 sed
3427 504 3612 547 rursus

2015 582 2278 652 poenitere
2349 596 2457 637 non
2531 581 2752 654 pigeat:
2787 583 2963 654 pigeat
3032 581 3223 638 iterum
3292 582 3607 654 periclitari,

2015 673 2109 730 sed
2162 689 2266 730 non
2294 674 2488 732 iterum
2519 675 2756 732 liberari.
2789 663 3068 734 Neminem
3116 676 3353 747 pudeat;
3404 677 3610 734 iterata:

2015 765 2333 821 valetudinis
2388 766 2627 823 iteranda
2659 767 2920 825 medicina
2960 777 3044 824 est
3075 785 3087 821 :
3113 777 3298 839 gratus
3325 769 3376 823 in
3425 769 3608 824 Domi-

2014 874 2142 914 num
2167 858 2249 930 (4)
2293 860 2583 930 exstiteris,
2633 861 2678 916 si
2713 861 2852 932 quod
2881 861 2973 920 tibi
3005 862 3263 918 Dominus
3293 861 3470 930 offert,
3501 877 3606 918 non

2013 952 2374 1008 recusaveris:
2399 952 2692 1021 offendisti,
2724 954 2821 1012 sed
2849 955 3181 1012 reconciliari
3211 954 3388 1011 adhuc
3428 964 3604 1027 potes.

2011 1045 2189 1103 Habes
2217 1046 2303 1103 cui
2335 1047 2650 1115 satisfacias,
2680 1058 2734 1104 et
2757 1049 2972 1119 quidem
3004 1048 3300 1105 volentem.

2601 1139 2831 1197 CAPUT
2865 1140 2995 1196 VIII.

2080 1231 2137 1289 Id
2167 1233 2212 1289 si
2259 1232 2494 1302 dubitas,
2535 1235 2722 1292 evolve
2749 1250 2868 1306 qum
2916 1235 3146 1306 Spiritus
3177 1234 3435 1291 Ecclesiis
3464 1235 3608 1291 dicat

2009 1322 2218 1397 (Apoc.,
2252 1324 2292 1390 I,
2316 1325 2380 1392 II,
2409 1326 2519 1399 III).
2546 1327 2819 1383 Desertam
2839 1327 3178 1385 dilectionem
3225 1327 3472 1400 Ephesiis
3501 1328 3608 1382 im-

2007 1427 2179 1488 putat,
2215 1426 2457 1489 stuprum
2503 1427 2557 1475 et
2606 1419 3019 1494 idolothytormn
3071 1437 3223 1479 esum
3263 1421 3607 1494 Thyatirenis

2005 1511 2314 1582 exprobrat,
2349 1511 2548 1569 Sardos
2573 1513 2654 1585 (5)
2677 1528 2781 1568 non
2813 1514 3090 1583 plenarum
3127 1529 3350 1584 operum
3375 1514 3604 1582 incusat,

2006 1602 2366 1675 Pergamenos
2409 1603 2664 1662 docentes
2709 1620 2956 1675 perversa
3005 1607 3379 1677 reprehendit;
3406 1607 3603 1663 Laodi-

2005 1713 2169 1754 cenos
2200 1697 2424 1756 ﬁdentes
2443 1699 2641 1754 divitiis
2674 1700 2917 1772 objurgat
2950 1719 2964 1757 :
2995 1710 3048 1756 et
3087 1710 3266 1757 tamen
3311 1715 3496 1756 omnes
3535 1701 3603 1757 ad

295 1788 496 1857 diruta,
555 1801 634 1848 tot
691 1768 876 1850 titulos
923 1794 1281 1852 damnationis
1327 1805 1473 1852 retro
1519 1811 1630 1852 suae
1686 1811 1891 1852 erasos.
1925 1768 1974 1829 Β
2003 1794 2371 1866 ρωηίιρηῑὶαηι
2421 1803 2747 1860 commonet,
2789 1794 2889 1850 sub
2934 1794 3438 1851 comminationibus
3487 1795 3604 1866 qni-

297 1881 454 1938 Dolet
480 1883 623 1954 quod
648 1886 821 1956 ipsum
849 1895 903 1943 et
931 1887 1150 1959 angelos
1179 1888 1316 1960 ejus,
1349 1888 1548 1946 Christi
1591 1903 1780 1945 servus
1816 1890 1895 1946 illi

293 1985 546 2057 peccator
571 1977 907 2048 judicaturus
931 1989 1034 2037 est.
1068 1981 1251 2054 Itaque
1285 1982 1555 2048 observat,
1596 1994 1892 2056 oppugnat,

291 2069 526 2138 obsidet,
557 2073 604 2128 si
649 2088 754 2144 qua
790 2075 961 2145 possit
987 2083 1079 2130 aut
1102 2075 1286 2131 oculos
1314 2066 1746 2146 conCupiscentia
1776 2093 1896 2133 car-

291 2161 400 2216 nali
430 2161 611 2232 ferire,
660 2174 752 2220 aut
778 2166 1016 2223 animum
1049 2168 1314 2226 illecebris
1357 2169 1706 2226 saecularibus
1752 2172 1891 2229 irre-

292 2254 419 2319 tirc,
449 2263 541 2310 aut
567 2255 726 2313 ﬁdem
750 2267 976 2317 terrente
1004 2263 1282 2332 potestatis
1308 2261 1593 2319 formidine
1619 2273 1886 2333 evertere,

288 2353 384 2400 aut
413 2359 442 2400 a
474 2347 557 2401 via
584 2358 731 2405 certa
771 2353 1037 2422 perversis
1067 2353 1146 2425 (‘1)
1179 2353 1550 2410 traditionibus
1593 2353 1667 2428 (e)
1708 2354 1890 2411 detor-

291 2454 460 2511 quere
492 2458 505 2496 :
532 2455 640 2497 non
667 2444 952 2513 scandatis,
987 2460 1095 2501 non
1121 2445 1502 2502 tentationibus
1530 2445 1732 2503 deﬁcit.
1764 2447 1889 2505 ﬂare

286 2528 450 2606 igitur
472 2551 678 2592 venena
711 2537 826 2609 ejus
853 2539 1140 2610 providens
1169 2539 1330 2607 Deus,
1359 2539 1541 2595 clausa
1571 2540 1699 2597 licet
1739 2541 1890 2613 igno-

285 2628 508 2684 scentias
544 2629 730 2699 janua,
760 2640 816 2686 et
846 2631 1178 2689 intinctionis
1206 2647 1327 2689 sera
1353 2634 1650 2702 obstructa,
1683 2635 1884 2707 aliquid

285 2717 464 2776 adhuc
505 2722 748 2790 permisit
796 2732 1000 2794 patere.
1054 2725 1345 2782 Collocavit
1389 2726 1442 2781 in
1483 2728 1746 2785 vestibulo
1799 2728 1880 2800 (d)

292 2811 663 2880 ptenitentiam
695 2815 1007 2884 secundam,
1052 2833 1172 2888 quae
1199 2818 1535 2888 pulsantibus
1561 2819 1842 2890 patefaciet
1867 2837 1879 2874 :

284 2901 381 2957 sed
403 2902 518 2974 jam
554 2892 739 2974 semel,
772 2909 892 2978 quia
919 2909 1028 2979 jam
1056 2909 1312 2966 secundo.
1342 2911 1450 2966 Sed
1475 2912 1704 2983 amplius
1746 2929 1884 2969 nun-

283 3011 466 3068 quam,
499 2998 570 3070 (e)
603 3001 724 3071 quia
757 3003 1000 3073 proxime
1051 3004 1268 3060 frustra.
1317 3003 1432 3061 Non
1494 3006 1638 3062 enim
1681 3016 1737 3063 et
1781 3005 1884 3064 hoc

233 3091 454 3148 ‘semel
499 3094 630 3149 satis
682 3096 798 3150 est?
844 3095 1022 3153 Habes
1051 3139 1065 3162 ,
1121 3097 1264 3168 quod
1301 3097 1410 3168 jam
1473 3097 1555 3170 (5)
1605 3114 1712 3155 non
1769 3115 1884 3156 me—

280 3184 488 3240 rcbaris
516 3203 530 3252 ;
563 3187 788 3243 amisisti
817 3191 962 3244 enim
993 3190 1136 3260 quod
1159 3205 1467 3260 acceperas.
1499 3190 1555 3245 Si
1587 3191 1681 3247 tibi
1708 3191 1878 3248 indul-

279 3279 458 3351 gentia
483 3280 695 3336 Domini
722 3283 1112 3351 accommodat,
1130 3283 1273 3340 unde
1300 3284 1553 3340 restituas
1574 3285 1716 3355 quod
1745 3285 1882 3340 ami-

277 3384 432 3426 seras
459 3412 476 3440 ,
506 3371 700 3428 iterato
728 3371 990 3428 beneﬁcio
1011 3382 1197 3445 gratus
1221 3383 1362 3441 esto,
1409 3370 1610 3430 nedum
1653 3375 1873 3446 amplia~

280 3473 374 3521 to:
406 3465 579 3537 majus
606 3476 689 3523 est
711 3467 856 3523 enim
899 3467 1210 3536 restituere,
1239 3483 1398 3540 quam
1425 3467 1594 3525 dare:
1626 3470 1879 3540 quoniam

278 3556 530 3614 miserius
554 3566 640 3614 est
678 3558 978 3630 perdidisse
1022 3559 1115 3630 (f),
1145 3575 1304 3631 quam
1327 3561 1548 3618 omnino
1588 3575 1697 3619 non
1726 3576 1882 3620 acce-

277 3647 443 3720 pisse.
476 3648 669 3708 Verum
696 3666 804 3708 non
839 3651 1022 3710 statim
1055 3651 1414 3712 succideudus
1439 3668 1503 3711 ac
1530 3653 1873 3712 subruendus

2001 1887 2144 1944 dem.
2199 1885 2316 1944 Non
2355 1886 2769 1944 comminaretur
2816 1896 2996 1943 autem
3055 1903 3159 1945 non
3214 1887 3510 1958 pmnitenti,
3555 1888 3600 1942 si

2000 1996 2106 2036 non
2137 1984 2436 2053 ignosceret
2480 1981 2775 2052 pmnitenti.
2811 1981 3061 2047 Dubimn,
3118 1981 3162 2035 si
3215 1996 3320 2037 non
3371 1989 3426 2036 et
3470 1981 3598 2036 alibi

1999 2074 2137 2131 hanc
2157 2075 2453 2131 eletnentire
2478 2090 2588 2130 sum
2606 2074 2971 2146 profusionem
2988 2074 3428 2130 demonstrasset.
3452 2073 3592 2140 Non,

1999 2167 2076 2222 ait
2097 2166 2396 2237 (Jer.,VIll,
2425 2167 2494 2232 li;
2522 2167 2672 2236 Osee,
2692 2167 2779 2233 Vl,
2811 2167 2891 2238 6),
2910 2169 2994 2239 qui
3016 2167 3266 2231 ceciderit,
3286 2176 3530 2239 resurget,
3551 2177 3599 2221 et

1991 2261 2078 2332 qui
2105 2270 2363 2315 aversatus
2391 2261 2546 2332 fuerit
2561 2263 2908 2317 convertatur?
2935 2261 3028 2317 Ille
3048 2270 3128 2318 est
3149 2261 3375 2327 scilicet,
3404 2261 3492 2318 ille
3515 2269 3599 2317 est

1991 2353 2080 2424 qui
2104 2352 2504 2408 ntisericordiam
2523 2355 2711 2407 mavult
2732 2369 2884 2422 quam
2910 2354 3161 2422 sacriﬁcia
3184 2353 3295 2423 (6).
3330 2351 3600 2408 Lwtantur

1990 2447 2124 2514 caeli,
2149 2455 2196 2501 et
2212 2447 2300 2519 qui
2316 2446 2422 2502 illic
2437 2447 2640 2518 Angeli,
2667 2448 2961 2518 paenitentia
2983 2449 3200 2503 hominis
3231 2446 3469 2518 (Mallia,
3503 2447 3592 2514 IX,

1993 2539 2107 2611 I3).
2141 2539 2284 2595 Heus
2321 2550 2398 2604 tn,
2430 2549 2697 2611 peccator,
2729 2541 2871 2595 bono
2895 2541 3074 2595 animo
3101 2541 3195 2605 sis,
3227 2540 3380 2596 vides
3411 2540 3500 2595 ubi
3528 2541 3596 2596 de

1991 2639 2087 2686 tuo
2116 2631 2286 2687 reditu
2315 2633 2392 2700 (7)
2431 2631 2746 2702 gaudeatur.
2780 2631 2916 2700 Quid
2944 2632 3030 2686 illa
3060 2632 3468 2688 similitudinum
3491 2632 3594 2687 do-

1988 2724 2308 2780 n'tiniearunt
2358 2734 2670 2794 argumenta
2718 2724 2874 2778 nobis
2938 2724 3156 2778 volunt?
3201 2724 3354 2793 Quod
3402 2725 3594 2780 mulier

1988 2816 2298 2872 drachmam
2332 2817 2565 2887 perdidit
2589 2826 2642 2872 et
2697 2818 2940 2888 requirit,
2975 2828 3028 2872 et
3057 2819 3274 2888 reperit,
3309 2828 3360 2874 et
3391 2817 3592 2872 amicas

1985 2909 2052 2965 ad
2080 2909 2330 2981 gaudium
2360 2908 2564 2978 invitat,
2598 2925 2776 2966 nonne
2817 2911 3049 2966 restituti
3079 2911 3372 2981 peccatoris
3401 2928 3588 2967 exeru-

1987 3005 2134 3075 plum
2155 3005 2275 3060 est?
2303 3003 2465 3060 Errat
2487 3014 2543 3061 et
2571 3019 2674 3060 una
2705 3005 2933 3075 pastoris
2963 3003 3046 3078 (8)
3073 3005 3303 3072 avicula,
3331 3005 3426 3062 sed
3460 3019 3589 3076 grex

1991 3111 2092 3150 una
2119 3096 2301 3152 carior
2339 3112 2445 3150 non
2490 3104 2652 3152 erat:
2691 3110 2795 3151 una
2822 3095 2912 3150 illa
2951 3096 3304 3166 conquiritur,
3346 3110 3450 3150 una
3494 3111 3590 3165 pro

1988 3187 2239 3243 omnibus
2265 3185 2622 3255 desideratur,
2650 3196 2704 3241 et
2735 3185 2950 3242 tandem
2979 3186 3268 3251 invenitur,
3295 3194 3350 3242 et
3396 3186 3588 3241 hume-

1987 3281 2060 3336 ris
2105 3281 2338 3353 pastoris
2379 3279 2545 3350 ipsius
2585 3279 2813 3336 refertur
2843 3296 2858 3334 :
2890 3279 3114 3336 multum
3161 3279 3307 3335 enim
3359 3280 3588 3336 errando

1984 3374 2338 3430 laboraverat.
2369 3375 2523 3430 Illum
2542 3374 2712 3431 etiam
2754 3373 3097 3429 mitissimum
3126 3383 3333 3444 patrem
3369 3388 3474 3428 non
3507 3385 3588 3428 ta-

1983 3467 2138 3538 cebo,
2166 3468 2254 3540 qui
2294 3466 2571 3538 prodigum
2617 3465 2783 3520 ﬁlium
2831 3475 3066 3531 revocat,
3099 3473 3153 3521 et
3193 3473 3314 3536 post
3352 3464 3585 3535 inepiam

1982 3563 2330 3634 paenitentctn
2387 3559 2467 3634 (9)
2514 3559 2688 3615 libens
2754 3557 3017 3629 suscipit,
3073 3557 3316 3613 immolat
3359 3556 3584 3612 vitulum

1981 3657 2353 3730 praeopimum,
2394 3655 2640 3713 convivio
2683 3653 2936 3726 gaudium
2960 3669 3119 3712 suum
3138 3663 3387 3711 exornat.
3410 3651 3582 3722 Quid.

1521 3774 1897 3838 LECTIONES
1929 3774 2342 3838 VARIANTES.

338 3882 384 3949 (ί
396 3882 414 3948 )
435 3884 686 3949 Baptismo
707 3882 907 3939 scilicet.

434 3943 806 4022 genditionibus
827 3951 929 4004 alii.
956 3950 1144 4007 Pamel.
1171 3952 1222 4005 in
1245 3950 1356 4007 trib.
1380 3951 1530 4007 codd.

336 4007 412 4126 (ὅ)
434 4011 540 4061 Non
558 4011 690 4085 abest
711 4011 821 4080 Rig.

363 4073 412 4127 4)
444 4072 654 4126 Domrno
677 4075 820 4127 seml.

337 4076 391 4126 H
444 4076 654 4126 Domino
677 4076 820 4128 sem'l.

334 4076 412 4202 (ﬁl
433 4136 634 4189 Sardios
654 4137 820 4195 Paris.
843 4143 999 4194 Fran.

2065 3890 2118 3942 6)
2142 3889 2448 3941 Sacriﬁcium
2471 3890 2624 3940 Fran.

2066 3949 2120 4004 7i
2146 3953 2324 4004 Reditu
2345 3952 2509 4002 aberat
2532 3965 2564 4002 a
2588 3949 2739 4003 Rhcn.

2063 4011 2115 4083 8)
2140 4017 2331 4083 fastori
2355 4011 2531 4083 Rigalt.
2625 4075 2636 4083 _
2794 4079 2819 4083 μ
2903 4077 2930 4083 Α
3050 4076 3085 4083 _
3231 4077 3265 4083 _
3339 4071 3349 4082 ,
3429 4073 3472 4083 Α

2063 4018 2094 4066 8
2140 4018 2331 4066 Pastori
2355 4018 2531 4083 Rigalt.
3339 4071 3349 4082 '
3464 4073 3472 4083 .

2040 4018 2115 4144 (9)
2140 4079 2487 4132 Paenitentiam
2510 4075 2653 4130 Seml.
2674 4077 3015 4142 paenitentiam
3042 4076 3196 4129 Fran.
3222 4077 3391 4128 Part5.
3419 4071 3576 4141 Rtgul.

1645 4252 2207 4314 COMMENTARIUS.

269 4373 362 4418 aut
387 4363 655 4435 quomodo
673 4364 981 4435 accipienda
1009 4366 1110 4420 sint
1128 4367 1293 4421 nostri
1318 4365 1579 4422 duntaxat
1603 4366 1674 4424 sit
1703 4370 1860 4424 insti-

268 4435 368 4490 tuti
397 4434 644 4491 cdocere.
676 4434 802 4490 Haec
836 4437 994 4506 igitur
1014 4439 1241 4506 quotiens
1265 4439 1540 4507 ignoscitur
1565 4441 1632 4494 ita
1645 4441 1860 4496 intelli-

1968 4369 2270 4440 Neptunnnt
2301 4372 2520 4426 acc'usat
2546 4411 2560 4435 ,
2593 4367 2681 4439 qtti
2711 4367 2904 4423 iterum
2935 4367 3268 4438 naufragium
3301 4363 3446 4421 facit.
3474 4366 3576 4440 Ye-

1964 4438 2152 4498 nttstus
2173 4457 2303 4497 vero
2325 4455 2525 4506 sermo,
2552 4438 2700 4505 cum,
2729 4440 2898 4510 inquit
2924 4481 2939 4505 ,
2995 4440 3274 4507 repudium
3297 4448 3351 4492 et
3379 4438 3496 4510 navi
3521 4445 3574 4492 et

265 4521 362 4575 gas
398 4507 558 4591 quasi
592 4517 726 4591 Ipost
774 4508 1062 4591 secundum
1113 4511 1489 4591 ῃσεῃὶιειμιξίυῃ
1531 4511 1666 4567 alius
1709 4521 1855 4568 esset
1880 4528 1932 4591 D
1957 4515 2094 4591 _tn:_t_ri
2121 4507 2972 4591 dieunt,_translationehsumpta
3106 4508 3486 4591 his_qu'i'nlxori
3513 4510 3575 4591 li-

267 4578 739 4652 ptnnitendiloeus
760 4619 773 4641 ,
800 4579 893 4652 sed
924 4579 1055 4652 nihil
1085 4579 1226 4634 aliud
1256 4581 1420 4635 voluit
1441 4582 1619 4637 dicere
1642 4623 1656 4647 ,
1689 4599 1849 4652 quam

269 4649 479 4705 tametsi
509 4649 686 4719 aliqua
717 4658 837 4718 post
865 4651 1184 4718 baptismum
1222 4667 1348 4721 Spes
1375 4653 1543 4707 veniae
1569 4649 1802 4720 supersit
1833 4696 1846 4718 ,

263 4729 321 4775 et
348 4721 579 4776 secunda
607 4731 768 4792 atque
799 4723 983 4776 ultima
1013 4723 1336 4778 concedatur
1381 4726 1716 4792 paenitentia,
1777 4737 1856 4780 ta-

264 4807 388 4848 men
416 4808 605 4849 rursus
649 4794 974 4862 pcecandum
1022 4809 1126 4848 non
1167 4809 1286 4849 esse
1335 4805 1454 4865 post
1495 4795 1852 4864 baptismum;

264 4877 388 4918 nam
428 4866 696 4938 sexcentis
747 4865 912 4930 locis,
967 4880 1072 4938 non
1115 4866 1286 4921 dicam
1335 4866 1434 4921 hoc
1471 4869 1667 4938 capite,
1694 4885 1855 4924 unam

265 4944 474 5010 tantum
495 4936 578 5010 ait
603 4951 634 4990 a
665 4936 878 5010 lavacro
907 4937 1117 5010 veniam
1148 4952 1452 5010 superesse,
1484 4936 1656 5010 neque
1686 4942 1856 4997 nllmu

265 5007 452 5082 primis
494 5006 596 5062 illis
630 5008 962 5082 temporibus
985 5009 1124 5082 inter
1171 5009 1427 5078 privatam
1455 5006 1853 5082 aut—publicam

261 5079 573 5152 graviorum
603 5078 888 5152 criminum
915 5080 1205 5135 discrimen
1250 5090 1517 5136 occurret.
1546 5078 1726 5152 Itaque
1768 5085 1856 5138 illa

263 5150 474 5222 totiens,
489 5160 552 5222 et
569 5152 818 5220 quotiens
844 5151 1096 5206 dicuntur
1115 5193 1130 5218 ,
1158 5161 1308 5208 recte
1329 5153 1396 5206 de
1417 5153 1620 5210 duabus
1640 5150 1819 5210 Vveniis
1839 5195 1854 5222 ,

263 5230 324 5276 ut
351 5223 418 5276 ita
447 5220 654 5296 dicam,
679 5223 974 5296 etgtotidem
1003 5225 1260 5295 peccatis,
1295 5223 1364 5278 de
1395 5225 1457 5278 iis
1483 5226 1706 5290 scilicet,
1737 5220 1858 5296 qua:

259 5303 388 5364 ante
416 5293 528 5348 sive
565 5305 686 5363 post
738 5293 1058 5364 baptismum
1114 5295 1546 5351 remittebantur.
1587 5293 1856 5352 Caeterum

261 5362 520 5421 Ecclesia:
549 5362 822 5420 universm‘
866 5365 1006 5421 hanc
1046 5365 1210 5422 fuisse
1247 5367 1566 5422 sententiam
1587 5365 1690 5434 lvel
1720 5367 1857 5423 hanc

261 5437 704 5492 consuetudinem
728 5438 780 5492 iu
803 5437 1050 5494 omnibus
1073 5439 1295 5494 omnino
1315 5437 1571 5494 Ecclesiis
1600 5439 1858 5495 observa-

263 5515 370 5562 tam
396 5507 580 5572 fnisse,
613 5523 720 5564 non
749 5509 924 5564 ausim
951 5509 1240 5566 afﬁrmare.
1268 5514 1494 5565 Aurasr.

333 5580 412 5650 (a)
455 5577 712 5653 Hactenus
735 5579 1028 5650 periculosis
1055 5582 1381 5653 nosmetipsos
1405 5582 1699 5653 inferamus.
1721 5580 1856 5640 Hac-

258 5651 518 5726 tenus,__id
559 5661 661 5726 est,
695 5667 962 5726 nunquam
995 5652 1235 5726 posthac.
1265 5651 1384 5710 Rm.

332 5722 411 5792 (h)
439 5721 722 5792 Repudium
749 5734 795 5780 et
821 5720 950 5779 'navi
978 5720 1042 5797 et
1075 5724 1208 5797 mari
1243 5726 1440 5782 dicunt.
1469 5723 1600 5780 Nam
1618 5768 1633 5792 ,
1684 5720 1855 5797 inquit

261 5791 640 5865 Bhenanus,ut
651 5797 882 5869 estapud
895 5795 1590 5871 PubliumMimograpbum:
1609 5791 1853 5871 improbe

1957 4585 2150 4642 bellmn
2175 4571 2392 4657 .repu'dii
2434 4585 2686 4657 mittunt,_
2722 4571 2979 4657 Similiter
3024 4581 3120 4636 lib.
3165 4571 3245 4636 de"
3273 4571 3408 4634 Hab‘.
3439 4582 3568 4635 mnl.

1957 4671 2074 4725 Cap.
2104 4654 2460 4726 L'repudium
2488 4655 2600 4712 mli
2637 4654 2791 4709 dixit.
2826 4655 2962 4709 Pan.

2033 4721 2108 4798 (e)
2143 4721 2400 4783 Pereersis
2426 4725 2805 4782 traditionibus.
2835 4726 2962 4780 Mss.
2996 4733 3106 4778 tres
3131 4721 3461 4798 conditionib.
3498 4724 3568 4778 Il-

1959 4793 2051 4854 lud
2080 4793 2254 4856 tamen
2278 4801 2445 4869 magis
2475 4799 2652 4866 placet
2676 4839 2689 4862 ,
2717 4805 2777 4852 ut
2804 4805 2923 4869 agat
2952 4793 3566 4869 contralllontanistns,

1960 4870 2052 4941 qui
2084 4871 2348 4941 perversis
2369 4865 2754 4926 traditionibus
2801 4865 2910 4921 suis
2944 4866 3011 4941 de
3049 4865 3196 4941 pulla
3247 4875 3366 4934 post
3393 4866 3562 4941 bapti-

1965 4936 2140 4997 smum
2175 4942 2486 5011 ptenitentia
2509 4982 2523 5001 ,
2567 4956 2594 4992 a
2650 4942 2735 4993 via
2765 4936 3128 5011 certaﬁdeles
3157 4936 3563 5007 detorquebant.

1963 5013 2040 5068 Eo
2068 5009 2246 5068 autem
2276 5013 2414 5082 quod
2454 5011 2640 5075 addit,
2697 5009 2964 5082 perversis
2987 5050 3000 5074 ,
3028 5017 3177 5078 patet
3225 5022 3355 5082 non
3379 5023 3566 5082 omnes

1961 5087 2030 5138 ab
2052 5078 2622 5155 Auctore'traditiones
2644 5078 2974 5155 itnpugpari;
3000 5095 3184 5155 verum
3206 5080 3278 5155 de
3308 5078 3391 5155 his
3409 5080 3568 5134 latius

1962 5156 2055 5211 lib.
2085 5156 2153 5210 de
2179 5156 2302 5210 Cor.
2333 5154 2446 5209 mil.
2483 5154 2570 5209 ubi
2597 5149 2795 5209 multas
2817 5150 3076 5208 Ecclesia:
3103 5149 3418 5206 traditiones
3443 5164 3564 5222 pro-

1963 5226 2075 5283 bat.
2109 5227 2250 5284 Pan.

2036 5298 2114 5370 (d)
2140 5296 2416 5354 Collocavit
2437 5297 2488 5370 in
2510 5295 2770 5370 vestibulo.
2801 5292 3164 5370 Consuetudo
3192 5301 3246 5349 et
3269 5295 3405 5348 ritus
3442 5302 3561 5370 erat

1974 5365 2055 5422 ut'
2084 5365 2404 5439 poenitentes
2443 5368 2496 5422 in
2547 5366 2809 5423 vestibulo
2853 5365 3096 5423 ecclesiae
3143 5373 3460 5433 manerent,
3497 5365 3564 5422 ad

1960 5455 2120 5511 quem
2147 5441 2384 5511 reSpicit.
2421 5441 2651 5496 ALBASP.

2034 5513 2111 5582 (e)
2143 5509 2248 5566 Sed
2289 5511 2510 5582 amplius
2559 5525 2846 5582 nunquam.
2884 5509 3022 5581 Ergo
3066 5523 3166 5564 una
3195 5515 3400 5564 tantum
3447 5517 3566 5564 erat

1959 5581 2423 5654 post'baptismnm
2455 5583 2786 5651 paenitentia.
2823 5581 3052 5637 Aesasr.

2029 5651 2092 5724 (Γ)
2134 5652 2371 5709 Miserius
2413 5650 2485 5710 est
2530 5654 2809 5724 perdidisse
2835 5669 2988 5722 quam
3011 5693 3027 5724 ρ
3060 5659 3164 5707 etc.
3195 5650 3438 5724 Miserius
3476 5660 3563 5706 est

1956 5721 2126 5782 multo
2150 5725 2376 5782 salutem
2415 5721 2572 5798 quam
2602 5721 2854 5796 accepisti
2887 5721 3150 5798 baptismo
3180 5721 3404 5798 perdere
3428 5737 3559 5794 pcco

1955 5798 2146 5868 cando,
2175 5811 2335 5870 quam
2360 5792 2579 5857 omnino
2605 5792 2862 5857 eam—non
2888 5792 3188 5866 acoepisse.
3213 5792 3444 5852 Αωλειιζ
