4068 6352
166 311 307 378 1245

1401 302 1607 362 LIBER
1643 301 1734 362 DE
1771 297 2246 366 PCENITENTIA.

3323 301 3467 364 1246

165 437 300 496 tant,
326 433 381 484 et
419 425 490 483 ita
517 438 640 485 eum
685 425 1053 486 erubescentia
1081 438 1174 483 sua
1196 432 1446 499 pereunt.
1476 425 1761 482 lntoleran-
1789 425 1841 486 A
1867 422 1964 480 sed
1995 423 2083 480 ubi
2115 421 2481 494 paenitendum
2530 427 2612 480 est
2650 420 2730 496 (5)
2761 420 2964 482 deserit
3011 419 3266 480 miserum
3293 439 3308 477 :
3340 422 3466 496 quia

165 522 289 578 dum
326 519 530 578 scilicet
564 521 780 592 pudori,
821 520 1048 577 Domino
1085 519 1294 576 offenso
1325 519 1654 585 satisfacere,
1683 533 1762 573 sa-

164 614 256 670 luti
281 614 549 685 prodactae
576 614 857 672 reformari
884 612 982 688 (α).
1009 613 1099 670 Na:
1130 623 1184 668 ιιι
1208 611 1531 671 verecundia
1559 612 1756 678 bonus,

167 707 234 761 ad
275 705 695 778 delinquendum
733 707 1042 778 espandens
1078 707 1334 776 frontem,
1363 707 1431 762 ad
1460 703 1754 776 deprecan-

163 799 289 856 dum
331 814 461 855 vero
503 799 830 858 subdueens.
859 799 974 871 Ego
1003 799 1188 857 rubori
1225 800 1400 856 locum
1433 813 1540 854 non
1584 796 1759 863 facio,

164 906 284 947 cum
329 890 451 961 plus
494 890 563 948 de
605 891 930 948 detrimento
955 891 1073 964 ejus
1096 891 1317 963 acquiro
1342 933 1357 959 ,
1390 888 1469 962 (l)
1491 904 1613 945 cum
1647 888 1762 960 ipse

164 983 436 1040 hominem
459 983 854 1056 quodammodo
871 984 1206 1051 exhortatur,
1222 983 1301 1041 Ne
1324 999 1411 1041 me
1438 982 1762 1056 reSpexeris,

164 1078 372 1147 dicens,
397 1093 494 1150 per
516 1087 569 1134 te
587 1078 717 1133 mihi
741 1078 935 1134 melius
959 1087 1041 1134 est
1067 1078 1262 1148 perire.
1290 1076 1450 1135 Certe
1467 1075 1764 1148 periculum

161 1170 275 1242 ejus
305 1179 455 1239 tunc,
485 1171 530 1225 si
561 1168 723 1239 forte,
754 1184 1040 1226 onerosum
1069 1179 1172 1237 est,
1201 1184 1321 1225 cum
1351 1183 1516 1240 penes
1542 1167 1764 1223 insulta-

160 1271 308 1320 turos
335 1263 392 1318 in
420 1263 700 1336 risiloquio
729 1264 995 1329 consistit,
1038 1263 1126 1320 ubi
1159 1262 1224 1320 dc
1255 1261 1476 1319 alterius
1505 1262 1656 1318 ruina
1681 1261 1764 1316 al—

159 1368 238 1415 ter
265 1358 558 1426 attollitur,
583 1359 674 1415 ubi
703 1367 974 1429 prostrato
1000 1356 1462 1429 superseenditur.
1495 1355 1762 1412 Caeterum

154 1455 292 1510 inter
316 1452 518 1509 fratres
548 1461 706 1525 atque
725 1468 1036 1521 conservos,
1064 1453 1154 1508 ubi
1178 1452 1480 1509 communis
1505 1451 1586 1523 (ἳ)
1613 1465 1761 1522 spes,

154 1557 347 1614 metus,
377 1545 653 1618 gaudium,
676 1546 852 1614 dolor,
875 1546 1053 1624 passio
1069 1546 1211 1619 (quia
1228 1545 1528 1603 communis
1545 1543 1765 1616 spiritus

156 1642 220 1698 de
249 1640 527 1697 communi
555 1642 780 1697 Domino
818 1652 871 1698 et
910 1641 1115 1712 Patre),
1143 1640 1272 1712 quid
1303 1649 1357 1696 tu
1387 1640 1486 1696 bos
1512 1640 1590 1712 (5)
1616 1637 1765 1696 aliud

159 1750 315 1808 quam
352 1743 410 1790 te
457 1734 696 1806 opinaris
743 1734 864 1807 (b)?
905 1734 1044 1804 Quid
1084 1743 1368 1790 consortes
1407 1749 1624 1790 casuum
1654 1742 1765 1788 tuo-

1863 516 2061 574 factum
2111 525 2197 574 est
2249 517 2503 573 salutare.
2549 516 2804 574 Miserum
2833 525 2918 574 est
2945 517 3115 574 secari
3146 524 3199 574 et
3226 517 3465 576 cauterio

1863 610 2046 677 exuri,
2079 621 2133 666 et
2174 610 2408 682 pulveris
2453 596 2694 681 alicujus
2724 609 3075 667 mordacitate
3099 609 3179 684 (6)
3201 609 3462 668 cruciari:

1864 710 2043 759 tamen
2084 719 2202 776 quae
2243 719 2340 775 per
2384 704 2760 762 insuavitatem
2815 704 3128 774 medentur,
3157 715 3212 764 et
3257 705 3465 762 emolu-

1864 809 2048 854 mento
2077 797 2368 854 curationis
2393 797 2652 855 offensam
2691 799 2773 855 sui
2821 807 3110 868 excusant,
3142 808 3198 856 et
3226 815 3466 871 praesen-

1868 898 1978 946 tem
2007 891 2256 962 injuriam
2288 899 2694 963 superventurte
2725 891 2970 949 utilitatis
2997 890 3164 966 gratia
3188 907 3465 951 commeo-

1869 982 2017 1042 dant.

2489 1077 2717 1136 CAPUT
2757 1079 2852 1135 XI.

1941 1169 2078 1241 Quid
2105 1169 2151 1226 si
2181 1181 2379 1243 praeter
2406 1171 2666 1243 pudorem
2691 1215 2706 1242 ,
2738 1189 2900 1246 quem
2934 1179 3198 1247 potiorem
3230 1183 3459 1247 putant,

1869 1263 2029 1320 etiam
2044 1264 2396 1322 incommoda
2415 1268 2656 1339 corporis
2681 1268 3054 1338 reformident,
3077 1269 3216 1342 quod
3244 1271 3463 1338 inlotos,

1867 1357 2008 1431 quod
2058 1359 2432 1428 sordulentos,
2472 1361 2614 1433 quod
2661 1372 2811 1420 extra
2853 1363 3095 1419 ltetitiam
3143 1363 3215 1434 (f)
3257 1373 3470 1436 oportet

1868 1452 2141 1508 deversari
2166 1495 2182 1521 ,
2210 1454 2262 1508 in
2290 1453 2657 1524 asperitudinc
2684 1455 2859 1520 sacci,
2892 1464 2947 1511 et
2977 1455 3204 1511 horrore
3226 1457 3426 1512 cineris
3447 1498 3466 1524 ,

1868 1553 1923 1600 et
1951 1545 2064 1600 oris
2093 1531 2159 1599 de
2184 1545 2394 1615 jejunio
2422 1546 2657 1602 vanitate
2697 1546 2775 1620 (g)
2801 1547 2823 1602 ?
2852 1547 2992 1602 Num
3039 1563 3168 1618 ergo
3197 1549 3251 1601 in
3289 1547 3467 1602 cocci-

1869 1653 1941 1694 no
1974 1637 2054 1711 (Ιι)
2078 1648 2132 1694 et
2155 1637 2316 1712 Tyrio
2347 1639 2406 1710 (i)
2442 1655 2537 1704 pro
2563 1641 2772 1696 delictis
2813 1642 3113 1712 supplicare
3143 1657 3241 1698 nos
3265 1642 3468 1698 conde—

1869 1733 1992 1788 cet?
2017 1730 2165 1789 Cedo
2192 1747 2348 1787 acum
2382 1733 2621 1789 crinibus
2652 1734 3048 1805 distinguendis
3072 1775 3086 1800 ,
3110 1744 3164 1790 et
3191 1735 3468 1805 pulverem

156 1803 272 1885 rum
301 1827 402 1900 (e),
451 1803 511 1881 ut
554 1803 851 1898 plausores,
877 1803 1056 1898 fugis?
1099 1826 1215 1882 Non
1263 1834 1440 1896 potest
1477 1839 1671 1896 corpus
1699 1823 1766 1881 de
1794 1803 1842 1865 Β
1871 1825 2124 1884 dentibus
2154 1825 2439 1881 elimandis
2465 1825 2535 1898 (j)
2555 1868 2569 1892 ,
2600 1835 2655 1884 ct
2695 1803 2962 1884 bisulcam
2996 1803 3205 1898 aliquid
3229 1828 3355 1884 ferri
3387 1830 3472 1885 vel

158 1922 311 1977 unius
358 1919 592 1976 membri
644 1921 932 1976 vexatione
983 1920 1165 1975 ltetum
1221 1933 1382 1990 agere
1427 1937 1440 1970 ε
1483 1918 1769 1974 condoleat

158 2014 502 2081 universum,
533 2020 586 2068 et
611 2012 678 2067 ad
706 2011 1004 2068 remedium
1033 2011 1365 2078 conlaboret,
1411 2026 1633 2068 necesse
1659 2019 1760 2068 est.

156 2106 212 2163 In
241 2122 345 2164 uno
383 2115 442 2163 et
467 2107 637 2163 altero
666 2105 910 2163 Ecclesia
938 2115 1038 2171 est,
1074 2105 1313 2162 Ecclesia
1346 2121 1474 2162 vero
1497 2105 1762 2161 Christus.

160 2201 298 2271 Ergo
321 2215 451 2255 cum
491 2207 543 2255 te
568 2197 637 2254 ad
677 2197 902 2254 fratrum
942 2213 1116 2270 genua
1163 2197 1462 2270 protendis,
1490 2197 1765 2255 Christum

159 2286 488 2358 contrectas,
533 2289 806 2346 Christum
833 2304 1045 2346 exoras.
1070 2288 1244 2361 {Eque
1270 2289 1344 2344 illi
1373 2304 1492 2344 cum
1520 2305 1682 2360 super
1713 2299 1794 2371 te.

161 2388 424 2459 lacrymas
475 2394 658 2456 agunt,
703 2384 948 2440 Christus
997 2383 1211 2456 patitur,
1254 2382 1497 2440 Christus
1548 2384 1761 2441 Patrem

161 2478 503 2549 deprecatur.
555 2477 735 2535 Facile
782 2478 1098 2548 impetratur
1141 2491 1376 2548 semper,
1435 2477 1576 2548 quod
1624 2478 1763 2538 filius

162 2570 410 2642 postulat.
477 2569 690 2625 Grande
747 2572 905 2640 plane
949 2567 1375 2624 emolumentum
1423 2570 1762 2626 verecundia:

164 2663 452 2718 occultatio
477 2662 656 2718 delicti
681 2662 982 2736 pollicetur.
1001 2662 1265 2718 Videlicet
1289 2663 1334 2718 si
1356 2662 1482 2734 quid
1513 2664 1761 2722 humanae

164 2757 362 2812 notitia:
390 2755 837 2823 subduxerimus,
876 2755 1099 2826 proinde
1141 2766 1196 2812 et
1224 2757 1390 2812 Deum
1423 2757 1763 2814 celabimus?

164 2848 380 2904 Adeone
401 2847 732 2903 existimatio
757 2847 1033 2908 hominum
1056 2856 1110 2903 et
1136 2848 1232 2904 Dei
1255 2849 1586 2905 conscientia
1612 2865 1762 2906 com-

165 2940 454 3014 parantur?
498 2941 581 2996 An
631 2941 828 2997 melius
875 2951 958 2996 est
1005 2940 1317 2996 damnatum
1365 2941 1551 3008 latere,
1603 2959 1766 3014 quam

165 3007 335 3104 palam
359 3007 564 3092 absolvi
597 3035 715 3107 (d)?
747 3035 998 3090 Miserum
1028 3044 1106 3091 est
1135 3036 1214 3090 sic
1238 3035 1306 3091 ad
1351 3007 1766 3110 Exomologesin

1871 1922 1997 1979 teris
2035 1922 2302 1994 unguibus
2348 1922 2764 1993 repastinendis.
2794 1922 2850 1980 Si
2877 1922 3004 1994 quid
3037 1923 3145 1978 ficti
3173 1923 3396 1988 nitoris,
3425 1923 3472 1979 si

1871 2014 2003 2088 quid
2029 2012 2202 2071 coacti
2233 2014 2446 2074 ruboris
2466 2056 2483 2084 ,
2510 2014 2562 2070 in
2604 2014 2743 2070 labia
2783 2025 2870 2070 aut
2900 2029 3064 2086 genas
3091 2023 3292 2086 urgeat.
3328 2014 3473 2070 Prte-

1874 2121 2022 2168 terea
2041 2109 2310 2181 exquirite
2337 2109 2556 2166 balneas
2587 2109 2826 2166 iratiores
2852 2108 3119 2164 hortulani
3145 2108 3472 2164 maritimive

1872 2217 2152 2261 secessus:
2179 2202 2396 2274 adjicito
2438 2203 2504 2258 ad
2548 2211 2856 2274 sumptum;
2889 2201 3196 2274 conquirito
3244 2201 3472 2258 altilium

1869 2312 2148 2354 enormem
2189 2296 2465 2368 saginam;
2505 2293 2749 2353 defccato
2777 2303 3115 2352 senectutem
3143 2293 3274 2348 vini.
3303 2293 3471 2348 Cum-

1870 2405 1975 2461 que
2002 2389 2122 2460 quis
2153 2389 2528 2460 interrogarit,
2566 2388 2780 2444 cuinam
2807 2402 2869 2443 ea
2909 2386 3153 2458 largiaris
3184 2385 3257 2457 (k)
3285 2404 3299 2440 :
3333 2386 3472 2441 Deli-

1867 2483 1980 2555 qui,
2009 2483 2192 2547 dicito,
2224 2482 2278 2537 in
2303 2482 2492 2548 Deum,
2524 2490 2587 2536 et-
2608 2480 2882 2550 periclitor
2908 2479 2961 2534 in
2990 2489 3250 2534 aeternum
3272 2477 3470 2548 perire.

1867 2575 2052 2645 Itaque
2079 2589 2220 2630 nunc
2249 2574 2492 2645 pendeo,
2533 2582 2590 2628 et
2634 2587 2910 2638 maceror,
2955 2580 3011 2627 et
3049 2571 3369 2636 excrucior,
3417 2578 3475 2625 ut

1868 2668 2036 2724 Deum
2069 2667 2409 2724 reconciliem
2441 2665 2594 2732 mihi,
2617 2679 2776 2736 quem
2809 2663 3174 2734 delinquendo
3201 2661 3336 2718 lzesi.
3363 2662 3468 2718 Sed

1866 2759 2011 2818 enim
2053 2760 2207 2828 illos,
2251 2760 2340 2831 qui
2384 2758 2588 2814 ambitu
2613 2758 2690 2829 (7)
2730 2757 2931 2813 obeunt
2959 2756 3271 2827 capessendi
3303 2755 3472 2826 magi-

1867 2865 2099 2922 stratus,
2129 2869 2302 2926 neque
2332 2854 2532 2926 pudet,
2565 2869 2740 2925 neque
2771 2853 2918 2923 piget
2957 2850 3312 2942 incorrwtodis
3352 2851 3468 2905 ani-

1869 2965 1971 3006 mae
1996 2958 2050 3006 et
2075 2948 2350 3020 corporis,
2383 2962 2484 3003 nec
2513 2944 2873 3002 incommodis
2919 2952 3127 3000 tantum
3147 2986 3164 3013 ,
3195 2958 3384 3000 verum
3415 2951 3469 2999 et

1871 3043 2207 3100 contumeliis
2235 3041 2484 3098 omnibus
2510 3041 2638 3097 eniti
2672 3040 2725 3094 in
2747 3052 2935 3096 caussa
2960 3047 3201 3094 votorum
3227 3051 3468 3093 suormn.

165 3133 446 3203 pervenire
474 3129 568 3205 (e).
596 3131 736 3187 Malo
762 3133 906 3188 enim
934 3129 999 3186 ad
1023 3130 1297 3188 miseriam
1321 3130 1398 3202 (4)
1422 3133 1755 3204 pervenitur,
1785 3123 1830 3188 C
1864 3134 2007 3204 Quas
2051 3149 2156 3190 non
2207 3133 2567 3205 ignobilitates
2603 3131 2830 3188 vestium
2860 3129 3152 3186 affectant?
3182 3128 3312 3200 Qua:
3368 3143 3472 3184 non

1406 3245 1788 3306 LECTIONES
1817 3248 1905 3305 VA
1916 3245 2228 3307 RIANTES.

227 3363 300 3431 (1)
325 3363 452 3422 Quin
479 3359 632 3412 Latin.
658 3367 703 3412 et
725 3364 845 3414 Jun.

227 3425 300 3475 f2)
326 3427 534 3475 Snecies
557 3426 710 3475 Fran.
738 3424 852 3475 Pari

249 3425 291 3477 '2'
326 3427 534 3488 Species
557 3426 710 3475 Fran.
738 3425 894 3476 Paris.

253 3492 284 3539 5
331 3491 465 3540 Tuos
480 3486 622 3538 Seml.
645 3489 788 3551 Leop.
816 3495 870 3538 tu
893 3488 983 3537 hos
1006 3485 1114 3552 Rig.
1133 3499 1197 3537 ex
1221 3485 1328 3538 cod.
1351 3484 1451 3539 div.

226 3425 306 3619 34%
325 3553 402 3602 Ad
426 3551 674 3602 miseriam
718 3560 866 3602 Fran.
903 3550 1067 3602 Paris.
1107 3543 1276 3617 Rigalt.
1317 3563 1451 3601 amari

251 3543 302 3617 4)
325 3553 402 3602 Ad
426 3551 674 3602 miseriam
718 3543 866 3602 han.
903 3543 1090 3602 Paris."
1107 3543 1276 3617 Rigalt.
1317 3563 1486 3601 amans
1540 3553 1579 3601 si
1623 3565 1768 3616 perv.

1865 3363 2020 3418 Seml.
2046 3367 2309 3416 adventum
2329 3373 2406 3416 est
2429 3360 2609 3417 volebat
2633 3363 2779 3415 alien.
2803 3361 2963 3416 minus
2981 3363 3116 3416 bene.

1939 3428 2016 3490 (ὅ)
2041 3428 2235 3479 Desinit
2258 3430 2412 3480 Fran.
2653 3449 2656 3452 ·

1935 3484 2013 3617 (ὃ)
2033 3490 2248 3564 Cruciari
2273 3493 2427 3562 Eran.
2452 3491 2559 3556 Rig.
2584 3491 2772 3542 auxiari
2788 3484 2928 3542 Seml.

1961 3555 1988 3601 7
2019 3554 2244 3605 Ambitus
2259 3563 2366 3617 mg.

1961 3553 2244 3619 7)Ambitus
2259 3553 2366 3619 Rig.

1513 3655 2077 3718 COMMENTARIUS.

235 3777 800 3854 (alSalutiprodat-tae.
821 3774 1048 3847 Prodiga
1077 3772 1333 3846 peccandi
1363 3776 1631 3845 protervia
1649 3790 1764 3847 per-

167 3850 465 3912 ditissimm.
491 3850 611 3907 Bia.

238 3924 314 3999 (b)
334 3922 581 4007 ‘Quidﬂtn
607 3921 698 4004 fros
722 3918 1042 4007 alind'quain
1067 3927 1118 4007 te
1145 3916 1761 4007 iop‘in’arisisicll‘egri‘tur

171 3997 220 4052 in
246 3989 436 4053 codice
467 3992 843 4049 Divisionensi.
868 3989 934 4046 Et
963 4005 1083 4046 esse
1101 3989 1436 4045 verissimum
1469 3997 1616 4059 puto.
1637 3991 1758 4049 Rw.

237 4069 314 4139 (e)
346 4067 763 4139 Qttichmt‘sortes
792 4079 1003 4117 casuum
1023 4073 1248 4118 tuorum.
1293 4061 1444 4116 Hunc
1475 4063 1647 4119 locum
1679 4066 1758 4122 sic

168 4135 425 4211 expressit
590 4135 849 4211 P_a_ci_auus
898 4150 910 4187 :
945 4143 1201 4189 consortes
1227 4149 1436 4211 cqsuum
1477 4145 1757 4191 vestrorum

169 4205 338 4268 tiznere
389 4210 564 4264 nolite.
621 4205 836 4261 Nullum
887 4220 1084 4276 corpus
1123 4205 1485 4260 membrorum
1538 4220 1756 4264 suorum

167 4283 444 4340 vexatione
465 4282 675 4336 laetatur
703 4280 856 4344 fimo
885 4279 1081 4348 pariter
1097 4276 1263 4340 dolet,
1291 4286 1345 4331 et
1369 4277 1432 4330 ad
1461 4278 1758 4334 rcmedittm

166 4356 478 4411 collaborat.
505 4352 561 4408 In
592 4365 698 4405 uno
722 4359 775 4405 et
813 4350 984 4405 altero
1021 4348 1256 4404 Ecclesia
1284 4357 1386 4415 est,
1422 4349 1474 4402 in
1520 4349 1760 4406 Ecclesia

166 4441 292 4482 vero
312 4425 594 4484 Christus;
628 4433 786 4491 atque
823 4421 957 4475 adeo
982 4422 1070 4491 qui
1119 4419 1368 4474 fratribus
1408 4432 1621 4488 peccata
1664 4437 1760 4477 sua

168 4514 272 4553 non
294 4507 454 4562 tacet,
478 4495 732 4552 Ecclesize
756 4492 1008 4565 lacrymis
1034 4491 1267 4562 adjutus,
1294 4491 1492 4547 Christi
1517 4494 1764 4564 precibus

165 4570 480 4625 absolvitur.
511 4568 646 4623 Pan.

233 4641 310 4714 (d)
337 4641 506 4714 Quam
526 4640 698 4714 palam
721 4635 929 4690 absolvi.
960 4633 1139 4689 Palam
1159 4632 1375 4714 quidem
1403 4644 1456 4689 et
1478 4633 1759 4706 frequente

167 4705 400 4768 Ecclesia
424 4705 856 4773 absolvebantur,
878 4722 1060 4762 verum
1087 4707 1217 4760 satis
1244 4705 1372 4759 mihi
1418 4721 1523 4762 non
1549 4705 1760 4764 Constat

167 4782 279 4840 hanc
319 4785 385 4838 de
429 4779 805 4837 sacramentali
859 4777 1196 4849 absolutione
1241 4778 1549 4849 accipienda
1595 4794 1754 4847 esse;

167 4857 288 4924 quin
325 4857 502 4926 potius
530 4851 852 4926 conjicerem
875 4848 1606 4926 ,_de_ultitna_exornol‘ogesi,
1640 4867 1758 4926 quae

168 4919 486 4996 permoleste
518 4935 571 4981 et
618 4919 770 4995 plena
816 4919 1378 4996 pudorisvidebatur,
1410 4919 1538 4977 illud
1587 4919 1760 4996 palam

166 4989 352 5054 absolvi
388 4999 588 5054 dictum
620 4989 775 5063 esse;
817 4989 953 5048 'nam
978 4989 1103 5064 quid
1136 5001 1320 5064 posset
1341 4993 1518 5048 inesse
1540 4989 1759 5064 pudoris

168 5080 256 5124 aut
295 5068 633 5126 verecundia:
678 5069 728 5121 in
763 5062 864 5121 illa
908 5062 1289 5120 absolutione?
1317 5073 1372 5120 at
1402 5062 1608 5120 vero’in
1634 5066 1758 5121 ulti-

172 5156 256 5195 ma
282 5139 641 5210 exomologesi
671 5138 834 5210 multa
875 5135 1227 5210 occurrebant
1251 5150 1388 5210 quae
1415 5137 1530 5210 sine
1559 5138 1762 5210 pudore

167 5206 701 5284 non'poterant'ferri.
729 5210 963 5284 Primum
985 5222 1016 5263 e
1045 5206 1228 5284 limine
1249 5206 1300 5284 in
1329 5207 1558 5284 mediam
1591 5209 1765 5284 eccle-

171 5278 308 5339 siam'
347 5283 750 5339 adducebantur
778 5282 844 5336 ab
872 5282 1145 5350 episcopo,
1200 5278 1410 5350 isticiad
1440 5278 1555 5348 ejus
1603 5281 1763 5349 pedes

173 5361 422 5422 prostrati
455 5355 663 5410 veniam
695 5349 1038 5422 peceatOrum
1071 5364 1289 5422 suorum
1313 5349 1761 5420 deprecabantur,

170 5421 411 5493 precibus
424 5435 476 5481 et
504 5421 752 5493 lacrym’is
783 5425 947 5477 totius
970 5421 1313 5476 fraternitatis
1333 5423 1556 5491 gratiam
1584 5435 1633 5478 ct
1664 5426 1766 5478 mi-

176 5497 516 5553 sericordiam
548 5493 923 5560 sollicitabant,
947 5493 1160 5547 tandem
1186 5493 1238 5546 in
1266 5493 1455 5548 eodem
1474 5503 1612 5548 statu
1637 5511 1759 5564 per-

171 5579 464 5636 manentes,
485 5568 534 5624 id
563 5577 644 5624 est
673 5567 817 5621 humi
845 5565 1102 5636 jacentes,
1136 5579 1164 5636 a
1195 5564 1756 5636 peccatisliberaban-

172 5645 275 5703 tur,
305 5640 420 5696 hmc
449 5635 626 5695 Omnia
655 5635 936 5695 multisita
967 5635 1288 5707 permolesta
1319 5635 1668 5704 videbantur,
1701 5650 1760 5695 ut

173 5713 385 5781 mallent
413 5714 463 5766 in
504 5713 656 5781 culpa
709 5706 1021 5775 remanere,
1064 5721 1222 5777 quam
1253 5706 1355 5763 hoc
1402 5708 1563 5764 modo
1592 5711 1660 5766 ab
1694 5727 1757 5768 ea

175 5780 400 5838 liberari.
431 5780 657 5839 ALnasp.

247 5855 320 5926 (e)
368 5853 607 5912 Miserum
633 5863 704 5912 est
723 5854 796 5927 sic
823 5850 891 5907 ad
915 5851 1285 5924 exomologesin
1320 5855 1596 5924 pervenire.
1621 5855 1756 5915 For-

1755 6052 1783 6075 Ι

1867 3793 1954 3834 ma
2001 3776 2253 3849 loquendi
2291 3775 2708 3849 abhorrentium,
2749 3773 2988 3846 aliquid,
3034 3774 3286 3849 miserum
3351 3775 3467 3849 est!

1866 3849 1954 3906 Sic
1987 3845 2240 3904 lloratius
2279 3848 2606 3919 Deme/tendi
2644 3845 2883 3902 miserunt
2911 3855 3025 3919 ests
3059 3846 3156 3919 llic
3187 3847 3346 3916 igitur
3367 3845 3470 3919 ali-

1905 3921 1986 3976 uis
2014 3921 2313 3976 abhorrens
2343 3917 2698 3975 austeriorem
2734 3917 3029 3990 paenitendi
3071 3917 3332 3990 formam,
3365 3917 3473 3983 ait,

1893 3993 2116 4048 Miserum
2142 4004 2216 4048 est
2245 3993 2318 4048 sic
2346 3992 2413 4047 ad
2454 3989 2828 4060 exornologesin
2880 3991 3166 4060 pervenire!
3206 3989 3340 4044 lluic
3385 4005 3475 4046 re-

1862 4065 2098 4132 spondet
2147 4063 2514 4124 Tertullianus
2541 4081 2554 4129 ;
2591 4061 2734 4117 Malo
2762 4063 2894 4116 enim
2923 4061 2990 4114 ad
3019 4061 3273 4114 miseriam
3303 4077 3478 4129 perve-

1865 4138 2022 4205 nitur,
2056 4146 2187 4203 etc.,
2206 4137 2308 4190 hoc
2333 4145 2435 4201 est,
2455 4146 2693 4204 peccato.
2723 4133 2795 4192 Et
2823 4133 2960 4190 mala
2992 4141 3117 4189 sunt
3136 4149 3254 4204 quae
3283 4147 3381 4189 nos
3407 4133 3475 4190 ad

1866 4209 2137 4265 miseriam
2162 4207 2385 4264 ducunt.
2421 4207 2540 4264 Βία.

1939 4280 2089 4336 CAP.
2120 4280 2211 4336 ΧΙ.
2244 4310 2317 4324 —-
2343 4279 2408 4350 (f)
2447 4278 2613 4334 Extra
2641 4278 2884 4334 (tetitiam.
2916 4276 3031 4332 Non
3077 4275 3271 4350 licebat
3301 4278 3474 4348 paeni-

1869 4354 2106 4408 tentibus
2135 4352 2242 4408 u!lo
2273 4348 2645 4408 delectationis
2679 4363 2900 4421 genere,
2933 4364 3001 4406 ne
3025 4348 3239 4420 quidem
3269 4351 3475 4406 balneis

1868 4440 1926 4480 se
1951 4425 2241 4480 oblectare.
2271 4426 2497 4478 ΑιιιΑεΡ.

1945 4497 2024 4567 (g)
2059 4495 2177 4550 Oris
2207 4495 2270 4550 de
2289 4495 2493 4566 jejunio
2521 4493 2760 4548 vanitate.
2793 4493 3004 4567 Etenim
3027 4491 3231 4567 jejunio
3262 4492 3474 4567 nativus

1788 4589 1842 4649 D
1871 4563 1992 4649 oris
2008 4563 2468 4649 ct'forintezvigor
2497 4567 2787 4649 evanescit.
2826 4564 3021 4648 Allusit
3047 4563 3126 4649 ad
3153 4563 3302 4649 ‘i'llnd
3335 4563 3472 4644 afat-

1869 4640 2016 4707 llltl‘i,
2045 4639 2134 4706 Vl,
2159 4639 2256 4693 162
2281 4631 2567 4708 Ᾰραῖθτζουσι
2600 4643 2661 4694 τὲι
2688 4642 2914 4709 πρόσωπά.
2941 4639 3113 4692 αὐτῶν.
3153 4631 3311 4688 Vultu
3340 4635 3474 4689 ince-

1865 4712 1994 4766 dunt
2023 4711 2257 4765 evanida.
2283 4711 2406 4768 lito.

1936 4783 2017 4854 (h)
2047 4781 2112 4837 In
2157 4783 2382 4838 coccino.
2413 4783 2517 4838 Per
2542 4782 2820 4838 coccinum
2863 4778 3034 4854 inquit
3059 4775 3233 4832 Rhcn.
3253 4776 3471 4850 intelli-

1863 4855 1939 4925 git
1964 4864 2164 4925 vestem
2195 4869 2357 4909 cocco
2395 4855 2665 4918 infectam,
2693 4853 2965 4925 Martialis.
3140 4921 3151 4925 _
3261 4883 3272 4889 --

2050 4924 2253 4976 Coccina
2275 4926 2500 4979 formosae
2523 4927 2674 4977 donas
2698 4930 2752 4974 et
2776 4922 2990 4973 ianthina
3013 4921 3234 4971 moecha}.

1863 4995 2096 5054 Coccum
2154 4999 2313 5070 vulgo
2359 5013 2582 5070 granum
2627 5005 2821 5070 vocant
2861 4994 3024 5050 latine
3064 4993 3348 5050 reddentcs
3387 4999 3472 5051 τοῦ

1866 5073 2034 5124 κόκκου
2061 5067 2294 5138 grzecum
2322 5067 2658 5126 vocabulum.
2692 5067 2829 5122 Pu.

1941 5142 2002 5211 (ἰ)
2037 5137 2101 5198 Et
2122 5141 2302 5213 Tyrio.
2345 5141 2602 5213 Tyrinm,
2623 5139 2792 5209 inquit
2821 5137 2998 5213 idem_,
3035 5137 3280 5213 appellat
3305 5137 3473 5213 vesti-

1867 5207 2108 5268 mentum
2135 5207 2201 5268 ei
2225 5207 2640 5284 purpu'raTyria
2659 5207 2932 5284 constans.
2951 5207 3133 5284 Qvid.£
3152 5209 3270 5264 Sive
3293 5211 3387 5264 erit
3414 5210 3472 5284 in

1873 5285 2037 5356 Tyriis
2068 5281 2250 5356 Tyrios
2271 5281 2501 5356 tandabjs
2519 5281 2750 5336 amictus.
2781 5281 2882 5348 Qui
2903 5281 3061 5336 etiam
3093 5291 3317 5336 annotat
3344 5281 3470 5336 cedo

1871 5353 1957 5410 hic
1989 5353 2158 5426 accipi
2194 5370 2290 5425 pro
2321 5355 2406 5407 da.
2441 5353 2576 5409 PAII.

1941 5427 2008 5501 (j)
2043 5423 2124 5482 Et
2151 5423 2404 5498 pulverem
2429 5425 2656 5501 dentibus
2685 5423 3284 5501 elimandiszptissime
3302 5423 3470 5501 verba

1863 5491 2086 5555 clitn'are
2122 5491 2247 5553 usus
2271 5507 2388 5558 est.
2423 5512 2544 5552 nam
2573 5497 2728 5551 limus
2770 5505 2990 5550 vocatur
3023 5491 3107 5549 illa
3156 5491 3467 5562 scabrities,

1864 5586 1959 5626 seu
1981 5570 2170 5626 sordes
2196 5569 2299 5624 illre
2319 5569 2569 5624 dentibus
2589 5567 2948 5623 adhterentes.
2968 5567 3035 5619 At
3059 5576 3254 5634 praeter
3280 5563 3466 5633 pulve-

1861 5658 1998 5709 rem,
2027 5640 2326 5698 dentifricio
2356 5640 2638 5694 utebantur
2663 5648 2893 5694 veteres.
2941 5635 3146 5692 Videsis
3175 5636 3464 5708 Apuleium

1863 5715 1918 5770 in
1944 5714 2156 5782 apolog.
2189 5711 2264 5766 LE
2292 5711 2387 5766 Pa.

2069 5779 2281 5861 Cinnam
2310 5800 2367 5836 ea
2406 5782 2690 5861 largioris.“
2712 5781 2802 5836 Sic
2838 5779 3456 5861 emendaviinus‘scculi

1861 5851 2085 5931 vestigia
2113 5858 2390 5927 scriptura:
2409 5851 2626 5926 veteris,
2651 5851 2938 5918 Curanima
2954 5852 3211 5926 largioris.
3228 5852 3351 5910 RIG.
