4068 6352
571 291 714 351 1247

1991 233 2454 351 ΤΕΙίΤυΙΔιΙΔΝΙ

3741 293 3876 354 ωε

571 412 709 467 atria
759 407 1038 467 nocturnis
1075 415 1131 465 et
1167 405 1350 465 crudis
1400 405 1816 464 salutationibus
1861 409 2169 482 occupant?
2195 409 2249 474 Α
2274 411 2432 480 sidia,
2457 424 2554 468 cur
2583 411 2812 471 salutem
2845 421 2990 469 tuam
3015 409 3267 470 deseris?
3289 409 3397 468 Cur
3421 424 3610 469 cessas
3631 409 3872 484 aggredi,

572 506 655 564 Ad
677 521 892 563 omnem
923 519 1210 562 occursum
1241 502 1458 573 majoris
1500 503 1758 576 cujusque
1797 519 2042 575 persona:
2072 504 2170 562 de-

571 607 900 668 crescentes,
935 597 1094 654 nullis
1121 597 1385 653 conviviis
1414 595 1679 664 celebres,
1710 596 1870 653 nullis
1898 611 2170 653 comessa-

537 744 541 750 .
571 696 809 753 tionibus
835 708 1154 767 congreges,
1186 691 1282 749 sed
1310 691 1499 748 exules
1521 707 1552 746 a
1585 691 1849 747 libertatis
1887 700 1942 748 et
1973 691 2170 747 laetitiae

571 786 852 846 felicitate.
880 786 1049 858 quue
1075 794 1243 840 totum
1286 792 1507 856 propter
1546 783 1704 839 unius
1724 783 1848 838 anni
1880 783 2170 840 volaticum

571 879 823 954 gaudium
855 877 954 953 (α).
985 877 1113 947 Nos,
1141 876 1283 949 quod
1310 877 1579 933 securium
1612 877 1950 948 virgarumvc
1983 878 2170 949 petitio

571 974 821 1038 suStinet,
856 973 909 1028 in
937 971 1176 1042 periculo
1212 969 1529 1027 aeternitatis
1560 970 1790 1026 tolerare
1826 971 2171 1028 dubitamus?

571 1079 628 1126 et
655 1067 1061 1140 castigationem
1085 1066 1260 1122 victus
1289 1075 1450 1137 atque
1484 1064 1662 1121 cultus
1696 1065 1903 1121 oilenso
1937 1065 2170 1122 Domino

572 1171 831 1235 prazstare
869 1159 1234 1226 cessabimus,
1269 1174 1388 1231 qua:
1433 1159 1662 1231 gentiles
1705 1158 1921 1215 nemine
1947 1159 2171 1216 omnino

574 1258 705 1313 laeso
729 1256 830 1313 sibi
861 1254 1133 1326 irrogant?
1162 1254 1226 1310 lli
1247 1263 1372 1310 sunt
1399 1254 1469 1312 de
1493 1254 1686 1325 quibus
1713 1253 1989 1325 Scriptura
2013 1269 2170 1310 com-

573 1359 838 1406 memorat
870 1366 884 1403 :
927 1347 1014 1405 Va:
1038 1347 1141 1404 illis
1167 1348 1255 1418 qui
1282 1346 1466 1402 delicta
1495 1363 1588 1402 sua
1617 1347 1750 1402 velut
1788 1362 2000 1418 procero
2048 1349 2172 1421 fune

574 1452 779 1500 nectunt

1166 1535 1394 1594 CAPUT
1432 1535 1545 1592 XII.

645 1628 700 1686 Si
735 1629 803 1686 de
836 1629 1196 1700 exomologesi
1242 1637 1532 1696 retractas,
1574 1629 1873 1701 gehennam
1916 1629 1969 1685 in
2006 1628 2175 1688 corde

2276 505 2420 579 quod
2447 506 2589 563 scias
2619 505 2819 563 mederi
2847 506 2978 562 tibi?
3007 505 3163 562 Muta:
3183 505 3398 579 quidem
3439 508 3634 564 anima:
3656 517 3710 563 et
3737 508 3872 561 irra-

2277 600 2537 664 tionales,
2578 599 2872 656 medicinas
2910 599 3011 656 sibi
3041 598 3296 655 divinitus
3323 599 3608 655 attributas
3651 600 3704 654 in
3735 609 3871 654 tem-

2277 706 2408 764 pore
2436 701 2750 763 agnoscunt.
2779 691 2984 748 Cervus
3011 693 3201 764 sagitta
3233 691 3538 764 transﬁxus,
3571 702 3632 748 ut
3668 690 3868 748 ferrum

2277 794 2332 841 ct
2369 786 2747 843 irrevocabiles
2782 801 2964 842 moras
3001 786 3117 857 ejus
3159 785 3228 842 de
3266 785 3488 842 vulnere
3522 785 3755 856 expellat
3783 784 3860 856 (ἀ)

2276 877 2497 935 scitsibi
2524 878 2796 935 dictamno
2818 879 3161 936 medendum.
3203 878 3464 948 Hirundo,
3492 877 3537 934 si
3566 893 3871 935 excaecare-

2277 976 2346 1031 rit
2372 973 2585 1047 pullos,
2619 975 2770 1032 novit
2795 974 2916 1030 illos
2940 975 3159 1031 ocularc
3189 988 3379 1031 rursus
3418 972 3490 1044 (ε)
3524 972 3591 1029 de
3615 987 3711 1028 sua
3737 971 3868 1028 che-

2275 1067 2495 1124 lidonia.
2518 1067 2774 1124 Peccator
2799 1067 3128 1124 restituendo
3150 1067 3252 1122 sibi
3279 1068 3350 1138 (n
3385 1067 3683 1122 institutam
3709 1081 3739 1119 a
3767 1065 3870 1119 Do-

2273 1161 2423 1218 mino
2439 1159 2838 1233 exomologesin
2869 1161 3065 1226 sciens,
3085 1159 3381 1231 prmteribit
3403 1158 3547 1214 illam
3565 1157 3705 1231 (Dan
3752 1157 3869 1228 IV)?

2273 1269 2393 1326 qua:
2424 1253 2773 1326 Babylonium
2799 1268 2978 1325 regem
3017 1253 3068 1308 in
3103 1267 3265 1324 regna
3297 1252 3568 1308 restituit?
3592 1251 3688 1332 Diu
3724 1251 3866 1306 enim

2277 1347 2648 1419 paenitentiam
2690 1347 2916 1402 Domino
2961 1346 3301 1412 immolarat,
3331 1344 3578 1416 septenni
3617 1343 3867 1414 squalore

2277 1443 2682 1514 exomologesin
2704 1451 2977 1512 operatus,
3000 1441 3254 1512 unguium
3289 1440 3562 1496 leoninum
3584 1438 3636 1493 in
3651 1436 3865 1493 modum

2276 1536 2613 1603 eﬂeratione,
2637 1547 2692 1592 et
2717 1535 2894 1606 capilli
2922 1534 3126 1590 incuria
3157 1533 3437 1589 horrorem
3461 1531 3753 1603 aquilinum
3789 1530 3868 1600 (Ι)

2279 1631 2623 1703 praeferente.
2647 1631 2788 1686 Proh
2807 1628 2962 1684 mala:
2979 1626 3310 1684 tractationis
3333 1625 3437 1697 (g)?
3457 1639 3613 1695 quem
3627 1622 3868 1678 homines

571 1723 1048 1794 considera,quam
1074 1724 1168 1780 tibi
1183 1724 1576 1794 eXomologesis
1591 1723 1875 1796 exstinguit
1894 1739 1907 1778 :
1925 1733 1977 1780 et
1995 1739 2167 1806 ptume
2197 1735 2246 1798 Β
2272 1727 2696 1805 perhorrebant,
2729 1725 2870 1781 Dens
2898 1722 3192 1794 recipiebat
3219 1720 3451 1795 (Exad.,
3472 1717 3638 1789 XIV).
3673 1719 3863 1775 Contra

574 1817 722 1888 prius
765 1817 1186 1889 magnitudinem
1229 1817 1557 1888 imaginare,
1599 1827 1656 1872 ut
1683 1817 1752 1873 de
1790 1817 2013 1874 remedii
2040 1818 2172 1875 ade—

575 1910 757 1980 ptione
781 1925 885 1964 non
911 1908 1142 1965 dubites.
1167 1908 1303 1978 Quid
1325 1909 1473 1963 illum
1494 1910 1802 1965 thesaurum
1824 1911 1962 1984 ignis
1985 1911 2173 1968 interni

573 2004 924 2068 aestimamus,
954 2020 1074 2060 cum
1109 2004 1388 2059 fumariola
1416 2003 1659 2074 quaedam
1689 2004 1806 2076 ejus
1838 2006 1972 2062 tales
2022 2007 2178 2062 llam-

574 2111 782 2151 marum
831 2096 968 2152 ictus
1003 2095 1292 2162 suscitent‘,
1334 2105 1389 2150 nt
1433 2096 1689 2167 proxima:
1731 2097 1892 2154 urbes
1938 2108 2030 2153 aut
2060 2098 2175 2168 jam

575 2188 738 2243 nullae
757 2198 992 2255 exstent,
1013 2199 1103 2244 aut
1133 2189 1275 2245 idem
1304 2189 1403 2245 sibi
1431 2187 1500 2244 de
1525 2187 1612 2244 die
1633 2199 1875 2261 sperent.
1899 2190 2177 2247 Dissiliunt

575 2280 942 2353 superbissimi
989 2290 1200 2338 montes
1232 2282 1370 2354 ignis
1402 2282 1724 2338 intrinsecus
1751 2283 1880 2338 laetu
1909 2301 1922 2338 :
1949 2291 2005 2339 et
2033 2283 2176 2354 quod

577 2374 934 2446 nobisjndicii
976 2376 1386 2447 perpetuitatem
1440 2377 1658 2446 prob.:t,
1709 2391 1830 2432 cum
1875 2377 2174 2446 dissiliant,

575 2482 696 2523 cum
718 2467 1062 2536 devorentur,
1104 2485 1374 2542 nunquam
1401 2477 1576 2526 tamen
1609 2470 1886 2526 liniuntur.
1909 2471 2039 2540 Quis
2062 2470 2180 2528 hac

577 2560 836 2631 supplicia
856 2561 1071 2617 interim
1092 2564 1352 2617 montium
1381 2579 1488 2618 non
1511 2562 1698 2633 judicii
1724 2564 2182 2631 minantisexem-

580 2652 748 2721 plaria
775 2652 1094 2724 deputabit?
1125 2654 1256 2721 Quis
1284 2655 1545 2710 scintillas
1573 2657 1709 2712 tales
1738 2672 1844 2712 non
1874 2657 2051 2728 magni
2075 2657 2179 2712 ali-

579 2746 733 2815 cujus
763 2755 819 2801 et
845 2747 1237 2803 ina-stimahilis
1266 2746 1367 2802 loci
1397 2749 1620 2804 missilia
1651 2749 1898 2820 quaedam
1927 2761 1982 2806 et
2020 2766 2184 2808 exer-

579 2838 766 2893 citoria
789 2837 965 2908 jacda
1001 2839 1076 2908 (c)
1107 2841 1442 2897 consentiet?
1469 2841 1632 2910 Igitur
1669 2857 1791 2896 cum
1819 2841 1959 2898 scias
1987 2843 2182 2900 adver-

580 2944 673 2986 sus
702 2931 1003 3000 gehennam
1031 2940 1151 3000 post
1180 2931 1350 3001 prima
1389 2931 1479 2986 illa
1529 2931 1861 2988 intinctionis
1898 2934 2184 2992 dominica:

581 3022 932 3092 munimenta,
964 3038 1087 3080 esse
1112 3023 1290 3081 adhuc
1310 3025 1363 3080 in
1391 3027 1758 3100 exomologesi
1789 3031 2027 3086 secunda
2052 3032 2184 3088 sub-

2278 1833 2456 1879 autem
2512 1819 2773 1891 aegyptius
2825 1817 3118 1890 imperator
3145 1857 3160 1880 ,
3205 1815 3298 1887 qui
3347 1813 3606 1885 populum
3649 1811 3741 1868 Dei
3775 1810 3865 1866 ali-

2278 1913 2492 1986 quando
2516 1910 2771 1967 aﬂlictum
2791 1949 2805 1974 ,
2833 1908 2926 1966 diu
2965 1907 3192 1963 Domino
3219 1920 3316 1962 suo
3345 1905 3668 1975 denegatum
3695 1916 3866 1972 perse-

2279 2016 2456 2075 cutus,
2488 2005 2541 2060 in
2597 2003 2836 2075 praelium
2869 2001 3023 2057 irruit
3049 2043 3062 2068 ,
3093 2007 3213 2070 post
3243 2007 3319 2054 tot
3347 1997 3666 2053 documenta
3701 1995 3870 2064 plaga—

2283 2114 2433 2164 rum,
2465 2095 2688 2152 dissidio
2731 2094 2808 2166 (2)
2856 2093 3040 2158 maris.
3070 2091 3214 2164 quod
3256 2089 3360 2148 soli
3403 2089 3598 2160 populo
3635 2086 3866 2158 pervium

2279 2191 2494 2256 licebat,
2516 2189 2773 2245 revolutis
2800 2187 3050 2244 ﬂuctibus
3070 2187 3229 2258 perit.
3255 2183 3633 2242 Pteniteutiam
3655 2182 3795 2236 enim
3821 2190 3870 2234 et

2283 2280 2640 2338 ministerium
2666 2279 2875 2351 ejus(h)
2907 2277 3311 2350 exomologesin
3337 2275 3626 2345 abjecerat.
3641 2272 3775 2340 Quid
3789 2270 3865 2341 ('5)

2284 2389 2413 2446 ergo
2440 2373 2579 2428 ultra
2600 2371 2669 2428 de
2699 2372 2816 2428 istis
2843 2371 3052 2427 duabus
3090 2371 3340 2426 humana:
3388 2371 3578 2426 salutis
3616 2371 3764 2440 quasi
3795 2371 3871 2440 (4)

2285 2467 2490 2538 plancis
2512 2465 2600 2540 (i),
2641 2466 2765 2538 styli
2795 2466 2969 2536 potius
2995 2465 3265 2535 negotium
3295 2477 3454 2535 quam
3486 2463 3722 2519 ofﬁcium
3743 2477 3871 2518 con-

2285 2565 2526 2622 scientiae
2550 2579 2684 2621 meae
2711 2578 2906 2620 curans
2933 2561 3014 2633 (5)
3043 2562 3067 2616 ?
3095 2571 3342 2633 peccator
3361 2561 3506 2616 enim
3525 2560 3760 2615 omnium
3783 2574 3873 2614 no-

2288 2667 2462 2714 tarum
2505 2672 2626 2713 cum
2657 2657 2756 2711 sim
2777 2697 2794 2722 ,
2827 2671 2926 2711 nec
2947 2655 3039 2710 ulli
3065 2646 3143 2710 rei
3185 2653 3284 2710 nisi
3317 2653 3648 2724 paenitentia:
3695 2659 3870 2720 natus,

2288 2766 2394 2806 non
2424 2749 2578 2805 facile
2618 2763 2834 2820 possum
2866 2763 3028 2820 super
3059 2747 3147 2802 illa
3180 2757 3381 2810 tacere,
3413 2761 3575 2817 quam
3606 2745 3719 2817 ipse
3743 2761 3873 2816 quo-

2287 2861 2392 2916 que
2417 2853 2473 2900 et
2507 2843 2692 2914 stirpis
2717 2841 2969 2898 humanae
2991 2850 3045 2897 et
3070 2840 3290 2896 oll'ensaa
3321 2841 3373 2895 in
3413 2839 3695 2894 Dominum
3730 2838 3874 2909 prin-

2287 2953 2416 3011 ceps
2449 2937 2619 2995 Adam
2671 2935 3032 3007 exomologesi
3070 2935 3347 2992 restitutus
3385 2932 3452 3007 (j)
3490 2932 3543 2990 in
3581 2931 3873 3006 paradisum

2287 3049 2467 3100 suum,
2501 3049 2608 3090 non
2634 3041 2794 3089 tacet.

1815 3144 2198 3206 LECTIONES
2236 3145 2645 3206 VARIANTES.

645 3252 722 3380 si;
747 3254 1105 3330 Aquiliuumin
1129 3268 1317 3309 morem
1334 3252 1538 3321 quidam
1559 3256 1767 3311 addunt.

667 3318 700 3380 ,2
747 3317 964 3368 Disctdto
989 3327 1095 3380 mg.

645 3254 692 3380 ft
747 3254 1105 3330 Aquiliuumin
1129 3268 1317 3309 morem
1334 3252 1538 3321 quidam
1559 3256 1621 3310 ad

558 3335 564 3347 Ι
654 3252 731 3445 (ἐξ
747 3317 1232 3446 ἓὲιὲιιραηῃῖρὲανὶδ.
1251 3381 1442 3434 duobus
1464 3385 1621 3437 Fran.

2211 3262 2258 3326 C
2377 3263 2405 3311 4
2453 3263 2621 3314 Pharis
2644 3265 2787 3314 Pam.

2352 3262 2432 3392 ξδῖ
2457 3325 2670 3378 Curcm?
2694 3325 2784 3375 Lat

2378 3325 2432 3378 5i
2457 3325 2670 3378 Curcm?
2694 3325 2858 3375 Latin.

1937 3489 2499 3554 COMMENTARIUS.

657 3605 738 3680 (ε)
769 3604 998 3682 Propter
1015 3609 1166 3682 unius
1191 3607 1313 3663 anni
1334 3609 1607 3665 volaticum
1633 3611 1791 3682 gaud.
1816 3611 1951 3666 Nam
1981 3627 2183 3668 consu-

586 3679 748 3747 latus,
779 3680 949 3752 inquit
970 3679 1168 3752 Rhem,
1213 3691 1330 3736 erat
1377 3679 1719 3752 magistratus
1762 3698 1993 3740 annuus.
2049 3683 2183 3740 ltem

586 3753 707 3827 aliae
732 3751 979 3827 quzedam
1025 3751 1327 3827 functiones
1349 3751 1564 3827 annuae.
1607 3754 1672 3809 Et
1693 3769 1820 3827 vero
1841 3757 2058 3827 antiqua
2083 3770 2190 3810 vox

586 3824 861 3879 volaticum
914 3838 1016 3891 pro
1075 3824 1432 3889 inconstanti,
1479 3825 1638 3880 etiam
1689 3825 1937 3882 Ciceroni
1971 3824 2188 3882 'usitata

587 3895 701 3966 lib._
718 3893 757 3966 ll
785 3893 852 3966 ad
877 3893 991 3966 Att.
1019 3904 1077 3950 et
1104 3895 1172 3950 de
1193 3895 1421 3965 Harusp.
1445 3911 1561 3966 cap.
1588 3897 1676 3952 45.
1703 3897 1840 3953 Pu.

663 3963 746 4040 (b)
783 3963 874 4020 Va:
896 3965 999 4040 illis
1027 3968 1114 4040 qui
1140 3967 1323 4040 delicta
1340 3963 1438 4040 sua
1457 4010 1471 4031 ,
1501 3963 1606 4021 etc.
1631 3968 1799 4024 Nemo
1826 3969 2082 4024 odoratus
2107 3978 2192 4025 est

589 4036 792 4102 locum,
819 4053 942 4091 cum
972 4036 1115 4092 issit
1140 4036 1312 4102 lsaize,
1339 4037 1432 4111 VA:
1460 4043 1582 4111 Οὖᾳὶ
1631 4049 1676 4095 οἱ
1726 4047 2045 4111 ἐπισπώμενοι
2103 4047 2190 4104 τὰς

588 4112 920 4183 ᾀμαετίις-ὼςν
940 4119 1131 4178 σχοινίῳ
1159 4121 1346 4180 μακρῷ.
1375 4109 1482 4183 Sed
1513 4110 1873 4183 fl‘ertullianus
1913 4109 2190 4183 nunquam

591 4180 804 4254 legebat
835 4181 1056 4254 latinum
1089 4190 1291 4254 textum
1319 4180 1620 4254 quihahet,
1645 4199 1720 4238 me
1743 4186 1831 4254 qui
1856 4180 2062 4238 trahitis
2094 4185 2193 4238 ini-

663 4252 833 4305 itatem
861 4251 914 4304 in
935 4251 1182 4376 [aniculis
1222 4251 1479 4306 vanitatis.
1534 4251 1666 4308 Cum
1717 4251 2055 4326 septuaginta
2097 4255 2194 4309 ha-

664 4331 777 4376 ant.
803 4337 878 4376 me
914 4323 1018 4376 ilis
1057 4323 1143 4376 aui
1189 4324 1375 4376 delicta
1400 4340 1496 4376 sua
1543 4327 1679 4376 velut
1724 4327 1876 4376 Immo
1910 4333 2028 4376 tune
2078 4343 2193 4376 nec-

613 4331 778 4399 )eant,
803 4337 878 4399 me
914 4323 1018 4377 illis
1057 4323 1143 4389 qui
1189 4324 1508 4399 delicttrsutr
1543 4327 1679 4380 velut
1724 4323 1876 4399 longo
1908 4323 2028 4399 fune
2078 4343 2193 4399 nec:

2363 3613 2441 3686 (g)
2470 3613 2576 3686 Pro
2617 3613 2768 3686 malm
2797 3613 3149 3686 tractationis.
3191 3612 3450 3684 Suspicor
3504 3613 3874 3686 Tertulliaaum

2291 3684 2578 3754 scripsisse
2626 3685 3078 3741 tnaletractationis
3122 3685 3360 3741 dictione
3384 3686 3540 3741 unica
3570 3726 3588 3752 ,
3612 3701 3731 3741 cum
3749 3685 3877 3741 dicat

2291 3756 2576 3812 Turnebus
2609 3756 2702 3812 lib.
2732 3757 2775 3812 ll
2794 3799 2807 3820 .
2836 3773 2955 3827 cap.
2980 3756 3054 3812 20
3076 3797 3092 3823 ,
3144 3774 3266 3827 qua:
3292 3757 3631 3812 malatractio
3653 3775 3683 3812 a
3712 3758 3879 3812 multis

2294 3827 2510 3889 dicitur,
2540 3844 2659 3884 eam
2687 3828 2755 3884 ab
2780 3830 3020 3884 Arnobio
3050 3830 3422 3884 ntaletractatio
3449 3828 3556 3885 dici
3581 3843 3712 3885 voce
3735 3830 3880 3884 unica

2293 3900 2390 3954 lib.
2430 3898 2497 3955 ιγ
2543 3899 2666 3954 adv.
2695 3909 2905 3969 gentes.
2949 3902 3189 3970 Apparet
3218 3911 3399 3955 autem
3448 3900 3740 3955 Arnobiuin
3767 3901 3879 3955 imi-

2300 3981 2466 4026 tatum
2509 3985 2630 4026 esse
2670 3973 2866 4043 scripta
2899 3971 3239 4026 Tertulliani.
3270 3971 3422 4043 Apud
3451 3973 3695 4028 rhetoras
3732 3972 3881 4027 etiam

2297 4043 2668 4096 mulelraclalio
2693 4042 2890 4098 dicitur
2912 4044 3068 4098 unica
3094 4042 3350 4098 dictione.
3378 4043 3512 4098 Lac.

2369 4112 2834 4186 (h)_Pmnitentiam
2856 4125 2903 4169 et
2929 4114 3259 4186 ministerium
3301 4116 3412 4186 ejus
3432 4116 3653 4186 exomol.
3697 4115 3879 4171 Pecca-

2297 4184 2396 4239 tori
2416 4184 2482 4240 ad
2524 4185 2890 4254 ptenitentiam
2921 4185 3158 4242 admisso
3184 4184 3588 4241 miuiSlrahatur
3618 4188 3881 4243 exoinolo-

2296 4256 2458 4331 gesis,
2484 4273 2584 4331 qua
2618 4259 2720 4331 rite
2748 4267 3002 4331 peracta,
3053 4259 3098 4312 si
3129 4260 3261 4313 satis
3289 4257 3546 4331 episcopo
3575 4271 3629 4313 et
3672 4258 3884 4331 presby-

2299 4328 2427 4382 teris
2452 4338 2506 4383 et
2539 4328 2675 4397 plebi
2695 4327 2894 4384 factum
2916 4329 3082 4385 fuisse
3111 4330 3404 4394 videretur,
3427 4327 3687 4386 ECclesiaS
3705 4327 3885 4387 redde-

595 4403 725 4470 tu_m.
752 4395 825 4470 l)_e
846 4393 970 4470 fune
999 4393 1416 4470 contemptionis
1441 4397 1543 4470 alia
1563 4408 1652 4470 est
1678 4393 1836 4470 ratio,
1861 4393 1976 4470 lege
2005 4398 2098 4453 lib.
2120 4397 2188 4453 ιν
2220 4449 2271 4470 ἢ
2297 4393 2625 4470 baturLR‘tc.

594 4464 718 4519 adv.
750 4465 1074 4520 Marciouem
1102 4475 1157 4519 et
1196 4466 1286 4519 lib.
1318 4465 1440 4520 adv.
1472 4467 1706 4525 Judzeos.
1739 4469 1866 4526 Lac.

668 4536 966 4612 ῼᾼΡί-ΧΙΙ.
992 4567 1064 4577 —
1084 4537 1167 4612 (c),
1187 4536 1500 4612 Exercitoria
1519 4540 1721 4611 jacula.
1754 4541 1999 4596 Lnsoria.
2028 4540 2150 4598 RIG.

671 4607 763 4684 (d)_
797 4607 1107 4684 Ferrumdel
1142 4607 1534 4684 irrevocqbilesv
1555 4629 1725 4667 moras
1770 4617 1901 4684 ejus.
1935 4613 2196 4668 Hatnatile

597 4679 860 4749 spiculum
886 4679 1180 4750 signiﬁcat,
1232 4682 1374 4751 quod
1406 4681 1492 4736 ubi
1538 4679 1838 4753 penetravit
1878 4686 1932 4740 in
1961 4687 2190 4750 vulnus,

598 4753 840 4827 revocari
862 4763 972 4827 aut
1019 4753 1427 4827 avelli_nequit,
1461 4754 1563 4809 nisi
1595 4756 1788 4812 vulnus
1831 4757 2004 4827 ipsum
2054 4771 2193 4812 novo

599 4822 821 4877 vulnere
845 4823 1145 4880 diducatur.
1174 4824 1294 4880 th.

674 4892 752 4966 (υ)
797 4893 1034 4968 Oculare.
1080 4896 1132 4968 id
1163 4907 1243 4950 est
1268 4897 1451 4952 oculos
1480 4897 1731 4953 reddere.
1787 4897 1899 4953 Hoc
1925 4899 2041 4968 ipso
2065 4914 2194 4954 usus

600 4965 692 5020 est
709 4966 874 5020 verbo
893 4965 960 5043 d_e
990 4967 1126 5043 Pud_.
1147 4980 1202 5023 et
1222 4968 1728 5043 in__Apo|og.:_quod
1757 4970 1885 5025 mihi
1915 4965 2012 5037 pro
2031 4986 2191 5043 argu-

601 5045 785 5090 mento
813 5048 893 5092 est
918 5037 1060 5094 hunc
1084 5037 1400 5094 Tertulliani
1416 5037 1536 5095 esse
1567 5037 1828 5097 libellum.
1853 5045 2082 5100 ALBASP.

670 5103 736 5179 (Ι)
769 5107 1096 5166 Restituendo
1139 5109 1250 5166 sibi.
1283 5111 1626 5172 Restitutioni
1655 5129 1787 5171 suae.
1821 5112 1941 5172 Rm.

2219 4449 2272 4510 Ῑ)
2297 4449 2443 4544 ἰᾷ).
2703 4473 2942 4544 humana:
2957 4472 3138 4528 salutis
3157 4473 3303 4539 quasi
3332 4473 3550 4544 plantis.
3569 4473 3671 4528 Alii
3691 4473 3881 4544 legunt,

2301 4540 2512 4610 Pharis,
2542 4543 2636 4598 sed
2665 4542 2733 4604 ab
2761 4546 3031 4599 veteribus
3061 4544 3210 4599 libris
3239 4544 3291 4599 id
3331 4540 3601 4608 habeant,
3633 4561 3700 4598 an
3727 4540 3792 4600 a'b
3813 4544 3886 4598 in-

2297 4614 2488 4687 genio,
2525 4631 2630 4687 non
2661 4615 2895 4687 tradunt.
2930 4615 3066 4670 Illud
3117 4624 3319 4679 autem,
3350 4616 3497 4686 quasi
3521 4617 3737 4687 plancis,
3769 4630 3886 4687 pro:

2299 4686 2418 4811 pius
2446 4686 2652 4812 aeliiedit
2678 4686 2745 4740 ad
2770 4686 2886 4742 haec
2915 4687 3118 4744 veteris
3145 4685 3426 4758 scriptura:
3452 4685 3673 4758 vesugia
3693 4729 3710 4753 ,
3753 4685 3887 4756 qusi

2299 4773 2332 4812 ι)
2355 4774 2472 4812 aue.
2545 4773 2615 4812 IG.

2298 4773 2627 4902 ΡηὸιῖῗΑῗίέιῗίι
2654 4831 2992 4902 exomologcsi
3016 4830 3292 4902 restitutus.
3333 4830 3448 4887 lloc
3490 4841 3676 4885 cntttra
3724 4827 3891 4885 Tatia-

2297 4900 2422 4955 nutu
2455 4900 2787 4968 ltzereticum,
2811 4900 2963 4973 cujus
3010 4912 3126 4958 erat
3175 4901 3395 4958 haeresis
3416 4945 3432 4968 ,
3476 4903 3646 4958 Adam
3675 4904 3890 4958 salutem

2295 4973 2550 5046 consequi
2582 4976 2983 5046 nonipotuisse;
3013 4974 3088 5030 uti
3110 4981 3254 5046 patet
3283 4990 3349 5032 ex
3378 4975 3474 5033 lib.
3501 4976 3566 5030 de
3595 4973 3891 5045 Prwscript.

2295 5043 2414 5097 adv.
2443 5047 2624 5100 literas.
2686 5045 2826 5102 Pu.
