4068 6352
181 343 326 405 HI!)

1393 338 1599 399 LIBER
1637 333 1730 398 DE
1767 330 2158 398 PATIENTIA.

3339 325 3486 390 1250

183 477 3474 545 m

621 689 1010 786 QUINTI
1050 691 1553 773 SEPTIMII
1605 690 2205 774 FLORENTIS
2248 692 2789 772 TERTULLI
2810 692 3002 774 ΑΝῙ

1193 940 1439 1072 DE
1489 868 2504 1079 \PATIENTIA'

1567 1221 2092 1334 LIBER.

1233 1472 1810 1508 β--ς

1922 1471 2408 1506 =—-————

1415 1647 2185 1764 argumentum.

251 1887 526 1942 Traclalus
569 1883 632 1942 de
661 1883 904 1957 patientia
933 1898 1079 1956 quem
1105 1882 1250 1937 multi
1280 1897 1312 1936 a
1339 1879 1656 1936 Tertulliano
1685 1877 1783 1932 ad-

181 1981 400 2036 hncdum
424 1978 675 2034 catholico
700 1978 837 2032 circa
867 1994 918 2032 a.
948 1993 1026 2033 cc.
1051 1975 1395 2047 conscriptum
1421 1975 1582 2045 fuisse
1607 1973 1785 2028 existi-

178 2083 340 2141 mant,
385 2074 445 2129 in
467 2089 620 2144 quam
643 2072 894 2144 imprimis
919 2072 1089 2126 abiere
1113 2071 1409 2126 sententiam
1437 2069 1643 2124 doctiss.
1669 2067 1785 2124 Til-

1887 1887 2054 1933 ratum
2076 1877 2381 1948 habendum,
2415 1881 2617 1952 qualive
2656 1885 2880 1953 tempore
2899 1878 2976 1936 vel
2999 1895 3171 1936 rerum
3200 1879 3520 1955 tempestate

1890 1972 2044 2043 fuerit
2089 1973 2170 2027 hic
2217 1973 2418 2030 libellus
2446 1984 2702 2043 exoratus,
2750 1976 2802 2030 in
2846 1992 2906 2030 ea
2959 1974 3102 2030 nulla
3147 1993 3249 2031 non
3287 1975 3500 2044 aﬂ'ertur

1891 2079 2095 2133 caussa,
2123 2082 2213 2120 cur
2253 2065 2531 2123 Christiani
2555 2067 2624 2122 ad
2652 2068 2948 2138 patientiam
2987 2069 3200 2123 excitari
3238 2079 3422 2140 queant
3449 2076 3498 2123 et

184 2166 476 2232 lemontius,
502 2164 855 2232 D.Cellerius,
892 2163 960 2218 P.
991 2161 1292 2218 Dominicus
1332 2162 1572 2227 Schram,
1602 2160 1788 2216 eximia
1893 2159 1958 2214 ab
2000 2161 2318 2232 impatientia
2350 2161 2612 2218 deterreri.
2647 2160 2849 2234 Nempe
2876 2179 2990 2217 cum
3019 2166 3072 2217 in
3103 2162 3267 2235 aperis
3305 2161 3500 2230 limine,
3580 2221 3589 2229 κ

177 2267 255 2315 est
278 2259 440 2313 multa
471 2274 587 2314 cum
629 2257 914 2330 eloquentia
941 2256 1231 2311 adhortatio
1256 2255 1326 2310 ad
1363 2255 1793 2328 patientiamam-

184 2351 525 2423 plectendum,
554 2367 679 2422 pene
728 2351 896 2404 dicant
951 2351 1020 2404 ad
1069 2350 1372 2420 martyrium
1419 2348 1790 2415 sustinendum,

184 2445 322 2499 haud
346 2445 509 2500 aliter'
529 2461 590 2500 ac
613 2445 678 2512 si,
714 2461 827 2499 cum
867 2443 974 2499 hazc
1003 2443 1338 2498 conscriberet
1371 2443 1635 2513 septimius
1653 2443 1797 2514 jam-

179 2535 288 2610 jam
329 2552 468 2591 nova
515 2536 772 2608 ingrueret
820 2534 1068 2605 procella,
1091 2535 1370 2604 iterumque
1393 2531 1799 2590 Christianorum

188 2629 507 2684 calamitates
546 2628 711 2699 [orent
761 2627 1090 2699 refricandat.
1125 2625 1386 2697 Quidquid
1434 2642 1494 2681 ea
1532 2625 1596 2682 de
1640 2641 1697 2680 re
1734 2626 1800 2680 sit

1895 2256 2042 2326 quasi
2066 2255 2262 2327 publice
2288 2265 2497 2323 stratus,
2529 2273 2676 2312 suam
2718 2266 2897 2312 auctor
2931 2256 3349 2321 imbecillitatem,
3382 2257 3502 2310 ani-

1898 2349 2067 2420 mique
2094 2349 2456 2422 impotentiam
2469 2350 2830 2424 propalaverit,
2865 2349 3263 2420 patientiamque
3303 2349 3505 2423 magnis

1902 2444 2137 2499 laudibus
2166 2446 2454 2500 summatim
2484 2445 2806 2518 descripserit
2852 2444 3054 2516 singula
3075 2443 3366 2516 perstringit
3393 2459 3504 2498 mo-

1905 2536 2008 2592 tiva
2033 2535 2102 2592 ad
2128 2552 2241 2593 eam
2266 2537 2672 2610 amplectendam
2700 2536 3053 2609 proponenda,
3087 2535 3277 2592 scilicet
3309 2552 3326 2591 :

186 2783 227 2842 I.
270 2787 586 2843 Patientiam
614 2785 711 2842 Dei
729 2802 850 2858 erga
875 2801 990 2852 nos,
1728 2781 1792 2837 Il.
1973 2789 2160 2836 ratum.
3406 2773 3500 2832 IX.

187 2878 252 2936 Il.
299 2880 614 2936 Patientiam
639 2879 851 2950 Christi,
1580 2873 1670 2944 III,
1706 2873 1796 2932 IV.
1907 2871 2042 2928 VIII.
2091 2871 2341 2928 Vindicta:
2357 2871 2688 2942 cupiditatem
2717 2871 3042 2926 exstinctam.
3437 2865 3508 2922 X.

190 2971 274 3028 Ill.
322 2973 544 3030 Natales
570 2974 903 3046 impatientia:
926 2990 988 3029 ac
1027 2977 1138 3046 ejus
1167 2971 1306 3027 mala
1326 2970 1380 3046 in
1402 2970 1514 3041 ipso
1902 2964 1998 3022 IX.
2043 2964 2200 3020 Irrita
2217 2966 2334 3036 jam
2357 2964 2551 3018 inimici
2579 2963 2929 3020 incitamenta.
3415 2959 3510 3016 XI.

260 3065 469 3121 diabolo
497 3066 832 3137 deprehensa.
1731 3059 1796 3115 V.
1905 3058 1974 3114 X.
2018 3057 2328 3112 Patientiam
2354 3057 2596 3111 uirtutum
2617 3053 2852 3112 matrem.
3365 3049 3510 3107 XIII.

191 3152 278 3211 IV.
326 3156 513 3213 Fidem
542 3159 789 3228 patientia
824 3157 1161 3229 probandam.
1703 3150 1798 3210 VI.
1903 3150 1997 3208 XI.
2049 3149 2547 3220 Viriumquefontem
2576 3149 2958 3206 inexhaustum.
3368 3143 3512 3202 XIV.

192 3247 258 3306 V.
306 3250 632 3322 Tcmporalia
657 3252 840 3307 exinde
875 3262 1068 3322 spreta.
1683 3244 1798 3300 VII.
1905 3241 2024 3300 XII.
2063 3240 2324 3312 Exempla
2353 3242 2636 3314 patientice,
2666 3240 2872 3297 demum
2907 3238 3187 3298 mercedem

197 3339 281 3396 Vl.
325 3341 561 3414 Injurias
580 3359 726 3416 aequa
747 3353 912 3398 mente
945 3345 1099 3401 latas.
1664 3337 1800 3395 VIII.
1975 3344 2025 3391 et
2053 3334 2299 3406 fructum.
3214 3327 3357 3400 XIV,
3388 3326 3510 3388 XV.

195 3430 306 3492 VII.
349 3433 594 3493 Dolorem
631 3452 660 3492 e
701 3452 912 3494 suorum
963 3437 1238 3494 amissione
1281 3445 1480 3508 tempe.
2986 3427 3124 3488 Εῡυι

1527 3605 2187 3642 ...ᾤ’-’-

731 3791 961 3852 CAPUT
1004 3784 1294 3847 PRIMUM.

265 3892 544 3950 Confiteor
568 3889 634 3946 ad
661 3887 947 3945 Dominum
979 3885 1149 3942 Deum
1174 3925 1189 3950 ,
1219 3881 1352 3938 satis
1389 3887 1590 3936 temere
1618 3890 1726 3945 me,
1757 3876 1805 3933 si

198 4000 304 4042 non
351 3988 515 4044 etiam
551 3981 922 4055 impudenter,
959 3979 1029 4036 de
1065 3976 1316 4050 patientia
1351 3986 1675 4046 componere
1710 3985 1806 4026 au-

198 4092 338 4146 sum,
367 4079 455 4137 cui
487 4075 802 4149 praestanda:
828 4073 1054 4131 idoneus
1082 4070 1303 4126 omnino
1330 4082 1437 4122 non
1467 4065 1570 4120 sim
1601 4062 1705 4135 (1),
1750 4071 1810 4118 ut

203 4170 365 4229 homo
393 4174 593 4230 nullius
624 4170 748 4227 boni
772 4166 870 4241 (η),
896 4165 1110 4239 quando
1135 4156 1807 4235 oporteatdemonstratio-

202 4275 324 4318 nem
364 4273 420 4319 et
444 4261 969 4322 commendationem
1007 4256 1235 4328 alicujus
1266 4255 1339 4310 rei
1377 4253 1624 4318 adortos,
1663 4250 1809 4321 ipsos

204 4355 353 4423 prius
376 4357 430 4413 in
456 4353 922 4412 administratione
949 4350 1068 4422 ejus
1092 4349 1168 4406 rei
1188 4346 1541 4419 deprehendi,
1565 4355 1620 4400 et
1644 4358 1810 4400 cons-

201 4451 421 4506 tantiam
442 4447 818 4508 commonendi
841 4446 918 4520 (2)
935 4447 1166 4516 propriae
1186 4441 1611 4500 conversationis
1627 4448 1812 4496 aucto-

201 4541 360 4600 ritate
389 4545 661 4616 dirigere,
706 4558 774 4598 ne
806 4539 950 4595 dicta
984 4539 1150 4598 lactis"
1177 4536 1551 4593 deﬁcientibus
1587 4533 1811 4589 erubes-

203 4643 348 4691 cant.
383 4638 559 4708 Atque
582 4635 782 4690 utinam
811 4630 1132 4687 erubescere
1154 4627 1294 4684 istud
1325 4625 1619 4682 remedium
1645 4623 1810 4692 lerat,

202 4729 274 4784 uti
301 4731 475 4800 pudor
493 4745 599 4788 non
616 4725 902 4786 exhibendi
919 4723 1059 4796 quod
1077 4723 1194 4778 aliis
1207 4731 1514 4793 suggestum
1541 4720 1703 4786 imus,
1721 4732 1819 4774 ex-

206 4819 424 4879 hibendi
461 4824 552 4878 ﬁat
572 4818 933 4892 magisterium
952 4817 966 4872 !
985 4815 1099 4872 Nisi
1119 4813 1260 4886 quod
1285 4813 1545 4869 bonorum
1564 4825 1820 4881 quorum-

206 4907 328 4969 dam
348 4958 365 4985 ,
397 4915 560 4972 sicuti
589 4923 644 4970 et
668 4911 959 4978 malorum,
989 4905 1346 4964 intolerabilis
1373 4903 1684 4976 magnitudo
1709 4913 1814 4971 εει,

207 5013 299 5073 ut,
332 5009 400 5064 ad
422 5006 684 5081 capienda
715 5013 770 5062 et
792 5000 1098 5078 praestanda
1135 5015 1197 5058 ea
1219 5043 1234 5068 ,
1272 4998 1386 5056 sola
1420 4998 1595 5070 gratia
1622 4995 1818 5053 divina:

207 5094 580 5171 inspirationis
601 5108 872 5173 operetur.
911 5097 1044 5153 Nam
1073 5093 1216 5167 quod
1238 5091 1472 5150 maxime
1508 5091 1731 5156 bonum,
1763 5087 1818 5142 id

1837 3785 1891 3846 A
1916 3785 2152 3843 maxime
2177 3799 2343 3857 penes
2383 3785 2570 3853 Deum,
2606 3796 2705 3842 nec
2729 3782 2864 3842 alius
2897 3781 2951 3840 id
2975 3797 3134 3855 quam
3161 3781 3253 3856 qui
3273 3782 3513 3856 possidet

1910 3879 2213 3950 dispensat,
2242 3891 2301 3934 ut
2329 3879 2522 3948 cuique
2545 3877 2815 3950 dignatur.
2842 3877 3029 3949 Itaque
3050 3877 3135 3933 vel
3173 3887 3231 3934 ut
3264 3877 3516 3934 solatium

1910 3973 2014 4029 erit
2038 3972 2315 4044 disputare
2341 3986 2504 4043 super
2529 3987 2595 4027 eo
2620 3970 2763 4042 quod
2789 3967 2895 4025 frui
2925 3983 3031 4025 non
3055 3969 3235 4038 datur,
3265 3969 3380 4025 vice
3405 3970 3519 4026 lan-

1911 4065 2220 4138 guentium,
2243 4047 2343 4135 lqui
2381 4078 2502 4119 cum
2532 4071 2722 4118 vacent
2758 4077 2787 4116 a
2818 4062 3048 4118 sanitate
3068 4104 3082 4127 ,
3112 4060 3182 4117 de
3219 4061 3376 4118 bonis
3395 4061 3516 4133 ejus

1913 4168 2095 4215 tacere
2124 4172 2230 4214 non
2257 4166 2474 4213 norunt.
2504 4156 2576 4212 Ita
2605 4155 2942 4213 miserrimus
2967 4171 3089 4226 ego,
3120 4169 3338 4226 semper
3373 4171 3518 4228 :egcr

1913 4250 2185 4307 caloribus
2222 4248 2596 4321 impatientia),
2628 4263 2786 4320 quam
2822 4263 2930 4304 non
2970 4247 3191 4305 obtineo
3244 4247 3518 4320 patientiae

1914 4327 2220 4410 sanitatem,
2253 4353 2307 4399 et
2335 4343 2620 4413 suspirem,
2663 4351 2720 4397 et
2749 4343 3012 4408 invocem,
3044 4349 3098 4397 et
3137 4356 3386 4414 perorem
3415 4356 3513 4398 ne-

1913 4451 2066 4493 cesse
2094 4444 2195 4502 est,
2215 4449 2335 4490 cum
2359 4433 2638 4502 recordor,
2662 4443 2717 4490 et
2743 4434 2794 4488 in
2827 4449 2961 4490 meae
2983 4432 3367 4489 imbecillitatis
3390 4449 3522 4489 con-

1915 4529 2267 4598 templatione
2292 4527 2507 4598 digero,
2539 4527 2732 4583 bonam
2761 4526 2885 4583 ﬁdei
2916 4526 3277 4584 valetudinem
3297 4569 3313 4596 ,
3339 4535 3396 4584 et
3421 4526 3521 4583 do-

1918 4620 2129 4676 minicas
2172 4619 2469 4691 disciplina:
2511 4620 2827 4688 sanitatem,
2883 4636 2990 4675 non
3033 4618 3186 4676 facile
3233 4618 3517 4690 cuiquam,

1923 4712 2028 4770 nisi
2069 4712 2322 4783 patientia
2375 4711 2639 4781 assideat,
2671 4711 2980 4783 provenire.
3014 4710 3088 4766 Ita
3120 4711 3394 4781 proposita
3425 4710 3523 4767 Dei

1921 4806 2083 4862 rebus
2105 4813 2189 4862 est
2207 4848 2222 4872 ,
2261 4813 2320 4861 ut
2347 4804 2551 4861 nullum
2586 4812 2910 4876 praeceptum
2933 4803 3085 4858 obire
3114 4801 3235 4872 quis
3257 4845 3274 4870 ,
3314 4803 3520 4858 nullum

1921 4911 2059 4968 opus
2084 4895 2310 4952 Domino
2348 4895 2728 4966 complacitum
2767 4902 3080 4964 perpetrare
3115 4901 3403 4949 extraneos
3430 4909 3526 4965 pa~

1923 4992 2107 5048 tientia
2138 4990 2327 5063 possit.
2358 4988 2567 5046 Bonum
2591 4988 2730 5058 ejus,
2760 4988 2924 5043 etiam
2953 4985 3040 5057 qui
3063 4987 3192 5042 caici
3228 4986 3308 5058 (5)
3338 4987 3527 5043 vivunt

1925 5086 2000 5160 (b)
2027 5101 2252 5144 summie
2279 5084 2492 5141 virtutis
2521 5080 2882 5154 appellatione
2919 5079 3183 5136 honorant
3212 5079 3318 5155 (4).
3350 5079 3530 5137 Philo-

1460 5233 1844 5294 LECTIONES
1881 5231 2298 5291 VARIANTES.

275 5359 350 5424 (1)
381 5361 505 5414 Sum
521 5359 690 5414 Paris.

275 5421 350 5486 (Ξ)
383 5423 768 5477 Commendandi
791 5421 948 5475 Latin.

1850 5355 1900 5415 B
1991 5345 2063 5473 (ὅ)
2098 5345 2236 5396 Caeca
2253 5341 2403 5394 Rhen.
2431 5341 2583 5392 Fran.

2017 5409 2064 5473 4)
2100 5407 2356 5458 Honorem
2375 5406 2527 5457 Fran.
2547 5406 2583 5456 1³

2017 5399 2064 5474 4]
2100 5407 2356 5458 Honorem
2375 5406 2527 5457 Fran.
2547 5399 2715 5456 Paris.

1568 5538 2133 5602 COMMENTARIUS.

289 5671 500 5747 CAPJ.
529 5709 599 5719 —
620 5676 693 5747 (ει)
729 5673 911 5747 Homo
920 5667 1114 5747 nullius
1139 5665 1275 5747 boni:
1301 5660 1650 5747 Ubique‘fere.
1669 5658 1818 5731 abie-

217 5742 456 5802 ctissime
475 5751 543 5805 de
559 5733 884 5816 se'lo'quitur.
900 5741 1011 5816 Sic,
1043 5740 1135 5816 lib.
1155 5737 1222 5792 de
1238 5733 1460 5816 Posuit;
1485 5733 1686 5816 Eamtu
1709 5747 1819 5813 pec-

219 5823 357 5885 cator
370 5820 466 5874 mei
485 5822 688 5885 similis,
703 5808 805 5873 imo
825 5831 904 5870 me
918 5811 1212 5885 mino_r(ego
1233 5808 1816 5885 ergm_prtestantiant_in

219 5882 412 5946 delictis
432 5873 916 5966 Vnieamiagnosco),
945 5885 1018 5940 ita
1041 5873 1241 5938 inuade.
1275 5877 1344 5936 Et
1371 5873 1467 5938 lib.
1495 5875 1540 5934 II
1567 5876 1634 5933 de
1659 5873 1821 5933 Cultu

1925 5655 2076 5714 item.
2113 5671 2127 5708 :
2161 5652 2312 5720 Quod
2366 5653 2536 5725 ipsum
2585 5651 2711 5725 mihi
2739 5690 2756 5720 ,
2806 5649 2981 5725 utique
3019 5648 3533 5725 reprehendendq‘in

1925 5717 2198 5789 omnibus,
2228 5717 2598 5792 reprehendere
2627 5717 2769 5777 Deus
2813 5717 3090 5794 permitth
3125 5731 3178 5779 et
3206 5723 3330 5780 eod.
3363 5742 3376 5778 :
3414 5717 3534 5779 Uti-

1925 5814 2043 5854 nam
2065 5796 2376 5867 miserrinms
2405 5813 2522 5867 ego,
2537 5804 2650 5867 etc.
2677 5794 2797 5850 [ἰεῦ.

2001 5867 2080 5941 (b)
2109 5866 2281 5925 Etiam
2309 5869 2396 5939 qui
2423 5865 2545 5925 eieci
2580 5873 2772 5923 uiuunt.
2800 5866 2928 5926 Haec
2955 5865 3219 5940 scriptura
3267 5875 3352 5928 est
3379 5866 3535 5928 codi-
