4068 6352
214 353 362 418 i255

1475 351 1682 414 LIBER
1721 349 1812 411 DE
1850 343 2243 414 PA'I'IENTIA.

3373 345 3516 409 ηει

202 469 488 528 tentatOris
515 483 835 542 congressus
857 469 988 528 solis
1015 467 1194 527 verbis
1213 467 1428 542 repellit
1447 466 1548 544 (a),
1577 484 1698 526 cum
1728 469 1810 540 (t)
1837 469 1890 532 Α
1917 484 1987 526 ne
2034 469 2192 525 unius
2235 464 2450 539 quidem
2497 464 2753 523 discentis
2776 461 2856 540 (8)
2883 465 3117 539 gladium
3146 467 3372 525 ultorem
3420 468 3502 544 (9)

205 563 276 620 de
305 563 529 618 Domino
557 562 615 617 ﬁt
635 561 717 634 (9.)
746 563 1019 634 magister,
1043 562 1244 619 docens
1273 563 1543 619 hominem
1575 563 1812 619 evadere

204 653 272 709 ad
326 655 577 722 salutem,
609 655 685 726 (5)
717 655 793 728 (b)
843 655 1050 713 scilicet
1090 656 1302 713 veniam
1340 653 1559 721 offensa:
1601 655 1809 726 patien-

203 747 292 804 tize
323 748 696 821 (4)'eruditus,
715 765 822 806 non
858 750 1156 819 contendit,
1196 765 1300 806 non
1338 750 1680 818 -reclamavit,
1711 764 1811 806 nec

203 845 488 916 quisquam
528 844 581 899 in
622 845 811 914 plateis
836 860 1024 902 vocem
1053 845 1172 916 ejus
1211 844 1451 914 audivit,
1493 843 1808 900 arundinem

203 947 512 1008 quassatam
549 952 654 992 non
683 937 862 1009 fregit,
901 936 1066 994 linum
1119 939 1382 1010 fumigans
1427 953 1534 993 non
1565 938 1812 992 restinxit

208 1029 311 1104 (Is.
364 1029 546 1103 XLII).
575 1029 686 1087 Nec
724 1031 865 1087 enim
897 1031 1150 1088 mentitus
1180 1030 1354 1088 fuerat
1393 1030 1678 1102 propheta,
1703 1029 1812 1086 imo

205 1123 376 1194 ipsius
405 1122 498 1178 Dei
525 1125 864 1191 conteStatio,
881 1117 1138 1194 Spiritum
1153 1138 1308 1178 suum
1338 1124 1388 1178 in
1405 1121 1541 1177 Filio
1558 1137 1678 1177 cum
1699 1130 1812 1177 tota

205 1216 464 1286 patientia
485 1216 802 1272 collocantis
825 1213 1028 1286 (Joan.,
1059 1215 1196 1281 XIII,
1231 1214 1417 1271 Matth.
1440 1213 1534 1282 IX,
1560 1213 1686 1269 Luc.
1717 1213 1809 1280 IX,

204 1308 516 1378 Luc.XVII,
537 1309 725 1365 Matth.
756 1309 900 1377 XIV,
921 1307 1318 1376 Man/LXXVI,
1349 1307 1424 1364 Is.
1456 1306 1588 1374 LIII,
1622 1307 1811 1364 Matth.

205 1401 412 1468 XXIX,
467 1401 623 1458 Joan.
672 1402 874 1469 XVIII,
907 1401 1092 1457 Matth.
1152 1400 1342 1468 XXVI,
1375 1399 1562 1456 Matth.
1595 1399 1810 1466 XXVII,

205 1495 375 1550 Marc.
398 1493 518 1565 XV,
548 1493 673 1550 Luc.
720 1493 909 1563 XXIII,
952 1493 1111 1550 Joan.
1154 1493 1278 1550 XIX
1307 1495 1348 1565 ).
1378 1491 1591 1549 Nullum
1623 1491 1812 1548 volen-

208 1596 314 1644 tem
361 1589 461 1644 sibi
511 1589 792 1645 adhaerere
841 1603 948 1644 non
1000 1588 1274 1658 suscepit;
1325 1585 1525 1642 nullius
1569 1599 1810 1641 mensam

209 1692 476 1740 tectumvc
542 1683 786 1755 chpexit
836 1701 849 1738 :
907 1697 1097 1753 aquam
1149 1681 1226 1754 (5)
1281 1678 1352 1754 (c)
1401 1683 1516 1752 ipse
1572 1678 1812 1736 lavandis

202 1778 588 1849 discipulorum
620 1778 858 1849 pedibus
898 1777 1239 1832 ministravit.
1295 1773 1414 1830 Non
1455 1784 1768 1847 peccatores
1793 1814 1809 1840 ,

214 1889 320 1928 non
361 1872 672 1946 publicanos
713 1872 1066 1942 adspernatus
1110 1878 1212 1925 est.
1264 1865 1382 1924 Non
1419 1865 1492 1922 illi
1521 1865 1697 1922 saltim
1734 1864 1812 1937 (6)

1916 561 2179 632 probavit.
2213 557 2472 615 Patientia
2501 557 2711 615 Domini
2751 558 2804 614 in
2848 557 3056 615 Malcho
3081 561 3358 617 vulnerata
3400 569 3509 620 est.

1915 651 2100 725 Itaque
2123 661 2177 710 et
2196 651 2356 725 gladii
2386 665 2551 722 opera
2583 649 2862 708 maledixit
2912 651 2966 707 in
3005 659 3302 722 posterum,
3335 663 3390 710 et
3425 669 3516 710 sa-

1915 746 2101 802 nitatis
2128 745 2466 801 restitutione
2490 745 2538 801 ei
2563 787 2580 812 ,
2611 759 2772 816 quem
2803 759 2908 800 non
2949 745 3063 815 ipse
3091 755 3397 814 vexaverat,
3427 759 3515 802 sa—

1917 839 2146 908 tisfecit,
2181 855 2277 911 per
2306 839 2427 912 (l0)
2459 838 2766 910 patientiam
2788 881 2804 908 ,
2837 839 3220 896 misericordiae
3259 850 3512 898 matrem.

1916 931 2094 989 Taceo
2137 933 2279 1004 quod
2308 934 2503 1004 ﬁgitur,
2537 933 2589 988 in
2636 932 2739 989 hoc
2788 934 2930 989 enim
2976 941 3220 989 venerat.
3246 934 3515 1006 Numquid

1918 1035 2096 1082 tamen
2129 1025 2420 1081 subeundae
2465 1025 2624 1081 morti
2651 1026 2811 1081 etiam
2859 1026 3197 1082 contumeliis
3224 1041 3360 1097 opus
3401 1027 3517 1083 fue-

1917 1119 2044 1176 rat?
2069 1119 2174 1176 Sed
2200 1120 2431 1189 saginari
2464 1120 2732 1191 voluptate
2763 1120 3030 1192 patientiae
3060 1121 3396 1177 discessurus
3421 1138 3516 1177 vo-

1917 1211 2080 1268 lebat.
2121 1212 2433 1283 Despuitnr,
2465 1213 2806 1280 verberatur,
2838 1213 3130 1280 deridetur,
3167 1215 3322 1271 {tedis
3353 1217 3515 1271 vesti—

1921 1315 2026 1374 tur,
2062 1306 2380 1363 t'tedioribus
2410 1317 2718 1363 coronatur.
2751 1306 2884 1362 Mira
2912 1309 3328 1378 tequanimitatis
3359 1308 3510 1364 ﬁdes.

1918 1398 2022 1466 Qui
2063 1399 2116 1453 in
2165 1397 2398 1454 hominis
2445 1398 2608 1470 ﬁgura
2653 1408 3006 1469 proposuerat
3030 1399 3238 1467 latere,
3288 1399 3420 1455 nihil
3447 1402 3516 1456 de

1918 1491 2249 1563 impatientia
2291 1492 2523 1548 hominis
2562 1493 2799 1546 imitatus
2837 1502 2937 1547 est.
2982 1492 3116 1548 Hinc
3152 1493 3235 1550 vel
3279 1495 3516 1562 maxime

1918 1584 2169 1655 pharisaei
2219 1584 2500 1640 Dominum
2532 1599 2827 1656 agnoscere
2868 1585 3128 1641 debuistis
3159 1602 3172 1638 :
3204 1586 3516 1656 patientiam

1920 1677 2225 1750 bujusmodi
2254 1693 2412 1735 nemo
2441 1678 2716 1734 hominum
2763 1687 3113 1749 perpetraret.
3153 1677 3301 1734 Talia
3343 1687 3531 1734 tantae:

1918 1788 2024 1844 que
2047 1772 2364 1828 documenta
2389 1815 2404 1841 ,
2448 1787 2674 1844 quorum
2723 1773 3034 1844 magnitudo
3076 1787 3241 1844 penes
3269 1773 3519 1830 nationes

1918 1865 2133 1937 quidem
2159 1866 2480 1922 detrectatio
2509 1865 2632 1922 ﬁdei
2656 1875 2760 1931 est,
2793 1881 2961 1938 penes
2987 1882 3088 1924 nos
3125 1881 3256 1924 vero
3283 1869 3422 1924 ratio
3461 1877 3534 1925 et.

203 1966 407 2022 civitati
455 1981 573 2036 quce
627 1980 751 2021 eum
816 1966 1058 2036 recipere
1115 1962 1394 2029 noluerat,
1472 1961 1638 2016 iratus
1688 1968 1807 2026 est,
1841 1976 1890 2037 Β
1918 1961 2146 2022 structio
2177 1959 2314 2032 (Η),
2342 1961 2474 2016 satis
2519 1968 2737 2032 aperte,
2770 1975 2878 2016 non
2905 1959 3244 2018 sermonibus
3275 1961 3436 2018 modo
3462 1963 3517 2019 in

203 2073 327 2114 cum
410 2059 573 2114 etiam
661 2055 910 2128 discipuli
983 2065 1091 2111 tam
1161 2037 1552 2110 contumelioso
1615 2050 1827 2123 oppido

201 2153 453 2209 ccelestcs
491 2154 641 2223 ignes
668 2150 1048 2222 repraesentari
1079 2148 1401 2205 voluissent.
1452 2146 1694 2218 Ingratos
1721 2161 1815 2202 cu-

202 2245 361 2311 ravit,
392 2244 793 2299 insidiatoribus
835 2243 1016 2299 cessit.
1047 2241 1240 2298 Parum
1284 2242 1409 2309 hoc,
1439 2242 1484 2296 si
1517 2257 1623 2296 non
1651 2241 1812 2296 etiam

211 2337 540 2409 proditorem
585 2352 744 2393 suum
790 2351 972 2392 secum
1005 2334 1222 2403 habuit,
1256 2349 1355 2390 nec
1399 2344 1708 2390 constanter
1733 2333 1813 2406 ('7)

200 2431 497 2488 denotavit.
520 2430 654 2487 Cum
677 2444 805 2486 vero
829 2429 1076 2497 traditur,
1103 2444 1226 2486 cum
1255 2428 1537 2485 adducitur
1565 2439 1621 2484 ut
1650 2442 1814 2500 pecus

201 2525 269 2580 ad
295 2523 698 2593 victimam,sic
732 2524 877 2579 enim
933 2539 1038 2578 non
1086 2521 1255 2593 magis
1299 2523 1470 2593 aperit
1499 2535 1595 2590 os,
1647 2535 1814 2591 quam

201 2633 372 2688 agnus
395 2618 501 2676 sub
533 2617 808 2673 tondentis
834 2624 1102 2688 potestate
1124 2657 1139 2684 ,
1173 2615 1265 2671 ille
1285 2657 1298 2682 ,
1333 2615 1419 2672 cui
1442 2614 1680 2686 legiones
1709 2631 1809 2669 an-

201 2711 466 2786 gelorum,
496 2711 540 2767 si
573 2710 857 2781 voluisset,
889 2725 996 2768 uno
1022 2709 1170 2768 dicto
1189 2708 1258 2766 de
1281 2708 1437 2766 caelis
1483 2707 1804 2777 adfuissent,

1919 2053 2300 2126 praecipiendo,
2331 2054 2427 2110 sed
2453 2056 2616 2110 etiam
2651 2055 2991 2125 passionibus
3016 2055 3228 2112 Domini
3257 2057 3372 2127 (t2)
3400 2071 3520 2112 sus~

1916 2146 2158 2213 tinendo,
2188 2146 2419 2218 probant
2447 2145 2531 2202 his
2550 2187 2563 2212 ,
2596 2145 2791 2217 quibus
2821 2147 3047 2204 credere
3072 2147 3256 2204 datum
3279 2155 3381 2216 est,
3417 2163 3516 2220 pa-

1918 2240 2161 2296 tientiam
2196 2240 2286 2295 Dei
2327 2252 2448 2296 esse
2477 2250 2723 2296 naturam
2767 2239 2870 2312 (ά),
2900 2240 3154 2298 effectum
3175 2249 3230 2300 et
3255 2252 3518 2314 praestan-

1917 2335 2044 2390 tiam
2073 2333 2322 2405 ingenitae
2346 2333 2622 2405 cujusdam
2655 2335 3016 2405 pr0prietatis.

2503 2469 2731 2528 CAPUT
2770 2470 2858 2527 IV.

1988 2610 2151 2685 Igitur
2179 2611 2226 2668 si
2266 2609 2465 2684 probos
2511 2623 2756 2681 quosque
2783 2621 2972 2666 servos
3011 2618 3068 2665 et
3097 2609 3251 2666 bona:
3282 2610 3479 2668 mentis
3498 2650 3518 2678 ,-

1915 2723 2014 2780 pro
2044 2705 2263 2778 ingenio
2296 2703 2570 2762 dominico
2596 2705 2907 2761 conversari
2933 2703 3180 2761 videmus
3205 2707 3224 2776 (
3247 2705 3420 2776 siquid
3431 2718 3525 2762 em

1437 2827 1732 2886 LECTION
1740 2825 1823 2886 ES
1854 2816 1947 2884 VA
1958 2823 2277 2882 RIANTES.

294 2927 340 2990 1)
372 2924 497 2990 Tum
523 2923 675 2976 Latin.

288 2990 338 3052 2)
363 2989 436 3040 Sit
461 2989 612 3052 Fran.

288 3047 339 3163 ὅ)
367 3053 484 3103 Cod.
515 3047 816 3102 Divionensis
841 3062 858 3100 :
881 3049 1064 3100 docens
1087 3047 1331 3099 hominem
1360 3047 1570 3100 evadere
1599 3053 1810 3098 mortem

289 3130 319 3163 o
340 3125 468 3163 utam
493 3115 511 3163 l
529 3111 636 3163 cod.
662 3111 835 3163 Pithazi
857 3112 1162 3163 :absolutem
1193 3111 1426 3163 ).scilicet
1452 3110 1642 3160 veniam
1657 3109 1810 3159 offen-

199 3109 468 3167 absolutam
493 3111 636 3174 (cod.
662 3111 835 3164 Pithazi
857 3112 1162 3163 :absolutem
1192 3111 1426 3173 ),scilicet
1452 3110 1642 3160 veniam
1657 3109 1811 3159 otl'en-

199 3193 271 3228 δίε
303 3179 554 3244 patientiae
597 3178 837 3244 eruditus.
866 3177 995 3244 (_Zod.
1041 3175 1208 3244 Ursini
1237 3188 1255 3224 :
1279 3174 1546 3244 (I00..IJOII.1.
1675 3186 1807 3244 more

201 3233 554 3292 tcm'adsolita:
593 3239 759 3288 scilice
787 3239 996 3298 veniam,
1028 3246 1124 3287 etc.
1159 3236 1278 3288 Tres
1315 3233 1520 3286 vaticani
1541 3233 1808 3298 afﬁrmante

199 3300 418 3354 I'amelio
440 3309 483 3351 et
507 3301 585 3352 ed.
614 3302 828 3356 Franeq.
861 3313 877 3348 :
901 3300 1008 3349 doc.
1035 3301 1162 3348 hom.
1205 3314 1284 3349 ev.
1327 3297 1648 3356 mortem,’ob
1673 3297 1804 3346 salu-

542 3340 718 3412 venire
739 3340 928 3426 cliensa
955 3363 1192 3426 patientia
1219 3361 1471 3426 eruditusL
1492 3340 1664 3411 Rhcn.:
1691 3359 1802 3426 doc.
1834 3340 1880 3404 C

198 3429 337 3478 hom.
366 3440 443 3477 ev.
469 3432 691 3483 mortem,
709 3423 939 3486 absolute
955 3421 1168 3486 ‘sciliCet
1191 3426 1382 3472 veniam
1407 3421 1605 3472 ollensm
1623 3423 1812 3486 patien-

201 3492 286 3542 tim
309 3489 547 3541 eruditus.
576 3483 753 3555 Rigalt.
781 3492 824 3538 et
849 3485 997 3537 Seml.
1025 3500 1070 3537 v.
1096 3492 1305 3537 mortem
1325 3487 1596 3550 eiecerunt.

1911 2919 2072 3033 lu
2086 2915 2186 3032 ἒ.ῗέ
2207 2915 2288 2978 42,
2307 2915 2356 2981 2,
2380 2918 2427 2968 3.
2455 2915 2662 2982 prold
2702 2916 2860 2984 tegere
2883 2915 3053 2970 maluit
3081 2931 3098 2970 :
3122 2920 3331 2970 mortem
3355 2916 3414 2968 ad
3439 2930 3518 2968 sa-

1975 3041 2050 3170 iﬁ)
2075 3045 2260 3155 Atquin
2277 3043 2429 3093 Fran.
2457 3041 2614 3116 Paris.
2711 3045 2720 3076 i

1979 3110 2045 3182 lg
2076 3107 2271 3182 _Satem
2294 3107 2448 3182 Fran.
2474 3108 2640 3158 Paris.

1976 3169 2041 3229 (7’
2075 3172 2314 3220 instanter
2338 3169 2460 3218 Jun.

1976 3177 2050 3306 (ἐς
2073 3231 2339 3306 placentis
2361 3229 2514 3306 Rhen.
2534 3241 2683 3306 Fiam
2703 3229 2868 3284 Paris.

1996 3231 2048 3297 8)
2073 3231 2339 3282 Educentis
2361 3231 2514 3306 Rhen.
2534 3241 2683 3306 Ρναηἒ
2703 3233 2724 3282 1

2070 3291 2533 3416 ξὲἳτὲιὲεξῖναη.
2560 3297 2724 3346 Paris.

1982 3355 2077 3416 (16‘
2108 3357 2256 3405 Proh.
2282 3355 2427 3407 Rhen.

1982 3419 2028 3480 (ι
2042 3377 2090 3480 li
2115 3419 2378 3480 [instructio
2392 3415 2501 3468 alii.

1985 3475 2092 3548 (t2)
2125 3479 2182 3532 In
2205 3482 2324 3532 add.
2352 3483 2474 3532 Jun.
2502 3483 2807 3546 passionibus
2824 3483 2874 3533 in
2896 3475 3186 3534 sustinendo
3210 3480 3316 3550 Rig.

1587 3586 2154 3647 COMMENTARIUSs

205 3715 270 3770 tis
295 3711 674 3766 inhonestarent
693 3724 712 3772 ;
733 3709 821 3763 sed
844 3709 964 3780 quia
993 3706 1156 3780 {trdus
1181 3706 1285 3760 illis
1323 3705 1640 3780 apparebat,
1669 3709 1805 3777 fece-

203 3795 326 3840 runt
350 3785 428 3838 illi
470 3785 570 3838 ista
591 3799 612 3848 ;
639 3799 741 3837 non
785 3777 918 3835 enim
945 3779 1192 3834 habebant
1219 3777 1391 3832 oculos
1419 3779 1552 3832 unde
1577 3777 1812 3834 Christus

205 3856 417 3928 pulcher
460 3854 747 3928 videretur,
797 3861 905 3928 etc.
960 3849 1542 3928 Denique__Septin_t_ius
1597 3860 1806 3928 poster,

203 3920 302 3984 Iib.
351 3927 418 3982 III
464 3926 674 3981 advers.
701 3924 1045 3988 Marcionem,
1074 3922 1382 3978 Davidicunt
1406 3920 1555 3986 illud,
1589 3920 1807 3990 Specio-

205 4016 294 4053 sus
315 4005 481 4071 forma
504 4013 610 4068 prae
639 3997 758 4066 ﬁliis
785 3994 1390 4071 hominumucxpl‘icans,
1421 3991 1730 4071 ait_s_Naiii,
1759 4001 1808 4071 et

205 4073 248 4126 si
279 4063 599 4140 tempestivus
628 4063 825 4132 decore,
870 4067 1012 4140 apud
1057 4064 1244 4132 David,
1277 4081 1435 4140 supra
1465 4063 1619 4140 ﬁlios
1642 4066 1807 4119 homi-

205 4159 328 4196 num
352 4137 484 4207 {sed
509 4143 562 4195 in
587 4140 861 4212 allegorica
881 4139 975 4193 illo
995 4149 1130 4212 statu
1174 4137 1354 4207 gratite
1383 4137 1639 4212 spiritalis
1692 4153 1806 4190 eum

207 4215 488 4285 accingitur
517 4208 977 4285 ensem'sermouis,
1005 4211 1091 4285 qui
1119 4225 1230 4285 vere
1256 4211 1465 4285 species,
1491 4218 1536 4260 et
1557 4208 1730 4285 decor,
1761 4217 1806 4285 et

207 4279 373 4357 gloria
428 4286 587 4356 ipsius
639 4294 732 4339 est.
775 4279 1026 4357 Ctetentni
1061 4282 1234 4357 habitu
1278 4281 1626 4357 incorporati,
1670 4279 1809 4357 apud

211 4351 458 4412 eumdem
476 4357 794 4426 praphetam,
813 4355 994 4409 vermis
1009 4356 1180 4417 etiam,
1195 4362 1242 4406 et
1259 4354 1571 4426 _non__homo,
1593 4351 1810 4426 ignomi-

209 4430 296 4483 nia
341 4423 660 4484 hominiset
709 4427 1057 4494 nulliﬁcamen
1112 4423 1306 4494 pepuli.
1339 4423 1544 4494 iVirum
1597 4424 1808 4479 exitnitn

208 4501 424 4570 pictatis
449 4510 502 4557 et
528 4499 786 4554 doctrina:
817 4493 1074 4552 Iacobum
1099 4493 1444 4550 Sirmundnm
1475 4494 1648 4550 audivi
1682 4509 1809 4570 nar-

208 4565 440 4637 rantem,
469 4587 527 4626 se
554 4571 750 4628 vidisse
779 4570 1040 4624 numisma
1069 4579 1220 4624 vetus
1255 4582 1476 4632 aereum,
1500 4581 1688 4624 cusum
1731 4565 1814 4639 (ut

208 4645 326 4714 ipse
353 4641 753 4714 arbitrabatur)
774 4641 887 4714 sub
917 4640 1275 4714 Constantino
1290 4656 1313 4714 :_
1328 4640 1595 4714 scalptura
1624 4639 1812 4714 faciem

210 4710 500 4771 exhibebat
538 4714 667 4768 satis
693 4710 994 4769 deformem
1034 4721 1085 4766 et
1135 4710 1404 4766 horridam
1431 4753 1446 4776 ,
1479 4723 1531 4767 et
1563 4712 1613 4765 in
1645 4710 1814 4764 altera

209 4797 382 4857 parte,
409 4786 662 4856 templum
690 4800 808 4840 cum
854 4784 1200 4857 inscriptione
1229 4800 1242 4837 :
1268 4781 1654 4857 ANAAQ'I‘ACIC
1695 4797 1815 4857 (quae

214 4853 302 4912 vix
347 4853 536 4913 alium'
563 4857 801 4912 indicare
845 4853 1132 4922 videatur,
1180 4869 1339 4926 quam
1381 4853 1688 4916 Christum,
1724 4853 1812 4923 qui

213 4931 493 5000 templum,
524 4929 626 4984 hoc
665 4940 776 4995 est,
808 4943 1004 4998 corpus
1044 4943 1198 5000 suum
1220 4967 1235 4993 ,
1278 4934 1452 5000 morte
1479 4926 1814 5000 destructum

211 5018 275 5056 ac
301 4995 644 5066 dissolutum,
675 5003 828 5057 tertia
857 4995 944 5055 die
961 4999 1222 5064 restituit,
1253 4998 1360 5052 vita
1389 5008 1679 5067 resumpta.
1706 4995 1812 5051 Ita-

209 5088 314 5144 que
333 5073 471 5128 haud
493 5073 832 5129 mediocriter
852 5073 1104 5144 aberrant
1127 5071 1216 5144 qui
1248 5068 1674 5144 vultuanhIisti
1695 5077 1816 5144 esse

211 5139 392 5208 aiunt,
420 5161 578 5218 quem
636 5145 857 5201 Fulvius
887 5139 1230 5218 illrsinusfl‘.
1259 5140 1508 5209 Quinctio
1551 5139 1815 5218 ﬂaminio

212 5218 398 5272 tribuit
427 5209 627 5288 (Imag.
653 5219 814 5272 illust.
842 5215 973 5284 1'26)
1009 5216 1120 5283 Qua
1148 5213 1215 5269 de
1243 5222 1408 5288 reest
1434 5213 1628 5288 caret,
1658 5211 1750 5288 lib.
1771 5209 1811 5279 Ι,

214 5291 408 5343 variar.
436 5284 726 5347 lectidnum
755 5288 875 5344 Jani
932 5288 1197 5358 Itugersii.
1242 5285 1321 5340 Ad
1363 5284 1610 5358 dominici
1640 5284 1814 5358 vultus

213 5362 481 5416 tristitiam
517 5363 784 5432 pertinere
808 5354 1223 5432 videtur'qnod,
1245 5355 1385 5427 apud
1405 5355 1688 5432 .Ioannem.
1720 5354 1815 5413 Ju-

215 5432 316 5486 dzei
344 5429 555 5488 aitatem
582 5433 778 5489 Christi
805 5429 1057 5502 quasiiad
1083 5429 1580 5502 quinquagesimum
1611 5441 1813 5481 annum

215 5515 525 5575 vergentem
549 5498 840 5560 denotant}
873 5503 923 5556 in
956 5498 1361 5575 facie'nimirui‘n
1389 5498 1658 5575 indecora,
1683 5512 1816 5553 con-

217 5571 347 5648 tusis
373 5578 485 5648 ipsa
509 5576 850 5632 deformitate
872 5574 1224 5648 lineamentis,
1257 5572 1423 5628 multo
1453 5571 1632 5641 plures
1655 5584 1815 5644 quam

215 5645 438 5703 haberet
475 5663 646 5704 annos
670 5646 1070 5717 computabant.
1100 5645 1222 5701 Rlo.

286 5717 368 5795 (a)
388 5719 677 5795 Tentatoris
695 5712 1004 5795 con-gressus
1021 5717 1153 5794 solis
1179 5713 1584 5795 verbisrepellit.
1604 5712 1813 5770 Corru-

214 5787 366 5862 ι)ιὰιή
399 5808 556 5862 prava
584 5787 924 5848 distinctione
953 5789 1127 5862 locum
1156 5788 1245 5862 sic
1260 5788 1413 5844 facile
1441 5787 1810 5862 restituemus:

215 5857 283 5918 Et
329 5857 590 5925 tentatoris
637 5878 936 5936 congressus
962 5861 1083 5919 solis
1112 5860 1273 5917 verbis
1313 5859 1553 5944 repellit,
1603 5874 1720 5914 cum
1748 5857 1814 5914 de

1839 4585 1892 4645 D

1914 3704 2119 3759 domino
2148 3704 2206 3772 fit
2242 3705 2482 3776 magister
2505 3745 2520 3772 ,
2549 3705 2733 3776 docens
2760 3705 3013 3761 hominem
3055 3706 3266 3763 evadere
3289 3709 3358 3762 ad
3375 3707 3518 3763 salu-

1914 3786 2012 3830 tem
2067 3777 2256 3831 scilicet
2301 3775 2494 3831 veniam
2538 3775 2749 3843 olfensaa
2798 3779 3058 3847 patientia:
3097 3779 3347 3837 eruditus.
3393 3779 3518 3838 Non

1917 3848 2172 3902 contendit
2199 3889 2212 3911 ,
2265 3863 2364 3902 non
2417 3849 2747 3916 reclamavit,
2790 3849 3171 3905 etc.Satanam
3216 3859 3514 3908 tentantem

1911 3921 2166 3994 Christus
2186 3920 2380 3990 repulit
2395 3919 2541 3994 _solis
2561 3920 2739 3994 verbis
2759 3963 2774 3986 ,
2792 3992 2802 3994 μ
2820 3930 2873 3977 et
2899 3920 3117 3994 quidem
3145 3938 3212 3978 ex
3239 3922 3514 3994 Scriptura

1911 3992 2107 4047 citatis.
2141 3991 2357 4047 Poterat
2395 3991 2650 4046 Dominus
2685 3991 2886 4047 viribus
2917 3991 3137 4048 idivinis
3178 4004 3232 4049 ct
3277 3991 3408 4050 nutu
3447 3997 3517 4052 ad

1913 4064 2017 4137 ima
2053 4065 2235 4137 tartari
2261 4062 2578 4137 detrudere;
2611 4063 2704 4118 sed
2755 4064 2941 4119 maluit
2969 4065 3284 4136 magistrum
3315 4083 3512 4137 agere,

1913 4147 1965 4190 et
1994 4136 2298 4206 Scripturas
2339 4136 2668 4191 calumniose
2709 4137 2960 4192 citantem
2994 4137 3224 4206 simplici
3269 4136 3515 4205 Scriptu-

1915 4223 2094 4261 rarum
2124 4207 2350 4262 veritate
2386 4207 2681 4262 confutare.
2728 4208 2970 4264 Subinde
2999 4220 3174 4264 autem
3224 4209 3514 4266 Tertullia-

1915 4294 2015 4353 ρης
2044 4279 2379 4353 occasionem
2408 4278 2536 4334 dicti
2565 4279 2706 4334 illius
2733 4298 2744 4334 :
2771 4282 2832 4353 de
2861 4281 3067 4336 domino
3087 4282 3144 4350 ﬁt
3169 4285 3426 4353 magister,
3447 4285 3516 4340 ab

1917 4350 2112 4405 Satana
2139 4350 2223 4424 _ad
2256 4351 2530 4424 hominem,
2566 4351 2862 4424 transtulit,
2895 4350 3512 4424 continuoque'adjecit,

1917 4423 2102 4496 docens
2129 4422 2382 4496 Itoiiiinem
2405 4423 2614 4496 evadere
2639 4422 2708 4475 ad
2733 4423 2972 4480 salutem.
3021 4423 3110 4481 Sic
3153 4422 3516 4496 tibique—solet

1917 4493 2218 4564 hujusmodi
2246 4493 2558 4549 occasiones
2586 4504 2820 4564 captare.
2852 4496 2972 4552 Bia.

1992 4564 2071 4637 (h)
2104 4563 2300 4637 Docens
2327 4565 2578 4620 hominem
2599 4563 2806 4621 evadere
2820 4569 2886 4620 ad
2910 4568 3146 4622 salutem.
3172 4567 3269 4622 Hic
3289 4567 3514 4636 plurima

1923 4636 2162 4709 veterum
2198 4636 2456 4709 librorum
2476 4640 2614 4694 inter
2641 4653 2760 4694 sese
2787 4639 3075 4696 discordia.
3097 4639 3515 4709 Antiquissimus

1922 4708 1981 4763 P.
2016 4706 2207 4764 Pithmi
2251 4730 2263 4764 :
2306 4708 2506 4764 Docens
2533 4710 2786 4764 Itoininem
2811 4712 3020 4766 evadere
3064 4706 3274 4764 mortem
3303 4711 3512 4767 absolu-

1921 4789 2053 4853 tem;
2083 4781 2271 4835 scilicet
2298 4782 2493 4836 veniam
2518 4780 2728 4849 o/fensa:
2766 4785 3021 4853 patientiae
3047 4782 3289 4838 eruditus.
3330 4782 3515 4840 Codex

1924 4851 2260 4908 Divionensis
2285 4869 2299 4908 :
2334 4853 2530 4908 Docens
2553 4851 2807 4909 hominem
2833 4855 3043 4910 evadere
3067 4865 3276 4908 mortem
3307 4854 3515 4910 absolu-

1921 4932 2063 4995 tam;
2095 4925 2283 4979 scilicet
2309 4926 2508 4980 veniam
2532 4925 2742 4993 o/fensw
2753 4927 3010 4995 patientia:
3035 4927 3280 4981 eruditus.
3307 4925 3511 4984 Ursini:

1921 4994 2122 5050 Docens
2152 4997 2404 5050 hominem
2434 4998 2644 5051 evadere
2670 4994 2878 5053 mortem
2903 5015 2920 5063 ;
2949 4997 3019 5050 ad
3045 4997 3208 5052 solita:
3231 4999 3401 5053 scilice
3423 5015 3514 5054 ve-

1919 5069 2061 5120 niam
2111 5066 2321 5134 oﬂensa’
2353 5069 2609 5136 patientis;
2655 5069 2902 5125 eruditus.
2931 5069 3066 5125 Tres
3096 5068 3332 5124 Vaticani
3359 5111 3372 5135 ,
3413 5070 3514 5125 Pa-

1920 5140 2083 5195 melio
2111 5138 2452 5195 afﬁrmante:
2484 5139 2682 5194 Docens
2728 5141 2981 5196 hominem
3029 5143 3237 5195 evadere
3264 5153 3510 5207 mortem,

1918 5209 1980 5284 ρὰ
2009 5211 2228 5266 salutem
2272 5213 2460 5284 scilicet
2488 5213 2673 5284 _venire
2716 5211 2911 5280 o/Iensa
2968 5214 3215 5284 patientia
3267 5215 3512 5269 eruditus-

1918 5281 2208 5354 Rhenanus
2245 5283 2434 5338 edidit.
2475 5281 2673 5337 Docens
2718 5281 2977 5339 hominem
3009 5285 3218 5342 evadere
3263 5296 3510 5354 mortem,

1918 5353 2144 5426 absolute
2161 5355 2349 5409 scilicet
2368 5355 2565 5408 veniam
2580 5354 2788 5422 o/Ienste
2808 5358 3062 5426 patientia:
3081 5360 3322 5413 eruditus.
3349 5358 3471 5415 RlG.

1991 5425 2068 5498 (c)
2098 5427 2292 5498 Aquam
2334 5426 2443 5495 ipse
2466 5427 2696 5482 lavandis
2715 5425 3080 5498 discipulorum
3118 5431 3325 5498 pedibus
3357 5431 3482 5484 mini
3492 5461 3512 5476 ο

1923 5497 2120 5574 stravit.
2138 5497 2386 5574 _'_Placuit
2406 5498 2520 5574 hinc
2549 5501 2810 5571 scriptura
2837 5497 3038 5574 codicis
3062 5497 3262 5567 Ursini,
3291 5505 3412 5574 quia
3432 5501 3512 5558 sic

1921 5569 2105 5642 etiam,
2138 5570 2230 5624 lib.
2260 5569 2329 5624 de
2351 5569 2872 5642 Bsptismoquuam
2902 5573 3206 5628 discentibus
3237 5569 3506 5629 ministrat.

1922 5640 1990 5717 Iit
2011 5648 2195 5717 tamen
2226 5640 2424 5717 possit,
2458 5657 2558 5717 nec
2602 5640 3000 5717 siae'rationc,
3032 5645 3246 5702 delendi
3291 5645 3432 5717 quod
3457 5648 3510 5702 in

1920 5711 2204 5786 Pitboeano
2231 5711 2442 5782 legitur,
2477 5714 2664 5785 Atquin
2711 5717 2819 5786 ipse
2847 5717 3098 5781 lavandis,
3127 5727 3230 5774 etc.
3261 5711 3392 5774 Nam
3426 5718 3511 5773 hic

1923 5783 2317 5860 de_mim}te_rio
2334 5783 2584 5860 tantum,
2610 5787 2719 5843 illic
2731 5783 2812 5844 'de
2831 5803 2966 5860 aqua
2993 5803 3173 5860 sermo
3197 5801 3299 5847 εει.
3334 5790 3454 5846 ltro.

1992 5852 2078 5929 (d)
2123 5854 2432 5918 Patientiam
2455 5857 2554 5917 Dei
2577 5875 2685 5918 esse
2711 5852 2967 5918 natarunt.
2995 5859 3159 5934 Nam,
3203 5871 3262 5920 ut
3285 5862 3358 5921 ait
3385 5863 3501 5920 Au-
