  <div class='ocr_page' id='page_1' title='image "/cluster/home/n/w/nwhite01/storage/ocr_20150623/1/hvd.32044015466733/653.png"; bbox 0 0 2008 3326; ppageno 0'>
   <div class='ocr_carea' id='block_1_1' title="bbox 256 111 329 140">
    <p class='ocr_par' dir='ltr' id='par_1_1' title="bbox 256 111 329 140">
     <span class='ocr_line' id='line_1_1' title="bbox 256 111 329 140; baseline 0 0"><span class='ocrx_word' id='word_1_1' title='bbox 256 111 329 140; x_wconf 69' lang='grc'><strong>1255</strong></span> 
     </span>
    </p>
   </div>
   <div class='ocr_carea' id='block_1_2' title="bbox 958 109 1189 141">
    <p class='ocr_par' dir='ltr' id='par_1_2' title="bbox 958 109 1189 141">
     <span class='ocr_line' id='line_1_2' title="bbox 958 109 1189 141; baseline -0.009 -1"><span class='ocrx_word' id='word_1_2' title='bbox 958 109 1189 141; x_wconf 78' lang='lat' dir='ltr'><strong>TERTULLIANI</strong></span> 
     </span>
    </p>
   </div>
   <div class='ocr_carea' id='block_1_3' title="bbox 1838 112 1917 142">
    <p class='ocr_par' dir='ltr' id='par_1_3' title="bbox 1838 112 1917 142">
     <span class='ocr_line' id='line_1_3' title="bbox 1838 112 1917 142; baseline 0.013 -1"><span class='ocrx_word' id='word_1_3' title='bbox 1838 112 1917 142; x_wconf 68' lang='lat'><strong>{256</strong></span> 
     </span>
    </p>
   </div>
   <div class='ocr_carea' id='block_1_4' title="bbox 256 169 1915 207">
    <p class='ocr_par' dir='ltr' id='par_1_4' title="bbox 256 169 1915 207">
     <span class='ocr_line' id='line_1_4' title="bbox 256 169 1915 207; baseline 0 -9"><span class='ocrx_word' id='word_1_4' title='bbox 256 169 400 199; x_wconf 88' lang='lat' dir='ltr'><strong>artilicium</strong></span> <span class='ocrx_word' id='word_1_5' title='bbox 428 169 598 205; x_wconf 85' lang='lat' dir='ltr'><strong>promerendi</strong></span> <span class='ocrx_word' id='word_1_6' title='bbox 625 169 784 205; x_wconf 83' lang='lat' dir='ltr'><strong>obsequium</strong></span> <span class='ocrx_word' id='word_1_7' title='bbox 801 174 852 205; x_wconf 92' lang='lat' dir='ltr'><strong>est,</strong></span> <span class='ocrx_word' id='word_1_8' title='bbox 874 170 993 207; x_wconf 90' lang='lat' dir='ltr'><strong>obsequii</strong></span> <span class='ocrx_word' id='word_1_9' title='bbox 1014 171 1054 207; x_wconf 79' lang='grc' dir='ltr'>(ι)</span> <span class='ocrx_word' id='word_1_10' title='bbox 1068 170 1154 201; x_wconf 76' lang='lat' dir='ltr'><strong>ACui</strong></span> <span class='ocrx_word' id='word_1_11' title='bbox 1171 170 1233 197; x_wconf 92' lang='lat' dir='ltr'><strong>item</strong></span> <span class='ocrx_word' id='word_1_12' title='bbox 1253 169 1362 197; x_wconf 89' lang='lat' dir='ltr'><strong>dubium</strong></span> <span class='ocrx_word' id='word_1_13' title='bbox 1385 169 1420 197; x_wconf 92' lang='lat' dir='ltr'><strong>sit</strong></span> <span class='ocrx_word' id='word_1_14' title='bbox 1441 176 1521 198; x_wconf 90' lang='lat' dir='ltr'><strong>omne</strong></span> <span class='ocrx_word' id='word_1_15' title='bbox 1543 169 1656 203; x_wconf 87' lang='lat' dir='ltr'><strong>bonum,</strong></span> <span class='ocrx_word' id='word_1_16' title='bbox 1682 169 1743 206; x_wconf 88' lang='lat' dir='ltr'><strong>quia</strong></span> <span class='ocrx_word' id='word_1_17' title='bbox 1762 169 1796 198; x_wconf 88' lang='lat' dir='ltr'><strong>ad</strong></span> <span class='ocrx_word' id='word_1_18' title='bbox 1821 170 1915 198; x_wconf 83' lang='lat' dir='ltr'><strong>Deum</strong></span> 
     </span>
    </p>
   </div>
   <div class='ocr_carea' id='block_1_5' title="bbox 257 215 1054 253">
    <p class='ocr_par' dir='ltr' id='par_1_5' title="bbox 257 215 1054 253">
     <span class='ocr_line' id='line_1_5' title="bbox 257 215 1054 253; baseline 0.003 -10"><span class='ocrx_word' id='word_1_19' title='bbox 257 223 324 243; x_wconf 78' lang='lat' dir='ltr'><strong>vero</strong></span> <span class='ocrx_word' id='word_1_20' title='bbox 334 215 483 251; x_wconf 81' lang='lat' dir='ltr'><strong>disciplina,</strong></span> <span class='ocrx_word' id='word_1_21' title='bbox 498 216 630 251; x_wconf 81' lang='lat' dir='ltr'><strong>morigera</strong></span> <span class='ocrx_word' id='word_1_22' title='bbox 644 216 774 252; x_wconf 84' lang='lat' dir='ltr'><strong>subjectio</strong></span> <span class='ocrx_word' id='word_1_23' title='bbox 787 221 838 250; x_wconf 89' lang='lat' dir='ltr'><strong>est,</strong></span> <span class='ocrx_word' id='word_1_24' title='bbox 854 222 953 252; x_wconf 83' lang='lat' dir='ltr'><strong>quanto</strong></span> <span class='ocrx_word' id='word_1_25' title='bbox 970 218 1054 253; x_wconf 81' lang='lat' dir='ltr'><strong>magis</strong></span> 
     </span>
    </p>
   </div>
   <div class='ocr_carea' id='block_1_6' title="bbox 255 262 1055 299">
    <p class='ocr_par' dir='ltr' id='par_1_6' title="bbox 255 262 1055 299">
     <span class='ocr_line' id='line_1_6' title="bbox 255 262 1055 299; baseline 0.001 -9"><span class='ocrx_word' id='word_1_26' title='bbox 255 270 306 290; x_wconf 87' lang='lat' dir='ltr'><strong>nos</strong></span> <span class='ocrx_word' id='word_1_27' title='bbox 320 262 465 290; x_wconf 85' lang='lat' dir='ltr'><strong>secundum</strong></span> <span class='ocrx_word' id='word_1_28' title='bbox 483 262 624 290; x_wconf 89' lang='lat' dir='ltr'><strong>Dominum</strong></span> <span class='ocrx_word' id='word_1_29' title='bbox 646 268 765 291; x_wconf 87' lang='lat' dir='ltr'><strong>moratos</strong></span> <span class='ocrx_word' id='word_1_30' title='bbox 781 262 822 299; x_wconf 69' lang='grc' dir='ltr'>(Ξ)</span> <span class='ocrx_word' id='word_1_31' title='bbox 837 263 951 291; x_wconf 74' lang='lat' dir='ltr'><strong>inveniri</strong></span> <span class='ocrx_word' id='word_1_32' title='bbox 973 271 1055 299; x_wconf 86' lang='lat' dir='ltr'><strong>opor-</strong></span> 
     </span>
    </p>
   </div>
   <div class='ocr_carea' id='block_1_7' title="bbox 255 308 1052 345">
    <p class='ocr_par' dir='ltr' id='par_1_7' title="bbox 255 308 1052 345">
     <span class='ocr_line' id='line_1_7' title="bbox 255 308 1052 345; baseline 0.001 -9"><span class='ocrx_word' id='word_1_33' title='bbox 255 309 312 337; x_wconf 88' lang='lat' dir='ltr'><strong>tet!</strong></span> <span class='ocrx_word' id='word_1_34' title='bbox 327 308 426 337; x_wconf 86' lang='lat' dir='ltr'><strong>Servos</strong></span> <span class='ocrx_word' id='word_1_35' title='bbox 440 309 544 337; x_wconf 89' lang='lat' dir='ltr'><strong>scilicet</strong></span> <span class='ocrx_word' id='word_1_36' title='bbox 560 309 606 337; x_wconf 84' lang='lat' dir='ltr'><strong>Dei</strong></span> <span class='ocrx_word' id='word_1_37' title='bbox 620 309 683 343; x_wconf 85' lang='lat' dir='ltr'><strong>vivi,</strong></span> <span class='ocrx_word' id='word_1_38' title='bbox 700 308 776 344; x_wconf 87' lang='lat' dir='ltr'><strong>cujus</strong></span> <span class='ocrx_word' id='word_1_39' title='bbox 789 309 919 345; x_wconf 89' lang='lat' dir='ltr'><strong>judicium</strong></span> <span class='ocrx_word' id='word_1_40' title='bbox 936 310 963 337; x_wconf 94' lang='lat' dir='ltr'><strong>in</strong></span> <span class='ocrx_word' id='word_1_41' title='bbox 978 317 1052 344; x_wconf 89' lang='lat' dir='ltr'><strong>suos,</strong></span> 
     </span>
    </p>
   </div>
   <div class='ocr_carea' id='block_1_8' title="bbox 255 355 1053 392">
    <p class='ocr_par' dir='ltr' id='par_1_8' title="bbox 255 355 1053 392">
     <span class='ocr_line' id='line_1_8' title="bbox 255 355 1053 392; baseline 0 -7"><span class='ocrx_word' id='word_1_42' title='bbox 255 365 308 385; x_wconf 92' lang='lat' dir='ltr'><strong>non</strong></span> <span class='ocrx_word' id='word_1_43' title='bbox 324 357 350 384; x_wconf 90' lang='lat' dir='ltr'><strong>in</strong></span> <span class='ocrx_word' id='word_1_44' title='bbox 366 356 495 392; x_wconf 86' lang='lat' dir='ltr'><strong>compede</strong></span> <span class='ocrx_word' id='word_1_45' title='bbox 506 361 551 384; x_wconf 91' lang='lat' dir='ltr'><strong>aut</strong></span> <span class='ocrx_word' id='word_1_46' title='bbox 565 357 635 392; x_wconf 87' lang='lat' dir='ltr'><strong>pileo</strong></span> <span class='ocrx_word' id='word_1_47' title='bbox 649 357 761 385; x_wconf 86' lang='lat' dir='ltr'><strong>vertitur</strong></span> <span class='ocrx_word' id='word_1_48' title='bbox 776 355 825 392; x_wconf 90' lang='lat' dir='ltr'><strong>(a),</strong></span> <span class='ocrx_word' id='word_1_49' title='bbox 843 356 889 385; x_wconf 88' lang='lat' dir='ltr'><strong>sed</strong></span> <span class='ocrx_word' id='word_1_50' title='bbox 904 356 930 385; x_wconf 93' lang='lat' dir='ltr'><strong>in</strong></span> <span class='ocrx_word' id='word_1_51' title='bbox 944 358 1053 385; x_wconf 59' lang='lat' dir='ltr'><strong>aeterni-</strong></span> 
     </span>
    </p>
   </div>
   <div class='ocr_carea' id='block_1_9' title="bbox 255 402 1051 439">
    <p class='ocr_par' dir='ltr' id='par_1_9' title="bbox 255 402 1051 439">
     <span class='ocr_line' id='line_1_9' title="bbox 255 402 1051 439; baseline 0 -8"><span class='ocrx_word' id='word_1_52' title='bbox 255 408 319 437; x_wconf 85' lang='lat' dir='ltr'><strong>tate,</strong></span> <span class='ocrx_word' id='word_1_53' title='bbox 333 408 379 431; x_wconf 91' lang='lat' dir='ltr'><strong>aut</strong></span> <span class='ocrx_word' id='word_1_54' title='bbox 393 410 490 439; x_wconf 68' lang='lat' dir='ltr'><strong>poenae.</strong></span> <span class='ocrx_word' id='word_1_55' title='bbox 514 407 560 430; x_wconf 91' lang='lat' dir='ltr'><strong>aut</strong></span> <span class='ocrx_word' id='word_1_56' title='bbox 574 403 678 431; x_wconf 88' lang='lat' dir='ltr'><strong>salutis.</strong></span> <span class='ocrx_word' id='word_1_57' title='bbox 693 402 743 431; x_wconf 88' lang='lat' dir='ltr'><strong>Cui</strong></span> <span class='ocrx_word' id='word_1_58' title='bbox 758 403 893 431; x_wconf 90' lang='lat' dir='ltr'><strong>severitati</strong></span> <span class='ocrx_word' id='word_1_59' title='bbox 913 403 1051 431; x_wconf 85' lang='lat' dir='ltr'><strong>declinan-</strong></span> 
     </span>
    </p>
   </div>
   <div class='ocr_carea' id='block_1_10' title="bbox 254 448 1054 486">
    <p class='ocr_par' dir='ltr' id='par_1_10' title="bbox 254 448 1054 486">
     <span class='ocr_line' id='line_1_10' title="bbox 254 448 1054 486; baseline 0 -10"><span class='ocrx_word' id='word_1_60' title='bbox 254 448 307 483; x_wconf 75' lang='lat' dir='ltr'><strong>daz,</strong></span> <span class='ocrx_word' id='word_1_61' title='bbox 321 449 363 477; x_wconf 91' lang='lat' dir='ltr'><strong>vel</strong></span> <span class='ocrx_word' id='word_1_62' title='bbox 377 449 529 477; x_wconf 88' lang='lat' dir='ltr'><strong>liberalitati</strong></span> <span class='ocrx_word' id='word_1_63' title='bbox 544 449 700 483; x_wconf 73' lang='lat' dir='ltr'><strong>invitandre,</strong></span> <span class='ocrx_word' id='word_1_64' title='bbox 715 453 788 477; x_wconf 87' lang='lat' dir='ltr'><strong>tanta</strong></span> <span class='ocrx_word' id='word_1_65' title='bbox 800 449 921 485; x_wconf 89' lang='lat' dir='ltr'><strong>obsequii</strong></span> <span class='ocrx_word' id='word_1_66' title='bbox 939 450 1054 486; x_wconf 78' lang='lat' dir='ltr'><strong>diligen-</strong></span> 
     </span>
    </p>
   </div>
   <div class='ocr_carea' id='block_1_11' title="bbox 254 496 1055 532">
    <p class='ocr_par' dir='ltr' id='par_1_11' title="bbox 254 496 1055 532">
     <span class='ocr_line' id='line_1_11' title="bbox 254 496 1055 532; baseline 0 -8"><span class='ocrx_word' id='word_1_67' title='bbox 254 496 290 524; x_wconf 91' lang='lat' dir='ltr'><strong>tia</strong></span> <span class='ocrx_word' id='word_1_68' title='bbox 304 504 371 532; x_wconf 91' lang='lat' dir='ltr'><strong>opus</strong></span> <span class='ocrx_word' id='word_1_69' title='bbox 381 500 433 530; x_wconf 88' lang='lat' dir='ltr'><strong>est,</strong></span> <span class='ocrx_word' id='word_1_70' title='bbox 444 500 542 532; x_wconf 92' lang='lat' dir='ltr'><strong>quanta</strong></span> <span class='ocrx_word' id='word_1_71' title='bbox 556 500 618 523; x_wconf 88' lang='lat' dir='ltr'><strong>sunt</strong></span> <span class='ocrx_word' id='word_1_72' title='bbox 631 496 698 531; x_wconf 90' lang='lat' dir='ltr'><strong>ipsa,</strong></span> <span class='ocrx_word' id='word_1_73' title='bbox 710 504 769 532; x_wconf 68' lang='lat' dir='ltr'><strong>qua:</strong></span> <span class='ocrx_word' id='word_1_74' title='bbox 782 501 828 523; x_wconf 89' lang='lat' dir='ltr'><strong>aut</strong></span> <span class='ocrx_word' id='word_1_75' title='bbox 839 496 967 524; x_wconf 78' lang='lat' dir='ltr'><strong>severitas</strong></span> <span class='ocrx_word' id='word_1_76' title='bbox 977 504 1055 524; x_wconf 88' lang='lat' dir='ltr'><strong>com-</strong></span> 
     </span>
    </p>
   </div>
   <div class='ocr_carea' id='block_1_12' title="bbox 254 542 1053 578">
    <p class='ocr_par' dir='ltr' id='par_1_12' title="bbox 254 542 1053 578">
     <span class='ocr_line' id='line_1_12' title="bbox 254 542 1053 578; baseline 0.001 -9"><span class='ocrx_word' id='word_1_77' title='bbox 254 542 382 576; x_wconf 82' lang='lat' dir='ltr'><strong>minatur,</strong></span> <span class='ocrx_word' id='word_1_78' title='bbox 397 547 443 570; x_wconf 90' lang='lat' dir='ltr'><strong>aut</strong></span> <span class='ocrx_word' id='word_1_79' title='bbox 456 542 602 570; x_wconf 85' lang='lat' dir='ltr'><strong>liberalitas</strong></span> <span class='ocrx_word' id='word_1_80' title='bbox 617 542 765 578; x_wconf 86' lang='lat' dir='ltr'><strong>pollicetur.</strong></span> <span class='ocrx_word' id='word_1_81' title='bbox 781 542 814 570; x_wconf 88' lang='lat' dir='ltr'><strong>Et</strong></span> <span class='ocrx_word' id='word_1_82' title='bbox 829 546 918 570; x_wconf 91' lang='lat' dir='ltr'><strong>tamen</strong></span> <span class='ocrx_word' id='word_1_83' title='bbox 938 550 987 570; x_wconf 88' lang='lat' dir='ltr'><strong>nos</strong></span> <span class='ocrx_word' id='word_1_84' title='bbox 1000 551 1053 571; x_wconf 93' lang='lat' dir='ltr'><strong>non</strong></span> 
     </span>
    </p>
   </div>
   <div class='ocr_carea' id='block_1_13' title="bbox 254 588 1053 625">
    <p class='ocr_par' dir='ltr' id='par_1_13' title="bbox 254 588 1053 625">
     <span class='ocr_line' id='line_1_13' title="bbox 254 588 1053 625; baseline 0.001 -9"><span class='ocrx_word' id='word_1_85' title='bbox 254 588 288 616; x_wconf 90' lang='lat' dir='ltr'><strong>de</strong></span> <span class='ocrx_word' id='word_1_86' title='bbox 303 588 457 616; x_wconf 85' lang='lat' dir='ltr'><strong>hominibus</strong></span> <span class='ocrx_word' id='word_1_87' title='bbox 471 589 550 616; x_wconf 91' lang='lat' dir='ltr'><strong>modo</strong></span> <span class='ocrx_word' id='word_1_88' title='bbox 563 588 691 616; x_wconf 89' lang='lat' dir='ltr'><strong>servitute</strong></span> <span class='ocrx_word' id='word_1_89' title='bbox 704 589 825 616; x_wconf 86' lang='lat' dir='ltr'><strong>subnixis</strong></span> <span class='ocrx_word' id='word_1_90' title='bbox 839 588 876 625; x_wconf 84' lang='lat' dir='ltr'><strong>(b)</strong></span> <span class='ocrx_word' id='word_1_91' title='bbox 886 610 893 622; x_wconf 86' lang='lat'><strong>,</strong></span> <span class='ocrx_word' id='word_1_92' title='bbox 908 589 950 617; x_wconf 90' lang='lat' dir='ltr'><strong>vel</strong></span> <span class='ocrx_word' id='word_1_93' title='bbox 965 589 1053 625; x_wconf 88' lang='lat' dir='ltr'><strong>quoli-</strong></span> 
     </span>
    </p>
   </div>
   <div class='ocr_carea' id='block_1_14' title="bbox 254 634 1053 671">
    <p class='ocr_par' dir='ltr' id='par_1_14' title="bbox 254 634 1053 671">
     <span class='ocr_line' id='line_1_14' title="bbox 254 634 1053 671; baseline 0.001 -8"><span class='ocrx_word' id='word_1_94' title='bbox 254 635 301 663; x_wconf 96' lang='lat' dir='ltr'><strong>bet</strong></span> <span class='ocrx_word' id='word_1_95' title='bbox 321 635 374 663; x_wconf 88' lang='lat' dir='ltr'><strong>alio</strong></span> <span class='ocrx_word' id='word_1_96' title='bbox 392 635 453 670; x_wconf 87' lang='lat' dir='ltr'><strong>jure</strong></span> <span class='ocrx_word' id='word_1_97' title='bbox 468 634 635 663; x_wconf 87' lang='lat' dir='ltr'><strong>debitoribus</strong></span> <span class='ocrx_word' id='word_1_98' title='bbox 651 635 784 671; x_wconf 88' lang='lat' dir='ltr'><strong>obsequii,</strong></span> <span class='ocrx_word' id='word_1_99' title='bbox 800 642 893 663; x_wconf 90' lang='lat' dir='ltr'><strong>verum</strong></span> <span class='ocrx_word' id='word_1_100' title='bbox 915 636 995 663; x_wconf 91' lang='lat' dir='ltr'><strong>etiam</strong></span> <span class='ocrx_word' id='word_1_101' title='bbox 1019 636 1053 664; x_wconf 87' lang='lat' dir='ltr'><strong>do</strong></span> 
     </span>
    </p>
   </div>
   <div class='ocr_carea' id='block_1_15' title="bbox 254 677 1052 719">
    <p class='ocr_par' dir='ltr' id='par_1_15' title="bbox 254 677 1052 719">
     <span class='ocr_line' id='line_1_15' title="bbox 254 677 1052 719; baseline -0.001 -8"><span class='ocrx_word' id='word_1_102' title='bbox 254 677 411 719; x_wconf 82' lang='lat' dir='ltr'><strong>pecudibus,</strong></span> <span class='ocrx_word' id='word_1_103' title='bbox 428 682 508 710; x_wconf 88' lang='lat' dir='ltr'><strong>etiam</strong></span> <span class='ocrx_word' id='word_1_104' title='bbox 522 681 555 709; x_wconf 91' lang='lat' dir='ltr'><strong>de</strong></span> <span class='ocrx_word' id='word_1_105' title='bbox 567 681 660 710; x_wconf 88' lang='lat' dir='ltr'><strong>bestiis</strong></span> <span class='ocrx_word' id='word_1_106' title='bbox 672 681 851 710; x_wconf 84' lang='lat' dir='ltr'><strong>obedientiam</strong></span> <span class='ocrx_word' id='word_1_107' title='bbox 865 682 1052 718; x_wconf 82' lang='lat' dir='ltr'><strong>exprimimus,</strong></span> 
     </span>
    </p>
   </div>
   <div class='ocr_carea' id='block_1_16' title="bbox 254 730 1054 767">
    <p class='ocr_par' dir='ltr' id='par_1_16' title="bbox 254 730 1054 767">
     <span class='ocr_line' id='line_1_16' title="bbox 254 730 1054 767; baseline -0.001 -7"><span class='ocrx_word' id='word_1_108' title='bbox 254 731 437 767; x_wconf 77' lang='lat' dir='ltr'><strong>intelligentes</strong></span> <span class='ocrx_word' id='word_1_109' title='bbox 452 730 545 758; x_wconf 89' lang='lat' dir='ltr'><strong>usibus</strong></span> <span class='ocrx_word' id='word_1_110' title='bbox 556 730 656 758; x_wconf 87' lang='lat' dir='ltr'><strong>nostris</strong></span> <span class='ocrx_word' id='word_1_111' title='bbox 668 737 714 758; x_wconf 87' lang='lat' dir='ltr'><strong>eas</strong></span> <span class='ocrx_word' id='word_1_112' title='bbox 725 738 739 757; x_wconf 91' lang='lat' dir='ltr'><strong>a</strong></span> <span class='ocrx_word' id='word_1_113' title='bbox 754 730 869 758; x_wconf 86' lang='lat' dir='ltr'><strong>Domino</strong></span> <span class='ocrx_word' id='word_1_114' title='bbox 883 730 917 766; x_wconf 78' lang='grc' dir='ltr'>(ε)</span> <span class='ocrx_word' id='word_1_115' title='bbox 933 731 1054 766; x_wconf 83' lang='lat' dir='ltr'><strong>prorisas</strong></span> 
     </span>
    </p>
   </div>
   <div class='ocr_carea' id='block_1_17' title="bbox 253 777 1052 814">
    <p class='ocr_par' dir='ltr' id='par_1_17' title="bbox 253 777 1052 814">
     <span class='ocr_line' id='line_1_17' title="bbox 253 777 1052 814; baseline 0 -8"><span class='ocrx_word' id='word_1_116' title='bbox 253 778 428 814; x_wconf 88' lang='lat' dir='ltr'><strong>traditasque.</strong></span> <span class='ocrx_word' id='word_1_117' title='bbox 441 777 550 806; x_wconf 83' lang='lat' dir='ltr'><strong>Meliora</strong></span> <span class='ocrx_word' id='word_1_118' title='bbox 564 785 629 813; x_wconf 83' lang='lat' dir='ltr'><strong>ergo</strong></span> <span class='ocrx_word' id='word_1_119' title='bbox 641 778 718 806; x_wconf 89' lang='lat' dir='ltr'><strong>nobis</strong></span> <span class='ocrx_word' id='word_1_120' title='bbox 728 783 808 806; x_wconf 91' lang='lat' dir='ltr'><strong>erunt</strong></span> <span class='ocrx_word' id='word_1_121' title='bbox 822 779 847 805; x_wconf 95' lang='lat' dir='ltr'><strong>in</strong></span> <span class='ocrx_word' id='word_1_122' title='bbox 864 779 985 814; x_wconf 89' lang='lat' dir='ltr'><strong>obsequii</strong></span> <span class='ocrx_word' id='word_1_123' title='bbox 996 779 1052 806; x_wconf 91' lang='lat' dir='ltr'><strong>dis-</strong></span> 
     </span>
    </p>
   </div>
   <div class='ocr_carea' id='block_1_18' title="bbox 1107 215 1915 252">
    <p class='ocr_par' dir='ltr' id='par_1_18' title="bbox 1107 215 1915 252">
     <span class='ocr_line' id='line_1_18' title="bbox 1107 215 1915 252; baseline 0.001 -9"><span class='ocrx_word' id='word_1_124' title='bbox 1107 216 1249 251; x_wconf 88' lang='lat' dir='ltr'><strong>pertineat,</strong></span> <span class='ocrx_word' id='word_1_125' title='bbox 1263 216 1460 252; x_wconf 81' lang='lat' dir='ltr'><strong>pertinentibus</strong></span> <span class='ocrx_word' id='word_1_126' title='bbox 1474 215 1507 244; x_wconf 88' lang='lat' dir='ltr'><strong>ad</strong></span> <span class='ocrx_word' id='word_1_127' title='bbox 1522 215 1604 244; x_wconf 90' lang='lat' dir='ltr'><strong>Deum</strong></span> <span class='ocrx_word' id='word_1_128' title='bbox 1621 221 1675 244; x_wconf 87' lang='lat' dir='ltr'><strong>tota</strong></span> <span class='ocrx_word' id='word_1_129' title='bbox 1695 221 1785 244; x_wconf 87' lang='lat' dir='ltr'><strong>mente</strong></span> <span class='ocrx_word' id='word_1_130' title='bbox 1800 222 1915 244; x_wconf 82' lang='lat' dir='ltr'><strong>sectan-</strong></span> 
     </span>
    </p>
   </div>
   <div class='ocr_carea' id='block_1_19' title="bbox 1107 261 1916 298">
    <p class='ocr_par' dir='ltr' id='par_1_19' title="bbox 1107 261 1916 298">
     <span class='ocr_line' id='line_1_19' title="bbox 1107 261 1916 298; baseline 0.001 -9"><span class='ocrx_word' id='word_1_131' title='bbox 1107 262 1192 290; x_wconf 83' lang='lat' dir='ltr'><strong>dum?</strong></span> <span class='ocrx_word' id='word_1_132' title='bbox 1204 262 1255 289; x_wconf 86' lang='lat' dir='ltr'><strong>l’er</strong></span> <span class='ocrx_word' id='word_1_133' title='bbox 1265 270 1325 298; x_wconf 73' lang='lat' dir='ltr'><strong>quae</strong></span> <span class='ocrx_word' id='word_1_134' title='bbox 1338 262 1364 289; x_wconf 89' lang='lat' dir='ltr'><strong>in</strong></span> <span class='ocrx_word' id='word_1_135' title='bbox 1380 261 1505 297; x_wconf 76' lang='lat' dir='ltr'><strong>expedito</strong></span> <span class='ocrx_word' id='word_1_136' title='bbox 1520 262 1555 298; x_wconf 86' lang='lat' dir='ltr'><strong>(e)</strong></span> <span class='ocrx_word' id='word_1_137' title='bbox 1568 266 1596 290; x_wconf 90' lang='lat' dir='ltr'><strong>et</strong></span> <span class='ocrx_word' id='word_1_138' title='bbox 1608 262 1684 298; x_wconf 89' lang='lat' dir='ltr'><strong>quasi</strong></span> <span class='ocrx_word' id='word_1_139' title='bbox 1692 263 1718 290; x_wconf 92' lang='lat' dir='ltr'><strong>in</strong></span> <span class='ocrx_word' id='word_1_140' title='bbox 1729 262 1916 298; x_wconf 64' lang='lat' dir='ltr'><strong>praescriptio-</strong></span> 
     </span>
    </p>
   </div>
   <div class='ocr_carea' id='block_1_20' title="bbox 1107 307 1915 345">
    <p class='ocr_par' dir='ltr' id='par_1_20' title="bbox 1107 307 1915 345">
     <span class='ocr_line' id='line_1_20' title="bbox 1107 307 1915 345; baseline 0.002 -9"><span class='ocrx_word' id='word_1_141' title='bbox 1107 309 1149 336; x_wconf 93' lang='lat' dir='ltr'><strong>nis</strong></span> <span class='ocrx_word' id='word_1_142' title='bbox 1161 308 1320 344; x_wconf 88' lang='lat' dir='ltr'><strong>compendio</strong></span> <span class='ocrx_word' id='word_1_143' title='bbox 1339 307 1374 345; x_wconf 78' lang='lat' dir='ltr'><strong>(f)</strong></span> <span class='ocrx_word' id='word_1_144' title='bbox 1389 313 1416 336; x_wconf 91' lang='lat' dir='ltr'><strong>et</strong></span> <span class='ocrx_word' id='word_1_145' title='bbox 1429 308 1627 338; x_wconf 88' lang='lat' dir='ltr'><strong>commendatio</strong></span> <span class='ocrx_word' id='word_1_146' title='bbox 1649 313 1676 337; x_wconf 90' lang='lat' dir='ltr'><strong>et</strong></span> <span class='ocrx_word' id='word_1_147' title='bbox 1699 308 1855 338; x_wconf 77' lang='lat' dir='ltr'><strong>exhortatio</strong></span> <span class='ocrx_word' id='word_1_148' title='bbox 1880 308 1915 338; x_wconf 88' lang='lat' dir='ltr'><strong>de</strong></span> 
     </span>
    </p>
   </div>
   <div class='ocr_carea' id='block_1_21' title="bbox 1107 354 1507 391">
    <p class='ocr_par' dir='ltr' id='par_1_21' title="bbox 1107 354 1507 391">
     <span class='ocr_line' id='line_1_21' title="bbox 1107 354 1507 391; baseline -0.003 -8"><span class='ocrx_word' id='word_1_149' title='bbox 1107 355 1231 391; x_wconf 80' lang='lat' dir='ltr'><strong>patientia</strong></span> <span class='ocrx_word' id='word_1_150' title='bbox 1245 354 1389 383; x_wconf 89' lang='lat' dir='ltr'><strong>constituta</strong></span> <span class='ocrx_word' id='word_1_151' title='bbox 1405 354 1442 391; x_wconf 85' lang='grc'>(6)</span> <span class='ocrx_word' id='word_1_152' title='bbox 1455 359 1507 382; x_wconf 89' lang='lat' dir='ltr'><strong>est.</strong></span> 
     </span>
    </p>
   </div>
   <div class='ocr_carea' id='block_1_22' title="bbox 1425 400 1593 429">
    <p class='ocr_par' dir='ltr' id='par_1_22' title="bbox 1425 400 1593 429">
     <span class='ocr_line' id='line_1_22' title="bbox 1425 400 1593 429; baseline 0 0"><span class='ocrx_word' id='word_1_153' title='bbox 1425 400 1541 429; x_wconf 78' lang='lat' dir='ltr'><strong>CAPUT</strong></span> <span class='ocrx_word' id='word_1_154' title='bbox 1560 400 1593 429; x_wconf 85' lang='lat' dir='ltr'><strong>V.</strong></span> 
     </span>
    </p>
   </div>
   <div class='ocr_carea' id='block_1_23' title="bbox 1141 446 1914 483">
    <p class='ocr_par' dir='ltr' id='par_1_23' title="bbox 1141 446 1914 483">
     <span class='ocr_line' id='line_1_23' title="bbox 1141 446 1914 483; baseline 0.003 -9"><span class='ocrx_word' id='word_1_155' title='bbox 1141 447 1332 475; x_wconf 85' lang='lat' dir='ltr'><strong>Verumtamen</strong></span> <span class='ocrx_word' id='word_1_156' title='bbox 1350 447 1497 483; x_wconf 85' lang='lat' dir='ltr'><strong>procedere</strong></span> <span class='ocrx_word' id='word_1_157' title='bbox 1511 446 1722 483; x_wconf 79' lang='lat' dir='ltr'><strong>disputationem</strong></span> <span class='ocrx_word' id='word_1_158' title='bbox 1734 447 1769 475; x_wconf 89' lang='lat' dir='ltr'><strong>de</strong></span> <span class='ocrx_word' id='word_1_159' title='bbox 1780 455 1914 476; x_wconf 85' lang='lat' dir='ltr'><strong>necessa-</strong></span> 
     </span>
    </p>
   </div>
   <div class='ocr_carea' id='block_1_24' title="bbox 1106 494 1912 530">
    <p class='ocr_par' dir='ltr' id='par_1_24' title="bbox 1106 494 1912 530">
     <span class='ocr_line' id='line_1_24' title="bbox 1106 494 1912 530; baseline 0.001 -8"><span class='ocrx_word' id='word_1_160' title='bbox 1106 494 1154 522; x_wconf 88' lang='lat' dir='ltr'><strong>riis</strong></span> <span class='ocrx_word' id='word_1_161' title='bbox 1168 494 1228 522; x_wconf 85' lang='lat' dir='ltr'><strong>tidei</strong></span> <span class='ocrx_word' id='word_1_162' title='bbox 1242 502 1296 523; x_wconf 93' lang='lat' dir='ltr'><strong>non</strong></span> <span class='ocrx_word' id='word_1_163' title='bbox 1307 499 1349 523; x_wconf 83' lang='lat' dir='ltr'><strong>est</strong></span> <span class='ocrx_word' id='word_1_164' title='bbox 1359 495 1486 527; x_wconf 92' lang='lat' dir='ltr'><strong>otiosum,</strong></span> <span class='ocrx_word' id='word_1_165' title='bbox 1498 494 1560 530; x_wconf 91' lang='lat' dir='ltr'><strong>quia</strong></span> <span class='ocrx_word' id='word_1_166' title='bbox 1575 501 1625 522; x_wconf 89' lang='lat' dir='ltr'><strong>nec</strong></span> <span class='ocrx_word' id='word_1_167' title='bbox 1635 494 1847 523; x_wconf 81' lang='lat' dir='ltr'><strong>infructuosum.</strong></span> <span class='ocrx_word' id='word_1_168' title='bbox 1857 495 1912 523; x_wconf 89' lang='lat' dir='ltr'><strong>Lo-</strong></span> 
     </span>
    </p>
   </div>
   <div class='ocr_carea' id='block_1_25' title="bbox 1106 540 1912 577">
    <p class='ocr_par' dir='ltr' id='par_1_25' title="bbox 1106 540 1912 577">
     <span class='ocr_line' id='line_1_25' title="bbox 1106 540 1912 577; baseline 0.001 -8"><span class='ocrx_word' id='word_1_169' title='bbox 1106 541 1226 577; x_wconf 87' lang='lat' dir='ltr'><strong>quacitas</strong></span> <span class='ocrx_word' id='word_1_170' title='bbox 1249 542 1275 569; x_wconf 91' lang='lat' dir='ltr'><strong>in</strong></span> <span class='ocrx_word' id='word_1_171' title='bbox 1290 541 1466 570; x_wconf 70' lang='lat' dir='ltr'><strong>tedilicatione</strong></span> <span class='ocrx_word' id='word_1_172' title='bbox 1481 540 1556 569; x_wconf 85' lang='lat' dir='ltr'><strong>nulla</strong></span> <span class='ocrx_word' id='word_1_173' title='bbox 1572 541 1674 577; x_wconf 82' lang='lat' dir='ltr'><strong>turpis,</strong></span> <span class='ocrx_word' id='word_1_174' title='bbox 1688 542 1711 569; x_wconf 91' lang='lat' dir='ltr'><strong>si</strong></span> <span class='ocrx_word' id='word_1_175' title='bbox 1724 541 1839 577; x_wconf 85' lang='lat' dir='ltr'><strong>quando</strong></span> <span class='ocrx_word' id='word_1_176' title='bbox 1852 547 1912 570; x_wconf 46' lang='lat' dir='ltr'><strong>tur.</strong></span> 
     </span>
    </p>
   </div>
   <div class='ocr_carea' id='block_1_26' title="bbox 1107 587 1913 623">
    <p class='ocr_par' dir='ltr' id='par_1_26' title="bbox 1107 587 1913 623">
     <span class='ocr_line' id='line_1_26' title="bbox 1107 587 1913 623; baseline 0.001 -9"><span class='ocrx_word' id='word_1_177' title='bbox 1107 587 1157 623; x_wconf 89' lang='lat' dir='ltr'><strong>pis.</strong></span> <span class='ocrx_word' id='word_1_178' title='bbox 1172 587 1264 623; x_wconf 84' lang='lat' dir='ltr'><strong>Itaque</strong></span> <span class='ocrx_word' id='word_1_179' title='bbox 1279 588 1301 615; x_wconf 91' lang='lat' dir='ltr'><strong>si</strong></span> <span class='ocrx_word' id='word_1_180' title='bbox 1314 587 1347 615; x_wconf 93' lang='lat' dir='ltr'><strong>de</strong></span> <span class='ocrx_word' id='word_1_181' title='bbox 1360 587 1452 622; x_wconf 88' lang='lat' dir='ltr'><strong>aliquo</strong></span> <span class='ocrx_word' id='word_1_182' title='bbox 1470 587 1542 615; x_wconf 89' lang='lat' dir='ltr'><strong>bono</strong></span> <span class='ocrx_word' id='word_1_183' title='bbox 1554 594 1645 615; x_wconf 88' lang='lat' dir='ltr'><strong>sermo</strong></span> <span class='ocrx_word' id='word_1_184' title='bbox 1657 591 1708 620; x_wconf 84' lang='lat' dir='ltr'><strong>est,</strong></span> <span class='ocrx_word' id='word_1_185' title='bbox 1721 595 1765 615; x_wconf 88' lang='lat' dir='ltr'><strong>res</strong></span> <span class='ocrx_word' id='word_1_186' title='bbox 1779 588 1913 623; x_wconf 80' lang='lat' dir='ltr'><strong>postulat,</strong></span> 
     </span>
    </p>
   </div>
   <div class='ocr_carea' id='block_1_27' title="bbox 1105 633 1913 670">
    <p class='ocr_par' dir='ltr' id='par_1_27' title="bbox 1105 633 1913 670">
     <span class='ocr_line' id='line_1_27' title="bbox 1105 633 1913 670; baseline 0.001 -9"><span class='ocrx_word' id='word_1_187' title='bbox 1105 634 1268 662; x_wconf 88' lang='lat' dir='ltr'><strong>contrarium</strong></span> <span class='ocrx_word' id='word_1_188' title='bbox 1283 641 1391 670; x_wconf 89' lang='lat' dir='ltr'><strong>quoque</strong></span> <span class='ocrx_word' id='word_1_189' title='bbox 1413 633 1476 661; x_wconf 87' lang='lat' dir='ltr'><strong>boni</strong></span> <span class='ocrx_word' id='word_1_190' title='bbox 1498 640 1651 662; x_wconf 90' lang='lat' dir='ltr'><strong>recensere.</strong></span> <span class='ocrx_word' id='word_1_191' title='bbox 1668 633 1736 667; x_wconf 86' lang='lat' dir='ltr'><strong>Quid</strong></span> <span class='ocrx_word' id='word_1_192' title='bbox 1751 635 1827 662; x_wconf 89' lang='lat' dir='ltr'><strong>enim</strong></span> <span class='ocrx_word' id='word_1_193' title='bbox 1852 642 1913 662; x_wconf 85' lang='lat' dir='ltr'><strong>sec-</strong></span> 
     </span>
    </p>
   </div>
   <div class='ocr_carea' id='block_1_28' title="bbox 1105 680 1913 717">
    <p class='ocr_par' dir='ltr' id='par_1_28' title="bbox 1105 680 1913 717">
     <span class='ocr_line' id='line_1_28' title="bbox 1105 680 1913 717; baseline 0.001 -9"><span class='ocrx_word' id='word_1_194' title='bbox 1105 680 1216 709; x_wconf 89' lang='lat' dir='ltr'><strong>tandum</strong></span> <span class='ocrx_word' id='word_1_195' title='bbox 1236 684 1282 715; x_wconf 86' lang='lat' dir='ltr'><strong>sit,</strong></span> <span class='ocrx_word' id='word_1_196' title='bbox 1299 680 1383 716; x_wconf 82' lang='lat' dir='ltr'><strong>magis</strong></span> <span class='ocrx_word' id='word_1_197' title='bbox 1396 680 1570 708; x_wconf 91' lang='lat' dir='ltr'><strong>inluminabis</strong></span> <span class='ocrx_word' id='word_1_198' title='bbox 1587 681 1637 716; x_wconf 88' lang='lat' dir='ltr'><strong>(g),</strong></span> <span class='ocrx_word' id='word_1_199' title='bbox 1652 681 1674 708; x_wconf 91' lang='lat' dir='ltr'><strong>si</strong></span> <span class='ocrx_word' id='word_1_200' title='bbox 1686 681 1758 717; x_wconf 87' lang='lat' dir='ltr'><strong>quod</strong></span> <span class='ocrx_word' id='word_1_201' title='bbox 1771 681 1913 709; x_wconf 89' lang='lat' dir='ltr'><strong>vitandum</strong></span> 
     </span>
    </p>
   </div>
   <div class='ocr_carea' id='block_1_29' title="bbox 1105 727 1915 765">
    <p class='ocr_par' dir='ltr' id='par_1_29' title="bbox 1105 727 1915 765">
     <span class='ocr_line' id='line_1_29' title="bbox 1105 727 1915 765; baseline 0.002 -10"><span class='ocrx_word' id='word_1_202' title='bbox 1105 728 1139 756; x_wconf 91' lang='lat' dir='ltr'><strong>sit</strong></span> <span class='ocrx_word' id='word_1_203' title='bbox 1152 727 1266 763; x_wconf 88' lang='lat' dir='ltr'><strong>proinde</strong></span> <span class='ocrx_word' id='word_1_204' title='bbox 1279 727 1436 763; x_wconf 77' lang='lat' dir='ltr'><strong>digesseris.</strong></span> <span class='ocrx_word' id='word_1_205' title='bbox 1450 727 1660 756; x_wconf 88' lang='lat' dir='ltr'><strong>Consideremus</strong></span> <span class='ocrx_word' id='word_1_206' title='bbox 1676 729 1757 764; x_wconf 81' lang='lat' dir='ltr'><strong>igitur</strong></span> <span class='ocrx_word' id='word_1_207' title='bbox 1768 728 1803 756; x_wconf 85' lang='lat' dir='ltr'><strong>de</strong></span> <span class='ocrx_word' id='word_1_208' title='bbox 1826 729 1915 765; x_wconf 85' lang='lat' dir='ltr'><strong>impa-</strong></span> 
     </span>
    </p>
   </div>
   <div class='ocr_carea' id='block_1_30' title="bbox 1106 774 1915 811">
    <p class='ocr_par' dir='ltr' id='par_1_30' title="bbox 1106 774 1915 811">
     <span class='ocr_line' id='line_1_30' title="bbox 1106 774 1915 811; baseline 0.002 -10"><span class='ocrx_word' id='word_1_209' title='bbox 1106 774 1197 801; x_wconf 87' lang='lat' dir='ltr'><strong>tientia</strong></span> <span class='ocrx_word' id='word_1_210' title='bbox 1214 783 1221 801; x_wconf 89' lang='lat'>:</span> <span class='ocrx_word' id='word_1_211' title='bbox 1238 781 1272 801; x_wconf 90' lang='lat' dir='ltr'><strong>an</strong></span> <span class='ocrx_word' id='word_1_212' title='bbox 1285 774 1356 802; x_wconf 85' lang='lat' dir='ltr'><strong>sicut</strong></span> <span class='ocrx_word' id='word_1_213' title='bbox 1368 774 1495 810; x_wconf 85' lang='lat' dir='ltr'><strong>patientia</strong></span> <span class='ocrx_word' id='word_1_214' title='bbox 1510 775 1537 802; x_wconf 91' lang='lat' dir='ltr'><strong>in</strong></span> <span class='ocrx_word' id='word_1_215' title='bbox 1552 774 1618 807; x_wconf 90' lang='lat' dir='ltr'><strong>Deo,</strong></span> <span class='ocrx_word' id='word_1_216' title='bbox 1636 775 1671 802; x_wconf 88' lang='lat' dir='ltr'><strong>ita</strong></span> <span class='ocrx_word' id='word_1_217' title='bbox 1685 775 1844 803; x_wconf 86' lang='lat' dir='ltr'><strong>adversaria</strong></span> <span class='ocrx_word' id='word_1_218' title='bbox 1857 776 1915 811; x_wconf 87' lang='lat' dir='ltr'><strong>ejus</strong></span> 
     </span>
    </p>
   </div>
   <div class='ocr_carea' id='block_1_31' title="bbox 252 821 1917 863">
    <p class='ocr_par' dir='ltr' id='par_1_31' title="bbox 252 821 1917 863">
     <span class='ocr_line' id='line_1_31' title="bbox 252 821 1917 863; baseline -0.002 -11"><span class='ocrx_word' id='word_1_219' title='bbox 252 825 362 861; x_wconf 87' lang='lat' dir='ltr'><strong>ciplina,</strong></span> <span class='ocrx_word' id='word_1_220' title='bbox 377 833 436 861; x_wconf 77' lang='lat' dir='ltr'><strong>qua:</strong></span> <span class='ocrx_word' id='word_1_221' title='bbox 452 824 530 853; x_wconf 89' lang='lat' dir='ltr'><strong>nobis</strong></span> <span class='ocrx_word' id='word_1_222' title='bbox 546 824 619 853; x_wconf 89' lang='lat' dir='ltr'><strong>Deus</strong></span> <span class='ocrx_word' id='word_1_223' title='bbox 632 825 742 853; x_wconf 85' lang='lat' dir='ltr'><strong>subdit?</strong></span> <span class='ocrx_word' id='word_1_224' title='bbox 757 826 913 861; x_wconf 79' lang='lat' dir='ltr'><strong>Agnoscunt</strong></span> <span class='ocrx_word' id='word_1_225' title='bbox 925 826 1052 862; x_wconf 79' lang='lat' dir='ltr'><strong>denique,</strong></span> <span class='ocrx_word' id='word_1_226' title='bbox 1069 833 1093 863; x_wconf 76' lang='grc' dir='ltr'><strong>Β</strong></span> <span class='ocrx_word' id='word_1_227' title='bbox 1108 822 1133 848; x_wconf 83' lang='lat' dir='ltr'><strong>in</strong></span> <span class='ocrx_word' id='word_1_228' title='bbox 1149 821 1304 849; x_wconf 70' lang='lat' dir='ltr'><strong>adversario</strong></span> <span class='ocrx_word' id='word_1_229' title='bbox 1317 826 1410 850; x_wconf 83' lang='lat' dir='ltr'><strong>nostro</strong></span> <span class='ocrx_word' id='word_1_230' title='bbox 1424 826 1485 849; x_wconf 79' lang='lat' dir='ltr'><strong>nata</strong></span> <span class='ocrx_word' id='word_1_231' title='bbox 1500 826 1581 857; x_wconf 81' lang='lat' dir='ltr'><strong>atque</strong></span> <span class='ocrx_word' id='word_1_232' title='bbox 1598 827 1735 858; x_wconf 84' lang='lat' dir='ltr'><strong>comperta</strong></span> <span class='ocrx_word' id='word_1_233' title='bbox 1755 824 1811 857; x_wconf 89' lang='lat' dir='ltr'><strong>sit;</strong></span> <span class='ocrx_word' id='word_1_234' title='bbox 1835 828 1866 851; x_wconf 91' lang='lat' dir='ltr'><strong>ut</strong></span> <span class='ocrx_word' id='word_1_235' title='bbox 1884 831 1917 851; x_wconf 75' lang='lat' dir='ltr'><strong>ex</strong></span> 
     </span>
    </p>
   </div>
   <div class='ocr_carea' id='block_1_32' title="bbox 252 871 1056 909">
    <p class='ocr_par' dir='ltr' id='par_1_32' title="bbox 252 871 1056 909">
     <span class='ocr_line' id='line_1_32' title="bbox 252 871 1056 909; baseline 0 -9"><span class='ocrx_word' id='word_1_236' title='bbox 252 880 313 909; x_wconf 65' lang='lat' dir='ltr'><strong>quae</strong></span> <span class='ocrx_word' id='word_1_237' title='bbox 334 871 474 905; x_wconf 90' lang='lat' dir='ltr'><strong>obediunt,</strong></span> <span class='ocrx_word' id='word_1_238' title='bbox 490 879 548 900; x_wconf 89' lang='lat' dir='ltr'><strong>nos.</strong></span> <span class='ocrx_word' id='word_1_239' title='bbox 567 871 616 899; x_wconf 88' lang='lat' dir='ltr'><strong>Cui</strong></span> <span class='ocrx_word' id='word_1_240' title='bbox 638 871 688 899; x_wconf 89' lang='lat' dir='ltr'><strong>soli</strong></span> <span class='ocrx_word' id='word_1_241' title='bbox 706 872 804 900; x_wconf 89' lang='lat' dir='ltr'><strong>subditi</strong></span> <span class='ocrx_word' id='word_1_242' title='bbox 817 880 919 904; x_wconf 85' lang='lat' dir='ltr'><strong>sumus,</strong></span> <span class='ocrx_word' id='word_1_243' title='bbox 942 873 1056 901; x_wconf 91' lang='lat' dir='ltr'><strong>Domino</strong></span> 
     </span>
    </p>
   </div>
   <div class='ocr_carea' id='block_1_33' title="bbox 252 918 1054 954">
    <p class='ocr_par' dir='ltr' id='par_1_33' title="bbox 252 918 1054 954">
     <span class='ocr_line' id='line_1_33' title="bbox 252 918 1054 954; baseline 0.001 -7"><span class='ocrx_word' id='word_1_244' title='bbox 252 919 355 947; x_wconf 84' lang='lat' dir='ltr'><strong>scilicet</strong></span> <span class='ocrx_word' id='word_1_245' title='bbox 367 919 519 946; x_wconf 88' lang='lat' dir='ltr'><strong>auscultare</strong></span> <span class='ocrx_word' id='word_1_246' title='bbox 533 918 704 945; x_wconf 85' lang='lat' dir='ltr'><strong>dubitamus?</strong></span> <span class='ocrx_word' id='word_1_247' title='bbox 721 919 755 946; x_wconf 79' lang='lat' dir='ltr'><strong>At</strong></span> <span class='ocrx_word' id='word_1_248' title='bbox 767 919 990 954; x_wconf 84' lang='lat' dir='ltr'><strong>quaminjustum</strong></span> <span class='ocrx_word' id='word_1_249' title='bbox 1001 925 1054 954; x_wconf 78' lang='lat' dir='ltr'><strong>est,</strong></span> 
     </span>
    </p>
   </div>
   <div class='ocr_carea' id='block_1_34' title="bbox 252 965 1056 1003">
    <p class='ocr_par' dir='ltr' id='par_1_34' title="bbox 252 965 1056 1003">
     <span class='ocr_line' id='line_1_34' title="bbox 252 965 1056 1003; baseline 0.002 -10"><span class='ocrx_word' id='word_1_250' title='bbox 252 973 332 1002; x_wconf 90' lang='lat' dir='ltr'><strong>quam</strong></span> <span class='ocrx_word' id='word_1_251' title='bbox 356 966 437 994; x_wconf 88' lang='lat' dir='ltr'><strong>etiam</strong></span> <span class='ocrx_word' id='word_1_252' title='bbox 461 965 605 1001; x_wconf 77' lang='lat' dir='ltr'><strong>ingratum,</strong></span> <span class='ocrx_word' id='word_1_253' title='bbox 622 965 692 1001; x_wconf 92' lang='lat' dir='ltr'><strong>quod</strong></span> <span class='ocrx_word' id='word_1_254' title='bbox 715 973 763 1001; x_wconf 88' lang='lat' dir='ltr'><strong>per</strong></span> <span class='ocrx_word' id='word_1_255' title='bbox 786 966 895 994; x_wconf 85' lang='lat' dir='ltr'><strong>alterius</strong></span> <span class='ocrx_word' id='word_1_256' title='bbox 917 967 1056 1003; x_wconf 76' lang='lat' dir='ltr'><strong>indulgen-</strong></span> 
     </span>
    </p>
   </div>
   <div class='ocr_carea' id='block_1_35' title="bbox 253 1012 1055 1049">
    <p class='ocr_par' dir='ltr' id='par_1_35' title="bbox 253 1012 1055 1049">
     <span class='ocr_line' id='line_1_35' title="bbox 253 1012 1055 1049; baseline 0.004 -9"><span class='ocrx_word' id='word_1_257' title='bbox 253 1014 316 1041; x_wconf 88' lang='lat' dir='ltr'><strong>tiam</strong></span> <span class='ocrx_word' id='word_1_258' title='bbox 331 1012 365 1040; x_wconf 90' lang='lat' dir='ltr'><strong>de</strong></span> <span class='ocrx_word' id='word_1_259' title='bbox 380 1013 439 1040; x_wconf 88' lang='lat' dir='ltr'><strong>aliis</strong></span> <span class='ocrx_word' id='word_1_260' title='bbox 453 1012 626 1048; x_wconf 82' lang='lat' dir='ltr'><strong>consequaris</strong></span> <span class='ocrx_word' id='word_1_261' title='bbox 637 1033 644 1045; x_wconf 91' lang='lat'><strong>,</strong></span> <span class='ocrx_word' id='word_1_262' title='bbox 662 1012 732 1040; x_wconf 91' lang='lat' dir='ltr'><strong>idem</strong></span> <span class='ocrx_word' id='word_1_263' title='bbox 748 1012 785 1040; x_wconf 90' lang='lat' dir='ltr'><strong>illi</strong></span> <span class='ocrx_word' id='word_1_264' title='bbox 803 1021 851 1048; x_wconf 91' lang='lat' dir='ltr'><strong>per</strong></span> <span class='ocrx_word' id='word_1_265' title='bbox 865 1021 944 1049; x_wconf 88' lang='lat' dir='ltr'><strong>quem</strong></span> <span class='ocrx_word' id='word_1_266' title='bbox 959 1022 1055 1043; x_wconf 50' lang='lat' dir='ltr'><strong>cense.</strong></span> 
     </span>
    </p>
   </div>
   <div class='ocr_carea' id='block_1_36' title="bbox 252 1058 1054 1096">
    <p class='ocr_par' dir='ltr' id='par_1_36' title="bbox 252 1058 1054 1096">
     <span class='ocr_line' id='line_1_36' title="bbox 252 1058 1054 1096; baseline 0.004 -10"><span class='ocrx_word' id='word_1_267' title='bbox 252 1058 353 1094; x_wconf 89' lang='lat' dir='ltr'><strong>queris,</strong></span> <span class='ocrx_word' id='word_1_268' title='bbox 367 1058 402 1095; x_wconf 83' lang='lat' dir='ltr'><strong>de</strong></span> <span class='ocrx_word' id='word_1_269' title='bbox 415 1059 557 1095; x_wconf 90' lang='lat' dir='ltr'><strong>temetipso</strong></span> <span class='ocrx_word' id='word_1_270' title='bbox 571 1066 623 1086; x_wconf 91' lang='lat' dir='ltr'><strong>non</strong></span> <span class='ocrx_word' id='word_1_271' title='bbox 639 1059 789 1094; x_wconf 87' lang='lat' dir='ltr'><strong>rependere</strong></span> <span class='ocrx_word' id='word_1_272' title='bbox 802 1059 808 1086; x_wconf 89' lang='lat'><strong>!</strong></span> <span class='ocrx_word' id='word_1_273' title='bbox 824 1059 878 1088; x_wconf 90' lang='lat' dir='ltr'><strong>Nec</strong></span> <span class='ocrx_word' id='word_1_274' title='bbox 892 1060 1010 1096; x_wconf 83' lang='lat' dir='ltr'><strong>pluribus</strong></span> <span class='ocrx_word' id='word_1_275' title='bbox 1021 1061 1054 1089; x_wconf 90' lang='lat' dir='ltr'><strong>de</strong></span> 
     </span>
    </p>
   </div>
   <div class='ocr_carea' id='block_1_37' title="bbox 251 1099 1054 1141">
    <p class='ocr_par' dir='ltr' id='par_1_37' title="bbox 251 1099 1054 1141">
     <span class='ocr_line' id='line_1_37' title="bbox 251 1099 1054 1141; baseline 0.004 -9"><span class='ocrx_word' id='word_1_276' title='bbox 251 1099 373 1141; x_wconf 82' lang='lat' dir='ltr'><strong>obsequii</strong></span> <span class='ocrx_word' id='word_1_277' title='bbox 387 1104 565 1138; x_wconf 78' lang='lat' dir='ltr'><strong>exhibitione,</strong></span> <span class='ocrx_word' id='word_1_278' title='bbox 581 1105 670 1132; x_wconf 84' lang='lat' dir='ltr'><strong>debita</strong></span> <span class='ocrx_word' id='word_1_279' title='bbox 682 1112 697 1132; x_wconf 91' lang='lat' dir='ltr'><strong>a</strong></span> <span class='ocrx_word' id='word_1_280' title='bbox 709 1105 787 1133; x_wconf 93' lang='lat' dir='ltr'><strong>nobis</strong></span> <span class='ocrx_word' id='word_1_281' title='bbox 802 1105 916 1133; x_wconf 91' lang='lat' dir='ltr'><strong>Domino</strong></span> <span class='ocrx_word' id='word_1_282' title='bbox 931 1106 995 1134; x_wconf 91' lang='lat' dir='ltr'><strong>Deo.</strong></span> <span class='ocrx_word' id='word_1_283' title='bbox 1009 1106 1054 1135; x_wconf 90' lang='lat' dir='ltr'><strong>Sa-</strong></span> 
     </span>
    </p>
   </div>
   <div class='ocr_carea' id='block_1_38' title="bbox 257 1151 1051 1189">
    <p class='ocr_par' dir='ltr' id='par_1_38' title="bbox 257 1151 1051 1189">
     <span class='ocr_line' id='line_1_38' title="bbox 257 1151 1051 1189; baseline 0.001 -10"><span class='ocrx_word' id='word_1_284' title='bbox 257 1151 290 1179; x_wconf 89' lang='lat' dir='ltr'><strong>tis</strong></span> <span class='ocrx_word' id='word_1_285' title='bbox 304 1152 375 1179; x_wconf 90' lang='lat' dir='ltr'><strong>cnim</strong></span> <span class='ocrx_word' id='word_1_286' title='bbox 396 1152 498 1187; x_wconf 81' lang='lat' dir='ltr'><strong>agnitio</strong></span> <span class='ocrx_word' id='word_1_287' title='bbox 514 1151 571 1184; x_wconf 89' lang='lat' dir='ltr'><strong>Dei,</strong></span> <span class='ocrx_word' id='word_1_288' title='bbox 596 1151 659 1187; x_wconf 91' lang='lat' dir='ltr'><strong>quid</strong></span> <span class='ocrx_word' id='word_1_289' title='bbox 683 1151 732 1179; x_wconf 86' lang='lat' dir='ltr'><strong>sibi</strong></span> <span class='ocrx_word' id='word_1_290' title='bbox 758 1151 904 1186; x_wconf 80' lang='lat' dir='ltr'><strong>incumbat,</strong></span> <span class='ocrx_word' id='word_1_291' title='bbox 920 1152 1051 1189; x_wconf 83' lang='lat' dir='ltr'><strong>intelligit.</strong></span> 
     </span>
    </p>
   </div>
   <div class='ocr_carea' id='block_1_39' title="bbox 251 1196 1053 1233">
    <p class='ocr_par' dir='ltr' id='par_1_39' title="bbox 251 1196 1053 1233">
     <span class='ocr_line' id='line_1_39' title="bbox 251 1196 1053 1233; baseline 0.001 -7"><span class='ocrx_word' id='word_1_292' title='bbox 251 1197 291 1226; x_wconf 87' lang='lat' dir='ltr'><strong>Ne</strong></span> <span class='ocrx_word' id='word_1_293' title='bbox 305 1204 392 1226; x_wconf 90' lang='lat' dir='ltr'><strong>tamen</strong></span> <span class='ocrx_word' id='word_1_294' title='bbox 407 1203 437 1226; x_wconf 91' lang='lat' dir='ltr'><strong>ut</strong></span> <span class='ocrx_word' id='word_1_295' title='bbox 449 1202 607 1226; x_wconf 82' lang='lat' dir='ltr'><strong>extraneum</strong></span> <span class='ocrx_word' id='word_1_296' title='bbox 621 1196 654 1225; x_wconf 92' lang='lat' dir='ltr'><strong>de</strong></span> <span class='ocrx_word' id='word_1_297' title='bbox 666 1197 796 1233; x_wconf 90' lang='lat' dir='ltr'><strong>obsequio</strong></span> <span class='ocrx_word' id='word_1_298' title='bbox 817 1198 955 1226; x_wconf 86' lang='lat' dir='ltr'><strong>videamur</strong></span> <span class='ocrx_word' id='word_1_299' title='bbox 969 1198 1053 1227; x_wconf 86' lang='lat' dir='ltr'><strong>inter-</strong></span> 
     </span>
    </p>
   </div>
   <div class='ocr_carea' id='block_1_40' title="bbox 250 1243 1052 1281">
    <p class='ocr_par' dir='ltr' id='par_1_40' title="bbox 250 1243 1052 1281">
     <span class='ocr_line' id='line_1_40' title="bbox 250 1243 1052 1281; baseline 0.001 -9"><span class='ocrx_word' id='word_1_300' title='bbox 250 1245 358 1281; x_wconf 87' lang='lat' dir='ltr'><strong>jecisse.</strong></span> <span class='ocrx_word' id='word_1_301' title='bbox 375 1245 461 1280; x_wconf 90' lang='lat' dir='ltr'><strong>ipsum</strong></span> <span class='ocrx_word' id='word_1_302' title='bbox 476 1251 582 1280; x_wconf 91' lang='lat' dir='ltr'><strong>quoque</strong></span> <span class='ocrx_word' id='word_1_303' title='bbox 597 1243 756 1279; x_wconf 88' lang='lat' dir='ltr'><strong>obsequium</strong></span> <span class='ocrx_word' id='word_1_304' title='bbox 769 1244 803 1272; x_wconf 91' lang='lat' dir='ltr'><strong>de</strong></span> <span class='ocrx_word' id='word_1_305' title='bbox 823 1244 951 1279; x_wconf 85' lang='lat' dir='ltr'><strong>patientia</strong></span> <span class='ocrx_word' id='word_1_306' title='bbox 970 1245 1052 1273; x_wconf 87' lang='lat' dir='ltr'><strong>trahi-</strong></span> 
     </span>
    </p>
   </div>
   <div class='ocr_carea' id='block_1_41' title="bbox 254 1290 1052 1327">
    <p class='ocr_par' dir='ltr' id='par_1_41' title="bbox 254 1290 1052 1327">
     <span class='ocr_line' id='line_1_41' title="bbox 254 1290 1052 1327; baseline 0.001 -8"><span class='ocrx_word' id='word_1_307' title='bbox 254 1296 306 1319; x_wconf 90' lang='lat' dir='ltr'><strong>tur.</strong></span> <span class='ocrx_word' id='word_1_308' title='bbox 322 1290 463 1327; x_wconf 87' lang='lat' dir='ltr'><strong>Nunquam</strong></span> <span class='ocrx_word' id='word_1_309' title='bbox 479 1290 620 1326; x_wconf 88' lang='lat' dir='ltr'><strong>impatiens</strong></span> <span class='ocrx_word' id='word_1_310' title='bbox 632 1290 801 1326; x_wconf 87' lang='lat' dir='ltr'><strong>obsequitur,</strong></span> <span class='ocrx_word' id='word_1_311' title='bbox 815 1295 863 1318; x_wconf 90' lang='lat' dir='ltr'><strong>aut</strong></span> <span class='ocrx_word' id='word_1_312' title='bbox 876 1291 981 1326; x_wconf 86' lang='lat' dir='ltr'><strong>patiens</strong></span> <span class='ocrx_word' id='word_1_313' title='bbox 992 1292 1052 1327; x_wconf 90' lang='lat' dir='ltr'><strong>quis</strong></span> 
     </span>
    </p>
   </div>
   <div class='ocr_carea' id='block_1_42' title="bbox 252 1336 1051 1374">
    <p class='ocr_par' dir='ltr' id='par_1_42' title="bbox 252 1336 1051 1374">
     <span class='ocr_line' id='line_1_42' title="bbox 252 1336 1051 1374; baseline 0 -9"><span class='ocrx_word' id='word_1_314' title='bbox 252 1346 306 1366; x_wconf 92' lang='lat' dir='ltr'><strong>non</strong></span> <span class='ocrx_word' id='word_1_315' title='bbox 322 1338 360 1374; x_wconf 77' lang='lat'><strong>(&#39;5)</strong></span> <span class='ocrx_word' id='word_1_316' title='bbox 375 1337 522 1365; x_wconf 79' lang='lat' dir='ltr'><strong>oblectatur</strong></span> <span class='ocrx_word' id='word_1_317' title='bbox 537 1336 590 1373; x_wconf 78' lang='grc'>(4).</span> <span class='ocrx_word' id='word_1_318' title='bbox 605 1336 691 1371; x_wconf 89' lang='lat' dir='ltr'><strong>Quam</strong></span> <span class='ocrx_word' id='word_1_319' title='bbox 705 1344 769 1372; x_wconf 81' lang='lat' dir='ltr'><strong>ergo</strong></span> <span class='ocrx_word' id='word_1_320' title='bbox 781 1336 909 1365; x_wconf 89' lang='lat' dir='ltr'><strong>Dominus</strong></span> <span class='ocrx_word' id='word_1_321' title='bbox 930 1338 1051 1366; x_wconf 88' lang='lat' dir='ltr'><strong>omnium</strong></span> 
     </span>
    </p>
   </div>
   <div class='ocr_carea' id='block_1_43' title="bbox 252 1383 1054 1417">
    <p class='ocr_par' dir='ltr' id='par_1_43' title="bbox 252 1383 1054 1417">
     <span class='ocr_line' id='line_1_43' title="bbox 252 1383 1054 1417; baseline 0 -5"><span class='ocrx_word' id='word_1_322' title='bbox 252 1384 385 1413; x_wconf 89' lang='lat' dir='ltr'><strong>bonorum</strong></span> <span class='ocrx_word' id='word_1_323' title='bbox 399 1388 425 1411; x_wconf 87' lang='lat' dir='ltr'><strong>et</strong></span> <span class='ocrx_word' id='word_1_324' title='bbox 440 1383 640 1411; x_wconf 85' lang='lat' dir='ltr'><strong>demonstrator</strong></span> <span class='ocrx_word' id='word_1_325' title='bbox 654 1388 681 1410; x_wconf 88' lang='lat' dir='ltr'><strong>et</strong></span> <span class='ocrx_word' id='word_1_326' title='bbox 690 1387 814 1417; x_wconf 88' lang='lat' dir='ltr'><strong>acceptor</strong></span> <span class='ocrx_word' id='word_1_327' title='bbox 828 1383 897 1410; x_wconf 85' lang='lat' dir='ltr'><strong>Deus</strong></span> <span class='ocrx_word' id='word_1_328' title='bbox 912 1383 939 1410; x_wconf 93' lang='lat' dir='ltr'><strong>in</strong></span> <span class='ocrx_word' id='word_1_329' title='bbox 954 1388 1054 1412; x_wconf 91' lang='lat' dir='ltr'><strong>semet-</strong></span> 
     </span>
    </p>
   </div>
   <div class='ocr_carea' id='block_1_44' title="bbox 252 1428 1056 1467">
    <p class='ocr_par' dir='ltr' id='par_1_44' title="bbox 252 1428 1056 1467">
     <span class='ocr_line' id='line_1_44' title="bbox 252 1428 1056 1467; baseline 0 -9"><span class='ocrx_word' id='word_1_330' title='bbox 252 1430 313 1467; x_wconf 87' lang='lat' dir='ltr'><strong>ipso</strong></span> <span class='ocrx_word' id='word_1_331' title='bbox 321 1430 494 1464; x_wconf 88' lang='lat' dir='ltr'><strong>circumtulit,</strong></span> <span class='ocrx_word' id='word_1_332' title='bbox 501 1429 560 1465; x_wconf 88' lang='lat' dir='ltr'><strong>quis</strong></span> <span class='ocrx_word' id='word_1_333' title='bbox 568 1429 602 1458; x_wconf 88' lang='lat' dir='ltr'><strong>de</strong></span> <span class='ocrx_word' id='word_1_334' title='bbox 611 1429 681 1457; x_wconf 90' lang='lat' dir='ltr'><strong>bono</strong></span> <span class='ocrx_word' id='word_1_335' title='bbox 689 1428 747 1464; x_wconf 85' lang='lat' dir='ltr'><strong>ejus</strong></span> <span class='ocrx_word' id='word_1_336' title='bbox 756 1428 808 1456; x_wconf 84' lang='lat' dir='ltr'><strong>late</strong></span> <span class='ocrx_word' id='word_1_337' title='bbox 819 1428 858 1466; x_wconf 82' lang='grc'>(5)</span> <span class='ocrx_word' id='word_1_338' title='bbox 867 1428 906 1466; x_wconf 80' lang='lat' dir='ltr'><strong>(tl)</strong></span> <span class='ocrx_word' id='word_1_339' title='bbox 917 1431 1056 1458; x_wconf 87' lang='lat' dir='ltr'><strong>retractet?</strong></span> 
     </span>
    </p>
   </div>
   <div class='ocr_carea' id='block_1_45' title="bbox 1108 868 1916 904">
    <p class='ocr_par' dir='ltr' id='par_1_45' title="bbox 1108 868 1916 904">
     <span class='ocr_line' id='line_1_45' title="bbox 1108 868 1916 904; baseline 0.004 -9"><span class='ocrx_word' id='word_1_340' title='bbox 1108 868 1160 895; x_wconf 88' lang='lat' dir='ltr'><strong>isto</strong></span> <span class='ocrx_word' id='word_1_341' title='bbox 1181 872 1319 903; x_wconf 84' lang='lat' dir='ltr'><strong>appareat,</strong></span> <span class='ocrx_word' id='word_1_342' title='bbox 1339 876 1420 904; x_wconf 89' lang='lat' dir='ltr'><strong>quam</strong></span> <span class='ocrx_word' id='word_1_343' title='bbox 1445 868 1629 904; x_wconf 89' lang='lat' dir='ltr'><strong>principaliter</strong></span> <span class='ocrx_word' id='word_1_344' title='bbox 1652 869 1715 897; x_wconf 83' lang='lat' dir='ltr'><strong>ﬁdei</strong></span> <span class='ocrx_word' id='word_1_345' title='bbox 1738 869 1916 898; x_wconf 84' lang='lat' dir='ltr'><strong>adversetur.</strong></span> 
     </span>
    </p>
   </div>
   <div class='ocr_carea' id='block_1_46' title="bbox 1107 913 1917 952">
    <p class='ocr_par' dir='ltr' id='par_1_46' title="bbox 1107 913 1917 952">
     <span class='ocr_line' id='line_1_46' title="bbox 1107 913 1917 952; baseline 0.004 -11"><span class='ocrx_word' id='word_1_346' title='bbox 1107 913 1173 942; x_wconf 89' lang='lat' dir='ltr'><strong>Nam</strong></span> <span class='ocrx_word' id='word_1_347' title='bbox 1189 914 1260 949; x_wconf 89' lang='lat' dir='ltr'><strong>quod</strong></span> <span class='ocrx_word' id='word_1_348' title='bbox 1275 915 1308 942; x_wconf 91' lang='lat' dir='ltr'><strong>ab</strong></span> <span class='ocrx_word' id='word_1_349' title='bbox 1321 915 1419 942; x_wconf 60' lang='lat' dir='ltr'><strong>aemulo</strong></span> <span class='ocrx_word' id='word_1_350' title='bbox 1433 914 1480 943; x_wconf 90' lang='lat' dir='ltr'><strong>Dei</strong></span> <span class='ocrx_word' id='word_1_351' title='bbox 1494 920 1654 951; x_wconf 88' lang='lat' dir='ltr'><strong>conceptum</strong></span> <span class='ocrx_word' id='word_1_352' title='bbox 1670 921 1729 948; x_wconf 84' lang='lat' dir='ltr'><strong>est,</strong></span> <span class='ocrx_word' id='word_1_353' title='bbox 1745 916 1845 952; x_wconf 88' lang='lat' dir='ltr'><strong>utique</strong></span> <span class='ocrx_word' id='word_1_354' title='bbox 1865 925 1917 944; x_wconf 87' lang='lat' dir='ltr'><strong>non</strong></span> 
     </span>
    </p>
   </div>
   <div class='ocr_carea' id='block_1_47' title="bbox 1106 960 1915 997">
    <p class='ocr_par' dir='ltr' id='par_1_47' title="bbox 1106 960 1915 997">
     <span class='ocr_line' id='line_1_47' title="bbox 1106 960 1915 997; baseline 0.004 -9"><span class='ocrx_word' id='word_1_355' title='bbox 1106 964 1149 988; x_wconf 91' lang='lat' dir='ltr'><strong>est</strong></span> <span class='ocrx_word' id='word_1_356' title='bbox 1170 960 1286 988; x_wconf 90' lang='lat' dir='ltr'><strong>amicum</strong></span> <span class='ocrx_word' id='word_1_357' title='bbox 1312 960 1358 988; x_wconf 88' lang='lat' dir='ltr'><strong>Dei</strong></span> <span class='ocrx_word' id='word_1_358' title='bbox 1375 960 1466 988; x_wconf 87' lang='lat' dir='ltr'><strong>rebus.</strong></span> <span class='ocrx_word' id='word_1_359' title='bbox 1484 960 1585 989; x_wconf 84' lang='lat' dir='ltr'><strong>Eadem</strong></span> <span class='ocrx_word' id='word_1_360' title='bbox 1601 961 1733 989; x_wconf 89' lang='lat' dir='ltr'><strong>discordia</strong></span> <span class='ocrx_word' id='word_1_361' title='bbox 1748 967 1791 990; x_wconf 89' lang='lat' dir='ltr'><strong>est</strong></span> <span class='ocrx_word' id='word_1_362' title='bbox 1811 970 1915 997; x_wconf 85' lang='lat' dir='ltr'><strong>rerum,</strong></span> 
     </span>
    </p>
   </div>
   <div class='ocr_carea' id='block_1_48' title="bbox 1106 1007 1916 1044">
    <p class='ocr_par' dir='ltr' id='par_1_48' title="bbox 1106 1007 1916 1044">
     <span class='ocr_line' id='line_1_48' title="bbox 1106 1007 1916 1044; baseline 0.002 -9"><span class='ocrx_word' id='word_1_363' title='bbox 1106 1015 1167 1043; x_wconf 69' lang='lat' dir='ltr'><strong>qua:</strong></span> <span class='ocrx_word' id='word_1_364' title='bbox 1180 1012 1208 1035; x_wconf 92' lang='lat' dir='ltr'><strong>et</strong></span> <span class='ocrx_word' id='word_1_365' title='bbox 1221 1012 1372 1036; x_wconf 89' lang='lat' dir='ltr'><strong>auctorum.</strong></span> <span class='ocrx_word' id='word_1_366' title='bbox 1389 1007 1474 1036; x_wconf 90' lang='lat' dir='ltr'><strong>Porro</strong></span> <span class='ocrx_word' id='word_1_367' title='bbox 1490 1015 1549 1036; x_wconf 92' lang='lat' dir='ltr'><strong>cum</strong></span> <span class='ocrx_word' id='word_1_368' title='bbox 1564 1009 1634 1036; x_wconf 88' lang='lat' dir='ltr'><strong>Deus</strong></span> <span class='ocrx_word' id='word_1_369' title='bbox 1646 1009 1774 1044; x_wconf 85' lang='lat' dir='ltr'><strong>optimus,</strong></span> <span class='ocrx_word' id='word_1_370' title='bbox 1787 1008 1916 1037; x_wconf 86' lang='lat' dir='ltr'><strong>diabolus</strong></span> 
     </span>
    </p>
   </div>
   <div class='ocr_carea' id='block_1_49' title="bbox 1106 1055 1914 1090">
    <p class='ocr_par' dir='ltr' id='par_1_49' title="bbox 1106 1055 1914 1090">
     <span class='ocr_line' id='line_1_49' title="bbox 1106 1055 1914 1090; baseline 0.002 -8"><span class='ocrx_word' id='word_1_371' title='bbox 1106 1062 1122 1082; x_wconf 86' lang='lat' dir='ltr'><strong>e</strong></span> <span class='ocrx_word' id='word_1_372' title='bbox 1136 1055 1271 1082; x_wconf 88' lang='lat' dir='ltr'><strong>contrario</strong></span> <span class='ocrx_word' id='word_1_373' title='bbox 1285 1055 1435 1090; x_wconf 81' lang='lat' dir='ltr'><strong>pessimus;</strong></span> <span class='ocrx_word' id='word_1_374' title='bbox 1451 1056 1508 1090; x_wconf 92' lang='lat' dir='ltr'><strong>ipsa</strong></span> <span class='ocrx_word' id='word_1_375' title='bbox 1537 1056 1577 1083; x_wconf 91' lang='lat' dir='ltr'><strong>sui</strong></span> <span class='ocrx_word' id='word_1_376' title='bbox 1591 1055 1746 1084; x_wconf 84' lang='lat' dir='ltr'><strong>diversitate</strong></span> <span class='ocrx_word' id='word_1_377' title='bbox 1769 1061 1914 1090; x_wconf 80' lang='lat' dir='ltr'><strong>testantur,</strong></span> 
     </span>
    </p>
   </div>
   <div class='ocr_carea' id='block_1_50' title="bbox 1106 1101 1915 1138">
    <p class='ocr_par' dir='ltr' id='par_1_50' title="bbox 1106 1101 1915 1138">
     <span class='ocr_line' id='line_1_50' title="bbox 1106 1101 1915 1138; baseline 0.001 -9"><span class='ocrx_word' id='word_1_378' title='bbox 1106 1106 1230 1129; x_wconf 90' lang='lat' dir='ltr'><strong>neutrum</strong></span> <span class='ocrx_word' id='word_1_379' title='bbox 1244 1101 1323 1130; x_wconf 87' lang='lat' dir='ltr'><strong>alteri</strong></span> <span class='ocrx_word' id='word_1_380' title='bbox 1338 1101 1426 1129; x_wconf 82' lang='lat' dir='ltr'><strong>facere</strong></span> <span class='ocrx_word' id='word_1_381' title='bbox 1443 1102 1493 1138; x_wconf 86' lang='lat'><strong>(7),</strong></span> <span class='ocrx_word' id='word_1_382' title='bbox 1508 1107 1537 1129; x_wconf 85' lang='grc' dir='ltr'><strong>ιιι</strong></span> <span class='ocrx_word' id='word_1_383' title='bbox 1552 1102 1630 1130; x_wconf 87' lang='lat' dir='ltr'><strong>nobis</strong></span> <span class='ocrx_word' id='word_1_384' title='bbox 1645 1110 1699 1130; x_wconf 92' lang='lat' dir='ltr'><strong>non</strong></span> <span class='ocrx_word' id='word_1_385' title='bbox 1711 1103 1796 1138; x_wconf 80' lang='lat' dir='ltr'><strong>magis</strong></span> <span class='ocrx_word' id='word_1_386' title='bbox 1813 1110 1830 1129; x_wconf 89' lang='lat' dir='ltr'><strong>a</strong></span> <span class='ocrx_word' id='word_1_387' title='bbox 1846 1104 1915 1131; x_wconf 86' lang='lat' dir='ltr'><strong>malo</strong></span> 
     </span>
    </p>
   </div>
   <div class='ocr_carea' id='block_1_51' title="bbox 1105 1147 1913 1185">
    <p class='ocr_par' dir='ltr' id='par_1_51' title="bbox 1105 1147 1913 1185">
     <span class='ocr_line' id='line_1_51' title="bbox 1105 1147 1913 1185; baseline 0.002 -10"><span class='ocrx_word' id='word_1_388' title='bbox 1105 1147 1205 1184; x_wconf 88' lang='lat' dir='ltr'><strong>aliquid</strong></span> <span class='ocrx_word' id='word_1_389' title='bbox 1220 1148 1293 1182; x_wconf 85' lang='lat' dir='ltr'><strong>boni,</strong></span> <span class='ocrx_word' id='word_1_390' title='bbox 1319 1156 1399 1183; x_wconf 86' lang='lat' dir='ltr'><strong>quam</strong></span> <span class='ocrx_word' id='word_1_391' title='bbox 1415 1156 1429 1175; x_wconf 93' lang='lat' dir='ltr'><strong>a</strong></span> <span class='ocrx_word' id='word_1_392' title='bbox 1455 1148 1526 1176; x_wconf 91' lang='lat' dir='ltr'><strong>bono</strong></span> <span class='ocrx_word' id='word_1_393' title='bbox 1540 1149 1639 1185; x_wconf 88' lang='lat' dir='ltr'><strong>aliquid</strong></span> <span class='ocrx_word' id='word_1_394' title='bbox 1664 1149 1728 1176; x_wconf 88' lang='lat' dir='ltr'><strong>mali</strong></span> <span class='ocrx_word' id='word_1_395' title='bbox 1741 1149 1850 1177; x_wconf 89' lang='lat' dir='ltr'><strong>dictum</strong></span> <span class='ocrx_word' id='word_1_396' title='bbox 1875 1149 1913 1185; x_wconf 84' lang='lat'><strong>(8)</strong></span> 
     </span>
    </p>
   </div>
   <div class='ocr_carea' id='block_1_52' title="bbox 1103 1196 1913 1233">
    <p class='ocr_par' dir='ltr' id='par_1_52' title="bbox 1103 1196 1913 1233">
     <span class='ocr_line' id='line_1_52' title="bbox 1103 1196 1913 1233; baseline 0.002 -10"><span class='ocrx_word' id='word_1_397' title='bbox 1103 1196 1188 1224; x_wconf 81' lang='lat' dir='ltr'><strong>videri</strong></span> <span class='ocrx_word' id='word_1_398' title='bbox 1204 1197 1296 1232; x_wconf 92' lang='lat' dir='ltr'><strong>possit.</strong></span> <span class='ocrx_word' id='word_1_399' title='bbox 1320 1196 1402 1232; x_wconf 76' lang='lat' dir='ltr'><strong>igitur</strong></span> <span class='ocrx_word' id='word_1_400' title='bbox 1416 1197 1519 1225; x_wconf 88' lang='lat' dir='ltr'><strong>natales</strong></span> <span class='ocrx_word' id='word_1_401' title='bbox 1548 1197 1718 1232; x_wconf 68' lang='lat' dir='ltr'><strong>impatientite</strong></span> <span class='ocrx_word' id='word_1_402' title='bbox 1741 1197 1782 1233; x_wconf 75' lang='lat' dir='ltr'><strong>(It)</strong></span> <span class='ocrx_word' id='word_1_403' title='bbox 1806 1198 1834 1224; x_wconf 94' lang='lat' dir='ltr'><strong>in</strong></span> <span class='ocrx_word' id='word_1_404' title='bbox 1858 1198 1913 1232; x_wconf 84' lang='lat' dir='ltr'><strong>ipso</strong></span> 
     </span>
    </p>
   </div>
   <div class='ocr_carea' id='block_1_53' title="bbox 1103 1243 1911 1280">
    <p class='ocr_par' dir='ltr' id='par_1_53' title="bbox 1103 1243 1911 1280">
     <span class='ocr_line' id='line_1_53' title="bbox 1103 1243 1911 1280; baseline 0.001 -9"><span class='ocrx_word' id='word_1_405' title='bbox 1103 1243 1211 1272; x_wconf 88' lang='lat' dir='ltr'><strong>diabolo</strong></span> <span class='ocrx_word' id='word_1_406' title='bbox 1231 1243 1414 1280; x_wconf 83' lang='lat' dir='ltr'><strong>deprehendo,</strong></span> <span class='ocrx_word' id='word_1_407' title='bbox 1429 1244 1484 1279; x_wconf 88' lang='lat' dir='ltr'><strong>jam</strong></span> <span class='ocrx_word' id='word_1_408' title='bbox 1500 1248 1563 1272; x_wconf 94' lang='lat' dir='ltr'><strong>tunc</strong></span> <span class='ocrx_word' id='word_1_409' title='bbox 1578 1251 1638 1271; x_wconf 92' lang='lat' dir='ltr'><strong>cum</strong></span> <span class='ocrx_word' id='word_1_410' title='bbox 1656 1244 1799 1271; x_wconf 92' lang='lat' dir='ltr'><strong>Dominum</strong></span> <span class='ocrx_word' id='word_1_411' title='bbox 1825 1244 1911 1272; x_wconf 83' lang='lat' dir='ltr'><strong>Deum</strong></span> 
     </span>
    </p>
   </div>
   <div class='ocr_carea' id='block_1_54' title="bbox 1104 1290 1908 1327">
    <p class='ocr_par' dir='ltr' id='par_1_54' title="bbox 1104 1290 1908 1327">
     <span class='ocr_line' id='line_1_54' title="bbox 1104 1290 1908 1327; baseline 0 -9"><span class='ocrx_word' id='word_1_412' title='bbox 1104 1291 1228 1319; x_wconf 82' lang='lat' dir='ltr'><strong>universa</strong></span> <span class='ocrx_word' id='word_1_413' title='bbox 1243 1298 1324 1325; x_wconf 86' lang='lat' dir='ltr'><strong>opera</strong></span> <span class='ocrx_word' id='word_1_414' title='bbox 1338 1299 1397 1326; x_wconf 71' lang='lat' dir='ltr'><strong>quae</strong></span> <span class='ocrx_word' id='word_1_415' title='bbox 1410 1290 1529 1325; x_wconf 80' lang='lat' dir='ltr'><strong>iecisset,</strong></span> <span class='ocrx_word' id='word_1_416' title='bbox 1549 1291 1658 1327; x_wconf 80' lang='lat' dir='ltr'><strong>imagini</strong></span> <span class='ocrx_word' id='word_1_417' title='bbox 1672 1298 1739 1323; x_wconf 69' lang='lat' dir='ltr'><strong>suae,</strong></span> <span class='ocrx_word' id='word_1_418' title='bbox 1752 1291 1778 1318; x_wconf 88' lang='lat' dir='ltr'><strong>id</strong></span> <span class='ocrx_word' id='word_1_419' title='bbox 1793 1296 1839 1319; x_wconf 91' lang='lat' dir='ltr'><strong>est</strong></span> <span class='ocrx_word' id='word_1_420' title='bbox 1859 1291 1908 1318; x_wconf 84' lang='lat' dir='ltr'><strong>lto-</strong></span> 
     </span>
    </p>
   </div>
   <div class='ocr_carea' id='block_1_55' title="bbox 1095 1337 1909 1374">
    <p class='ocr_par' dir='ltr' id='par_1_55' title="bbox 1095 1337 1909 1374">
     <span class='ocr_line' id='line_1_55' title="bbox 1095 1337 1909 1374; baseline 0.002 -9"><span class='ocrx_word' id='word_1_421' title='bbox 1095 1337 1169 1369; x_wconf 70' lang='lat' dir='ltr'><strong>,miui</strong></span> <span class='ocrx_word' id='word_1_422' title='bbox 1190 1337 1338 1372; x_wconf 72' lang='lat' dir='ltr'><strong>subiecisse</strong></span> <span class='ocrx_word' id='word_1_423' title='bbox 1352 1338 1522 1374; x_wconf 87' lang='lat' dir='ltr'><strong>impatienter</strong></span> <span class='ocrx_word' id='word_1_424' title='bbox 1538 1338 1596 1365; x_wconf 90' lang='lat' dir='ltr'><strong>tulit</strong></span> <span class='ocrx_word' id='word_1_425' title='bbox 1619 1337 1733 1373; x_wconf 70' lang='lat' dir='ltr'><strong>(Gener.</strong></span> <span class='ocrx_word' id='word_1_426' title='bbox 1747 1359 1754 1372; x_wconf 92' lang='lat'><strong>,</strong></span> <span class='ocrx_word' id='word_1_427' title='bbox 1769 1337 1805 1365; x_wconf 84' lang='lat' dir='ltr'><strong>Ill</strong></span> <span class='ocrx_word' id='word_1_428' title='bbox 1817 1339 1838 1373; x_wconf 89' lang='lat'><strong>).</strong></span> <span class='ocrx_word' id='word_1_429' title='bbox 1855 1338 1909 1367; x_wconf 82' lang='lat' dir='ltr'><strong>Nec</strong></span> 
     </span>
    </p>
   </div>
   <div class='ocr_carea' id='block_1_56' title="bbox 1065 1371 1910 1431">
    <p class='ocr_par' dir='ltr' id='par_1_56' title="bbox 1065 1371 1910 1431">
     <span class='ocr_line' id='line_1_56' title="bbox 1065 1371 1910 1431; baseline 0.001 -19"><span class='ocrx_word' id='word_1_430' title='bbox 1065 1371 1096 1431; x_wconf 39' lang='grc' dir='ltr'><strong>κ]</strong></span> <span class='ocrx_word' id='word_1_431' title='bbox 1106 1386 1178 1413; x_wconf 91' lang='lat' dir='ltr'><strong>enim</strong></span> <span class='ocrx_word' id='word_1_432' title='bbox 1191 1384 1332 1418; x_wconf 86' lang='lat' dir='ltr'><strong>doluisset,</strong></span> <span class='ocrx_word' id='word_1_433' title='bbox 1347 1386 1369 1413; x_wconf 90' lang='lat' dir='ltr'><strong>si</strong></span> <span class='ocrx_word' id='word_1_434' title='bbox 1384 1385 1569 1418; x_wconf 90' lang='lat' dir='ltr'><strong>sustinuisset;</strong></span> <span class='ocrx_word' id='word_1_435' title='bbox 1582 1393 1631 1413; x_wconf 83' lang='lat' dir='ltr'><strong>nec</strong></span> <span class='ocrx_word' id='word_1_436' title='bbox 1644 1384 1784 1413; x_wconf 84' lang='lat' dir='ltr'><strong>invidisset</strong></span> <span class='ocrx_word' id='word_1_437' title='bbox 1795 1385 1910 1419; x_wconf 85' lang='lat' dir='ltr'><strong>homini,</strong></span> 
     </span>
    </p>
   </div>
   <div class='ocr_carea' id='block_1_57' title="bbox 1106 1431 1911 1468">
    <p class='ocr_par' dir='ltr' id='par_1_57' title="bbox 1106 1431 1911 1468">
     <span class='ocr_line' id='line_1_57' title="bbox 1106 1431 1911 1468; baseline 0 -9"><span class='ocrx_word' id='word_1_438' title='bbox 1106 1431 1129 1459; x_wconf 90' lang='lat' dir='ltr'><strong>si</strong></span> <span class='ocrx_word' id='word_1_439' title='bbox 1144 1438 1196 1459; x_wconf 91' lang='lat' dir='ltr'><strong>non</strong></span> <span class='ocrx_word' id='word_1_440' title='bbox 1211 1431 1352 1460; x_wconf 90' lang='lat' dir='ltr'><strong>doluisset.</strong></span> <span class='ocrx_word' id='word_1_441' title='bbox 1372 1431 1447 1460; x_wconf 84' lang='lat' dir='ltr'><strong>Adeo</strong></span> <span class='ocrx_word' id='word_1_442' title='bbox 1460 1431 1498 1468; x_wconf 85' lang='lat'><strong>(9)</strong></span> <span class='ocrx_word' id='word_1_443' title='bbox 1517 1432 1624 1468; x_wconf 90' lang='lat' dir='ltr'><strong>decepit</strong></span> <span class='ocrx_word' id='word_1_444' title='bbox 1636 1439 1708 1467; x_wconf 90' lang='lat' dir='ltr'><strong>eum,</strong></span> <span class='ocrx_word' id='word_1_445' title='bbox 1725 1432 1787 1468; x_wconf 88' lang='lat' dir='ltr'><strong>quia</strong></span> <span class='ocrx_word' id='word_1_446' title='bbox 1808 1431 1911 1460; x_wconf 78' lang='lat' dir='ltr'><strong>invide-</strong></span> 
     </span>
    </p>
   </div>
   <div class='ocr_carea' id='block_1_58' title="bbox 867 1486 1286 1518">
    <p class='ocr_par' dir='ltr' id='par_1_58' title="bbox 867 1486 1286 1518">
     <span class='ocr_line' id='line_1_58' title="bbox 867 1486 1286 1518; baseline 0.002 -3"><span class='ocrx_word' id='word_1_447' title='bbox 867 1486 1059 1518; x_wconf 83' lang='lat' dir='ltr'><strong>LECTIONES</strong></span> <span class='ocrx_word' id='word_1_448' title='bbox 1079 1488 1286 1518; x_wconf 71' lang='lat' dir='ltr'><strong>VARIANTES.</strong></span> 
     </span>
    </p>
   </div>
   <div class='ocr_carea' id='block_1_59' title="bbox 284 1543 974 1608">
    <p class='ocr_par' dir='ltr' id='par_1_59' title="bbox 284 1543 974 1608">
     <span class='ocr_line' id='line_1_59' title="bbox 297 1543 545 1576; baseline -0.004 -6"><span class='ocrx_word' id='word_1_449' title='bbox 297 1545 322 1576; x_wconf 83' lang='lat' dir='ltr'><strong>‘l)</strong></span> <span class='ocrx_word' id='word_1_450' title='bbox 334 1544 445 1576; x_wconf 84' lang='lat' dir='ltr'><strong>Obsequi</strong></span> <span class='ocrx_word' id='word_1_451' title='bbox 457 1544 487 1571; x_wconf 78' lang='lat' dir='ltr'><strong>Ri</strong></span> <span class='ocrx_word' id='word_1_452' title='bbox 503 1543 545 1570; x_wconf 81' lang='grc' dir='ltr'><strong>αιι.</strong></span> 
     </span>
     <span class='ocr_line' id='line_1_60' title="bbox 284 1545 974 1608; baseline 0.004 -7"><span class='ocrx_word' id='word_1_453' title='bbox 284 1545 321 1608; x_wconf 66' lang='lat' dir='ltr'><strong>l2)</strong></span> <span class='ocrx_word' id='word_1_454' title='bbox 333 1576 473 1608; x_wconf 80' lang='lat' dir='ltr'><strong>secundum</strong></span> <span class='ocrx_word' id='word_1_455' title='bbox 483 1549 614 1602; x_wconf 49' lang='lat' dir='ltr'><strong>Dominum</strong></span> <span class='ocrx_word' id='word_1_456' title='bbox 625 1574 763 1608; x_wconf 66' lang='lat' dir='ltr'><strong>morigeros</strong></span> <span class='ocrx_word' id='word_1_457' title='bbox 782 1575 910 1604; x_wconf 79' lang='lat' dir='ltr'><strong>Pamelius</strong></span> <span class='ocrx_word' id='word_1_458' title='bbox 926 1575 974 1608; x_wconf 81' lang='lat' dir='ltr'><strong>legi</strong></span> 
     </span>
    </p>
   </div>
   <div class='ocr_carea' id='block_1_60' title="bbox 295 1575 1055 1612">
    <p class='ocr_par' dir='ltr' id='par_1_60' title="bbox 295 1575 1055 1612">
     <span class='ocr_line' id='line_1_61' title="bbox 295 1575 1055 1612; baseline 0.004 -11"><span class='ocrx_word' id='word_1_459' title='bbox 295 1575 321 1612; x_wconf 55' lang='grc' dir='ltr'>ἢ)</span> <span class='ocrx_word' id='word_1_460' title='bbox 333 1575 473 1612; x_wconf 73' lang='lat' dir='ltr'><strong>secundum</strong></span> <span class='ocrx_word' id='word_1_461' title='bbox 483 1575 614 1602; x_wconf 86' lang='lat' dir='ltr'><strong>Dominum</strong></span> <span class='ocrx_word' id='word_1_462' title='bbox 625 1575 763 1608; x_wconf 64' lang='lat' dir='ltr'><strong>morigeros</strong></span> <span class='ocrx_word' id='word_1_463' title='bbox 782 1575 910 1604; x_wconf 79' lang='lat' dir='ltr'><strong>Pamelius</strong></span> <span class='ocrx_word' id='word_1_464' title='bbox 926 1575 984 1612; x_wconf 81' lang='lat' dir='ltr'><strong>legit</strong></span> <span class='ocrx_word' id='word_1_465' title='bbox 997 1583 1028 1604; x_wconf 70' lang='lat' dir='ltr'><strong>ex</strong></span> <span class='ocrx_word' id='word_1_466' title='bbox 1039 1578 1055 1604; x_wconf 79' lang='lat'><strong>3</strong></span> 
     </span>
    </p>
   </div>
   <div class='ocr_carea' id='block_1_61' title="bbox 256 1609 655 1666">
    <p class='ocr_par' dir='ltr' id='par_1_61' title="bbox 256 1609 655 1666">
     <span class='ocr_line' id='line_1_62' title="bbox 256 1609 390 1635; baseline -0.015 0"><span class='ocrx_word' id='word_1_467' title='bbox 256 1609 390 1635; x_wconf 76' lang='lat' dir='ltr'><strong>Vaticanis.</strong></span> 
     </span>
     <span class='ocr_line' id='line_1_63' title="bbox 284 1637 655 1666; baseline -0.005 0"><span class='ocrx_word' id='word_1_468' title='bbox 284 1639 322 1666; x_wconf 76' lang='lat' dir='ltr'><strong>(5t</strong></span> <span class='ocrx_word' id='word_1_469' title='bbox 338 1639 392 1664; x_wconf 86' lang='lat' dir='ltr'><strong>Non</strong></span> <span class='ocrx_word' id='word_1_470' title='bbox 403 1638 469 1665; x_wconf 85' lang='lat' dir='ltr'><strong>abest</strong></span> <span class='ocrx_word' id='word_1_471' title='bbox 480 1639 558 1664; x_wconf 81' lang='lat' dir='ltr'><strong>Fran.</strong></span> <span class='ocrx_word' id='word_1_472' title='bbox 571 1637 655 1666; x_wconf 79' lang='lat' dir='ltr'><strong>Paris.</strong></span> 
     </span>
    </p>
   </div>
   <div class='ocr_carea' id='block_1_62' title="bbox 284 1639 591 1735">
    <p class='ocr_par' dir='ltr' id='par_1_62' title="bbox 284 1639 591 1735">
     <span class='ocr_line' id='line_1_64' title="bbox 284 1639 591 1735; baseline -0.003 -40"><span class='ocrx_word' id='word_1_473' title='bbox 284 1639 322 1735; x_wconf 53' lang='lat' dir='ltr'><strong>(il</strong></span> <span class='ocrx_word' id='word_1_474' title='bbox 335 1639 591 1705; x_wconf 54' lang='lat' dir='ltr'><strong>Stamfit’s‘i’lzf</strong></span> 
     </span>
     <span class='ocr_line' id='line_1_65' title="bbox 295 1701 590 1734; baseline 0.003 -7"><span class='ocrx_word' id='word_1_475' title='bbox 295 1703 321 1734; x_wconf 79' lang='grc'>5)</span> <span class='ocrx_word' id='word_1_476' title='bbox 334 1701 424 1728; x_wconf 85' lang='lat' dir='ltr'><strong>Latere</strong></span> <span class='ocrx_word' id='word_1_477' title='bbox 435 1702 512 1727; x_wconf 84' lang='lat' dir='ltr'><strong>Fran.</strong></span> <span class='ocrx_word' id='word_1_478' title='bbox 529 1703 590 1728; x_wconf 83' lang='lat' dir='ltr'><strong>Part</strong></span> 
     </span>
    </p>
   </div>
   <div class='ocr_carea' id='block_1_63' title="bbox 295 1701 612 1734">
    <p class='ocr_par' dir='ltr' id='par_1_63' title="bbox 295 1701 612 1734">
     <span class='ocr_line' id='line_1_66' title="bbox 295 1701 612 1734; baseline 0.003 -7"><span class='ocrx_word' id='word_1_479' title='bbox 295 1701 321 1734; x_wconf 79' lang='grc'>5)</span> <span class='ocrx_word' id='word_1_480' title='bbox 334 1701 424 1728; x_wconf 85' lang='lat' dir='ltr'><strong>Latere</strong></span> <span class='ocrx_word' id='word_1_481' title='bbox 435 1702 512 1727; x_wconf 84' lang='lat' dir='ltr'><strong>Fran.</strong></span> <span class='ocrx_word' id='word_1_482' title='bbox 529 1701 612 1728; x_wconf 85' lang='lat' dir='ltr'><strong>Paris.</strong></span> 
     </span>
    </p>
   </div>
   <div class='ocr_carea' id='block_1_64' title="bbox 1141 1545 1910 1581">
    <p class='ocr_par' dir='ltr' id='par_1_64' title="bbox 1141 1545 1910 1581">
     <span class='ocr_line' id='line_1_67' title="bbox 1141 1545 1910 1581; baseline 0.003 -9"><span class='ocrx_word' id='word_1_483' title='bbox 1141 1546 1177 1580; x_wconf 88' lang='lat'><strong>(6)</strong></span> <span class='ocrx_word' id='word_1_484' title='bbox 1189 1546 1324 1581; x_wconf 72' lang='lat' dir='ltr'><strong>Constituta</strong></span> <span class='ocrx_word' id='word_1_485' title='bbox 1337 1547 1414 1581; x_wconf 66' lang='lat' dir='ltr'><strong>Ernn.</strong></span> <span class='ocrx_word' id='word_1_486' title='bbox 1427 1545 1506 1573; x_wconf 73' lang='lat' dir='ltr'><strong>Paris.</strong></span> <span class='ocrx_word' id='word_1_487' title='bbox 1520 1548 1546 1581; x_wconf 88' lang='lat' dir='ltr'><strong>in</strong></span> <span class='ocrx_word' id='word_1_488' title='bbox 1562 1549 1753 1581; x_wconf 69' lang='lat' dir='ltr'><strong>prtescriptionis</strong></span> <span class='ocrx_word' id='word_1_489' title='bbox 1764 1549 1910 1581; x_wconf 81' lang='lat' dir='ltr'><strong>compendio</strong></span> 
     </span>
    </p>
   </div>
   <div class='ocr_carea' id='block_1_65' title="bbox 1108 1578 1597 1611">
    <p class='ocr_par' dir='ltr' id='par_1_65' title="bbox 1108 1578 1597 1611">
     <span class='ocr_line' id='line_1_68' title="bbox 1108 1578 1597 1611; baseline 0.002 -7"><span class='ocrx_word' id='word_1_490' title='bbox 1108 1578 1273 1611; x_wconf 21' lang='lat' dir='ltr'><strong>deipatientia</strong></span> <span class='ocrx_word' id='word_1_491' title='bbox 1286 1580 1443 1604; x_wconf 83' lang='lat' dir='ltr'><strong>constitutum</strong></span> <span class='ocrx_word' id='word_1_492' title='bbox 1457 1583 1495 1604; x_wconf 83' lang='lat' dir='ltr'><strong>est</strong></span> <span class='ocrx_word' id='word_1_493' title='bbox 1507 1578 1597 1611; x_wconf 72' lang='lat' dir='ltr'><strong>Rigalt.</strong></span> 
     </span>
    </p>
   </div>
   <div class='ocr_carea' id='block_1_66' title="bbox 1151 1609 1486 1636">
    <p class='ocr_par' dir='ltr' id='par_1_66' title="bbox 1151 1609 1486 1636">
     <span class='ocr_line' id='line_1_69' title="bbox 1151 1609 1486 1636; baseline 0.003 -2"><span class='ocrx_word' id='word_1_494' title='bbox 1151 1610 1177 1636; x_wconf 84' lang='lat' dir='ltr'><strong>7i</strong></span> <span class='ocrx_word' id='word_1_495' title='bbox 1190 1609 1285 1634; x_wconf 83' lang='lat' dir='ltr'><strong>Favere</strong></span> <span class='ocrx_word' id='word_1_496' title='bbox 1301 1615 1420 1636; x_wconf 76' lang='lat' dir='ltr'><strong>n&#39;ouwer.</strong></span> <span class='ocrx_word' id='word_1_497' title='bbox 1430 1611 1486 1635; x_wconf 83' lang='lat' dir='ltr'><strong>MS.</strong></span> 
     </span>
    </p>
   </div>
   <div class='ocr_carea' id='block_1_67' title="bbox 1149 1612 1566 1704">
    <p class='ocr_par' dir='ltr' id='par_1_67' title="bbox 1149 1612 1566 1704">
     <span class='ocr_line' id='line_1_70' title="bbox 1151 1612 1486 1636; baseline 0.003 -2"><span class='ocrx_word' id='word_1_498' title='bbox 1151 1612 1165 1634; x_wconf 87' lang='lat'>7</span> <span class='ocrx_word' id='word_1_499' title='bbox 1190 1612 1285 1634; x_wconf 82' lang='lat' dir='ltr'><strong>Favere</strong></span> <span class='ocrx_word' id='word_1_500' title='bbox 1301 1615 1420 1636; x_wconf 79' lang='lat' dir='ltr'><strong>II&#39;ouwer.</strong></span> <span class='ocrx_word' id='word_1_501' title='bbox 1430 1612 1486 1635; x_wconf 84' lang='lat' dir='ltr'><strong>MS.</strong></span> 
     </span>
     <span class='ocr_line' id='line_1_71' title="bbox 1149 1612 1566 1704; baseline 0.002 -38"><span class='ocrx_word' id='word_1_502' title='bbox 1149 1612 1177 1704; x_wconf 46' lang='lat' dir='ltr'><strong>Si</strong></span> <span class='ocrx_word' id='word_1_503' title='bbox 1187 1641 1288 1698; x_wconf 51' lang='grc' dir='ltr'><strong>ξιιξὲιω</strong></span> <span class='ocrx_word' id='word_1_504' title='bbox 1296 1646 1370 1673; x_wconf 69' lang='lat' dir='ltr'><strong>nan.</strong></span> <span class='ocrx_word' id='word_1_505' title='bbox 1384 1641 1463 1668; x_wconf 75' lang='lat' dir='ltr'><strong>Paris.</strong></span> <span class='ocrx_word' id='word_1_506' title='bbox 1477 1640 1566 1675; x_wconf 83' lang='lat' dir='ltr'><strong>Rigalt.</strong></span> 
     </span>
    </p>
   </div>
   <div class='ocr_carea' id='block_1_68' title="bbox 1216 1678 1254 1698">
    <p class='ocr_par' dir='ltr' id='par_1_68' title="bbox 1216 1678 1254 1698">
     <span class='ocr_line' id='line_1_72' title="bbox 1216 1678 1254 1698; baseline 0 0"><span class='ocrx_word' id='word_1_507' title='bbox 1216 1678 1254 1698; x_wconf 77' lang='grc' dir='ltr'><strong>εο.</strong></span> 
     </span>
    </p>
   </div>
   <div class='ocr_carea' id='block_1_69' title="bbox 925 1744 1208 1777">
    <p class='ocr_par' dir='ltr' id='par_1_69' title="bbox 925 1744 1208 1777">
     <span class='ocr_line' id='line_1_73' title="bbox 925 1744 1208 1777; baseline 0.011 -3"><span class='ocrx_word' id='word_1_508' title='bbox 925 1744 1208 1777; x_wconf 78' lang='lat' dir='ltr'><strong>COMMENTARIUS.</strong></span> 
     </span>
    </p>
   </div>
   <div class='ocr_carea' id='block_1_70' title="bbox 281 1803 1052 1842">
    <p class='ocr_par' dir='ltr' id='par_1_70' title="bbox 281 1803 1052 1842">
     <span class='ocr_line' id='line_1_74' title="bbox 281 1803 1052 1842; baseline 0.001 -10"><span class='ocrx_word' id='word_1_509' title='bbox 281 1803 396 1842; x_wconf 39' lang='lat' dir='ltr'><strong>istlnus“,</strong></span> <span class='ocrx_word' id='word_1_510' title='bbox 411 1804 486 1842; x_wconf 76' lang='lat' dir='ltr'><strong>etiarn</strong></span> <span class='ocrx_word' id='word_1_511' title='bbox 501 1804 637 1842; x_wconf 65' lang='lat' dir='ltr'><strong>infirmitas</strong></span> <span class='ocrx_word' id='word_1_512' title='bbox 650 1803 695 1842; x_wconf 59' lang='lat' dir='ltr'><strong>Dei</strong></span> <span class='ocrx_word' id='word_1_513' title='bbox 719 1803 769 1839; x_wconf 82' lang='lat' dir='ltr'><strong>fuit</strong></span> <span class='ocrx_word' id='word_1_514' title='bbox 787 1811 820 1832; x_wconf 76' lang='lat' dir='ltr'><strong>es;</strong></span> <span class='ocrx_word' id='word_1_515' title='bbox 844 1807 977 1839; x_wconf 80' lang='lat' dir='ltr'><strong>potestate.</strong></span> <span class='ocrx_word' id='word_1_516' title='bbox 992 1804 1052 1842; x_wconf 87' lang='lat' dir='ltr'><strong>(lib.</strong></span> 
     </span>
    </p>
   </div>
   <div class='ocr_carea' id='block_1_71' title="bbox 282 1839 729 1875">
    <p class='ocr_par' dir='ltr' id='par_1_71' title="bbox 282 1839 729 1875">
     <span class='ocr_line' id='line_1_75' title="bbox 282 1839 729 1875; baseline 0 -8"><span class='ocrx_word' id='word_1_517' title='bbox 282 1840 315 1867; x_wconf 80' lang='grc' dir='ltr'>ιν</span> <span class='ocrx_word' id='word_1_518' title='bbox 328 1840 361 1868; x_wconf 88' lang='lat' dir='ltr'><strong>de</strong></span> <span class='ocrx_word' id='word_1_519' title='bbox 373 1840 453 1868; x_wconf 85' lang='lat' dir='ltr'><strong>Civit.</strong></span> <span class='ocrx_word' id='word_1_520' title='bbox 469 1840 525 1872; x_wconf 89' lang='lat' dir='ltr'><strong>Dei,</strong></span> <span class='ocrx_word' id='word_1_521' title='bbox 539 1847 599 1875; x_wconf 87' lang='lat' dir='ltr'><strong>cap.</strong></span> <span class='ocrx_word' id='word_1_522' title='bbox 613 1839 653 1875; x_wconf 84' lang='lat'><strong>9).</strong></span> <span class='ocrx_word' id='word_1_523' title='bbox 664 1839 729 1868; x_wconf 53' lang='lat' dir='ltr'><strong>‘Rto.</strong></span> 
     </span>
    </p>
   </div>
   <div class='ocr_carea' id='block_1_72' title="bbox 289 1875 1056 1912">
    <p class='ocr_par' dir='ltr' id='par_1_72' title="bbox 289 1875 1056 1912">
     <span class='ocr_line' id='line_1_76' title="bbox 289 1875 1056 1912; baseline 0 -8"><span class='ocrx_word' id='word_1_524' title='bbox 289 1876 368 1905; x_wconf 76' lang='lat' dir='ltr'><strong>CAP.</strong></span> <span class='ocrx_word' id='word_1_525' title='bbox 378 1875 500 1911; x_wconf 82' lang='lat' dir='ltr'><strong>lV.—-—(a)</strong></span> <span class='ocrx_word' id='word_1_526' title='bbox 513 1875 572 1903; x_wconf 87' lang='lat' dir='ltr'><strong>Non</strong></span> <span class='ocrx_word' id='word_1_527' title='bbox 586 1876 611 1903; x_wconf 78' lang='lat' dir='ltr'><strong>in</strong></span> <span class='ocrx_word' id='word_1_528' title='bbox 626 1875 746 1911; x_wconf 83' lang='lat' dir='ltr'><strong>compede</strong></span> <span class='ocrx_word' id='word_1_529' title='bbox 758 1881 803 1903; x_wconf 87' lang='lat' dir='ltr'><strong>aut</strong></span> <span class='ocrx_word' id='word_1_530' title='bbox 817 1875 1056 1912; x_wconf 24' lang='lat' dir='ltr'><strong>pileo.ﬂCompcdes</strong></span> 
     </span>
    </p>
   </div>
   <div class='ocr_carea' id='block_1_73' title="bbox 255 1911 1056 1947">
    <p class='ocr_par' dir='ltr' id='par_1_73' title="bbox 255 1911 1056 1947">
     <span class='ocr_line' id='line_1_77' title="bbox 255 1911 1056 1947; baseline 0 -7"><span class='ocrx_word' id='word_1_531' title='bbox 255 1911 391 1940; x_wconf 82' lang='lat' dir='ltr'><strong>servitutis</strong></span> <span class='ocrx_word' id='word_1_532' title='bbox 403 1917 472 1939; x_wconf 69' lang='lat' dir='ltr'><strong>notte</strong></span> <span class='ocrx_word' id='word_1_533' title='bbox 484 1916 570 1943; x_wconf 81' lang='lat' dir='ltr'><strong>erant,</strong></span> <span class='ocrx_word' id='word_1_534' title='bbox 588 1916 617 1938; x_wconf 90' lang='lat' dir='ltr'><strong>ut</strong></span> <span class='ocrx_word' id='word_1_535' title='bbox 632 1911 718 1947; x_wconf 90' lang='lat' dir='ltr'><strong>pileus</strong></span> <span class='ocrx_word' id='word_1_536' title='bbox 732 1912 873 1939; x_wconf 86' lang='lat' dir='ltr'><strong>libertatis.</strong></span> <span class='ocrx_word' id='word_1_537' title='bbox 890 1911 967 1940; x_wconf 87' lang='lat' dir='ltr'><strong>Unde</strong></span> <span class='ocrx_word' id='word_1_538' title='bbox 977 1911 1056 1940; x_wconf 81' lang='lat' dir='ltr'><strong>Bruti</strong></span> 
     </span>
    </p>
   </div>
   <div class='ocr_carea' id='block_1_74' title="bbox 255 1947 1058 1983">
    <p class='ocr_par' dir='ltr' id='par_1_74' title="bbox 255 1947 1058 1983">
     <span class='ocr_line' id='line_1_78' title="bbox 255 1947 1058 1983; baseline 0 -8"><span class='ocrx_word' id='word_1_539' title='bbox 255 1948 387 1975; x_wconf 78' lang='lat' dir='ltr'><strong>nomisma</strong></span> <span class='ocrx_word' id='word_1_540' title='bbox 402 1948 472 1983; x_wconf 87' lang='lat' dir='ltr'><strong>pileo</strong></span> <span class='ocrx_word' id='word_1_541' title='bbox 485 1947 641 1983; x_wconf 89' lang='lat' dir='ltr'><strong>duobusque</strong></span> <span class='ocrx_word' id='word_1_542' title='bbox 654 1947 813 1982; x_wconf 82' lang='lat' dir='ltr'><strong>pugionibus</strong></span> <span class='ocrx_word' id='word_1_543' title='bbox 826 1948 1058 1983; x_wconf 77' lang='lat' dir='ltr'><strong>insignitum,qui-</strong></span> 
     </span>
    </p>
   </div>
   <div class='ocr_carea' id='block_1_75' title="bbox 255 1983 1058 2018">
    <p class='ocr_par' dir='ltr' id='par_1_75' title="bbox 255 1983 1058 2018">
     <span class='ocr_line' id='line_1_79' title="bbox 255 1983 1058 2018; baseline 0.002 -9"><span class='ocrx_word' id='word_1_544' title='bbox 255 1983 306 2010; x_wconf 88' lang='lat' dir='ltr'><strong>bus</strong></span> <span class='ocrx_word' id='word_1_545' title='bbox 329 1983 477 2011; x_wconf 89' lang='lat' dir='ltr'><strong>restitutam</strong></span> <span class='ocrx_word' id='word_1_546' title='bbox 497 1990 512 2010; x_wconf 86' lang='lat' dir='ltr'><strong>a</strong></span> <span class='ocrx_word' id='word_1_547' title='bbox 533 1990 562 2011; x_wconf 88' lang='lat' dir='ltr'><strong>se</strong></span> <span class='ocrx_word' id='word_1_548' title='bbox 589 1984 680 2018; x_wconf 66' lang='lat' dir='ltr'><strong>patriae</strong></span> <span class='ocrx_word' id='word_1_549' title='bbox 707 1983 856 2011; x_wconf 90' lang='lat' dir='ltr'><strong>libertatem</strong></span> <span class='ocrx_word' id='word_1_550' title='bbox 879 1984 1058 2018; x_wconf 76' lang='lat' dir='ltr'><strong>signiﬁcabat.</strong></span> 
     </span>
    </p>
   </div>
   <div class='ocr_carea' id='block_1_76' title="bbox 255 2019 1056 2055">
    <p class='ocr_par' dir='ltr' id='par_1_76' title="bbox 255 2019 1056 2055">
     <span class='ocr_line' id='line_1_80' title="bbox 255 2019 1056 2055; baseline 0.002 -9"><span class='ocrx_word' id='word_1_551' title='bbox 255 2019 329 2046; x_wconf 82' lang='lat' dir='ltr'><strong>Mitto</strong></span> <span class='ocrx_word' id='word_1_552' title='bbox 347 2019 390 2046; x_wconf 89' lang='lat' dir='ltr'><strong>hic</strong></span> <span class='ocrx_word' id='word_1_553' title='bbox 410 2019 500 2046; x_wconf 88' lang='lat' dir='ltr'><strong>dicere</strong></span> <span class='ocrx_word' id='word_1_554' title='bbox 515 2019 679 2055; x_wconf 80' lang='lat' dir='ltr'><strong>Anacltarsiu</strong></span> <span class='ocrx_word' id='word_1_555' title='bbox 695 2019 816 2054; x_wconf 86' lang='lat' dir='ltr'><strong>scytham</strong></span> <span class='ocrx_word' id='word_1_556' title='bbox 829 2040 837 2051; x_wconf 88' lang='lat'><strong>,</strong></span> <span class='ocrx_word' id='word_1_557' title='bbox 854 2019 975 2055; x_wconf 79' lang='lat' dir='ltr'><strong>adeoque</strong></span> <span class='ocrx_word' id='word_1_558' title='bbox 997 2027 1056 2048; x_wconf 86' lang='lat' dir='ltr'><strong>ser-</strong></span> 
     </span>
    </p>
   </div>
   <div class='ocr_carea' id='block_1_77' title="bbox 255 2054 934 2089">
    <p class='ocr_par' dir='ltr' id='par_1_77' title="bbox 255 2054 934 2089">
     <span class='ocr_line' id='line_1_81' title="bbox 255 2054 934 2089; baseline 0.001 -8"><span class='ocrx_word' id='word_1_559' title='bbox 255 2062 328 2087; x_wconf 74' lang='lat' dir='ltr'><strong>vum,</strong></span> <span class='ocrx_word' id='word_1_560' title='bbox 344 2057 413 2082; x_wconf 46' lang='lat' dir='ltr'><strong>an.»</strong></span> <span class='ocrx_word' id='word_1_561' title='bbox 426 2054 604 2089; x_wconf 87' lang='lat' dir='ltr'><strong>assumpsisse</strong></span> <span class='ocrx_word' id='word_1_562' title='bbox 619 2054 645 2080; x_wconf 93' lang='lat' dir='ltr'><strong>in</strong></span> <span class='ocrx_word' id='word_1_563' title='bbox 660 2056 816 2089; x_wconf 72' lang='lat' dir='ltr'><strong>gymnasiis.</strong></span> <span class='ocrx_word' id='word_1_564' title='bbox 833 2055 871 2082; x_wconf 76' lang='lat' dir='ltr'><strong>Le</strong></span> <span class='ocrx_word' id='word_1_565' title='bbox 888 2054 934 2082; x_wconf 80' lang='lat' dir='ltr'><strong>Pa.</strong></span> 
     </span>
    </p>
   </div>
   <div class='ocr_carea' id='block_1_78' title="bbox 293 2089 1056 2125">
    <p class='ocr_par' dir='ltr' id='par_1_78' title="bbox 293 2089 1056 2125">
     <span class='ocr_line' id='line_1_82' title="bbox 293 2089 1056 2125; baseline 0.004 -9"><span class='ocrx_word' id='word_1_566' title='bbox 293 2091 333 2125; x_wconf 91' lang='lat' dir='ltr'><strong>(b)</strong></span> <span class='ocrx_word' id='word_1_567' title='bbox 352 2090 478 2117; x_wconf 81' lang='lat' dir='ltr'><strong>Servitute</strong></span> <span class='ocrx_word' id='word_1_568' title='bbox 488 2089 611 2116; x_wconf 70' lang='lat' dir='ltr'><strong>subnixis.</strong></span> <span class='ocrx_word' id='word_1_569' title='bbox 629 2089 684 2117; x_wconf 80' lang='lat' dir='ltr'><strong>Hoc</strong></span> <span class='ocrx_word' id='word_1_570' title='bbox 697 2095 749 2123; x_wconf 85' lang='lat' dir='ltr'><strong>est,</strong></span> <span class='ocrx_word' id='word_1_571' title='bbox 761 2091 845 2118; x_wconf 86' lang='lat' dir='ltr'><strong>servis</strong></span> <span class='ocrx_word' id='word_1_572' title='bbox 862 2091 946 2118; x_wconf 93' lang='lat' dir='ltr'><strong>multo</strong></span> <span class='ocrx_word' id='word_1_573' title='bbox 958 2095 1056 2119; x_wconf 86' lang='lat' dir='ltr'><strong>conatu</strong></span> 
     </span>
    </p>
   </div>
   <div class='ocr_carea' id='block_1_79' title="bbox 257 2125 1057 2155">
    <p class='ocr_par' dir='ltr' id='par_1_79' title="bbox 257 2125 1057 2155">
     <span class='ocr_line' id='line_1_83' title="bbox 257 2125 1057 2155; baseline 0.004 -3"><span class='ocrx_word' id='word_1_574' title='bbox 257 2130 283 2153; x_wconf 86' lang='lat' dir='ltr'><strong>et</strong></span> <span class='ocrx_word' id='word_1_575' title='bbox 297 2126 355 2152; x_wconf 89' lang='lat' dir='ltr'><strong>nisu</strong></span> <span class='ocrx_word' id='word_1_576' title='bbox 375 2125 592 2153; x_wconf 83' lang='lat' dir='ltr'><strong>allaborautibus.</strong></span> <span class='ocrx_word' id='word_1_577' title='bbox 617 2126 718 2153; x_wconf 85' lang='lat' dir='ltr'><strong>Auctor</strong></span> <span class='ocrx_word' id='word_1_578' title='bbox 741 2126 898 2154; x_wconf 81' lang='lat' dir='ltr'><strong>Poematum</strong></span> <span class='ocrx_word' id='word_1_579' title='bbox 923 2127 1057 2155; x_wconf 88' lang='lat' dir='ltr'><strong>adversus</strong></span> 
     </span>
    </p>
   </div>
   <div class='ocr_carea' id='block_1_80' title="bbox 257 2160 576 2193">
    <p class='ocr_par' dir='ltr' id='par_1_80' title="bbox 257 2160 576 2193">
     <span class='ocr_line' id='line_1_84' title="bbox 257 2160 576 2193; baseline -0.003 -5"><span class='ocrx_word' id='word_1_580' title='bbox 257 2160 428 2193; x_wconf 81' lang='lat' dir='ltr'><strong>ltlarcionem.</strong></span> <span class='ocrx_word' id='word_1_581' title='bbox 443 2161 534 2188; x_wconf 82' lang='lat' dir='ltr'><strong>Poem.</strong></span> <span class='ocrx_word' id='word_1_582' title='bbox 549 2161 576 2189; x_wconf 78' lang='lat'><strong>3.</strong></span> 
     </span>
    </p>
   </div>
   <div class='ocr_carea' id='block_1_81' title="bbox 335 2195 858 2229">
    <p class='ocr_par' dir='ltr' id='par_1_81' title="bbox 335 2195 858 2229">
     <span class='ocr_line' id='line_1_85' title="bbox 335 2195 858 2229; baseline 0.006 -9"><span class='ocrx_word' id='word_1_583' title='bbox 335 2196 420 2229; x_wconf 68' lang='lat' dir='ltr'><strong>Maluit.</strong></span> <span class='ocrx_word' id='word_1_584' title='bbox 437 2195 540 2229; x_wconf 77' lang='lat' dir='ltr'><strong>amictus</strong></span> <span class='ocrx_word' id='word_1_585' title='bbox 557 2196 637 2228; x_wconf 89' lang='lat' dir='ltr'><strong>populi</strong></span> <span class='ocrx_word' id='word_1_586' title='bbox 650 2200 747 2229; x_wconf 83' lang='lat' dir='ltr'><strong>portare</strong></span> <span class='ocrx_word' id='word_1_587' title='bbox 759 2196 858 2224; x_wconf 84' lang='lat' dir='ltr'><strong>labores</strong></span> 
     </span>
    </p>
   </div>
   <div class='ocr_carea' id='block_1_82' title="bbox 335 2228 587 2253">
    <p class='ocr_par' dir='ltr' id='par_1_82' title="bbox 335 2228 587 2253">
     <span class='ocr_line' id='line_1_86' title="bbox 335 2228 587 2253; baseline 0 -1"><span class='ocrx_word' id='word_1_588' title='bbox 335 2228 444 2253; x_wconf 89' lang='lat' dir='ltr'><strong>Subnixa</strong></span> <span class='ocrx_word' id='word_1_589' title='bbox 459 2228 587 2253; x_wconf 86' lang='lat' dir='ltr'><strong>cervice...</strong></span> 
     </span>
    </p>
   </div>
   <div class='ocr_carea' id='block_1_83' title="bbox 294 2282 965 2327">
    <p class='ocr_par' dir='ltr' id='par_1_83' title="bbox 294 2282 965 2327">
     <span class='ocr_line' id='line_1_87' title="bbox 294 2282 965 2327; baseline 0.003 -7"><span class='ocrx_word' id='word_1_590' title='bbox 294 2282 301 2295; x_wconf 73' lang='grc'><em>’</em></span> <span class='ocrx_word' id='word_1_591' title='bbox 335 2295 385 2321; x_wconf 83' lang='lat' dir='ltr'><strong>Pro</strong></span> <span class='ocrx_word' id='word_1_592' title='bbox 397 2295 474 2327; x_wconf 85' lang='lat' dir='ltr'><strong>patria</strong></span> <span class='ocrx_word' id='word_1_593' title='bbox 485 2301 541 2327; x_wconf 67' lang='lat' dir='ltr'><strong>quae</strong></span> <span class='ocrx_word' id='word_1_594' title='bbox 552 2294 674 2326; x_wconf 84' lang='lat' dir='ltr'><strong>belligero</strong></span> <span class='ocrx_word' id='word_1_595' title='bbox 685 2295 791 2321; x_wconf 86' lang='lat' dir='ltr'><strong>subnixa</strong></span> <span class='ocrx_word' id='word_1_596' title='bbox 802 2296 888 2322; x_wconf 89' lang='lat' dir='ltr'><strong>labori.</strong></span> <span class='ocrx_word' id='word_1_597' title='bbox 914 2300 965 2322; x_wconf 69' lang='grc' dir='ltr'><strong>κιο.</strong></span> 
     </span>
    </p>
   </div>
   <div class='ocr_carea' id='block_1_84' title="bbox 294 2336 1058 2374">
    <p class='ocr_par' dir='ltr' id='par_1_84' title="bbox 294 2336 1058 2374">
     <span class='ocr_line' id='line_1_88' title="bbox 294 2336 1058 2374; baseline 0.001 -9"><span class='ocrx_word' id='word_1_598' title='bbox 294 2336 334 2374; x_wconf 90' lang='lat' dir='ltr'><strong>(c)</strong></span> <span class='ocrx_word' id='word_1_599' title='bbox 351 2337 444 2366; x_wconf 77' lang='lat' dir='ltr'><strong>Usibur</strong></span> <span class='ocrx_word' id='word_1_600' title='bbox 467 2337 559 2374; x_wconf 78' lang='lat' dir='ltr'><strong>nostris</strong></span> <span class='ocrx_word' id='word_1_601' title='bbox 580 2346 595 2364; x_wconf 92' lang='lat' dir='ltr'><strong>a</strong></span> <span class='ocrx_word' id='word_1_602' title='bbox 619 2336 728 2374; x_wconf 84' lang='lat' dir='ltr'><strong>Domino</strong></span> <span class='ocrx_word' id='word_1_603' title='bbox 743 2339 870 2374; x_wconf 4' lang='lat' dir='ltr'><strong>(precisas.</strong></span> <span class='ocrx_word' id='word_1_604' title='bbox 896 2339 997 2367; x_wconf 83' lang='lat' dir='ltr'><strong>Alludit</strong></span> <span class='ocrx_word' id='word_1_605' title='bbox 1025 2339 1058 2367; x_wconf 91' lang='lat' dir='ltr'><strong>ad</strong></span> 
     </span>
    </p>
   </div>
   <div class='ocr_carea' id='block_1_85' title="bbox 258 2373 1057 2408">
    <p class='ocr_par' dir='ltr' id='par_1_85' title="bbox 258 2373 1057 2408">
     <span class='ocr_line' id='line_1_89' title="bbox 258 2373 1057 2408; baseline 0 -6"><span class='ocrx_word' id='word_1_606' title='bbox 258 2373 323 2402; x_wconf 86' lang='lat' dir='ltr'><strong>illud</strong></span> <span class='ocrx_word' id='word_1_607' title='bbox 347 2374 414 2402; x_wconf 90' lang='lat' dir='ltr'><strong>Gen.</strong></span> <span class='ocrx_word' id='word_1_608' title='bbox 431 2374 440 2401; x_wconf 94' lang='lat' dir='ltr'><strong>l</strong></span> <span class='ocrx_word' id='word_1_609' title='bbox 459 2382 465 2400; x_wconf 92' lang='lat'>:</span> <span class='ocrx_word' id='word_1_610' title='bbox 483 2373 654 2400; x_wconf 85' lang='lat' dir='ltr'><strong>Dominamini</strong></span> <span class='ocrx_word' id='word_1_611' title='bbox 674 2373 783 2408; x_wconf 75' lang='lat' dir='ltr'><strong>piscibus</strong></span> <span class='ocrx_word' id='word_1_612' title='bbox 807 2375 896 2408; x_wconf 77' lang='lat' dir='ltr'><strong>maris,</strong></span> <span class='ocrx_word' id='word_1_613' title='bbox 912 2379 978 2407; x_wconf 86' lang='lat' dir='ltr'><strong>etc.;</strong></span> <span class='ocrx_word' id='word_1_614' title='bbox 995 2375 1057 2403; x_wconf 90' lang='lat' dir='ltr'><strong>item</strong></span> 
     </span>
    </p>
   </div>
   <div class='ocr_carea' id='block_1_86' title="bbox 257 2408 1058 2446">
    <p class='ocr_par' dir='ltr' id='par_1_86' title="bbox 257 2408 1058 2446">
     <span class='ocr_line' id='line_1_90' title="bbox 257 2408 1058 2446; baseline 0.002 -10"><span class='ocrx_word' id='word_1_615' title='bbox 257 2409 329 2446; x_wconf 81' lang='lat' dir='ltr'><strong>quod</strong></span> <span class='ocrx_word' id='word_1_616' title='bbox 344 2415 384 2437; x_wconf 86' lang='lat' dir='ltr'><strong>est</strong></span> <span class='ocrx_word' id='word_1_617' title='bbox 398 2409 465 2437; x_wconf 87' lang='lat' dir='ltr'><strong>Gen.</strong></span> <span class='ocrx_word' id='word_1_618' title='bbox 475 2408 521 2446; x_wconf 3' lang='lat' dir='ltr'><strong>(IX</strong></span> <span class='ocrx_word' id='word_1_619' title='bbox 536 2418 543 2436; x_wconf 89' lang='lat'><strong>:</strong></span> <span class='ocrx_word' id='word_1_620' title='bbox 570 2408 661 2446; x_wconf 68' lang='lat' dir='ltr'><strong>Terror</strong></span> <span class='ocrx_word' id='word_1_621' title='bbox 679 2414 703 2435; x_wconf 76' lang='lat' dir='ltr'><strong>et</strong></span> <span class='ocrx_word' id='word_1_622' title='bbox 727 2414 820 2436; x_wconf 86' lang='lat' dir='ltr'><strong>tremor</strong></span> <span class='ocrx_word' id='word_1_623' title='bbox 835 2416 914 2438; x_wconf 83' lang='lat' dir='ltr'><strong>vester</strong></span> <span class='ocrx_word' id='word_1_624' title='bbox 935 2411 967 2438; x_wconf 79' lang='lat' dir='ltr'><strong>sit</strong></span> <span class='ocrx_word' id='word_1_625' title='bbox 982 2419 1058 2446; x_wconf 84' lang='lat' dir='ltr'><strong>super</strong></span> 
     </span>
    </p>
   </div>
   <div class='ocr_carea' id='block_1_87' title="bbox 258 2444 653 2477">
    <p class='ocr_par' dir='ltr' id='par_1_87' title="bbox 258 2444 653 2477">
     <span class='ocr_line' id='line_1_91' title="bbox 258 2444 653 2477; baseline 0 -6"><span class='ocrx_word' id='word_1_626' title='bbox 258 2445 345 2472; x_wconf 83' lang='lat' dir='ltr'><strong>omnia</strong></span> <span class='ocrx_word' id='word_1_627' title='bbox 354 2445 507 2477; x_wconf 82' lang='lat' dir='ltr'><strong>animantia,</strong></span> <span class='ocrx_word' id='word_1_628' title='bbox 521 2450 573 2473; x_wconf 85' lang='lat' dir='ltr'><strong>etc.</strong></span> <span class='ocrx_word' id='word_1_629' title='bbox 587 2444 653 2472; x_wconf 71' lang='lat' dir='ltr'><strong>Plut.</strong></span> 
     </span>
    </p>
   </div>
   <div class='ocr_carea' id='block_1_88' title="bbox 296 2480 1057 2516">
    <p class='ocr_par' dir='ltr' id='par_1_88' title="bbox 296 2480 1057 2516">
     <span class='ocr_line' id='line_1_92' title="bbox 296 2480 1057 2516; baseline 0.004 -9"><span class='ocrx_word' id='word_1_630' title='bbox 296 2480 336 2516; x_wconf 93' lang='lat' dir='ltr'><strong>(d)</strong></span> <span class='ocrx_word' id='word_1_631' title='bbox 352 2480 414 2513; x_wconf 84' lang='lat' dir='ltr'><strong>Quis</strong></span> <span class='ocrx_word' id='word_1_632' title='bbox 425 2481 455 2507; x_wconf 83' lang='lat' dir='ltr'><strong>de</strong></span> <span class='ocrx_word' id='word_1_633' title='bbox 467 2480 531 2508; x_wconf 79' lang='lat' dir='ltr'><strong>bona</strong></span> <span class='ocrx_word' id='word_1_634' title='bbox 546 2481 601 2515; x_wconf 75' lang='lat' dir='ltr'><strong>ejus</strong></span> <span class='ocrx_word' id='word_1_635' title='bbox 620 2480 829 2516; x_wconf 21' lang='lat' dir='ltr'><strong>latert&#39;etraclet.’</strong></span> <span class='ocrx_word' id='word_1_636' title='bbox 851 2481 916 2516; x_wconf 86' lang='lat' dir='ltr'><strong>Quis</strong></span> <span class='ocrx_word' id='word_1_637' title='bbox 937 2482 971 2510; x_wconf 90' lang='lat' dir='ltr'><strong>de</strong></span> <span class='ocrx_word' id='word_1_638' title='bbox 987 2482 1057 2510; x_wconf 90' lang='lat' dir='ltr'><strong>bono</strong></span> 
     </span>
    </p>
   </div>
   <div class='ocr_carea' id='block_1_89' title="bbox 258 2515 1056 2553">
    <p class='ocr_par' dir='ltr' id='par_1_89' title="bbox 258 2515 1056 2553">
     <span class='ocr_line' id='line_1_93' title="bbox 258 2515 1056 2553; baseline 0.005 -11"><span class='ocrx_word' id='word_1_639' title='bbox 258 2516 317 2553; x_wconf 82' lang='lat' dir='ltr'><strong>ejus</strong></span> <span class='ocrx_word' id='word_1_640' title='bbox 334 2517 398 2543; x_wconf 86' lang='lat' dir='ltr'><strong>satis</strong></span> <span class='ocrx_word' id='word_1_641' title='bbox 415 2524 529 2551; x_wconf 89' lang='lat' dir='ltr'><strong>unquam</strong></span> <span class='ocrx_word' id='word_1_642' title='bbox 545 2516 657 2553; x_wconf 82' lang='lat' dir='ltr'><strong>dixerit!</strong></span> <span class='ocrx_word' id='word_1_643' title='bbox 676 2515 830 2553; x_wconf 75' lang='lat' dir='ltr'><strong>Retractare</strong></span> <span class='ocrx_word' id='word_1_644' title='bbox 842 2539 849 2550; x_wconf 92' lang='lat'><strong>,</strong></span> <span class='ocrx_word' id='word_1_645' title='bbox 863 2518 933 2553; x_wconf 88' lang='lat' dir='ltr'><strong>apud</strong></span> <span class='ocrx_word' id='word_1_646' title='bbox 947 2518 1056 2546; x_wconf 82' lang='lat' dir='ltr'><strong>Tertul-</strong></span> 
     </span>
    </p>
   </div>
   <div class='ocr_carea' id='block_1_90' title="bbox 259 2551 1056 2586">
    <p class='ocr_par' dir='ltr' id='par_1_90' title="bbox 259 2551 1056 2586">
     <span class='ocr_line' id='line_1_94' title="bbox 259 2551 1056 2586; baseline 0.003 -7"><span class='ocrx_word' id='word_1_647' title='bbox 259 2551 357 2579; x_wconf 85' lang='lat' dir='ltr'><strong>lianuut</strong></span> <span class='ocrx_word' id='word_1_648' title='bbox 371 2557 424 2584; x_wconf 87' lang='lat' dir='ltr'><strong>est,</strong></span> <span class='ocrx_word' id='word_1_649' title='bbox 439 2557 562 2585; x_wconf 89' lang='lat' dir='ltr'><strong>tractare,</strong></span> <span class='ocrx_word' id='word_1_650' title='bbox 578 2552 729 2586; x_wconf 80' lang='lat' dir='ltr'><strong>disputare,</strong></span> <span class='ocrx_word' id='word_1_651' title='bbox 746 2551 888 2580; x_wconf 55' lang='lat' dir='ltr'><strong>disserere:</strong></span> <span class='ocrx_word' id='word_1_652' title='bbox 906 2556 939 2581; x_wconf 77' lang='lat' dir='ltr'><strong>At</strong></span> <span class='ocrx_word' id='word_1_653' title='bbox 955 2555 981 2581; x_wconf 89' lang='lat' dir='ltr'><strong>in</strong></span> <span class='ocrx_word' id='word_1_654' title='bbox 996 2562 1056 2582; x_wconf 92' lang='lat' dir='ltr'><strong>om-</strong></span> 
     </span>
    </p>
   </div>
   <div class='ocr_carea' id='block_1_91' title="bbox 259 2587 1057 2625">
    <p class='ocr_par' dir='ltr' id='par_1_91' title="bbox 259 2587 1057 2625">
     <span class='ocr_line' id='line_1_95' title="bbox 259 2587 1057 2625; baseline 0.003 -11"><span class='ocrx_word' id='word_1_655' title='bbox 259 2587 336 2625; x_wconf 70' lang='lat' dir='ltr'><strong>nibus</strong></span> <span class='ocrx_word' id='word_1_656' title='bbox 350 2588 464 2625; x_wconf 74' lang='lat' dir='ltr'><strong>antiquis</strong></span> <span class='ocrx_word' id='word_1_657' title='bbox 476 2587 671 2625; x_wconf 18' lang='lat' dir='ltr'><strong>tfltAelle‘la’l‘illUS</strong></span> <span class='ocrx_word' id='word_1_658' title='bbox 686 2587 781 2622; x_wconf 76' lang='lat' dir='ltr'><strong>legitur</strong></span> <span class='ocrx_word' id='word_1_659' title='bbox 792 2587 867 2625; x_wconf 73' lang='lat' dir='ltr'><strong>:Quis</strong></span> <span class='ocrx_word' id='word_1_660' title='bbox 881 2590 911 2616; x_wconf 83' lang='lat' dir='ltr'><strong>de</strong></span> <span class='ocrx_word' id='word_1_661' title='bbox 924 2592 987 2616; x_wconf 82' lang='lat' dir='ltr'><strong>bono</strong></span> <span class='ocrx_word' id='word_1_662' title='bbox 1001 2591 1057 2625; x_wconf 75' lang='lat' dir='ltr'><strong>ejus</strong></span> 
     </span>
    </p>
   </div>
   <div class='ocr_carea' id='block_1_92' title="bbox 260 2622 1056 2653">
    <p class='ocr_par' dir='ltr' id='par_1_92' title="bbox 260 2622 1056 2653">
     <span class='ocr_line' id='line_1_96' title="bbox 260 2622 1056 2653; baseline 0.006 -5"><span class='ocrx_word' id='word_1_663' title='bbox 260 2623 338 2649; x_wconf 80' lang='lat' dir='ltr'><strong>latere</strong></span> <span class='ocrx_word' id='word_1_664' title='bbox 355 2624 464 2650; x_wconf 76' lang='lat' dir='ltr'><strong>tractet?</strong></span> <span class='ocrx_word' id='word_1_665' title='bbox 491 2622 545 2650; x_wconf 83' lang='lat' dir='ltr'><strong>Nec</strong></span> <span class='ocrx_word' id='word_1_666' title='bbox 560 2623 650 2650; x_wconf 77' lang='lat' dir='ltr'><strong>debuit</strong></span> <span class='ocrx_word' id='word_1_667' title='bbox 664 2624 772 2650; x_wconf 89' lang='lat' dir='ltr'><strong>mutari.</strong></span> <span class='ocrx_word' id='word_1_668' title='bbox 794 2624 858 2651; x_wconf 81' lang='lat' dir='ltr'><strong>Nam</strong></span> <span class='ocrx_word' id='word_1_669' title='bbox 874 2630 900 2652; x_wconf 70' lang='lat' dir='ltr'><strong>ut</strong></span> <span class='ocrx_word' id='word_1_670' title='bbox 915 2622 1056 2653; x_wconf 80' lang='lat' dir='ltr'><strong>commode</strong></span> 
     </span>
    </p>
   </div>
   <div class='ocr_carea' id='block_1_93' title="bbox 259 2659 1057 2694">
    <p class='ocr_par' dir='ltr' id='par_1_93' title="bbox 259 2659 1057 2694">
     <span class='ocr_line' id='line_1_97' title="bbox 259 2659 1057 2694; baseline 0.004 -9"><span class='ocrx_word' id='word_1_671' title='bbox 259 2660 386 2692; x_wconf 66' lang='lat' dir='ltr'><strong>mplicari</strong></span> <span class='ocrx_word' id='word_1_672' title='bbox 403 2665 488 2694; x_wconf 71' lang='lat' dir='ltr'><strong>potest</strong></span> <span class='ocrx_word' id='word_1_673' title='bbox 507 2668 512 2685; x_wconf 91' lang='lat'><strong>:</strong></span> <span class='ocrx_word' id='word_1_674' title='bbox 537 2659 600 2691; x_wconf 83' lang='lat' dir='ltr'><strong>Quis</strong></span> <span class='ocrx_word' id='word_1_675' title='bbox 613 2659 646 2686; x_wconf 86' lang='lat' dir='ltr'><strong>de</strong></span> <span class='ocrx_word' id='word_1_676' title='bbox 659 2659 730 2687; x_wconf 88' lang='lat' dir='ltr'><strong>bono</strong></span> <span class='ocrx_word' id='word_1_677' title='bbox 743 2659 801 2694; x_wconf 89' lang='lat' dir='ltr'><strong>ejus</strong></span> <span class='ocrx_word' id='word_1_678' title='bbox 827 2661 909 2689; x_wconf 79' lang='lat' dir='ltr'><strong>latere</strong></span> <span class='ocrx_word' id='word_1_679' title='bbox 935 2666 979 2688; x_wconf 88' lang='lat' dir='ltr'><strong>aut</strong></span> <span class='ocrx_word' id='word_1_680' title='bbox 993 2663 1057 2688; x_wconf 90' lang='lat' dir='ltr'><strong>reti-</strong></span> 
     </span>
    </p>
   </div>
   <div class='ocr_carea' id='block_1_94' title="bbox 259 2694 644 2730">
    <p class='ocr_par' dir='ltr' id='par_1_94' title="bbox 259 2694 644 2730">
     <span class='ocr_line' id='line_1_98' title="bbox 259 2694 644 2730; baseline -0.003 -9"><span class='ocrx_word' id='word_1_681' title='bbox 259 2702 320 2721; x_wconf 83' lang='lat' dir='ltr'><strong>cere</strong></span> <span class='ocrx_word' id='word_1_682' title='bbox 334 2696 403 2728; x_wconf 87' lang='lat' dir='ltr'><strong>apud</strong></span> <span class='ocrx_word' id='word_1_683' title='bbox 415 2703 442 2721; x_wconf 85' lang='lat' dir='ltr'><strong>se</strong></span> <span class='ocrx_word' id='word_1_684' title='bbox 453 2695 569 2730; x_wconf 74' lang='lat' dir='ltr'><strong>Cogitet?</strong></span> <span class='ocrx_word' id='word_1_685' title='bbox 586 2694 644 2721; x_wconf 82' lang='lat' dir='ltr'><strong>Rio.</strong></span> 
     </span>
    </p>
   </div>
   <div class='ocr_carea' id='block_1_95' title="bbox 296 2730 1055 2766">
    <p class='ocr_par' dir='ltr' id='par_1_95' title="bbox 296 2730 1055 2766">
     <span class='ocr_line' id='line_1_99' title="bbox 296 2730 1055 2766; baseline 0.003 -8"><span class='ocrx_word' id='word_1_686' title='bbox 296 2731 333 2766; x_wconf 68' lang='grc' dir='ltr'>(ιι)</span> <span class='ocrx_word' id='word_1_687' title='bbox 350 2731 400 2758; x_wconf 68' lang='lat' dir='ltr'><strong>Per</strong></span> <span class='ocrx_word' id='word_1_688' title='bbox 413 2738 469 2765; x_wconf 77' lang='lat' dir='ltr'><strong>qua:</strong></span> <span class='ocrx_word' id='word_1_689' title='bbox 481 2732 507 2757; x_wconf 85' lang='lat' dir='ltr'><strong>in</strong></span> <span class='ocrx_word' id='word_1_690' title='bbox 523 2731 646 2763; x_wconf 73' lang='lat' dir='ltr'><strong>expedito.</strong></span> <span class='ocrx_word' id='word_1_691' title='bbox 673 2730 780 2758; x_wconf 78' lang='lat' dir='ltr'><strong>Plirasis</strong></span> <span class='ocrx_word' id='word_1_692' title='bbox 802 2732 1055 2766; x_wconf 82' lang='lat' dir='ltr'><strong>jurisconsultnrum</strong></span> 
     </span>
    </p>
   </div>
   <div class='ocr_carea' id='block_1_96' title="bbox 260 2766 1057 2801">
    <p class='ocr_par' dir='ltr' id='par_1_96' title="bbox 260 2766 1057 2801">
     <span class='ocr_line' id='line_1_100' title="bbox 260 2766 1057 2801; baseline 0.004 -8"><span class='ocrx_word' id='word_1_693' title='bbox 260 2767 285 2793; x_wconf 82' lang='lat' dir='ltr'><strong>in</strong></span> <span class='ocrx_word' id='word_1_694' title='bbox 299 2768 498 2801; x_wconf 63' lang='lat' dir='ltr'><strong>t‘XptitlllIICSSC.</strong></span> <span class='ocrx_word' id='word_1_695' title='bbox 512 2766 578 2793; x_wconf 88' lang='lat' dir='ltr'><strong>llinc</strong></span> <span class='ocrx_word' id='word_1_696' title='bbox 593 2766 656 2792; x_wconf 80' lang='lat' dir='ltr'><strong>Illud</strong></span> <span class='ocrx_word' id='word_1_697' title='bbox 670 2766 774 2800; x_wconf 84' lang='lat' dir='ltr'><strong>Ulpiani</strong></span> <span class='ocrx_word' id='word_1_698' title='bbox 785 2767 803 2793; x_wconf 85' lang='grc'><strong>1.</strong></span> <span class='ocrx_word' id='word_1_699' title='bbox 819 2768 840 2794; x_wconf 81' lang='lat' dir='ltr'><strong>si</strong></span> <span class='ocrx_word' id='word_1_700' title='bbox 857 2768 969 2796; x_wconf 78' lang='lat' dir='ltr'><strong>dubitt-t.</strong></span> <span class='ocrx_word' id='word_1_701' title='bbox 987 2769 1013 2795; x_wconf 42' lang='lat' dir='ltr'><strong>iii</strong></span> <span class='ocrx_word' id='word_1_702' title='bbox 1025 2770 1057 2796; x_wconf 86' lang='lat' dir='ltr'><strong>de</strong></span> 
     </span>
    </p>
   </div>
   <div class='ocr_carea' id='block_1_97' title="bbox 261 2802 1057 2839">
    <p class='ocr_par' dir='ltr' id='par_1_97' title="bbox 261 2802 1057 2839">
     <span class='ocr_line' id='line_1_101' title="bbox 261 2802 1057 2839; baseline 0.005 -12"><span class='ocrx_word' id='word_1_703' title='bbox 261 2803 390 2837; x_wconf 36' lang='grc' dir='ltr'><strong>ηας-μελε</strong></span> <span class='ocrx_word' id='word_1_704' title='bbox 405 2803 465 2829; x_wconf 77' lang='lat' dir='ltr'><strong>Cum</strong></span> <span class='ocrx_word' id='word_1_705' title='bbox 476 2802 696 2839; x_wconf 71' lang='lat' dir='ltr'><strong>numeratiotatius</strong></span> <span class='ocrx_word' id='word_1_706' title='bbox 705 2803 780 2828; x_wconf 78' lang='lat' dir='ltr'><strong>debiti</strong></span> <span class='ocrx_word' id='word_1_707' title='bbox 792 2812 840 2829; x_wconf 82' lang='lat' dir='ltr'><strong>non</strong></span> <span class='ocrx_word' id='word_1_708' title='bbox 851 2806 882 2830; x_wconf 82' lang='lat' dir='ltr'><strong>sit</strong></span> <span class='ocrx_word' id='word_1_709' title='bbox 896 2806 920 2831; x_wconf 81' lang='lat' dir='ltr'><strong>in</strong></span> <span class='ocrx_word' id='word_1_710' title='bbox 930 2806 1057 2839; x_wconf 72' lang='lat' dir='ltr'><strong>expedito.</strong></span> 
     </span>
    </p>
   </div>
   <div class='ocr_carea' id='block_1_98' title="bbox 261 2837 1058 2874">
    <p class='ocr_par' dir='ltr' id='par_1_98' title="bbox 261 2837 1058 2874">
     <span class='ocr_line' id='line_1_102' title="bbox 261 2837 1058 2874; baseline 0.004 -10"><span class='ocrx_word' id='word_1_711' title='bbox 261 2839 388 2866; x_wconf 65' lang='lat' dir='ltr'><strong>Sltnilitcr</strong></span> <span class='ocrx_word' id='word_1_712' title='bbox 400 2844 425 2865; x_wconf 86' lang='lat' dir='ltr'><strong>et</strong></span> <span class='ocrx_word' id='word_1_713' title='bbox 441 2839 503 2865; x_wconf 88' lang='lat' dir='ltr'><strong>illud</strong></span> <span class='ocrx_word' id='word_1_714' title='bbox 522 2848 527 2864; x_wconf 90' lang='lat'><strong>:</strong></span> <span class='ocrx_word' id='word_1_715' title='bbox 547 2837 577 2863; x_wconf 87' lang='lat' dir='ltr'><strong>In</strong></span> <span class='ocrx_word' id='word_1_716' title='bbox 592 2839 791 2872; x_wconf 76' lang='lat' dir='ltr'><strong>prtescriptionis</strong></span> <span class='ocrx_word' id='word_1_717' title='bbox 815 2837 974 2874; x_wconf 51' lang='lat' dir='ltr'><strong>compendio.</strong></span> <span class='ocrx_word' id='word_1_718' title='bbox 992 2841 1058 2867; x_wconf 72' lang='lat' dir='ltr'><strong>[‘Mt.</strong></span> 
     </span>
    </p>
   </div>
   <div class='ocr_carea' id='block_1_99' title="bbox 302 2874 1062 2912">
    <p class='ocr_par' dir='ltr' id='par_1_99' title="bbox 302 2874 1062 2912">
     <span class='ocr_line' id='line_1_103' title="bbox 302 2874 1062 2912; baseline 0.007 -12"><span class='ocrx_word' id='word_1_719' title='bbox 302 2874 334 2909; x_wconf 75' lang='grc' dir='ltr'>(Γ)</span> <span class='ocrx_word' id='word_1_720' title='bbox 356 2874 387 2902; x_wconf 89' lang='lat' dir='ltr'><strong>In</strong></span> <span class='ocrx_word' id='word_1_721' title='bbox 416 2875 612 2909; x_wconf 74' lang='lat' dir='ltr'><strong>prwscriptionis</strong></span> <span class='ocrx_word' id='word_1_722' title='bbox 627 2874 787 2908; x_wconf 76' lang='lat' dir='ltr'><strong>compendio.</strong></span> <span class='ocrx_word' id='word_1_723' title='bbox 804 2875 952 2904; x_wconf 63' lang='lat' dir='ltr'><strong>l’rmscribo</strong></span> <span class='ocrx_word' id='word_1_724' title='bbox 965 2877 1062 2912; x_wconf 85' lang='lat' dir='ltr'><strong>injure</strong></span> 
     </span>
    </p>
   </div>
   <div class='ocr_carea' id='block_1_100' title="bbox 1107 1804 1910 1841">
    <p class='ocr_par' dir='ltr' id='par_1_100' title="bbox 1107 1804 1910 1841">
     <span class='ocr_line' id='line_1_104' title="bbox 1107 1804 1910 1841; baseline 0.004 -8"><span class='ocrx_word' id='word_1_725' title='bbox 1107 1805 1237 1841; x_wconf 89' lang='lat' dir='ltr'><strong>triplicem</strong></span> <span class='ocrx_word' id='word_1_726' title='bbox 1250 1804 1330 1833; x_wconf 83' lang='lat' dir='ltr'><strong>habet</strong></span> <span class='ocrx_word' id='word_1_727' title='bbox 1345 1804 1578 1841; x_wconf 81' lang='lat' dir='ltr'><strong>signiﬁcationem,</strong></span> <span class='ocrx_word' id='word_1_728' title='bbox 1590 1810 1618 1834; x_wconf 92' lang='lat' dir='ltr'><strong>et</strong></span> <span class='ocrx_word' id='word_1_729' title='bbox 1630 1813 1725 1834; x_wconf 89' lang='lat' dir='ltr'><strong>omnes</strong></span> <span class='ocrx_word' id='word_1_730' title='bbox 1738 1806 1910 1836; x_wconf 86' lang='lat' dir='ltr'><strong>Tertulliano</strong></span> 
     </span>
    </p>
   </div>
   <div class='ocr_carea' id='block_1_101' title="bbox 1108 1841 1908 1878">
    <p class='ocr_par' dir='ltr' id='par_1_101' title="bbox 1108 1841 1908 1878">
     <span class='ocr_line' id='line_1_105' title="bbox 1108 1841 1908 1878; baseline 0.004 -8"><span class='ocrx_word' id='word_1_731' title='bbox 1108 1842 1253 1870; x_wconf 88' lang='lat' dir='ltr'><strong>convenire</strong></span> <span class='ocrx_word' id='word_1_732' title='bbox 1266 1845 1388 1877; x_wconf 87' lang='lat' dir='ltr'><strong>possunt.</strong></span> <span class='ocrx_word' id='word_1_733' title='bbox 1406 1841 1504 1875; x_wconf 86' lang='lat' dir='ltr'><strong>Prima,</strong></span> <span class='ocrx_word' id='word_1_734' title='bbox 1521 1842 1695 1878; x_wconf 61' lang='lat' dir='ltr'><strong>praescribere</strong></span> <span class='ocrx_word' id='word_1_735' title='bbox 1710 1848 1751 1871; x_wconf 90' lang='lat' dir='ltr'><strong>est</strong></span> <span class='ocrx_word' id='word_1_736' title='bbox 1764 1844 1908 1878; x_wconf 66' lang='lat' dir='ltr'><strong>praeﬁnire,</strong></span> 
     </span>
    </p>
   </div>
   <div class='ocr_carea' id='block_1_102' title="bbox 1109 1877 1907 1914">
    <p class='ocr_par' dir='ltr' id='par_1_102' title="bbox 1109 1877 1907 1914">
     <span class='ocr_line' id='line_1_106' title="bbox 1109 1877 1907 1914; baseline 0.005 -10"><span class='ocrx_word' id='word_1_737' title='bbox 1109 1877 1357 1914; x_wconf 68' lang='lat' dir='ltr'><strong>utprmscriptuma</strong></span> <span class='ocrx_word' id='word_1_738' title='bbox 1374 1881 1500 1914; x_wconf 82' lang='lat' dir='ltr'><strong>testatore</strong></span> <span class='ocrx_word' id='word_1_739' title='bbox 1511 1883 1627 1914; x_wconf 84' lang='lat' dir='ltr'><strong>tempus,</strong></span> <span class='ocrx_word' id='word_1_740' title='bbox 1640 1877 1665 1905; x_wconf 91' lang='lat' dir='ltr'><strong>id</strong></span> <span class='ocrx_word' id='word_1_741' title='bbox 1681 1883 1722 1906; x_wconf 90' lang='lat' dir='ltr'><strong>cst</strong></span> <span class='ocrx_word' id='word_1_742' title='bbox 1733 1877 1907 1914; x_wconf 68' lang='lat' dir='ltr'><strong>prieﬁnitnm.</strong></span> 
     </span>
    </p>
   </div>
   <div class='ocr_carea' id='block_1_103' title="bbox 1110 1912 1908 1948">
    <p class='ocr_par' dir='ltr' id='par_1_103' title="bbox 1110 1912 1908 1948">
     <span class='ocr_line' id='line_1_107' title="bbox 1110 1912 1908 1948; baseline 0.005 -8"><span class='ocrx_word' id='word_1_743' title='bbox 1110 1912 1182 1948; x_wconf 73' lang='lat' dir='ltr'><strong>Ergo</strong></span> <span class='ocrx_word' id='word_1_744' title='bbox 1192 1934 1199 1944; x_wconf 82' lang='lat'><strong>,</strong></span> <span class='ocrx_word' id='word_1_745' title='bbox 1216 1920 1276 1940; x_wconf 93' lang='lat' dir='ltr'><strong>cum</strong></span> <span class='ocrx_word' id='word_1_746' title='bbox 1297 1913 1367 1940; x_wconf 89' lang='lat' dir='ltr'><strong>Deus</strong></span> <span class='ocrx_word' id='word_1_747' title='bbox 1381 1913 1446 1940; x_wconf 89' lang='lat' dir='ltr'><strong>tanti</strong></span> <span class='ocrx_word' id='word_1_748' title='bbox 1468 1913 1564 1941; x_wconf 80' lang='lat' dir='ltr'><strong>fecerit</strong></span> <span class='ocrx_word' id='word_1_749' title='bbox 1578 1913 1646 1941; x_wconf 80' lang='lat' dir='ltr'><strong>lianc</strong></span> <span class='ocrx_word' id='word_1_750' title='bbox 1658 1912 1783 1942; x_wconf 78' lang='lat' dir='ltr'><strong>virtutem</strong></span> <span class='ocrx_word' id='word_1_751' title='bbox 1794 1937 1803 1948; x_wconf 91' lang='lat'><strong>,</strong></span> <span class='ocrx_word' id='word_1_752' title='bbox 1823 1915 1908 1944; x_wconf 84' lang='lat' dir='ltr'><strong>habes</strong></span> 
     </span>
    </p>
   </div>
   <div class='ocr_carea' id='block_1_104' title="bbox 1111 1949 1908 1986">
    <p class='ocr_par' dir='ltr' id='par_1_104' title="bbox 1111 1949 1908 1986">
     <span class='ocr_line' id='line_1_108' title="bbox 1111 1949 1908 1986; baseline 0.004 -10"><span class='ocrx_word' id='word_1_753' title='bbox 1111 1949 1313 1986; x_wconf 64' lang='lat' dir='ltr'><strong>compendiose</strong></span> <span class='ocrx_word' id='word_1_754' title='bbox 1328 1949 1512 1986; x_wconf 78' lang='lat' dir='ltr'><strong>praescriptum</strong></span> <span class='ocrx_word' id='word_1_755' title='bbox 1534 1949 1749 1986; x_wconf 61' lang='lat' dir='ltr'><strong>praeﬁnitumque</strong></span> <span class='ocrx_word' id='word_1_756' title='bbox 1765 1951 1828 1986; x_wconf 90' lang='lat' dir='ltr'><strong>quid</strong></span> <span class='ocrx_word' id='word_1_757' title='bbox 1842 1958 1908 1979; x_wconf 84' lang='lat' dir='ltr'><strong>sen-</strong></span> 
     </span>
    </p>
   </div>
   <div class='ocr_carea' id='block_1_105' title="bbox 1113 1983 1908 2022">
    <p class='ocr_par' dir='ltr' id='par_1_105' title="bbox 1113 1983 1908 2022">
     <span class='ocr_line' id='line_1_109' title="bbox 1113 1983 1908 2022; baseline 0.005 -11"><span class='ocrx_word' id='word_1_758' title='bbox 1113 1985 1164 2012; x_wconf 91' lang='lat' dir='ltr'><strong>tire</strong></span> <span class='ocrx_word' id='word_1_759' title='bbox 1177 1984 1219 2022; x_wconf 88' lang='lat' dir='ltr'><strong>de_</strong></span> <span class='ocrx_word' id='word_1_760' title='bbox 1234 1985 1276 2022; x_wconf 81' lang='lat' dir='ltr'><strong>illa</strong></span> <span class='ocrx_word' id='word_1_761' title='bbox 1298 1983 1407 2012; x_wconf 87' lang='lat' dir='ltr'><strong>debeas.</strong></span> <span class='ocrx_word' id='word_1_762' title='bbox 1430 1985 1521 2022; x_wconf 83' lang='lat' dir='ltr'><strong>Altera</strong></span> <span class='ocrx_word' id='word_1_763' title='bbox 1536 1983 1834 2022; x_wconf 44' lang='lat' dir='ltr'><strong>&#39;signilicatio&#39;est,&#39;qua</strong></span> <span class='ocrx_word' id='word_1_764' title='bbox 1847 1988 1908 2022; x_wconf 85' lang='lat' dir='ltr'><strong>quis</strong></span> 
     </span>
    </p>
   </div>
   <div class='ocr_carea' id='block_1_106' title="bbox 1110 2020 1908 2055">
    <p class='ocr_par' dir='ltr' id='par_1_106' title="bbox 1110 2020 1908 2055">
     <span class='ocr_line' id='line_1_110' title="bbox 1110 2020 1908 2055; baseline 0.006 -9"><span class='ocrx_word' id='word_1_765' title='bbox 1110 2025 1169 2055; x_wconf 87' lang='lat' dir='ltr'><strong>post</strong></span> <span class='ocrx_word' id='word_1_766' title='bbox 1183 2020 1220 2048; x_wconf 88' lang='lat' dir='ltr'><strong>rei</strong></span> <span class='ocrx_word' id='word_1_767' title='bbox 1234 2020 1328 2048; x_wconf 65' lang='lat' dir='ltr'><strong>alienae</strong></span> <span class='ocrx_word' id='word_1_768' title='bbox 1352 2021 1542 2055; x_wconf 87' lang='lat' dir='ltr'><strong>usucapionem</strong></span> <span class='ocrx_word' id='word_1_769' title='bbox 1558 2025 1649 2048; x_wconf 80' lang='lat' dir='ltr'><strong>contra</strong></span> <span class='ocrx_word' id='word_1_770' title='bbox 1665 2029 1773 2049; x_wconf 91' lang='lat' dir='ltr'><strong>omnem</strong></span> <span class='ocrx_word' id='word_1_771' title='bbox 1790 2020 1908 2051; x_wconf 43' lang='lat' dir='ltr'><strong>litis-im</strong></span> 
     </span>
    </p>
   </div>
   <div class='ocr_carea' id='block_1_107' title="bbox 1111 2056 1909 2093">
    <p class='ocr_par' dir='ltr' id='par_1_107' title="bbox 1111 2056 1909 2093">
     <span class='ocr_line' id='line_1_111' title="bbox 1111 2056 1909 2093; baseline 0.005 -11"><span class='ocrx_word' id='word_1_772' title='bbox 1111 2056 1286 2093; x_wconf 82' lang='lat' dir='ltr'><strong>tentationem</strong></span> <span class='ocrx_word' id='word_1_773' title='bbox 1297 2076 1305 2089; x_wconf 92' lang='lat'><strong>,</strong></span> <span class='ocrx_word' id='word_1_774' title='bbox 1318 2056 1391 2093; x_wconf 4' lang='lat' dir='ltr'><strong>(sibi;</strong></span> <span class='ocrx_word' id='word_1_775' title='bbox 1403 2056 1454 2093; x_wconf 78' lang='lat' dir='ltr'><strong>hoc</strong></span> <span class='ocrx_word' id='word_1_776' title='bbox 1470 2057 1548 2093; x_wconf 88' lang='lat' dir='ltr'><strong>unico</strong></span> <span class='ocrx_word' id='word_1_777' title='bbox 1570 2057 1651 2084; x_wconf 87' lang='lat' dir='ltr'><strong>verbo</strong></span> <span class='ocrx_word' id='word_1_778' title='bbox 1664 2058 1794 2091; x_wconf 85' lang='lat' dir='ltr'><strong>consulit;</strong></span> <span class='ocrx_word' id='word_1_779' title='bbox 1820 2059 1909 2093; x_wconf 84' lang='lat' dir='ltr'><strong>itaque</strong></span> 
     </span>
    </p>
   </div>
   <div class='ocr_carea' id='block_1_108' title="bbox 1110 2091 1908 2127">
    <p class='ocr_par' dir='ltr' id='par_1_108' title="bbox 1110 2091 1908 2127">
     <span class='ocr_line' id='line_1_112' title="bbox 1110 2091 1908 2127; baseline 0.006 -10"><span class='ocrx_word' id='word_1_780' title='bbox 1110 2092 1155 2127; x_wconf 91' lang='lat' dir='ltr'><strong>qui</strong></span> <span class='ocrx_word' id='word_1_781' title='bbox 1180 2092 1333 2126; x_wconf 76' lang='lat' dir='ltr'><strong>prwscripsit</strong></span> <span class='ocrx_word' id='word_1_782' title='bbox 1347 2113 1354 2124; x_wconf 96' lang='lat'><strong>,</strong></span> <span class='ocrx_word' id='word_1_783' title='bbox 1368 2091 1463 2124; x_wconf 88' lang='lat' dir='ltr'><strong>elidit,</strong></span> <span class='ocrx_word' id='word_1_784' title='bbox 1486 2092 1632 2127; x_wconf 87' lang='lat' dir='ltr'><strong>adimitque</strong></span> <span class='ocrx_word' id='word_1_785' title='bbox 1651 2101 1758 2121; x_wconf 88' lang='lat' dir='ltr'><strong>omnem</strong></span> <span class='ocrx_word' id='word_1_786' title='bbox 1774 2091 1908 2122; x_wconf 75' lang='lat' dir='ltr'><strong>actionem</strong></span> 
     </span>
    </p>
   </div>
   <div class='ocr_carea' id='block_1_109' title="bbox 1110 2127 1930 2165">
    <p class='ocr_par' dir='ltr' id='par_1_109' title="bbox 1110 2127 1930 2165">
     <span class='ocr_line' id='line_1_113' title="bbox 1110 2127 1930 2165; baseline 0.006 -12"><span class='ocrx_word' id='word_1_787' title='bbox 1110 2133 1203 2165; x_wconf 75' lang='lat' dir='ltr'><strong>contra</strong></span> <span class='ocrx_word' id='word_1_788' title='bbox 1213 2134 1251 2165; x_wconf 81' lang='lat' dir='ltr'><strong>se.</strong></span> <span class='ocrx_word' id='word_1_789' title='bbox 1264 2132 1291 2154; x_wconf 87' lang='lat' dir='ltr'><strong>et</strong></span> <span class='ocrx_word' id='word_1_790' title='bbox 1302 2127 1372 2155; x_wconf 88' lang='lat' dir='ltr'><strong>litem</strong></span> <span class='ocrx_word' id='word_1_791' title='bbox 1385 2135 1582 2165; x_wconf 76' lang='lat' dir='ltr'><strong>quamcumque</strong></span> <span class='ocrx_word' id='word_1_792' title='bbox 1596 2129 1753 2165; x_wconf 82' lang='lat' dir='ltr'><strong>internecat.</strong></span> <span class='ocrx_word' id='word_1_793' title='bbox 1762 2129 1834 2164; x_wconf 85' lang='lat' dir='ltr'><strong>Quid</strong></span> <span class='ocrx_word' id='word_1_794' title='bbox 1844 2138 1908 2165; x_wconf 74' lang='lat' dir='ltr'><strong>ergo</strong></span> <span class='ocrx_word' id='word_1_795' title='bbox 1926 2131 1930 2137; x_wconf 92' lang='lat'>&#39;</span> 
     </span>
    </p>
   </div>
   <div class='ocr_carea' id='block_1_110' title="bbox 1112 2162 1904 2201">
    <p class='ocr_par' dir='ltr' id='par_1_110' title="bbox 1112 2162 1904 2201">
     <span class='ocr_line' id='line_1_114' title="bbox 1112 2162 1904 2201; baseline 0.005 -11"><span class='ocrx_word' id='word_1_796' title='bbox 1112 2162 1164 2190; x_wconf 86' lang='lat' dir='ltr'><strong>hoc</strong></span> <span class='ocrx_word' id='word_1_797' title='bbox 1176 2163 1259 2201; x_wconf 75' lang='lat' dir='ltr'><strong>verbo</strong></span> <span class='ocrx_word' id='word_1_798' title='bbox 1273 2163 1508 2201; x_wconf 80' lang='lat' dir='ltr'><strong>compendiosius?</strong></span> <span class='ocrx_word' id='word_1_799' title='bbox 1520 2163 1602 2201; x_wconf 77' lang='lat' dir='ltr'><strong>igitur</strong></span> <span class='ocrx_word' id='word_1_800' title='bbox 1613 2163 1695 2192; x_wconf 87' lang='lat' dir='ltr'><strong>habes</strong></span> <span class='ocrx_word' id='word_1_801' title='bbox 1704 2162 1904 2201; x_wconf 70' lang='lat' dir='ltr'><strong>compendium,</strong></span> 
     </span>
    </p>
   </div>
   <div class='ocr_carea' id='block_1_111' title="bbox 1133 2199 1908 2240">
    <p class='ocr_par' dir='ltr' id='par_1_111' title="bbox 1133 2199 1908 2240">
     <span class='ocr_line' id='line_1_115' title="bbox 1133 2199 1908 2240; baseline 0.006 -15"><span class='ocrx_word' id='word_1_802' title='bbox 1133 2206 1166 2240; x_wconf 79' lang='lat' dir='ltr'><strong>uo</strong></span> <span class='ocrx_word' id='word_1_803' title='bbox 1182 2199 1369 2240; x_wconf 80' lang='lat' dir='ltr'><strong>impugnantes</strong></span> <span class='ocrx_word' id='word_1_804' title='bbox 1386 2199 1539 2240; x_wconf 74' lang='lat' dir='ltr'><strong>patientiam</strong></span> <span class='ocrx_word' id='word_1_805' title='bbox 1551 2199 1645 2233; x_wconf 88' lang='lat' dir='ltr'><strong>elidas,</strong></span> <span class='ocrx_word' id='word_1_806' title='bbox 1659 2201 1682 2228; x_wconf 89' lang='lat' dir='ltr'><strong>si</strong></span> <span class='ocrx_word' id='word_1_807' title='bbox 1696 2199 1799 2240; x_wconf 80' lang='lat' dir='ltr'><strong>tantum</strong></span> <span class='ocrx_word' id='word_1_808' title='bbox 1814 2201 1908 2240; x_wconf 69' lang='lat' dir='ltr'><strong>dicas,</strong></span> 
     </span>
    </p>
   </div>
   <div class='ocr_carea' id='block_1_112' title="bbox 1073 2234 1909 2283">
    <p class='ocr_par' dir='ltr' id='par_1_112' title="bbox 1073 2234 1909 2283">
     <span class='ocr_line' id='line_1_116' title="bbox 1073 2234 1909 2283; baseline 0 0"><span class='ocrx_word' id='word_1_809' title='bbox 1073 2253 1100 2283; x_wconf 85' lang='grc' dir='ltr'>Ι)</span> <span class='ocrx_word' id='word_1_810' title='bbox 1114 2234 1551 2283; x_wconf 46' lang='lat' dir='ltr'><strong>Barcaeiantestaret?</strong></span> <span class='ocrx_word' id='word_1_811' title='bbox 1562 2237 1909 2283; x_wconf 64' lang='lat' dir='ltr'><strong>91&#39;131‘1&#39;2_993‘P&quot;£&#39;!‘_3di:</strong></span> 
     </span>
    </p>
   </div>
   <div class='ocr_carea' id='block_1_113' title="bbox 1113 2270 1909 2307">
    <p class='ocr_par' dir='ltr' id='par_1_113' title="bbox 1113 2270 1909 2307">
     <span class='ocr_line' id='line_1_117' title="bbox 1113 2270 1909 2307; baseline 0.006 -11"><span class='ocrx_word' id='word_1_812' title='bbox 1113 2277 1182 2304; x_wconf 87' lang='lat' dir='ltr'><strong>mes,</strong></span> <span class='ocrx_word' id='word_1_813' title='bbox 1196 2278 1251 2307; x_wconf 84' lang='lat' dir='ltr'><strong>non</strong></span> <span class='ocrx_word' id='word_1_814' title='bbox 1264 2270 1342 2298; x_wconf 90' lang='lat' dir='ltr'><strong>aliter</strong></span> <span class='ocrx_word' id='word_1_815' title='bbox 1357 2275 1436 2305; x_wconf 88' lang='lat' dir='ltr'><strong>atque</strong></span> <span class='ocrx_word' id='word_1_816' title='bbox 1449 2271 1485 2298; x_wconf 92' lang='lat' dir='ltr'><strong>illi</strong></span> <span class='ocrx_word' id='word_1_817' title='bbox 1501 2271 1546 2306; x_wconf 89' lang='lat' dir='ltr'><strong>qui</strong></span> <span class='ocrx_word' id='word_1_818' title='bbox 1562 2272 1762 2307; x_wconf 68' lang='lat' dir='ltr'><strong>praescripsere.</strong></span> <span class='ocrx_word' id='word_1_819' title='bbox 1778 2273 1866 2301; x_wconf 80' lang='lat' dir='ltr'><strong>Tertia</strong></span> <span class='ocrx_word' id='word_1_820' title='bbox 1881 2279 1909 2301; x_wconf 88' lang='lat' dir='ltr'><strong>et</strong></span> 
     </span>
    </p>
   </div>
   <div class='ocr_carea' id='block_1_114' title="bbox 1112 2306 1908 2343">
    <p class='ocr_par' dir='ltr' id='par_1_114' title="bbox 1112 2306 1908 2343">
     <span class='ocr_line' id='line_1_118' title="bbox 1112 2306 1908 2343; baseline 0.005 -10"><span class='ocrx_word' id='word_1_821' title='bbox 1112 2306 1289 2343; x_wconf 76' lang='lat' dir='ltr'><strong>propriaest:</strong></span> <span class='ocrx_word' id='word_1_822' title='bbox 1303 2313 1363 2333; x_wconf 88' lang='lat' dir='ltr'><strong>nam</strong></span> <span class='ocrx_word' id='word_1_823' title='bbox 1378 2306 1543 2342; x_wconf 79' lang='lat' dir='ltr'><strong>praescriptio</strong></span> <span class='ocrx_word' id='word_1_824' title='bbox 1556 2306 1581 2334; x_wconf 93' lang='lat' dir='ltr'><strong>iu</strong></span> <span class='ocrx_word' id='word_1_825' title='bbox 1597 2307 1659 2342; x_wconf 91' lang='lat' dir='ltr'><strong>jure</strong></span> <span class='ocrx_word' id='word_1_826' title='bbox 1673 2306 1716 2336; x_wconf 81' lang='lat' dir='ltr'><strong>est</strong></span> <span class='ocrx_word' id='word_1_827' title='bbox 1736 2311 1868 2343; x_wconf 86' lang='lat' dir='ltr'><strong>exceptio,</strong></span> <span class='ocrx_word' id='word_1_828' title='bbox 1881 2314 1908 2337; x_wconf 89' lang='lat' dir='ltr'><strong>et</strong></span> 
     </span>
    </p>
   </div>
   <div class='ocr_carea' id='block_1_115' title="bbox 1112 2341 1906 2380">
    <p class='ocr_par' dir='ltr' id='par_1_115' title="bbox 1112 2341 1906 2380">
     <span class='ocr_line' id='line_1_119' title="bbox 1112 2341 1906 2380; baseline 0.005 -12"><span class='ocrx_word' id='word_1_829' title='bbox 1112 2341 1285 2376; x_wconf 66' lang='lat' dir='ltr'><strong>prwscriberc</strong></span> <span class='ocrx_word' id='word_1_830' title='bbox 1299 2341 1545 2380; x_wconf 25' lang='lat' dir='ltr'><strong>est»ex_cipere,_’aut</strong></span> <span class='ocrx_word' id='word_1_831' title='bbox 1560 2341 1743 2378; x_wconf 82' lang='lat' dir='ltr'><strong>exceptionem</strong></span> <span class='ocrx_word' id='word_1_832' title='bbox 1759 2341 1906 2380; x_wconf 80' lang='lat' dir='ltr'><strong>opponere,</strong></span> 
     </span>
    </p>
   </div>
   <div class='ocr_carea' id='block_1_116' title="bbox 1111 2378 1907 2415">
    <p class='ocr_par' dir='ltr' id='par_1_116' title="bbox 1111 2378 1907 2415">
     <span class='ocr_line' id='line_1_120' title="bbox 1111 2378 1907 2415; baseline 0.005 -11"><span class='ocrx_word' id='word_1_833' title='bbox 1111 2381 1138 2415; x_wconf 77' lang='lat' dir='ltr'><strong>et</strong></span> <span class='ocrx_word' id='word_1_834' title='bbox 1151 2382 1271 2415; x_wconf 71' lang='lat' dir='ltr'><strong>actorem</strong></span> <span class='ocrx_word' id='word_1_835' title='bbox 1293 2378 1454 2415; x_wconf 72' lang='lat' dir='ltr'><strong>excludere;</strong></span> <span class='ocrx_word' id='word_1_836' title='bbox 1481 2378 1531 2405; x_wconf 87' lang='lat' dir='ltr'><strong>hoc</strong></span> <span class='ocrx_word' id='word_1_837' title='bbox 1545 2385 1626 2415; x_wconf 84' lang='lat' dir='ltr'><strong>sensu</strong></span> <span class='ocrx_word' id='word_1_838' title='bbox 1650 2380 1692 2414; x_wconf 83' lang='lat' dir='ltr'><strong>qui</strong></span> <span class='ocrx_word' id='word_1_839' title='bbox 1707 2388 1736 2407; x_wconf 88' lang='lat' dir='ltr'><strong>se</strong></span> <span class='ocrx_word' id='word_1_840' title='bbox 1747 2378 1849 2415; x_wconf 76' lang='lat' dir='ltr'><strong>judicio</strong></span> <span class='ocrx_word' id='word_1_841' title='bbox 1861 2381 1907 2408; x_wconf 80' lang='lat' dir='ltr'><strong>de-</strong></span> 
     </span>
    </p>
   </div>
   <div class='ocr_carea' id='block_1_117' title="bbox 1110 2412 1906 2449">
    <p class='ocr_par' dir='ltr' id='par_1_117' title="bbox 1110 2412 1906 2449">
     <span class='ocr_line' id='line_1_121' title="bbox 1110 2412 1906 2449; baseline 0.005 -9"><span class='ocrx_word' id='word_1_842' title='bbox 1110 2412 1205 2449; x_wconf 79' lang='lat' dir='ltr'><strong>fendit,</strong></span> <span class='ocrx_word' id='word_1_843' title='bbox 1226 2417 1252 2440; x_wconf 89' lang='lat' dir='ltr'><strong>et</strong></span> <span class='ocrx_word' id='word_1_844' title='bbox 1267 2415 1368 2441; x_wconf 85' lang='lat' dir='ltr'><strong>crimen</strong></span> <span class='ocrx_word' id='word_1_845' title='bbox 1385 2414 1410 2441; x_wconf 92' lang='lat' dir='ltr'><strong>in</strong></span> <span class='ocrx_word' id='word_1_846' title='bbox 1421 2413 1604 2441; x_wconf 87' lang='lat' dir='ltr'><strong>adversarium</strong></span> <span class='ocrx_word' id='word_1_847' title='bbox 1621 2412 1756 2449; x_wconf 64' lang='lat' dir='ltr'><strong>transfert;</strong></span> <span class='ocrx_word' id='word_1_848' title='bbox 1767 2423 1828 2443; x_wconf 89' lang='lat' dir='ltr'><strong>cum</strong></span> <span class='ocrx_word' id='word_1_849' title='bbox 1842 2417 1906 2444; x_wconf 86' lang='lat' dir='ltr'><strong>illud</strong></span> 
     </span>
    </p>
   </div>
   <div class='ocr_carea' id='block_1_118' title="bbox 1111 2448 1906 2487">
    <p class='ocr_par' dir='ltr' id='par_1_118' title="bbox 1111 2448 1906 2487">
     <span class='ocr_line' id='line_1_122' title="bbox 1111 2448 1906 2487; baseline 0.006 -12"><span class='ocrx_word' id='word_1_850' title='bbox 1111 2448 1227 2487; x_wconf 71' lang='lat' dir='ltr'><strong>refellit,</strong></span> <span class='ocrx_word' id='word_1_851' title='bbox 1254 2449 1351 2487; x_wconf 86' lang='lat' dir='ltr'><strong>dicitur</strong></span> <span class='ocrx_word' id='word_1_852' title='bbox 1372 2450 1526 2477; x_wconf 86' lang='lat' dir='ltr'><strong>adversario</strong></span> <span class='ocrx_word' id='word_1_853' title='bbox 1548 2457 1604 2487; x_wconf 14' lang='lat' dir='ltr'><strong>suo?</strong></span> <span class='ocrx_word' id='word_1_854' title='bbox 1620 2448 1804 2485; x_wconf 70' lang='lat' dir='ltr'><strong>przescriberc.</strong></span> <span class='ocrx_word' id='word_1_855' title='bbox 1837 2452 1906 2487; x_wconf 78' lang='lat' dir='ltr'><strong>Ergo</strong></span> 
     </span>
    </p>
   </div>
   <div class='ocr_carea' id='block_1_119' title="bbox 1111 2483 1904 2520">
    <p class='ocr_par' dir='ltr' id='par_1_119' title="bbox 1111 2483 1904 2520">
     <span class='ocr_line' id='line_1_123' title="bbox 1111 2483 1904 2520; baseline 0.004 -9"><span class='ocrx_word' id='word_1_856' title='bbox 1111 2483 1194 2512; x_wconf 83' lang='lat' dir='ltr'><strong>habes</strong></span> <span class='ocrx_word' id='word_1_857' title='bbox 1205 2485 1403 2520; x_wconf 87' lang='lat' dir='ltr'><strong>compendium,</strong></span> <span class='ocrx_word' id='word_1_858' title='bbox 1421 2493 1473 2520; x_wconf 91' lang='lat' dir='ltr'><strong>quo</strong></span> <span class='ocrx_word' id='word_1_859' title='bbox 1486 2483 1645 2520; x_wconf 74' lang='lat' dir='ltr'><strong>pra-scribas</strong></span> <span class='ocrx_word' id='word_1_860' title='bbox 1667 2487 1719 2514; x_wconf 91' lang='lat' dir='ltr'><strong>tuis</strong></span> <span class='ocrx_word' id='word_1_861' title='bbox 1733 2483 1904 2515; x_wconf 65' lang='lat' dir='ltr'><strong>adversariis.</strong></span> 
     </span>
    </p>
   </div>
   <div class='ocr_carea' id='block_1_120' title="bbox 1108 2519 1905 2556">
    <p class='ocr_par' dir='ltr' id='par_1_120' title="bbox 1108 2519 1905 2556">
     <span class='ocr_line' id='line_1_124' title="bbox 1108 2519 1905 2556; baseline 0.005 -9"><span class='ocrx_word' id='word_1_862' title='bbox 1108 2519 1184 2553; x_wconf 84' lang='lat' dir='ltr'><strong>Quod</strong></span> <span class='ocrx_word' id='word_1_863' title='bbox 1198 2520 1249 2548; x_wconf 92' lang='lat' dir='ltr'><strong>hoc</strong></span> <span class='ocrx_word' id='word_1_864' title='bbox 1268 2519 1465 2556; x_wconf 75' lang='lat' dir='ltr'><strong>compendium</strong></span> <span class='ocrx_word' id='word_1_865' title='bbox 1473 2519 1590 2549; x_wconf 34' lang='lat' dir='ltr'><strong>‘t’Virtus</strong></span> <span class='ocrx_word' id='word_1_866' title='bbox 1611 2526 1652 2549; x_wconf 90' lang='lat' dir='ltr'><strong>cst</strong></span> <span class='ocrx_word' id='word_1_867' title='bbox 1665 2522 1710 2550; x_wconf 92' lang='lat' dir='ltr'><strong>Dei</strong></span> <span class='ocrx_word' id='word_1_868' title='bbox 1726 2544 1734 2556; x_wconf 94' lang='lat'><strong>,</strong></span> <span class='ocrx_word' id='word_1_869' title='bbox 1759 2530 1818 2551; x_wconf 81' lang='lat' dir='ltr'><strong>eam</strong></span> <span class='ocrx_word' id='word_1_870' title='bbox 1835 2524 1905 2551; x_wconf 86' lang='lat' dir='ltr'><strong>Deus</strong></span> 
     </span>
    </p>
   </div>
   <div class='ocr_carea' id='block_1_121' title="bbox 1108 2556 1852 2591">
    <p class='ocr_par' dir='ltr' id='par_1_121' title="bbox 1108 2556 1852 2591">
     <span class='ocr_line' id='line_1_125' title="bbox 1108 2556 1852 2591; baseline 0.007 -9"><span class='ocrx_word' id='word_1_871' title='bbox 1108 2556 1196 2589; x_wconf 78' lang='lat' dir='ltr'><strong>magni</strong></span> <span class='ocrx_word' id='word_1_872' title='bbox 1210 2556 1300 2590; x_wconf 87' lang='lat' dir='ltr'><strong>habet,</strong></span> <span class='ocrx_word' id='word_1_873' title='bbox 1316 2557 1384 2584; x_wconf 91' lang='lat' dir='ltr'><strong>Deus</strong></span> <span class='ocrx_word' id='word_1_874' title='bbox 1409 2557 1434 2584; x_wconf 90' lang='lat' dir='ltr'><strong>in</strong></span> <span class='ocrx_word' id='word_1_875' title='bbox 1448 2558 1593 2591; x_wconf 88' lang='lat' dir='ltr'><strong>semetipso</strong></span> <span class='ocrx_word' id='word_1_876' title='bbox 1603 2558 1775 2586; x_wconf 85' lang='lat' dir='ltr'><strong>circumtulit.</strong></span> <span class='ocrx_word' id='word_1_877' title='bbox 1786 2558 1852 2587; x_wconf 58' lang='lat' dir='ltr'><strong>Lac.</strong></span> 
     </span>
    </p>
   </div>
   <div class='ocr_carea' id='block_1_122' title="bbox 1145 2592 1905 2629">
    <p class='ocr_par' dir='ltr' id='par_1_122' title="bbox 1145 2592 1905 2629">
     <span class='ocr_line' id='line_1_126' title="bbox 1145 2592 1905 2629; baseline 0.007 -12"><span class='ocrx_word' id='word_1_878' title='bbox 1145 2592 1220 2618; x_wconf 65' lang='lat' dir='ltr'><strong>CAP.</strong></span> <span class='ocrx_word' id='word_1_879' title='bbox 1237 2592 1268 2629; x_wconf 68' lang='grc' dir='ltr'><strong>γ,</strong></span> <span class='ocrx_word' id='word_1_880' title='bbox 1286 2607 1319 2611; x_wconf 89' lang='lat'><strong>——</strong></span> <span class='ocrx_word' id='word_1_881' title='bbox 1333 2592 1372 2629; x_wconf 62' lang='grc' dir='ltr'>(ᾳ)</span> <span class='ocrx_word' id='word_1_882' title='bbox 1399 2593 1481 2626; x_wconf 79' lang='lat' dir='ltr'><strong>Magis</strong></span> <span class='ocrx_word' id='word_1_883' title='bbox 1497 2593 1661 2629; x_wconf 82' lang='lat' dir='ltr'><strong>illmninabis.</strong></span> <span class='ocrx_word' id='word_1_884' title='bbox 1675 2594 1744 2622; x_wconf 82' lang='lat' dir='ltr'><strong>Vere</strong></span> <span class='ocrx_word' id='word_1_885' title='bbox 1758 2600 1861 2629; x_wconf 83' lang='lat' dir='ltr'><strong>spectat</strong></span> <span class='ocrx_word' id='word_1_886' title='bbox 1871 2595 1905 2622; x_wconf 75' lang='lat' dir='ltr'><strong>ad</strong></span> 
     </span>
    </p>
   </div>
   <div class='ocr_carea' id='block_1_123' title="bbox 1109 2627 1905 2666">
    <p class='ocr_par' dir='ltr' id='par_1_123' title="bbox 1109 2627 1905 2666">
     <span class='ocr_line' id='line_1_127' title="bbox 1109 2627 1905 2666; baseline 0.008 -13"><span class='ocrx_word' id='word_1_887' title='bbox 1109 2627 1317 2666; x_wconf 80' lang='lat' dir='ltr'><strong>illuminatiuues</strong></span> <span class='ocrx_word' id='word_1_888' title='bbox 1332 2628 1488 2666; x_wconf 69' lang='lat' dir='ltr'><strong>[luctor-um.</strong></span> <span class='ocrx_word' id='word_1_889' title='bbox 1504 2628 1593 2663; x_wconf 82' lang='lat' dir='ltr'><strong>itaque</strong></span> <span class='ocrx_word' id='word_1_890' title='bbox 1602 2638 1658 2666; x_wconf 79' lang='lat' dir='ltr'><strong>non</strong></span> <span class='ocrx_word' id='word_1_891' title='bbox 1674 2630 1753 2657; x_wconf 84' lang='lat' dir='ltr'><strong>audio</strong></span> <span class='ocrx_word' id='word_1_892' title='bbox 1767 2627 1826 2658; x_wconf 78' lang='lat' dir='ltr'><strong>illos</strong></span> <span class='ocrx_word' id='word_1_893' title='bbox 1836 2651 1845 2664; x_wconf 81' lang='lat'><strong>,</strong></span> <span class='ocrx_word' id='word_1_894' title='bbox 1860 2631 1905 2666; x_wconf 85' lang='lat' dir='ltr'><strong>qui</strong></span> 
     </span>
    </p>
   </div>
   <div class='ocr_carea' id='block_1_124' title="bbox 1109 2663 1904 2701">
    <p class='ocr_par' dir='ltr' id='par_1_124' title="bbox 1109 2663 1904 2701">
     <span class='ocr_line' id='line_1_128' title="bbox 1109 2663 1904 2701; baseline 0.006 -12"><span class='ocrx_word' id='word_1_895' title='bbox 1109 2663 1147 2701; x_wconf 80' lang='lat' dir='ltr'><strong>de</strong></span> <span class='ocrx_word' id='word_1_896' title='bbox 1156 2664 1286 2697; x_wconf 85' lang='lat' dir='ltr'><strong>baptismo</strong></span> <span class='ocrx_word' id='word_1_897' title='bbox 1302 2664 1391 2701; x_wconf 79' lang='lat' dir='ltr'><strong>nescio</strong></span> <span class='ocrx_word' id='word_1_898' title='bbox 1401 2664 1463 2698; x_wconf 89' lang='lat' dir='ltr'><strong>quid</strong></span> <span class='ocrx_word' id='word_1_899' title='bbox 1476 2664 1586 2701; x_wconf 73' lang='lat' dir='ltr'><strong>tingunt.</strong></span> <span class='ocrx_word' id='word_1_900' title='bbox 1597 2665 1658 2692; x_wconf 88' lang='lat' dir='ltr'><strong>Scio</strong></span> <span class='ocrx_word' id='word_1_901' title='bbox 1671 2666 1829 2701; x_wconf 89' lang='lat' dir='ltr'><strong>baptismum</strong></span> <span class='ocrx_word' id='word_1_902' title='bbox 1844 2663 1904 2694; x_wconf 76' lang='lat' dir='ltr'><strong>illu-</strong></span> 
     </span>
    </p>
   </div>
   <div class='ocr_carea' id='block_1_125' title="bbox 1112 2699 1905 2738">
    <p class='ocr_par' dir='ltr' id='par_1_125' title="bbox 1112 2699 1905 2738">
     <span class='ocr_line' id='line_1_129' title="bbox 1112 2699 1905 2738; baseline 0.005 -12"><span class='ocrx_word' id='word_1_903' title='bbox 1112 2700 1286 2738; x_wconf 77' lang='lat' dir='ltr'><strong>minutionem</strong></span> <span class='ocrx_word' id='word_1_904' title='bbox 1301 2699 1363 2738; x_wconf 63' lang='lat' dir='ltr'><strong>dici,</strong></span> <span class='ocrx_word' id='word_1_905' title='bbox 1380 2705 1446 2727; x_wconf 87' lang='lat' dir='ltr'><strong>teste</strong></span> <span class='ocrx_word' id='word_1_906' title='bbox 1460 2700 1538 2738; x_wconf 84' lang='lat' dir='ltr'><strong>ctiam</strong></span> <span class='ocrx_word' id='word_1_907' title='bbox 1554 2700 1653 2738; x_wconf 76' lang='lat' dir='ltr'><strong>Paulo;</strong></span> <span class='ocrx_word' id='word_1_908' title='bbox 1669 2699 1715 2729; x_wconf 82' lang='lat' dir='ltr'><strong>sed</strong></span> <span class='ocrx_word' id='word_1_909' title='bbox 1727 2702 1769 2729; x_wconf 82' lang='lat' dir='ltr'><strong>llic</strong></span> <span class='ocrx_word' id='word_1_910' title='bbox 1779 2702 1905 2738; x_wconf 73' lang='lat' dir='ltr'><strong>augurari</strong></span> 
     </span>
    </p>
   </div>
   <div class='ocr_carea' id='block_1_126' title="bbox 1111 2735 1695 2769">
    <p class='ocr_par' dir='ltr' id='par_1_126' title="bbox 1111 2735 1695 2769">
     <span class='ocr_line' id='line_1_130' title="bbox 1111 2735 1695 2769; baseline 0.005 -8"><span class='ocrx_word' id='word_1_911' title='bbox 1111 2735 1208 2768; x_wconf 84' lang='lat' dir='ltr'><strong>aliquid</strong></span> <span class='ocrx_word' id='word_1_912' title='bbox 1225 2736 1257 2762; x_wconf 85' lang='lat' dir='ltr'><strong>de</strong></span> <span class='ocrx_word' id='word_1_913' title='bbox 1270 2735 1410 2769; x_wconf 84' lang='lat' dir='ltr'><strong>baptismo,</strong></span> <span class='ocrx_word' id='word_1_914' title='bbox 1425 2737 1551 2763; x_wconf 61' lang='lat' dir='ltr'><strong>insulsum</strong></span> <span class='ocrx_word' id='word_1_915' title='bbox 1566 2742 1615 2763; x_wconf 89' lang='lat' dir='ltr'><strong>est.</strong></span> <span class='ocrx_word' id='word_1_916' title='bbox 1632 2736 1695 2765; x_wconf 71' lang='lat' dir='ltr'><strong>Lac.</strong></span> 
     </span>
    </p>
   </div>
   <div class='ocr_carea' id='block_1_127' title="bbox 1149 2769 1906 2808">
    <p class='ocr_par' dir='ltr' id='par_1_127' title="bbox 1149 2769 1906 2808">
     <span class='ocr_line' id='line_1_131' title="bbox 1149 2769 1906 2808; baseline 0.011 -13"><span class='ocrx_word' id='word_1_917' title='bbox 1149 2769 1188 2804; x_wconf 72' lang='lat' dir='ltr'><strong>(li)</strong></span> <span class='ocrx_word' id='word_1_918' title='bbox 1207 2770 1492 2806; x_wconf 61' lang='lat' dir='ltr'><strong>Natalesintpalicnlia‘.</strong></span> <span class='ocrx_word' id='word_1_919' title='bbox 1507 2772 1629 2806; x_wconf 74' lang='lat' dir='ltr'><strong>Appellat</strong></span> <span class='ocrx_word' id='word_1_920' title='bbox 1647 2774 1819 2808; x_wconf 67' lang='lat' dir='ltr'><strong>itnpalienlim</strong></span> <span class='ocrx_word' id='word_1_921' title='bbox 1831 2779 1906 2803; x_wconf 85' lang='lat' dir='ltr'><strong>nata-</strong></span> 
     </span>
    </p>
   </div>
   <div class='ocr_carea' id='block_1_128' title="bbox 1112 2807 1906 2841">
    <p class='ocr_par' dir='ltr' id='par_1_128' title="bbox 1112 2807 1906 2841">
     <span class='ocr_line' id='line_1_132' title="bbox 1112 2807 1906 2841; baseline 0.005 -8"><span class='ocrx_word' id='word_1_922' title='bbox 1112 2807 1161 2838; x_wconf 78' lang='lat' dir='ltr'><strong>lcs,</strong></span> <span class='ocrx_word' id='word_1_923' title='bbox 1189 2808 1316 2840; x_wconf 63' lang='lat' dir='ltr'><strong>originem</strong></span> <span class='ocrx_word' id='word_1_924' title='bbox 1343 2809 1398 2834; x_wconf 84' lang='lat' dir='ltr'><strong>sive</strong></span> <span class='ocrx_word' id='word_1_925' title='bbox 1426 2808 1527 2834; x_wconf 87' lang='lat' dir='ltr'><strong>iuitiutn</strong></span> <span class='ocrx_word' id='word_1_926' title='bbox 1547 2807 1727 2841; x_wconf 74' lang='lat' dir='ltr'><strong>impatientim.</strong></span> <span class='ocrx_word' id='word_1_927' title='bbox 1755 2810 1801 2838; x_wconf 87' lang='lat' dir='ltr'><strong>Sic</strong></span> <span class='ocrx_word' id='word_1_928' title='bbox 1824 2811 1872 2839; x_wconf 89' lang='lat' dir='ltr'><strong>lib.</strong></span> <span class='ocrx_word' id='word_1_929' title='bbox 1895 2809 1906 2837; x_wconf 84' lang='lat' dir='ltr'><strong>l</strong></span> 
     </span>
    </p>
   </div>
   <div class='ocr_carea' id='block_1_129' title="bbox 1114 2841 1908 2882">
    <p class='ocr_par' dir='ltr' id='par_1_129' title="bbox 1114 2841 1908 2882">
     <span class='ocr_line' id='line_1_133' title="bbox 1114 2841 1908 2882; baseline 0.008 -14"><span class='ocrx_word' id='word_1_930' title='bbox 1114 2841 1271 2882; x_wconf 42' lang='lat' dir='ltr'><strong>atlv..l\larc.</strong></span> <span class='ocrx_word' id='word_1_931' title='bbox 1296 2844 1391 2882; x_wconf 70' lang='lat' dir='ltr'><strong>natales</strong></span> <span class='ocrx_word' id='word_1_932' title='bbox 1406 2844 1540 2878; x_wconf 78' lang='lat' dir='ltr'><strong>agnitionis</strong></span> <span class='ocrx_word' id='word_1_933' title='bbox 1564 2844 1645 2878; x_wconf 81' lang='lat' dir='ltr'><strong>dixit;</strong></span> <span class='ocrx_word' id='word_1_934' title='bbox 1658 2850 1684 2873; x_wconf 88' lang='lat' dir='ltr'><strong>et</strong></span> <span class='ocrx_word' id='word_1_935' title='bbox 1702 2845 1749 2875; x_wconf 86' lang='lat' dir='ltr'><strong>lib.</strong></span> <span class='ocrx_word' id='word_1_936' title='bbox 1765 2847 1800 2874; x_wconf 85' lang='lat' dir='ltr'><strong>de</strong></span> <span class='ocrx_word' id='word_1_937' title='bbox 1812 2846 1908 2882; x_wconf 80' lang='lat' dir='ltr'><strong>Pallio,</strong></span> 
     </span>
    </p>
   </div>
   <div class='ocr_carea' id='block_1_130' title="bbox 1115 2877 1428 2907">
    <p class='ocr_par' dir='ltr' id='par_1_130' title="bbox 1115 2877 1428 2907">
     <span class='ocr_line' id='line_1_134' title="bbox 1115 2877 1428 2907; baseline 0.006 -2"><span class='ocrx_word' id='word_1_938' title='bbox 1115 2877 1212 2905; x_wconf 78' lang='lat' dir='ltr'><strong>natales</strong></span> <span class='ocrx_word' id='word_1_939' title='bbox 1228 2878 1326 2905; x_wconf 80' lang='lat' dir='ltr'><strong>mundi.</strong></span> <span class='ocrx_word' id='word_1_940' title='bbox 1342 2877 1428 2907; x_wconf 60' lang='lat' dir='ltr'><strong>lilii-IN.</strong></span> 
     </span>
    </p>
   </div>
   <div class='ocr_carea' id='block_1_131' title="bbox 1207 2972 1224 2987">
    <p class='ocr_par' dir='ltr' id='par_1_131' title="bbox 1207 2972 1224 2987">
     <span class='ocr_line' id='line_1_135' title="bbox 1207 2972 1224 2987; baseline 0 0"><span class='ocrx_word' id='word_1_941' title='bbox 1207 2972 1224 2987; x_wconf 61' lang='grc' dir='ltr'>ὑ</span> 
     </span>
    </p>
   </div>
   <div class='ocr_carea' id='block_1_132' title="bbox 1628 3055 1988 3316">
    <p class='ocr_par' dir='ltr' id='par_1_132' title="bbox 1971 3055 1983 3162">
     <span class='ocr_line' id='line_1_136' title="bbox 1971 3055 1983 3162; baseline -0.167 0"><span class='ocrx_word' id='word_1_942' title='bbox 1971 3055 1983 3162; x_wconf 81' lang='lat' dir='ltr'><strong>l</strong></span> 
     </span>
    </p>
   </div>
  </div>
