4068 6352
229 297 376 360 1357

1503 291 1706 350 LIBER
1743 290 1833 348 DE
1870 285 2260 348 PA'I‘IENTIA.

3393 287 3534 350 1258

235 425 320 474 rat
357 420 538 472 autem
563 454 582 482 ,
637 410 762 484 quia
801 408 1064 468 doluerat.
1123 407 1375 464 Doluerat
1397 449 1413 472 ,
1452 407 1577 479 quia
1625 406 1832 477 patien-
1856 407 1912 467 A
1936 416 2039 461 ret.
2065 404 2199 460 Nam
2226 401 2404 460 statim
2435 400 2526 458 illa
2548 400 2756 458 semine
2781 400 2976 459 diaboli
3006 410 3288 474 concepta,
3314 406 3535 464 malitia:

234 519 315 567 ter
343 509 524 580 utique
554 522 658 564 non
693 508 905 564 tulerat.
936 507 1074 576 Quid
1117 506 1348 579 primum
1383 503 1544 561 fuerit
1591 504 1682 560 ille
1735 520 1831 559 an-

234 604 386 678 gelus
412 601 750 674 perditionis,
779 603 953 658 malus
978 618 1046 657 an
1072 603 1161 673 (l)
1187 601 1501 672 impatiens,
1543 609 1830 656 contemno

239 713 515 770 quzcrere;
545 698 721 770 palam
745 714 870 754 cum
899 699 990 767 sit,
1025 698 1409 770 impatientiam
1439 712 1561 752 cum
1606 695 1826 761 malitia,

236 800 330 846 aut
357 791 612 847 malitiam
650 791 719 848 ab
745 792 1075 865 impatientia
1101 793 1453 862 auspicatam,
1475 789 1670 846 deinde
1691 788 1831 843 inter

234 899 293 940 se
323 882 680 955 conSpirasse,
710 896 764 942 et
793 884 1098 942 individuus
1123 885 1176 940 in
1203 898 1312 940 uno
1344 884 1513 955 patris
1556 881 1675 938 sinu
1702 880 1833 936 ado-

234 975 446 1033 levisse.
471 976 687 1034 Atcnim
735 993 894 1049 quam
921 972 1125 1049 primus
1151 987 1412 1044 senserat,
1441 991 1537 1048 per
1561 989 1721 1046 quam
1738 973 1834 1029 de-

237 1069 477 1140 linquere
505 1071 797 1126 intraverat
838 1069 940 1143 (Ξ),
960 1055 1039 1126 de
1085 1085 1184 1126 suo
1209 1069 1576 1140 experimento
1603 1067 1727 1138 quid
1765 1065 1834 1122 ad

237 1161 566 1232 peccandum
587 1161 866 1232 adjuvaret
887 1161 968 1234 (5)
999 1172 1235 1219 structus
1262 1162 1340 1233 (4)
1372 1161 1616 1218 eamdem
1641 1159 1836 1230 impin-

236 1253 412 1328 gendo
439 1253 492 1310 in
521 1255 726 1310 crimen
751 1254 954 1311 homini
980 1254 1262 1311 advocavit
1301 1273 1314 1309 :
1347 1263 1612 1310 conventa
1653 1252 1832 1308 statim

238 1347 314 1403 illi
331 1347 544 1413 mulier,
568 1363 674 1404 non
698 1357 901 1404 temere
925 1347 1151 1404 dixerim
1181 1363 1279 1419 per
1305 1347 1636 1419 colloquium
1659 1347 1834 1418 ipsum

237 1441 356 1511 ejus
400 1439 580 1496 amata
623 1451 707 1498 est
747 1442 937 1512 spiritu
987 1442 1320 1514 impatientia
1373 1442 1611 1510 infecto,
1667 1455 1839 1512 usque

238 1533 375 1590 adeo
401 1531 485 1606 (5)
514 1548 786 1605 nunquam
813 1535 1035 1590 omnino
1065 1543 1360 1605 peccasset,
1389 1534 1436 1590 si
1463 1535 1517 1590 in
1547 1531 1630 1606 (6)
1660 1532 1840 1589 divino

239 1625 528 1686 interdicto
544 1629 857 1700 patientiam
875 1639 1244 1701 perservasset
1271 1629 1376 1700 (7).
1400 1627 1542 1698 Quid
1567 1626 1712 1699 quod
1734 1642 1842 1683 non

175 1757 192 1772 κ
241 1720 498 1778 sustinuit
520 1722 637 1777 sola
665 1731 968 1789 conventa;
990 1721 1088 1780 sed
1109 1721 1250 1793 apud
1274 1721 1445 1778 Adam
1472 1720 1710 1778 nondum
1729 1735 1844 1775 ma-

1931 498 2300 565 fuecunditate,
2347 498 2481 552 iram
2513 495 2626 569 (14)
2659 495 2822 551 lilium
2855 497 3400 565 procreavit,editum
3423 501 3534 558 suis

1932 593 2139 649 artibus
2181 590 2377 648 erudiit
2409 591 2545 664 (15).
2574 591 2728 658 Quod
2764 590 2905 645 enim
2937 591 3054 661 (l6)
3087 592 3260 662 ipsum
3289 593 3456 649 Adam
3481 604 3539 651 et

1933 686 2098 742 Evam
2140 685 2298 741 morti
2329 685 2684 748 immerserat,
2721 681 2901 738 docuit
2928 693 2982 739 et
3012 685 3178 740 lilium
3209 685 3276 741 ab
3309 688 3536 744 homici-

1933 777 2022 833 dio
2049 778 2283 847 incipere
2304 775 2323 850 (
2342 775 2496 844 Gen.,
2520 774 2644 848 IV).
2670 775 2885 832 Frustra
2913 776 3054 831 istud
3080 777 3425 848 impatientia:
3441 781 3540 836 ad-

1934 869 2265 939 scripserim,
2309 869 2354 923 si
2381 865 2516 923 Cain
2546 866 2638 922 ille
2668 867 2872 937 primus
2903 867 3194 936 homicida,
3235 879 3290 925 et
3330 871 3538 942 primus

1935 959 2227 1027 fratricida,
2281 959 2578 1016 oblationes
2629 973 2754 1014 suas
2793 975 2825 1015 a
2866 959 3092 1015 Domino
3121 960 3234 1033 (l7)
3265 975 3540 1020 recusatas

1935 1054 2306 1126 :equanimiter
2349 1068 2450 1110 nec
2497 1053 2837 1124 impatienter
2878 1053 3020 1122 tulit,
3084 1055 3128 1111 si
3173 1057 3342 1112 iratus
3383 1057 3538 1116 fratri

1935 1162 2035 1204 suo
2061 1162 2167 1202 non
2193 1154 2296 1212 est,
2329 1147 2376 1201 si
2403 1146 2671 1202 neminem
2703 1145 2933 1216 denique
2960 1146 3250 1204 interemit.
3278 1148 3412 1206 Cum
3447 1166 3540 1208 cr-

1938 1255 2026 1313 go,
2055 1254 2155 1295 nec
2173 1238 2421 1295 occidere
2439 1239 2691 1309 potuerit,
2724 1239 2826 1294 nisi
2853 1239 3058 1306 iratus;
3091 1256 3190 1296 nec
3238 1241 3544 1309 irasci,nisi

1942 1334 2223 1404 impatiens
2248 1353 2260 1389 :
2290 1332 2624 1390 demonstrat
2652 1333 2795 1404 quod
2844 1347 2938 1403 per
2987 1334 3121 1389 iram
3148 1337 3312 1406 gessit
3335 1336 3401 1391 ad
3422 1351 3544 1392 eam

1941 1425 2340 1494 referendum,a
2362 1440 2465 1497 qua
2487 1425 2562 1481 ira
2576 1435 2824 1497 suggesta
2842 1435 2944 1482 est.
2970 1426 3036 1482 Et
3056 1427 3172 1484 hcce
3192 1429 3406 1499 quidem
3427 1431 3546 1502 (18)

1944 1519 2300 1592 impatientia:
2343 1531 2467 1575 tunc
2511 1517 2729 1576 infantis
2772 1520 3166 1591 quodammodo
3203 1523 3548 1580 incunabula.

1955 1612 2221 1669 Cmtcrum
2277 1620 2474 1685 quanta
2543 1626 2668 1668 mox
2737 1613 3088 1679 incrementa,
3161 1630 3261 1670 nec
3331 1615 3552 1672 mirutn.

1950 1705 2106 1773 Nam,
2131 1705 2177 1761 si
2206 1705 2374 1776 prima
2392 1704 2633 1774 deliquit,
2653 1718 2989 1774 consequens
3005 1715 3108 1772 est,
3133 1716 3191 1761 ut
3211 1707 3334 1778 quia
3355 1708 3552 1778 prima,

246 1813 432 1881 ritum,
485 1813 726 1870 nondum
771 1828 933 1870 aures
953 1775 1077 1870 Isibi
1123 1775 1408 1871 debentem
1435 1812 1514 1886 (a)
1563 1813 1847 1885 impatiens
1874 1775 1924 1836 Β
1953 1801 2154 1858 idcirco
2182 1809 2238 1855 et
2278 1798 2390 1855 sola
2432 1798 2503 1854 sit
2544 1797 2738 1852 matrix
2769 1798 2823 1853 in
2849 1812 3010 1854 omne
3038 1797 3292 1855 delictum
3314 1842 3329 1870 ,
3361 1799 3557 1856 defun-

246 1905 407 1961 etiam
458 1905 666 1962 tacendi
712 1915 817 1973 est,
867 1921 931 1962 ac
959 1906 1044 1977 (8)
1099 1905 1372 1962 traducem
1403 1906 1479 1978 (b)
1513 1906 1660 1961 illum
1709 1905 1847 1977 ejus,

247 1995 392 2066 quod
422 2011 451 2050 a
484 1996 628 2052 malo
658 1997 929 2064 hauserat,
965 1997 1091 2053 facit
1118 1997 1220 2069 (9).
1249 1998 1393 2054 Perit
1426 1999 1584 2070 igitur
1612 2008 1668 2056 et
1713 1998 1852 2055 alius

250 2087 433 2156 homo,
467 2105 566 2162 per
595 2090 982 2162 impatientiam
1011 2091 1268 2158 alterius;
1310 2091 1451 2164 perit
1484 2106 1608 2148 mox
1653 2101 1705 2148 et
1734 2091 1854 2164 ipse

249 2194 348 2252 per
391 2182 782 2252 impatientiam
827 2198 980 2238 suam
1026 2183 1313 2254 utrobique
1363 2185 1744 2245 commissam:
1799 2194 1855 2240 et

251 2274 396 2331 circa
427 2275 525 2332 Dei
571 2276 1060 2348 praemonitionem,
1092 2286 1147 2334 et
1194 2279 1336 2335 circa
1386 2279 1583 2336 diaboli
1626 2280 1859 2336 circum-

257 2367 603 2439 scriptionem
649 2368 748 2440 (c),
809 2369 953 2425 illam
991 2385 1230 2436 servare,
1285 2370 1424 2427 hanc
1467 2371 1702 2429 refutare
1754 2389 1864 2428 non

256 2459 554 2516 sustinens.
583 2459 719 2516 Hine
747 2461 919 2532 prima
944 2460 1306 2532 judicii,unde
1333 2463 1512 2520 delicti
1533 2465 1682 2537 origo
1706 2484 1718 2521 :
1739 2464 1866 2523 hinc

259 2553 402 2610 Deus
416 2553 578 2609 irasci
589 2567 836 2620 exorsus,
851 2554 992 2609 unde
1004 2553 1274 2611 offendere
1289 2554 1448 2612 homo
1459 2557 1726 2614 inductus.
1740 2557 1869 2615 Inde

260 2644 316 2702 in
344 2644 455 2701 Deo
472 2643 642 2715 prima
660 2645 934 2715 patientia,
956 2646 1098 2702 unde
1119 2647 1408 2719 indignatio
1425 2650 1613 2720 prima.
1628 2650 1727 2720 Qni
1747 2661 1874 2706 tunc

261 2735 638 2792 maledictione
651 2735 762 2792 sola
781 2745 1088 2807 contentus,
1103 2738 1170 2793 ab
1184 2740 1660 2816 animadversionis
1674 2743 1874 2814 impetu

263 2830 320 2886 in
345 2827 561 2884 diabolo
585 2829 1035 2900 temperavit.Aut
1058 2830 1201 2902 quod
1222 2831 1429 2888 crimen
1456 2842 1580 2889 ante
1596 2833 1741 2889 istud
1759 2834 1872 2905 (l0)

264 2923 611 2994 impatientia:
656 2922 948 2979 admissum
1001 2924 1205 2979 homini
1241 2925 1580 2996 imputatur?
1609 2926 1874 2984 Innocens

265 3024 403 3082 erat,
423 3023 478 3070 et
492 3014 604 3070 Deo
616 3013 683 3070 de
694 3016 940 3085 proximo
959 3015 1183 3086 amicus,
1209 3026 1261 3073 et
1281 3017 1520 3074 Paradisi
1541 3019 1784 3075 colonus.
1804 3021 1873 3076 At

267 3105 358 3163 ubi
376 3106 540 3162 semel
561 3107 1249 3181 succidit(ll)impatientiae
1269 3109 1578 3184 desivit(12)
1599 3112 1707 3168 Deo
1727 3127 1876 3184 sape-

278 3214 361 3266 re,
393 3200 590 3256 desivit
615 3201 854 3256 cmlestia
880 3203 1145 3259 sustinere
1170 3218 1349 3273 posse.
1380 3203 1587 3261 Exinde
1610 3204 1688 3277 (ά)
1718 3204 1880 3262 homo

275 3302 436 3349 terrae
451 3291 628 3360 datus,
644 3300 701 3348 et
717 3292 785 3348 ab
799 3293 969 3349 oculis
985 3294 1076 3350 Dei
1094 3294 1320 3365 ejectus,
1344 3295 1498 3351 facile
1514 3296 1879 3368 usurpari(l3)

269 3383 342 3442 ab
367 3383 698 3456 impatientia
717 3383 879 3456 coepit
901 3382 973 3459 (e)
1002 3385 1055 3441 in
1077 3399 1239 3444 omne
1262 3385 1407 3457 quod
1430 3385 1602 3442 Deum
1634 3387 1876 3470 offende-

1951 1895 2085 1952 dens
2114 1893 2183 1950 de
2202 1908 2299 1949 suo
2325 1891 2472 1948 fonte
2494 1892 2668 1948 varias
2694 1891 2982 1947 criminum
3011 1908 3195 1950 venas.
3224 1894 3300 1951 De
3325 1894 3558 1952 homici-

1954 1987 2043 2044 dio
2070 1987 2286 2059 quidem
2327 1985 2529 2042 dictum
2560 1994 2662 2041 est.
2694 1985 2799 2042 Sed
2829 1985 2906 2040 ira
2933 1986 3133 2042 editum
3161 2003 3192 2042 a
3222 1989 3519 2060 primordio
3539 2033 3558 2061 ,

1957 2082 2117 2138 etiam
2142 2092 2507 2150 quascumque
2529 2078 2872 2149 postmodum
2887 2077 3200 2151 (l9)causas
3214 2080 3314 2136 sibi
3334 2081 3561 2153 invenit,

1957 2172 2025 2229 ad
2070 2171 2455 2243 impatientiam
2503 2182 2562 2226 ut
2605 2170 2672 2226 ad
2722 2170 2988 2242 originem
3034 2171 3118 2227 sui
3160 2175 3388 2232 confert.
3437 2177 3564 2236 Sive

1962 2265 2108 2322 enim
2149 2263 2270 2335 quis
2316 2263 2633 2330 inimicitiis,
2677 2264 2792 2320 sive
2841 2262 3036 2335 przedaa
3072 2266 3242 2336 gratia
3283 2256 3336 2322 id
3387 2270 3566 2328 scelus

1963 2365 2200 2428 conficit,
2235 2365 2380 2436 prius
2421 2373 2506 2420 est
2529 2374 2586 2419 ut
2624 2374 2717 2420 aut
2751 2365 2859 2420 odii
2895 2375 2988 2421 aut
3013 2367 3250 2422 avaritia:
3281 2366 3373 2422 fiat
3397 2367 3570 2438 impa-

1968 2460 2130 2515 tiens.
2169 2457 2433 2529 Quicquid
2477 2456 2770 2528 compellit,
2820 2458 2937 2514 sine
2985 2458 3315 2531 impatientia
3345 2459 3428 2515 sui
3460 2473 3569 2514 non

1969 2559 2057 2606 est
2099 2558 2158 2605 ut
2199 2549 2382 2620 perfici
2425 2550 2612 2619 possit.
2650 2548 2783 2618 Quis
2827 2548 3148 2606 adulterium
3178 2550 3295 2607 sine
3337 2549 3572 2607 libidinis

1975 2643 2304 2715 impatientia
2331 2643 2536 2699 subiit?
2557 2641 2710 2711 Quod
2737 2651 2791 2699 et
2815 2643 2859 2698 si
2887 2645 3056 2713 pretio
3088 2644 3137 2698 in
3168 2643 3403 2700 fmminis
3427 2645 3576 2716 cogi-

1980 2748 2068 2794 tur
2096 2737 2332 2793 venditio
2360 2737 2449 2792 illa
2494 2736 2800 2808 pudicitiae,
2847 2737 3029 2808 utique
3071 2737 3402 2808 impatientia
3445 2752 3579 2794 con-

1979 2828 2252 2885 temnendi
2282 2828 2420 2884 lucri
2448 2827 2753 2883 ordinatur.
2785 2827 2932 2894 llaec,
2960 2837 3018 2882 ut
3043 2828 3342 2900 principilia
3368 2827 3439 2902 (ί)
3485 2843 3582 2900 pe-

1976 2938 2076 2979 nes
2101 2922 2388 2978 Dominum
2423 2921 2635 2978 delicta.
2665 2919 2798 2976 Nam
2829 2930 2887 2976 ut
2911 2922 3230 2992 compendio
3256 2922 3460 2978 dictum
3479 2924 3581 2991 sit,

1975 3032 2136 3074 omne
2184 3024 2463 3088 peccatum
2509 3015 2855 3088 impatientiac
2901 3015 3334 3073 adscribendum.
3381 3017 3580 3074 Malum

1904 3137 1950 3202 Ο
1982 3109 2313 3180 impatientia
2343 3117 2427 3165 est
2454 3108 2601 3165 boni.
2635 3107 2804 3166 Nemo
2833 3109 3134 3180 impudicus
3162 3125 3268 3165 non
3296 3110 3582 3181 impatiens

1983 3201 2277 3275 pudicitize,
2309 3209 2365 3257 et
2408 3200 2691 3272 improbus
2727 3200 3038 3272 probitatis,
3070 3211 3125 3256 et
3155 3201 3350 3272 impius
3375 3201 3589 3273 pietatis

1978 3303 2035 3349 et
2057 3292 2325 3363 inquietus
2345 3290 2562 3362 quietis.
2586 3289 2657 3346 Ut
2682 3293 2854 3346 malus
2875 3290 3244 3362 unusquisque
3268 3291 3382 3360 fiat,
3407 3292 3584 3348 bonus

1981 3397 2331 3456 perseverare
2370 3397 2477 3438 non
2505 3381 2722 3456 poterit.
2755 3381 2903 3438 Talis
2921 3382 3084 3454 igitur
3109 3393 3325 3440 excetra
3357 3383 3474 3456 (20)
3503 3385 3581 3458 (g)

1505 3478 1888 3538 LECTIONES
1925 3473 2336 3539 VARIANTES.

363 3573 413 3637 1)
436 3573 511 3637 An
533 3572 666 3625 abest
688 3569 868 3637 Rigalt.

361 3635 412 3702 2)
435 3636 536 3687 Per
556 3649 702 3705 quam
718 3635 902 3705 primus

279 3695 551 3752 intraverat
573 3695 694 3750 Cod.
716 3695 910 3750 Pithwi.

362 3760 416 3824 5)
439 3761 697 3824 Adjutaret
719 3768 868 3810 Fran.
892 3756 1055 3824 Paris.
1087 3760 1274 3810 Wouw.
1299 3761 1411 3812 MS.

365 3823 416 3876 4)
441 3823 716 3876 lttstructus
743 3832 925 3873 Wouw.
952 3823 1067 3873 MS.
1224 3862 1232 3870 ,

364 3885 416 3948 5)
440 3887 580 3948 Adeo
596 3892 651 3935 ut
672 3897 920 3948 nunquam
945 3894 1126 3948 Wouw.
1153 3885 1267 3948 MS.

365 3944 418 4012 6)
443 3950 496 4012 In
520 3947 653 4001 abeat
675 3944 1012 4012 FranLParis.
1041 3944 1222 4012 Rigalt.

365 4009 418 4062 7)
443 4011 804 4062 Praeservasset
826 4009 981 4062 Fran.
1006 4009 1161 4062 Rhe'n.

367 4073 420 4126 8)
442 4075 515 4125 Ad
538 4073 688 4126 Seml.

367 4134 422 4189 9)
455 4136 625 4189 Facit?
648 4138 753 4188 Lat.
777 4136 900 4186 Jun.
925 4141 972 4186 et
991 4134 1124 4186 deest
1153 4145 1335 4186 WOttw.
1361 4137 1462 4188 MS.

372 4198 452 4266 10)
462 4200 561 4253 Aut
581 4200 711 4266 quod
732 4202 918 4252 crimen
936 4206 1051 4250 ante
1076 4198 1207 4249 istud
1215 4200 1337 4250 Jun.
1368 4198 1507 4260 Quod
1522 4199 1708 4251 crimen
1727 4198 1886 4251 Ciacc.

911 3633 1192 3698 deliquerat
1207 3633 1359 3685 nheri.
1379 3635 1566 3698 primus
1579 3633 1876 3700 delinquere

1983 3568 2123 3624 Ciac.

2069 3633 2150 3695 11)
2173 3629 2342 3695 §emel
2365 3629 2619 3695 succubuit
2634 3628 2738 3695 alii,
2762 3631 2884 3682 Jun.
2903 3642 2998 3682 non
3017 3629 3205 3695 probat.

2073 3692 2152 3745 12)
2175 3692 2624 3743 Desinit—desiuit
2647 3693 2799 3744 Rhen.

2071 3755 2152 3820 13)
2176 3756 2230 3820 In
2253 3769 2397 3806 usum
2427 3755 2655 3820 occupari
2676 3755 2800 3806 Jun.

2073 3818 2153 3870 14)
2179 3818 2296 3868 Mira
2313 3820 2434 3869 Jun.

2075 3877 2154 3933 15)
2177 3880 2400 3932 Erudivit
2421 3877 2578 3932 Latin.

2074 3941 2154 4003 16)
2179 3945 2304 4003 Quid
2329 3945 2458 3994 enim
2490 3941 2645 3998 Latin.

2072 4005 2153 4058 17)
2175 4006 2249 4056 Ad
2272 4006 2522 4056 dominum
2539 4005 2692 4056 Rhea.

2076 4065 2153 4131 18)
2179 4069 2239 4119 Et
2255 4070 2358 4119 haec
2377 4067 2575 4131 quidem
2598 4067 2732 4131 abest
2749 4065 2899 4131 Rhea.
2927 4077 3078 4121 Fran.

2078 4127 2156 4199 19)
2180 4132 2359 4199 ξοειθξ
2379 4127 2530 4199 i‘ran.
2557 4127 2921 4199 Paris._Bigalt.

2077 4193 2160 4251 20)
2183 4193 2411 4246 Exoedra
2432 4195 2553 4244 Jun.
2576 4193 2963 4247 exhedra'Paris
2987 4193 3173 4248 exedra
3195 4196 3350 4251 Rhen.

1635 4278 2198 4340 COMMENTARIUS.

358 4398 701 4478 (a)lVonduni
723 4415 870 4478 aures
891 4397 987 4452 sibi
999 4396 1283 4478 debentem.
1307 4396 1893 4478 Alluditadennjugum
1995 4395 2142 4468 urgis
2179 4395 2488 4478 metaphora
2513 4437 2528 4462 ,
2557 4395 2646 4466 qui
2672 4410 2795 4478 qua;
2817 4396 3089 4478 praecisuri
3112 4408 3236 4455 sunt
3259 4442 3276 4467 ,
3305 4401 3452 4478 prius
3479 4404 3588 4478 cir-

289 4468 429 4530 inter
452 4474 598 4544 ipsos
617 4469 818 4544 debita,
852 4484 972 4539 quae
998 4468 1139 4544 bona
1167 4469 1272 4544 fide
1302 4469 1508 4544 exsolvi
1537 4468 1721 4544 etiam
1741 4474 1890 4544 Apo-

2000 4467 2386 4524 eumseribunt.
2417 4467 2480 4522 Et
2503 4482 2689 4522 revera
2717 4467 2873 4536 primi
2923 4479 3171 4538 parentes
3217 4467 3386 4528 nostri
3412 4489 3442 4527 a
3470 4475 3586 4528 dia-

289 4538 689 4618 stolus'voluit;
737 4541 808 4618 ita
839 4538 897 4594 ut
925 4552 1086 4618 aures
1108 4539 1303 4595 debeat
1331 4540 1526 4610 eonjux
1549 4540 1764 4611 eonjugi
1793 4538 1888 4611 apo
1911 4557 1966 4618 Ι)
1995 4539 2120 4618 bolo
2141 4548 2272 4618 _sunt
2299 4538 2712 4618 circumscripti,
2752 4538 2906 4618 cujus
2931 4541 3145 4618 astude
3173 4543 3421 4612 paradiso
3448 4555 3585 4618 sunt

290 4615 509 4689 pellanti
541 4613 910 4689 poscentique.
937 4609 1054 4666 th.

367 4684 448 4757 (b)
477 4681 822 4757 lic—traducem
849 4682 996 4757 illum
1020 4681 1132 4757 eius
1161 4682 1308 4757 quod
1338 4697 1370 4735 a
1414 4682 1549 4757 malo
1603 4682 1882 4757 hauserat,

293 4751 439 4830 facit.
457 4755 773 4830 lnantiqnis
787 4751 1182 4830 exemplaribus
1210 4753 1424 4824 legitur,
1447 4754 1516 4806 ad
1538 4754 1795 4830 traducem
1816 4753 1885 4830 ad

293 4823 464 4886 illum.
494 4825 647 4896 Quod
668 4823 776 4881 'etsi
802 4823 932 4896 vitio
959 4839 1067 4878 non
1083 4833 1231 4896 _caret
1258 4823 1279 4890 ,’
1298 4834 1478 4896 tamen
1496 4823 1733 4881 ostendit
1760 4825 1886 4894 quid

294 4894 562 4958 sincerum
581 4897 762 4952 haberi
781 4894 1351 4966 debeatwdtraducein
1372 4895 1516 4949 illum
1553 4898 1664 4966 ejus
1688 4897 1823 4966 quod
1856 4913 1890 4950 α
1959 4941 1964 4944 .

296 4972 433 5027 malo
483 4972 742 5036 hauserat,
767 4959 908 5039 facit.
941 4967 1126 5032 Evam,
1153 4965 1341 5039 inquit,
1374 4967 1540 5039 solam
1567 4959 1892 5039 convenerat

297 5045 554 5102 Satanas:
583 5041 751 5096 solam
769 5037 1053 5095 ’afflaverat
1097 5037 1284 5108 spiritu
1308 5037 1633 5108 impatientia
1660 5038 1878 5094 infecto.

296 5117 368 5172 At
387 5115 494 5178 illa,
522 5112 815 5184 impatiens
833 5112 994 5184 etiam
1023 5107 1250 5184 tacendi,
1275 5123 1489 5184 pravam
1513 5107 1725 5184 Satanae
1752 5124 1881 5184 sug-

297 5179 926 5257 gestionem'transfudit
957 5183 1007 5236 in
1039 5195 1192 5257 suum
1212 5179 1618 5257 ladanumltaqne
1644 5180 1756 5257 ipsa
1778 5179 1884 5257 fuit

303 5249 501 5328 peccati
528 5255 716 5328 tradux
742 5256 806 5328 _in
829 5253 998 5328 Adam
1025 5291 1040 5316 ,
1071 5249 1372 5328 exindeque
1397 5249 1550 5328 illuni
1572 5249 1698 5328 fecit
1743 5252 1885 5323 ejus-

300 5322 423 5400 dem
457 5327 661 5400 peccati
685 5322 1058 5400 _adtraducem,
1102 5323 1208 5378 hoc
1256 5333 1367 5388 est,
1410 5322 1782 5400 administrum
1831 5333 1886 5378 et

301 5393 562 5470 collegam
584 5393 912 5453 traducendo
928 5395 982 5450 in
1001 5409 1340 5451 communem
1368 5396 1670 5465 prosapiam
1698 5410 1886 5466 pecca-

305 5481 380 5528 to.
422 5472 541 5527 lttc.

377 5541 454 5613 (c)
484 5541 553 5596 Et
600 5541 736 5613 circa
782 5537 988 5613 diaboli
1025 5537 1556 5613 circumscriptionem.
1617 5537 1898 5608 Deccptio-

309 5607 446 5670 nem
489 5611 735 5682 intelligit
756 5625 910 5682 ,una
939 5607 1184 5682 diabolus
1230 5607 1396 5664 Evam
1428 5607 1847 5682 circumvenerat
1879 5629 1892 5665 :

309 5684 446 5741 lianc
466 5680 699 5740 refutare
717 5681 946 5737 debebat
971 5680 1627 5736 .\darn.(lircumscribere
1647 5681 1897 5751 decipere

307 5757 589 5826 signiﬁcat.
646 5753 714 5808 Et
767 5754 1008 5826 Ciecroni
1053 5753 1465 5826 circumscribere
1497 5767 1772 5826 senatum.
1815 5764 1899 5808 est

309 5822 625 5888 auctoritate
645 5836 886 5880 senatum
924 5825 1154 5893 privare,
1189 5824 1354 5881 tracta
1379 5840 1410 5878 a
1441 5822 1606 5883 fabris
1630 5833 1722 5882 aut
1751 5826 1898 5882 chir-

595 5918 1056 5982 Tnnruuum.
1104 5915 1153 5978 ι.

1993 4609 2340 4684 ejectiatque
2363 4609 2524 4684 ex_ilio
2547 4608 2829 4680 damnati,
2871 4611 3017 4666 omni
3056 4608 3189 4684 jure'
3227 4615 3586 4684 possessionis

1985 4682 2086 4736 sibi
2113 4681 2381 4751 adempto.
2414 4681 2586 4737 Rnen.

2062 4751 2144 4826 (_(l)
2170 4750 2371 4826 Exinde
2395 4753 2545 4807 homo
2568 4763 2716 4810 terra:
2755 4754 2924 4826 datus.
2955 4753 3076 4824 Ipse
3100 4795 3116 4820 ,
3148 4754 3240 4812 lib.
3271 4755 3338 4812 de
3359 4756 3530 4814 Pallio
3555 4776 3572 4826 ;

1990 4821 2208 4878 Pellilus
2229 4825 2337 4878 orbi
2358 4841 2446 4879 ceu
2466 4827 2670 4880 metallo
2691 4827 2861 4880 datur.
2891 4821 3010 4882 th.
3389 4869 3392 4872 ι

2062 4893 2358 4970 (ε)Έαεί1ε
2396 4899 2636 4968 usurpari
2673 4898 2739 4952 ab
2772 4897 3093 4970 impatientia
3118 4899 3286 4968 cmpit.
3320 4899 3592 4970 Usurpant

1993 4967 2226 5043 proprie,
2257 4967 2322 5043 ad
2349 4983 2483 5043 quos
2521 4967 2611 5039 jus
2649 4969 3007 5043 possessionis
3048 4967 3388 5043 speetat._Sic
3415 4967 3591 5043 impa-

1995 5039 2177 5094 tientia
2210 5039 2372 5094 veluti
2394 5039 2504 5108 jam
2538 5040 2818 5109 possidens
2858 5039 3149 5104 hominem,
3191 5039 3344 5097 facile
3371 5039 3504 5100 eum
3522 5043 3593 5102 ad

1985 5110 2382 5182 quidvistraxit
2399 5110 2541 5182 quod
2575 5111 2740 5166 Deum
2760 5109 3078 5182 oll‘enderet.
3102 5110 3276 5167 RHEN.

2062 5182 2141 5256 (l')
2156 5181 2295 5256 (_Htec
2342 5193 2396 5256 ut
2428 5181 2758 5256 principalia.
2781 5181 2930 5256 Haud
2952 5181 3270 5256 absimiliter
3290 5183 3346 5240 S.
3369 5181 3596 5256 Cypria-

1988 5253 2113 5319 nus,
2134 5253 2225 5308 lib.
2252 5254 2320 5308 de
2348 5253 2496 5308 Bono
2523 5268 2608 5324 pa.
2639 5269 2689 5308 ο.
2729 5253 2764 5310 5
2795 5271 2810 5310 :
2837 5253 3176 5325 Adulterium,
3217 5259 3380 5325 fraus,
3414 5253 3589 5311 homi-

1987 5325 2197 5396 cidium,
2247 5325 2459 5378 mortale
2505 5325 2692 5380 crimen
2734 5335 2826 5380 est.
2871 5324 2984 5380 Hoc
3034 5324 3242 5381 interim
3273 5327 3593 5396 notandum,

1989 5395 2131 5466 quod
2156 5410 2318 5463 quum
2359 5395 2416 5449 S.
2460 5396 2786 5466 Augustinus
2825 5406 2879 5453 et
2915 5396 3005 5451 alii
3034 5398 3360 5453 recentiores
3393 5395 3594 5454 delicta

2001 5466 2266 5541 accipiant
2305 5480 2401 5541 pro
2426 5469 2659 5536 peceatis
2681 5467 2999 5541 minoribus,
3027 5467 3390 5524 Tertullianus
3425 5471 3476 5524 in
3500 5485 3597 5541 ge-

2002 5553 2132 5592 nere
2158 5539 2382 5610 accipiat
2424 5553 2522 5608 pro
2547 5540 2691 5593 omni
2721 5555 2918 5609 genere
2945 5551 3322 5610 peccatorum;
3355 5543 3441 5595 tibi
3497 5539 3596 5595 an-

2002 5618 2109 5664 tem
2139 5609 2208 5683 de
2232 5610 2561 5683 gravioribus
2589 5611 2716 5681 agit,
2745 5611 2892 5666 addit
2920 5609 3300 5682 :rprincipalia,
3329 5613 3597 5683 capitalia,

2002 5681 2267 5736 mortalia.
2295 5680 2428 5736 Pu.
2602 5685 2604 5687 ’

2011 5779 2016 5782 -
2075 5750 2152 5824 (g)
2197 5749 2336 5824 Talis
2370 5751 2524 5822 igitur
2573 5763 2789 5808 excetra.
2824 5753 2899 5808 De
2937 5753 3171 5809 exhedra
3221 5755 3600 5824 interpretatus

2002 5834 2086 5882 est
2118 5823 2295 5881 locum
2321 5823 2462 5882 hunc
2491 5824 2803 5896 Rhenanus,
2827 5841 2926 5883 nos
2955 5835 3129 5880 tamen
3161 5823 3444 5883 maiuittitts
3466 5827 3604 5883 alios

2923 5917 3320 6001 (Quarunte.)
