2008 3326
207 107 279 137 1259

922 102 1155 134 TERTULMANI

1790 97 1866 141 ’ξω

203 164 371 196 delictorum,
390 170 438 190 cur
461 169 515 191 non
537 161 678 190 Dominum
705 161 822 189 oﬁ‘endat
845 161 1009 197 improbato-
1023 165 1049 193 Α
1062 164 1177 198 gratiam
1198 162 1249 198 legi
1270 162 1477 198 superduceret,
1493 162 1652 199 ampliandae
1667 162 1864 198 adimplenda-

205 218 264 238 rem
289 208 438 236 malorum?
470 209 566 236 Annon
607 209 694 243 ipsum
723 215 830 243 quoque
856 208 937 236 Israel
963 216 1012 244 per

205 255 401 290 impatientiam
424 261 530 290 semper
559 254 586 282 in
609 254 692 282 Deum
713 254 860 290 deliquisse
881 255 1008 283 manifes-

205 307 263 331 tum
286 307 349 335 est,
376 301 472 329 exinde
494 309 554 328 cem
574 301 671 329 oblitus
686 300 787 328 brachii
800 301 935 334 caelestis,
956 308 1010 336 quo

206 349 329 384 aegyptiis
363 347 581 376 afﬁictationibus
603 347 690 376 fuerat
704 352 850 381 extractus,
874 348 906 375 de
919 348 1009 376 Aaron

206 396 257 423 sibi
270 395 337 423 deos
352 394 434 422 duces
451 394 577 432 postulat,
592 401 653 422 cum
667 394 694 421 in
710 394 811 421 idolum
826 394 885 421 auri
902 394 942 421 sui
953 394 1010 422 eol-

203 442 319 470 lationes
343 441 466 469 defundit
488 441 605 477 (Exod,
631 440 743 477 XVII)?
765 447 818 468 tam
842 441 1006 469 necessarias

203 489 276 517 enim
291 489 390 525 Moysis
404 496 465 516 cum
481 488 596 516 Domino
617 488 816 523 congredientis
835 489 1006 523 impatienter

204 540 348 572 exceperat
371 543 460 563 moras
483 536 532 571 (a).
558 536 622 563 Post
648 543 753 563 manum
777 535 918 564 escalilem
945 536 1005 570 plu-

203 582 274 610 viam
292 581 339 618 (ὁ),
357 586 416 617 post
431 587 514 617 petra:
535 582 679 617 aquatilem
702 583 840 618 sequelam
862 582 1006 617 desperant

203 629 240 657 de
256 630 379 662 Domino,
405 628 485 656 tridui
507 628 578 656 sitim
604 636 657 656 non
679 629 846 656 sustinendo.
863 628 928 656 Nam
949 628 1007 656 haec

169 681 178 691 ‘
203 683 311 712 quoque
330 676 384 702 illis
397 675 562 710 impatientia
574 683 589 702 a
606 675 719 703 Domino
733 675 905 710 exprobatur.
920 676 959 702 Ac
974 682 1008 703 ne

203 721 308 757 singula
325 729 514 757 pervagentur,
532 729 668 756 nunquam
687 729 739 749 non
754 729 801 756 per
814 722 1008 757 impatientiam

203 767 385 803 delinquendo
408 769 555 802 perierunt.
583 767 723 801 Quomodo
746 772 834 795 autem
871 768 1009 803 prophetis

203 822 301 843 manus
315 814 354 850 (1)
370 813 527 846 intulerunt,
551 813 602 841 nisi
619 821 666 848 per
682 814 876 849 impatientiam
895 814 1010 841 audien-

203 860 231 888 di
247 860 256 896 (
270 861 337 892 Aet.,
351 859 421 893 Vlll,
435 859 500 894 δαν.
519 858 579 895 ll)?
594 860 707 888 Domino
719 865 808 888 autem
820 861 881 896 ipsi,
898 869 945 896 per
957 861 1008 888 im-

1064 216 1116 245 que
1130 210 1180 245 legi
1195 209 1353 245 adiutricem
1374 217 1449 238 suam
1465 210 1619 246 patientiam
1637 209 1772 246 pmfecit,
1790 209 1864 246 quod

1061 263 1093 283 ea
1107 257 1163 283 sola
1186 256 1219 284 ad
1239 256 1351 292 justiti-.2
1364 256 1513 284 doctrinam
1540 261 1612 284 retro
1633 256 1772 284 defuisset.
1795 256 1865 283 Nam

1062 302 1126 329 olim
1142 307 1169 330 et
1183 303 1289 330 oculum
1304 310 1352 338 pro
1369 304 1459 337 oculo,
1471 307 1499 331 et
1512 302 1620 330 dentem
1633 309 1680 338 pro
1693 302 1774 330 dente
1784 310 1867 337 repe—

1062 349 1164 382 tebant,
1190 354 1218 376 et
1243 349 1342 376 malum
1366 350 1437 377 malo
1460 349 1627 377 [maerebant
1651 349 1767 384 (Exod,
1789 348 1866 381 XXI;

1062 394 1141 422 Deut.
1158 394 1229 431 XIX)
1246 406 1252 423 :
1264 395 1382 423 nondum
1393 395 1462 422 enim
1475 395 1602 430 patientia
1615 395 1641 422 in
1654 395 1804 430 terris,quia
1814 402 1870 422 nec

1064 442 1150 471 ﬁdes:
1166 443 1270 470 scilicet
1284 442 1392 470 interim
1410 442 1575 477 impatientia
1596 441 1782 470 occasionibus
1798 442 1869 478 legis

1059 489 1209 518 fruebatur.
1225 490 1314 518 Facile
1330 494 1399 523 erat,
1424 490 1537 517 absente
1557 489 1667 517 domino
1688 489 1822 524 patientia:
1836 493 1870 517 et

1059 536 1186 576 magistro
1198 535 1242 572 (ι’).
1256 536 1306 570 Qui
1321 541 1459 571 postquam
1474 536 1630 571 supervenit
1646 534 1696 572 (g),
1712 540 1739 563 et
1752 535 1868 571 gratiam

1058 582 1120 610 ﬁdei
1137 583 1262 616 patientia
1277 583 1439 618 composuit,
1455 583 1510 618 jam
1526 589 1576 610 nec
1593 582 1677 610 verbo
1697 582 1805 617 quidem
1826 582 1870 609 la-

1059 637 1178 663 cessere,
1195 637 1245 657 nec
1272 629 1356 656 Fatue
1371 629 1479 665 quidem
1501 629 1591 656 dicere
1606 629 1664 656 sine
1676 628 1768 663 judicii
1791 628 1869 663 peri-

1059 677 1119 704 culo
1134 676 1206 704 licet.
1226 675 1362 703 Probibita
1386 676 1435 708 ira,
1461 675 1578 703 restricti
1604 674 1644 711 (5)
1670 674 1763 708 aiiimi,
1787 682 1868 702 com—

1065 729 1158 758 pressa
1173 722 1320 757 petulantia
1334 729 1438 754 manus,
1452 725 1604 756 exemptum
1617 721 1714 756 lingua
1722 728 1867 753 venenum,

1063 769 1123 804 plus
1150 769 1193 796 lex
1226 776 1305 804 quam
1344 768 1435 796 amisit
1475 767 1598 800 invenit,
1624 767 1732 795 dicente
1757 767 1868 794 Christo

1063 815 1073 852 (
1084 815 1188 849 Matth.,
1206 815 1239 849 V,
1255 815 1309 851 M)
1326 824 1333 842 :
1350 814 1457 850 Diligite
1471 814 1586 841 inimicos
1599 818 1705 847 vestras,
1719 818 1743 841 et
1756 813 1865 841 materii-

1063 862 1177 889 centibus
1192 862 1330 889 benedicite
1344 869 1353 888 :
1366 865 1389 889 et
1402 865 1473 888 orate
1484 869 1530 896 pro
1545 860 1746 894 persecutoribus
1759 860 1859 891 vestris,

203 907 360 942 patientiam
380 905 487 934 videndi
504 904 550 942 (ε).
576 905 654 940 Quod
673 907 695 934 si
712 907 869 942 patientiam
884 907 1010 943 inissent,
1027 901 1051 932 Β
1065 914 1094 937 ut
1109 910 1157 944 [itii
1180 909 1235 937 sitis
1253 909 1342 936 Patris
1355 908 1430 936 vestri
1451 907 1568 935 caelestis.
1593 906 1676 935 Vides
1687 913 1765 942 quem
1789 906 1867 934 nobis

205 953 395 982 liberarentur.

202 1018 206 1030 ι
521 997 634 1026 CAPUT
654 998 698 1026 VI.

201 1048 204 1051 '
241 1046 300 1081 Ipsa
320 1045 387 1073 adeo
401 1048 454 1077 est,
468 1051 529 1080 quae
543 1044 634 1077 ﬁdem,
651 1048 678 1072 et
691 1044 874 1080 subsequitur,
891 1050 918 1073 et
934 1051 1014 1074 ante-

205 1090 390 1128 cedit(Gen.,
411 1088 491 1126 XV).
520 1090 640 1125 Denique
660 1091 795 1118 Abraham
818 1091 872 1120 Deo
886 1092 1011 1127 credidit,

205 1137 356 1173 etjustitire
371 1137 514 1172 deputatus
536 1135 578 1173 (2)
603 1137 638 1164 ab
652 1137 697 1164 illo
721 1137 761 1173 (ά)
776 1142 817 1165 est
840 1147 847 1165 :
870 1138 917 1166 sed
932 1138 1013 1166 ﬁdem

205 1187 265 1222 ejus
280 1186 407 1222 patientia
429 1185 563 1221 probavit,
586 1193 646 1212 cum
662 1185 747 1213 ﬁlium
763 1186 903 1214 immolare
922 1187 1014 1222 jussus

206 1239 258 1267 est,
273 1233 307 1261 ad
330 1233 391 1261 ﬁdei
409 1240 462 1260 non
480 1232 656 1260 tentalionem
680 1232 807 1265 dixerim,
831 1233 879 1260 sed
898 1233 1013 1269 typicam

205 1281 433 1309 contestationem
448 1280 496 1317 (e).
512 1280 647 1309 Caeterum
663 1281 742 1314 Deus,
757 1281 957 1317 quemjustiti-J:
969 1282 1015 1310 de-

208 1331 339 1362 putasset,
365 1327 478 1355 sciebat.
497 1327 563 1354 Tam
578 1335 659 1362 grave
680 1332 856 1362 praeceptum,
874 1329 945 1363 quod
966 1336 1016 1356 nec

207 1374 323 1401 Domino
346 1372 438 1407 perﬁci
462 1373 595 1408 placebat,
612 1374 743 1408 patienter
766 1379 792 1401 et
812 1374 925 1409 audivit,
946 1379 972 1402 et
992 1375 1015 1402 si

210 1421 282 1449 Deus
308 1420 447 1454 voluisset,
473 1420 622 1455 implesset.
650 1419 747 1448 Merito
768 1428 832 1455 ergo
848 1421 1014 1455 benedictus,

209 1468 271 1504 quia
286 1472 313 1495 et
328 1467 423 1500 ﬁdelis;
438 1467 534 1494 merito
546 1466 712 1502 ﬁdelis,quia
726 1472 753 1494 et
768 1468 882 1501 patiens.
896 1467 934 1495 Ita
949 1468 1017 1497 ﬁdes

209 1513 337 1549 patientia
363 1512 522 1545 illuminata,
547 1520 608 1540 cum
636 1512 664 1539 in
693 1512 817 1540 nationes
837 1513 1017 1542 seminaretur

1067 960 1172 991 patrem
1194 955 1322 990 patientia
1338 953 1479 990 acquirat?
1497 953 1555 981 Hoc
1570 952 1710 988 principali
1733 955 1867 987 prtecepto

1066 1002 1191 1030 universa
1207 1001 1341 1038 patientiae
1351 1000 1490 1036 disciplina
1501 1000 1637 1028 succincta
1651 1003 1702 1032 est,
1717 997 1824 1034 quando
1834 1005 1868 1026 ne

1068 1048 1147 1084 digne
1162 1048 1204 1085 (4)
1219 1047 1327 1084 quidem
1343 1047 1504 1075 malefacere
1519 1052 1676 1074 concessum
1688 1048 1729 1073 est
1742 1043 1794 1079 (Ia).

1375 1092 1488 1121 CAPUT
1510 1092 1565 1120 VII.

1105 1141 1163 1169 1am
1172 1138 1470 1174 vero,percurrentibus
1481 1138 1557 1166 nobis
1565 1144 1673 1166 caussas
1681 1137 1869 1172 impatientir,

1067 1192 1162 1215 ctetera
1174 1193 1280 1221 quoque
1299 1189 1432 1221 praecepta
1452 1184 1508 1212 suis
1530 1184 1596 1212 locis
1614 1183 1825 1220 respondebunt.
1841 1183 1870 1211 Si

1068 1234 1230 1262 detrimento
1254 1233 1293 1260 rei
1313 1231 1454 1259 familiaris
1470 1231 1586 1258 tanimus
1612 1230 1772 1262 concitatur,
1794 1230 1870 1258 omni

1069 1287 1138 1315 pene
1149 1280 1175 1307 in
1189 1279 1249 1306 loco
1267 1277 1301 1307 de
1315 1276 1514 1306 contemnendo
1529 1277 1638 1311 saeculo,
1655 1276 1799 1312 Scripturis
1818 1275 1871 1304 do-

1073 1327 1181 1356 minicis
1204 1329 1393 1354 commonetur
1410 1333 1416 1351 :
1438 1332 1487 1352 nec
1512 1325 1599 1359 major
1618 1323 1650 1351 ad
1665 1323 1785 1359 pecunia:
1804 1330 1870 1351 (ξοη-

1074 1379 1130 1403 tem
1134 1379 1207 1409 pttttn
1219 1372 1371 1402 exhortatio
1379 1371 1510 1407 subiacet,
1518 1378 1597 1407 quam
1604 1370 1675 1406 quod
1682 1370 1871 1406 ipseDOminus

1069 1422 1096 1449 in
1111 1421 1194 1449 nullis
1207 1420 1307 1448 divitiis
1316 1419 1461 1447 invenitur.
1472 1418 1585 1453 Semper
1592 1417 1870 1453 pauperesjustiﬁcat,

1070 1469 1167 1496 divites
1182 1467 1351 1503 praedamnat
1365 1466 1407 1502 (ἰ).
1424 1466 1460 1493 lta
1486 1465 1678 1492 detrimentum
1709 1462 1748 1500 (5)
1765 1464 1872 1498 patien-

1070 1516 1114 1543 tiae
1139 1513 1273 1542 fastidium
1296 1513 1440 1548 opulentia:
1453 1511 1486 1547 (j)
1504 1510 1730 1546 prteministravit,
1746 1510 1874 1538 demons-

212 1569 259 1596 per
273 1567 366 1588 semen
382 1559 508 1595 Abrahae,
525 1560 596 1596 quod
609 1565 651 1588 est
663 1559 787 1588 Christus
800 1559 809 1596 (
822 1559 894 1595 ϐαίη
908 1560 977 1598 ΙΙΙ),
995 1563 1024 1590 et
1036 1558 1059 1590 C
1077 1566 1152 1589 trans
1171 1568 1220 1595 per
1239 1559 1419 1595 abjectionem
1442 1557 1606 1591 divitiarum,
1630 1557 1740 1586 laeseras
1763 1565 1873 1593 quoque

833 1606 1027 1638 LECTIONES
1049 1606 1258 1638 VARIANTES.

257 1697 283 1729 Ξ)
296 1697 447 1729 Deputatum
460 1698 521 1729 Jun.

209 1669 214 1698 ξ
243 1666 281 1698 (1)
294 1666 380 1691 Manus
390 1665 519 1697 prophetis
531 1664 585 1697 Εἰς.

258 1668 267 1692 1
294 1668 380 1691 Manus
390 1668 519 1697 prophetis
531 1668 576 1697 Rtg

257 1668 283 1731 ἒξ
296 1697 447 1729 Deputatum
460 1698 521 1722 Jun.

243 1668 282 1762 Ξὸ)
295 1729 416 1754 Restiucti
430 1727 507 1754 Latin.
517 1728 578 1753 Jun.

1121 1665 1145 1696 4)
1158 1665 1260 1696 Lingua
1272 1669 1346 1690 Fran.
1359 1663 1407 1689 fide
1419 1661 1502 1689 Pamel
1509 1669 1541 1689 ex
1553 1662 1600 1689 trs.
1613 1665 1635 1689 et
1643 1662 1703 1689 Jun.
1716 1661 1809 1694 probat.

1121 1666 1134 1690 i
1158 1665 1260 1696 Lingua
1272 1669 1346 1690 Fratt.
1359 1665 1407 1689 fide
1419 1665 1502 1689 Pamet
1509 1670 1529 1689 εί

1108 1665 1147 1730 ibi
1161 1696 1370 1722 Detrimeutorum
1382 1701 1472 1721 rt’ouw.
1483 1699 1529 1721 MS.

904 1782 1187 1812 COMMENTARIUS.

216 1833 292 1868 sequi
310 1833 354 1867 qui
374 1835 523 1868 excetram,
540 1829 590 1868 h_o_c
603 1834 644 1857 est
658 1833 821 1868 serpentem,
845 1836 893 1857 seu
906 1830 1020 1866 bydratn

219 1865 377 1897 ab'llcr'cule
391 1867 488 1893 victam
504 1865 649 1899 explicant.
664 1865 703 1892 LE
716 1865 764 1893 Pu.

256 1903 295 1940 (a)
316 1903 328 1930 Ι
334 1903 484 1940 inpatienter
502 1906 634 1940 exceperat
651 1901 932 1940 mgras.»i’qstr_cmmt_t
948 1902 1018 1940 istud

221 1936 381 1968 vocabulum
398 1946 449 1965 non
467 1938 562 1970 legitur
584 1937 611 1963 in
633 1936 725 1963 codice
749 1936 856 1968 Pitluei.
881 1937 945 1964 utin
968 1938 1019 1965 hoc

222 1980 356 2004 commate
375 1973 549 2008 repetendum
564 1972 598 1999 de
614 1972 778 2008 prmcedenti
790 1972 920 2005 videatur,
936 1973 1018 2000 colla-

224 2013 314 2043 tiones.
329 2007 413 2037 Mosis’
423 2008 547 2035 videlicet
559 2015 619 2034 cum
632 2007 754 2034 Domino.
765 2007 824 2035 RIG.

264 2046 303 2083 (b)
325 2045 387 2072 Post
402 2043 654 2083 uianme‘escatilem,
669 2043 775 2083 etc._De
788 2051 885 2083 manna
904 2043 1023 2083 tlehraeis

226 2083 255 2110 in
269 2078 375 2109 deserto
397 2079 553 2114 vagantibus
574 2086 700 2106 concessa
725 2078 842 2113 loquitur
854 2100 861 2111 ,
877 2080 913 2106 uti
932 2085 1024 2114 postea

227 2119 261 2145 de
276 2124 352 2151 aqua:
371 2115 513 2151 abundatia
531 2122 615 2151 quant
635 2114 722 2151 Moses
745 2122 758 2141 a
773 2115 885 2141 Domino
898 2115 1022 2148 obtinuit,

227 2155 285 2182 loca
296 2150 374 2180 Obvia
386 2156 446 2178 Sunt
458 2150 506 2177 hac
521 2150 554 2177 de
570 2158 598 2177 re
611 2150 723 2182 infinita,
739 2155 794 2177 tum
807 2151 875 2185 apud
887 2151 1024 2186 profanos,

228 2194 285 2217 tum
298 2187 369 2223 apud
382 2194 474 2223 sacros
494 2186 653 2223 scriptores.
670 2185 801 2223 Nonnulla
820 2187 855 2223 de
870 2185 911 2213 his
926 2187 951 2213 in
966 2187 1025 2214 ani-

230 2220 364 2267 madvers.
379 2222 480 2267 nostris
492 2220 966 2267 dixitnu's‘adyersusvl’faeadamitas;
981 2222 1024 2267 hic
1036 2237 1063 2267 Β

231 2261 389 2294 subjungam
409 2258 575 2290 Salviauum,
592 2257 639 2294 lib.
658 2257 682 2284 1.
697 2256 728 2283 de
744 2256 856 2294 Guberu.
875 2267 882 2285 :
901 2258 1025 2285 Rat-antes

232 2293 295 2324 escis
315 2293 455 2322 caelestibus
480 2293 562 2327 polos,
586 2293 704 2319 satietates
725 2293 830 2328 rupibus
845 2302 935 2329 aquas.
956 2294 1028 2322 Satis

233 2331 345 2367 quidem
355 2331 466 2367 poetice.
480 2329 520 2367 LE
531 2329 580 2367 >Pn.

271 2367 310 2402 (c)
332 2365 382 2393 Per
396 2365 578 2402 impatientiam
586 2364 668 2402 etiam
683 2364 793 2402 videndi.
817 2365 868 2392 Per
880 2364 1005 2402 invidiam
1021 2373 1028 2392 :

234 2400 285 2430 nec
297 2400 368 2430 enim
381 2401 512 2435 patienter
524 2405 569 2428 aut
584 2400 698 2427 libenter
709 2400 812 2427 videtur
826 2401 868 2427 cui
886 2401 1028 2433 invidetur,

234 2443 261 2466 et
276 2445 335 2465 esse
349 2438 410 2465 odio
432 2437 500 2464 solet
520 2436 708 2463 inridentibus.
731 2435 774 2463 Sic
796 2436 918 2463 Christus
931 2436 1032 2464 ludatis

236 2474 349 2506 invisus,
364 2478 400 2503 et.
418 2472 519 2500 Sciebat
534 2471 635 2499 Pilatus
649 2472 770 2498 traditum
782 2472 829 2498 sibi
842 2480 858 2498 a
872 2471 972 2499 Judwis
985 2480 1030 2507 per

233 2509 366 2537 invidiam.
383 2508 443 2536 th.
566 2525 571 2528 μ

271 2545 349 2572 CAP.
365 2544 409 2572 Vl.
423 2559 457 2564 —
473 2544 513 2579 (d)
531 2543 643 2570 Justitiw
661 2543 796 2577 deputatus
817 2547 852 2570 est
874 2544 905 2571 ab
922 2544 976 2570 illo.
1001 2544 1030 2571 In

235 2580 371 2609 Abraham
386 2580 471 2615 lypica
486 2580 546 2607 ﬁdei
560 2580 728 2607 contestatio.
739 2578 829 2613 Neque
838 2580 909 2606 enim
919 2579 980 2607 illud
996 2579 1030 2606 ad

237 2617 317 2643 ﬁdem
332 2614 422 2643 aliam’
436 2623 515 2650 quam
537 2615 623 2641 viv:im
640 2615 775 2648 pertinere
796 2614 853 2649 ipse
865 2615 965 2643 Auctor
987 2614 1030 2642 hic

236 2652 335 2679 iudicat
350 2652 413 2679 dum
423 2651 525 2685 subjici!
538 2650 607 2678 :Sed
614 2650 691 2684 ﬁdem
700 2651 754 2685 ejus
764 2651 885 2684 patientia
898 2651 1029 2686 probavit;

236 2693 262 2715 et
279 2688 357 2723 paulo
371 2693 449 2722 post;
464 2686 526 2719 ﬁdes
535 2686 655 2723 patientia
665 2686 820 2723 illuminata.
843 2687 892 2723 Cui
908 2687 1029 2723 similem

237 2720 317 2759 plane
330 2720 414 2759 habes
429 2722 517 2750 locum
530 2720 599 2756 apud
614 2720 643 2749 S.
660 2721 833 2759 Cypr._epist.
848 2721 892 2750 65.
908 2722 975 2750 PM!-

273 2759 312 2794 (e)
332 2758 385 2786 Sed
393 2759 504 2794 typieum
514 2758 729 2784 contestationem.
742 2757 797 2794 Hoc
805 2762 857 2791 est,
865 2758 1029 2793 exemplum,

238 2793 359 2830 ﬁguram,
372 2799 577 2830 sacramentum,
593 2793 760 2830 mysterium.
774 2793 832 2820 ηις.

271 2830 304 2865 (f)
326 2829 360 2856 Et
380 2830 511 2864 magistro.
536 2828 782 2865 lgnatiusMartyr.
798 2829 878 2865 epist.
892 2829 926 2856 ad
940 2829 1031 2865 Smyr—

236 2863 299 2893 nen;
320 2865 357 2893 uit
369 2863 463 2895 ﬁdeles
481 2863 600 2894 eruditos
618 2872 633 2892 a
646 2863 726 2893 Patre
738 2863 787 2900 per
809 2863 917 2900 Filium,
934 2863 1032 2901 Πωτὲρι

1073 1833 1115 1858 διὰ,
1129 1833 1203 1858 αὐτοῦ
1229 1832 1291 1864 ὓμᾶς
1317 1834 1454 1864 copiantur!"
1480 1828 1560 1865 Greg.
1585 1827 1716 1865 Nysstin
1737 1835 1820 1864 opere
1840 1829 1876 1858 de

1072 1868 1188 1903 perfecta
1209 1866 1356 1893 Christiani
1375 1865 1470 1896 forma,
1489 1864 1649 1903 loquensjde
1666 1864 1773 1903 Christo
1790 1875 1797 1892 :
1814 1868 1827 1892 ὁ
1840 1872 1875 1901 τῷ

1072 1899 1104 1937 et}:
1127 1908 1174 1938 βίῳ
1197 1902 1229 1928 δι’
1251 1905 1336 1930 ictu-rei
1355 1902 1687 1938 νομοθετῶνλτᾷλμιξκρδθυμον
1710 1910 1716 1928 :
1738 1899 1802 1928 Viltz
1824 1899 1876 1929 (uti

1072 1936 1116 1973 per
1127 1936 1240 1973 'sei'psunt
1253 1938 1319 1973 leges
1331 1937 1459 1972 patientiae
1470 1936 1547 1963 dedit.
1559 1936 1625 1964 Lac.

1108 1987 1147 2022 (g)
1163 1986 1212 2019 Qui
1226 1991 1359 2022 postquam
1373 1985 1527 2020 supervenit.
1538 1985 1625 2013 Credo
1640 1984 1673 2013 ad
1681 1985 1805 2022 eamdem
1816 1992 1876 2012 rem

1074 2020 1230 2057 spectatum
1257 2020 1292 2050 ab
1327 2021 1489 2057 Hieronymo
1505 2043 1511 2054 ,
1542 2022 1621 2056 epist.
1644 2021 1677 2048 ad
1702 2020 1874 2057 Marcellam,

1075 2056 1120 2085 ubi
1139 2067 1145 2085 :
1164 2057 1214 2091 Qui
1237 2058 1366 2089 irascitur,
1391 2056 1442 2084 non
1462 2065 1488 2083 se
1501 2065 1555 2084 esse
1567 2057 1668 2091 judicnt
1690 2056 1875 2083 Christianum.

1077 2093 1147 2121 Cur?
1169 2094 1236 2126 Quia
1264 2092 1397 2126 Christus,
1421 2098 1444 2119 et
1468 2094 1509 2120 lca:
1533 2101 1597 2119 noun
1620 2093 1713 2119 ademit
1726 2092 1784 2127 jam
1797 2093 1875 2124 iram,

1077 2137 1134 2165 qurv
1152 2129 1214 2156 olim
1234 2137 1284 2156 non
1305 2130 1341 2156 ita
1364 2130 1448 2156 uetita.
1466 2129 1497 2155 Et
1521 2128 1669 2165 Cyprianus
1694 2128 1787 2165 dixit;
1811 2127 1878 2162 Ipsa

1077 2163 1162 2191 uelum
1175 2165 1271 2200 dirigit,
1286 2170 1312 2191 ut
1329 2170 1411 2192 tenere
1422 2163 1549 2198 possimus
1559 2165 1624 2191 uiam
1638 2163 1743 2197 Christi,
1758 2163 1818 2190 dum
1831 2171 1878 2199 per

1078 2201 1132 2235 ejus
1146 2201 1305 2227 tolerantiam
1319 2201 1460 2237 grudimur.
1477 2200 1543 2228 Lac.

1115 2246 1155 2283 (h)
1175 2246 1216 2274 Ne
1238 2247 1313 2282 digne
1331 2247 1431 2282 quidem
1452 2247 1600 2282 malefat'ere
1618 2254 1762 2283 concessum
1775 2244 1879 2283 εει-βω

1080 2282 1180 2311 habent
1202 2283 1385 2318 antiquissima
1418 2283 1597 2317 exemplaria;
1621 2289 1672 2309 nec
1700 2282 1876 2318 dubitandum

1080 2319 1143 2354 quin
1167 2319 1204 2346 ita
1224 2317 1364 2354 scripserit
1376 2318 1627 2354 Tertullianushuti
1650 2318 1730 2354 etiam
1751 2317 1837 2354 edidit
1849 2320 1879 2344 et

1081 2353 1231 2382 rectissime
1244 2354 1387 2389 explicavit
1400 2354 1554 2381 Rhenanus.
1573 2353 1733 2388 Evangelica
1750 2353 1809 2389 lege
1821 2360 1878 2380 non

1082 2394 1124 2417 est
1136 2388 1294 2418 concessum
1308 2391 1406 2418 malmn
1419 2389 1490 2417 malo
1507 2389 1631 2421 reddere,
1647 2396 1695 2416 nec
1708 2388 1778 2416 male
1794 2389 1879 2416 tueri-

1083 2426 1117 2453 tis
1133 2426 1202 2453 male
1216 2426 1313 2460 facere,
1328 2426 1449 2461 quamvis
1471 2425 1536 2452 alias
1555 2425 1641 2460 dignis
1659 2424 1765 2461 talione,
1781 2424 1880 2461 quibus

1084 2461 1151 2489 adeo
1164 2461 1253 2496 digne,
1268 2461 1319 2490 hoc
1332 2460 1382 2495 est,
1394 2462 1454 2497 jure
1467 2465 1494 2488 et
1507 2461 1603 2488 merito
1617 2460 1686 2488 male
1695 2460 1781 2497 ﬁeret.
1798 2460 1858 2497 th.

1119 2497 1195 2525 CAP.
1225 2497 1279 2534 Vili.
1305 2512 1342 2534 ς-
1365 2496 1400 2534 (ἱ)
1425 2497 1531 2534 υίυίβεδγ
1544 2497 1712 2531 ρηειλιιηυιαι.
1740 2496 1824 2529 Quasi
1851 2496 1877 2523 in

1083 2538 1251 2561 antecessum
1266 2533 1358 2568 judicii
1372 2533 1500 2569 supremi.
1517 2533 1576 2560 Βία.

1119 2579 1154 2615 (3)
1173 2579 1217 2606 Ita
1235 2579 1412 2606 detrimentum
1435 2579 1584 2615 patientiae,
1607 2578 1659 2606 etc.
1680 2577 1800 2615 Obscura
1813 2584 1879 2615 sen-

1083 2613 1180 2647 tentia;
1197 2614 1301 2642 videtur
1320 2615 1358 2642 sic
1373 2614 1544 2650 intelligenda
1564 2613 1803 2649 distinguendaque
1817 2622 1824 2640 :
1841 2613 1880 2640 Ita

1083 2651 1211 2678 Dominus
1228 2651 1444 2685 praeministravit
1466 2650 1600 2684 patientiae
1618 2650 1817 2681 detrimentum,
1834 2656 1881 2676 su-

1084 2686 1163 2713 baudi
1176 2686 1213 2713 rei
1224 2686 1370 2721 familiaris,
1384 2686 1517 2713 fastidium
1528 2686 1881 2722 opulentiarcontemptum

1083 2721 1235 2758 divitiarum
1245 2730 1257 2758 γε
1274 2722 1423 2756 appositive
1439 2731 1446 2749 :
1463 2728 1491 2749 ut
1504 2720 1656 2758 sitisensus,
1681 2720 1809 2758 Dominus
1821 2721 1882 2755 pri-

1083 2764 1144 2785 mus
1158 2756 1274 2785 ostendit
1285 2757 1411 2793 patientia
1426 2757 1595 2785 tolerandum
1608 2764 1670 2786 esse
1687 2756 1884 2793 detrimentum

1083 2793 1121 2820 rei
1138 2791 1293 2826 familiaris,
1311 2793 1374 2821 dum
1397 2793 1477 2821 docet
1498 2793 1605 2820 divitias
1627 2799 1688 2821 esse
1705 2791 1885 2820 contemnen-

1084 2828 1142 2856 das.
1171 2828 1216 2856 Sic
1239 2833 1301 2863 apte
1327 2828 1473 2858 cohaerebit
1503 2829 1623 2857 clausula
1655 2829 1885 2892 (lumnaeq‘uitur.

1767 2871 1782 2891 ε
1802 2882 1810 2890 .

1746 2870 1810 2891 ηις.

1104 3164 1342 3170 Vw
1532 3152 1979 3326 ἶ
