4068 6352
270 342 403 402 1261

1549 347 1752 409 LIBER
1792 348 1882 410 DE
1940 351 2323 414 PATIENTIA.

3429 363 3569 421 19.4.2

269 475 460 518 eorum
491 462 568 534 (α)
613 462 1007 535 computandas
1048 479 1153 521 non
1183 477 1324 522 esse.
1358 465 1511 535 Quod
1551 483 1680 539 ergo
1709 469 1866 524 nobis
1890 471 1942 532 Α
1969 472 2350 543 cupiditatibus
2379 482 2681 545 quaestuosa
2711 473 2949 547 pericula
2989 477 3462 536 inercimoniorum
3502 484 3558 539 in

275 563 530 623 appetere
560 554 780 611 minime
825 570 960 627 Opus
985 564 1069 613 est
1094 556 1215 628 quia
1236 573 1337 614 nec
1393 559 1650 615 Dominus
1695 575 1862 632 appe-

272 649 428 718 tivit,
469 649 847 707 delruncatum
896 652 979 707 vel
1019 653 1176 709 etiam
1218 651 1528 725 ademptum
1568 670 1673 710 non
1721 669 1867 727 agre

270 742 538 797 sustinere
563 742 842 800 debemus.
874 745 1222 817 (Iupiditatem
1250 748 1476 802 omnium
1502 749 1753 804 malorum
1779 767 1867 804 ra-

271 834 434 888 dicem
475 833 715 906 Spiritus
758 837 973 893 Domini
1005 855 1100 910 per
1131 839 1454 911 Apostolnm
1501 842 1866 910 pronuntiavit

270 924 333 996 (I
363 924 494 980 Tim.
533 926 621 992 VI,
653 927 703 983 Χ
735 930 776 999 ).
816 929 947 985 Eam
978 947 1085 987 non
1131 934 1184 988 in
1223 933 1658 1005 concupiscentia
1700 936 1864 993 alieni

269 1025 478 1072 tantum
503 1021 847 1077 constitutam
869 1024 1319 1094 interpretemur;
1351 1041 1474 1080 nam
1501 1037 1554 1082 et
1577 1026 1719 1098 quod
1742 1042 1866 1084 nos-

271 1117 410 1165 trum
434 1111 665 1179 videtur,
693 1114 925 1169 alienum
947 1124 1031 1171 est
1064 1133 1077 1170 :
1108 1116 1240 1172 nihil
1270 1119 1412 1172 enim
1437 1129 1702 1187 nostrum,
1733 1134 1863 1191 quo-

269 1202 413 1256 niam
470 1203 564 1260 Dei
590 1205 790 1272 omnia,
835 1205 989 1277 cujus
1036 1207 1137 1280 ipsi
1181 1224 1394 1280 quoque
1440 1225 1558 1266 nos.
1594 1210 1777 1282 Itaque
1820 1213 1864 1267 si

269 1295 466 1352 damno
483 1295 661 1353 affecti
681 1298 1021 1370 impatienter
1059 1301 1390 1358 senserimus
1429 1302 1658 1375 (I),non
1705 1305 1770 1360 de
1791 1304 1869 1376 (ἓ)

269 1399 456 1445 noz-itro
496 1390 754 1446 amissum
788 1391 1066 1460 dolentes,
1103 1395 1294 1451 amnes
1331 1397 1637 1468 cupiditatis
1667 1398 1864 1468 depre-

270 1482 588 1538 hendemur.
621 1485 869 1540 Alienum
899 1487 1212 1557 qua-rimus,
1257 1504 1377 1545 cum
1430 1490 1664 1545 alienum
1695 1491 1859 1546 amis-

269 1591 384 1632 sum
448 1574 526 1647 (3)
567 1592 707 1649 a‘gre
753 1578 1102 1635 sustinemus.
1147 1582 1246 1646 Qui
1303 1580 1487 1636 damni
1530 1583 1862 1652 impatientia

271 1670 593 1736 concitatur,
630 1680 842 1727 terrena
871 1673 1184 1729 cmlcstibus
1211 1676 1606 1746 anteponendo,
1639 1677 1705 1732 de
1736 1691 1862 1747 pro-

1969 565 2103 619 mari
2150 574 2435 633 exercent;
2482 582 2602 623 cum
2647 570 2892 640 pecuniis
2928 585 3123 628 caussa
3155 571 3316 629 etiam
3350 575 3402 631 in
3445 574 3567 632 foro

1970 658 2100 713 nihil
2143 659 2474 716 damnationi
2506 661 2800 719 timendum
2850 664 3070 736 aggredi
3111 665 3386 735 dubitant;
3439 683 3564 727 cum

1969 751 2204 823 denique
2232 751 2356 808 ludo
2383 763 2434 809 et
2464 756 2656 811 castris
2685 756 2760 829 (c)
2800 771 2920 814 sese
2949 758 3130 814 locant
3171 760 3250 831 (ά)
3271 803 3284 828 ,
3319 776 3438 817 cum
3469 779 3566 833 per

1968 846 2110 900 viam
2144 847 2194 900 in
2222 861 2404 902 mores
2434 847 2726 905 bestiarum
2756 850 2832 923 (e)
2863 851 3272 910 latrocinantur.
3303 853 3412 911 Nos
3437 871 3567 912 vero

1969 937 2264 994 secundum
2309 939 2699 1010 diversitatem,
2748 958 2852 1014 qua
2878 959 2999 1000 cum
3047 945 3152 1000 illis
3197 960 3406 1014 sumus,
3458 963 3566 1004 non

1967 1031 2200 1087 animam
2226 1047 2324 1102 pro
2357 1034 2602 1103 pecunia,
2630 1033 2727 1090 sed
2754 1037 3035 1106 pecuniam
3065 1052 3160 1108 pro
3190 1039 3365 1094 anima
3396 1039 3558 1111 ἀθρο-

1971 1140 2100 1180 nere
2125 1126 2395 1195 convenit,
2429 1141 2524 1183 seu
2546 1138 2740 1198 sponte
2770 1129 2824 1185 in
2848 1129 3146 1201 largiendo,
3173 1146 3269 1188 seu
3299 1133 3563 1203 patientes

1971 1221 2024 1277 in
2051 1222 2368 1279 amittendo.

2567 1316 2800 1374 CAPUT
2837 1317 2974 1373 Vill.

2047 1414 2217 1483 Ipsam
2246 1412 2478 1468 animam
2507 1411 2790 1483 ipsumque
2809 1427 3006 1483 corpus
3029 1412 3084 1468 in
3106 1411 3312 1468 saeculo
3339 1412 3446 1469 isto
3475 1428 3569 1470 ex-

1971 1507 2204 1576 positum
2237 1506 2485 1562 omnibus
2515 1505 2582 1560 ad
2629 1505 2878 1576 injuriam
2911 1505 3168 1576 gerimus,
3218 1505 3442 1577 ejusque
3481 1508 3566 1562 in-

1964 1598 2120 1668 juriae
2166 1599 2474 1669 patientiam
2513 1598 2794 1666 subimus;
2842 1600 3110 1656 minorum
3163 1599 3554 1657 deliberatione

1969 1691 2050 1763 (8)
2093 1691 2162 1762 (Ῑ)
2190 1691 2493 1747 l-Jsdemur?
2525 1692 2677 1748 Absit
2701 1708 2732 1748 a
2763 1708 2924 1749 servo
2955 1693 3152 1750 Christi
3181 1695 3286 1749 tale
3323 1694 3571 1766 Inquina-

268 1767 418 1822 ιίηιο
449 1766 502 1822 in
528 1768 693 1823 Deum
713 1778 918 1838 Peccal-
951 1769 1208 1840 δβίτίῑυηδ
1235 1771 1376 1825 enim
1399 1786 1558 1840 (luem
1584 1786 1614 1825 ει
1639 1771 1863 1826 Domino
1893 1800 1940 1860 Β
1969 1791 2231 1852 mentum,
2265 1791 2321 1840 ut
2351 1785 2627 1855 patientia,
2674 1785 2970 1857 majoribus
3004 1787 3388 1844 tentationibus
3429 1802 3568 1858 pra:-

270 1860 519 1931 Sntnpsit,
557 1861 834 1915 sreeularis
863 1861 941 1916 rei
971 1861 1142 1932 gratia
1193 1863 1458 1918 concutit.
1492 1863 1750 1918 Libenter
1783 1862 1864 1935 (4)

276 1953 436 2023 igitur
466 1961 674 2008 terrena
716 1952 1043 2021 amittamus,
1077 1954 1321 2010 ccelcstia
1367 1965 1632 2011 tueamur.
1667 1956 1862 2011 Totum

270 2045 397 2101 licet
429 2047 688 2101 saeculum
734 2055 940 2117 pereat,
987 2047 1112 2102 dum
1158 2049 1470 2120 patientiam
1513 2049 1862 2105 lucrifaciam.

268 2137 384 2195 lam
412 2141 502 2210 qui
529 2140 792 2194 minutum
819 2140 921 2195 sibi
972 2141 1170 2212 aliquid
1209 2150 1302 2196 aut
1335 2140 1497 2206 furto,
1527 2150 1620 2198 aut
1658 2143 1732 2211 vi,
1773 2150 1866 2198 aut

269 2232 430 2288 etiam
463 2233 692 2304 ignavia,
732 2248 837 2289 non
886 2244 1196 2292 conStanter
1239 2237 1508 2294 sustinere
1551 2238 1862 2308 constituit,

267 2329 453 2384 nescio
481 2343 548 2384 an
577 2328 756 2398 facile,
797 2331 883 2386 vel
914 2345 976 2387 ex
1016 2332 1220 2399 animo,
1251 2330 1369 2402 ipse
1400 2331 1476 2388 rei
1506 2347 1618 2388 sua}
1647 2347 1864 2388 manum

267 2425 468 2480 inferre
497 2435 680 2494 posset
727 2423 782 2479 in
821 2439 1013 2480 caussa
1036 2425 1416 2497 eleemosyme.
1449 2425 1580 2494 Quis
1621 2427 1764 2482 enim
1796 2426 1866 2482 ab

269 2519 374 2573 alio
403 2519 574 2575 secari
602 2518 823 2574 omnino
855 2535 960 2574 non
983 2519 1278 2584 sustinens,
1300 2520 1413 2590 ipse
1430 2517 1634 2574 ferrum
1663 2517 1713 2574 in
1741 2535 1862 2574 cor-

268 2624 401 2682 pore
430 2624 528 2666 suo
578 2609 658 2682 (5)
715 2609 895 2666 ducit?
924 2611 1188 2667 Patientia
1215 2611 1270 2666 in
1299 2610 1662 2677 detrimentis,
1708 2627 1864 2668 exer-

270 2702 457 2757 citatio
485 2710 566 2756 est
592 2701 850 2773 largiendi
887 2711 942 2758 et
965 2702 1419 2759 communicandi.
1445 2702 1562 2760 Non
1592 2703 1738 2776 piget
1763 2705 1861 2759 do-

270 2808 401 2849 nare
421 2809 565 2861 eum,
595 2793 684 2864 qui
712 2809 818 2849 non
847 2794 996 2851 timet
1024 2795 1274 2866 perdere.
1303 2795 1556 2868 Alioquin
1588 2797 1862 2867 quomodo

267 2886 404 2942 duas
431 2885 632 2942 habens
656 2887 882 2954 tunicas,
907 2888 1134 2944 alteram
1162 2903 1346 2944 earum
1381 2889 1525 2945 nudo
1551 2888 1722 2956 dabit,
1758 2890 1860 2946 nisi

263 2979 404 3035 idem
427 2981 514 3047 sit,
538 2981 631 3052 qui
657 2981 917 3037 auferenti
949 2982 1202 3049 tunicam,
1234 2983 1396 3038 etiam
1422 2983 1637 3053 pallium
1665 2983 1864 3042 oli‘erre

1969 1885 2155 1949 parata
2191 1919 2206 1944 ,
2274 1877 2326 1934 in
2390 1877 2599 1934 frivolis
2667 1879 2898 1935 excidat.
2956 1880 3010 1936 Si
3053 1895 3217 1935 manu
3272 1880 3392 1951 quis
3460 1888 3570 1936 ten-

1970 1971 2163 2026 taverit
2206 1985 2501 2042 provocare
2526 1971 2628 2042 (9),
2685 1981 2882 2043 prmsto
2931 1982 3012 2029 est
3059 1973 3324 2030 dominica
3355 1979 3570 2031 moneta

1970 2063 2049 2136 (θ)
2076 2081 2088 2118 :
2119 2063 2406 2120 Verberauti
2439 2074 2486 2120 te
2541 2066 2738 2137 (inquit
2794 2064 3096 2135 Μαιήτην,
3128 2065 3221 2138 39)
3255 2068 3308 2121 in
3339 2070 3524 2139 faciem
3551 2114 3566 2140 ,

1970 2159 2122 2212 etiam
2148 2158 2363 2212 alteram
2384 2175 2569 2230 genam
2595 2159 2809 2214 obverte.
2830 2159 3106 2232 Fatigelur
3133 2160 3449 2232 improbitas
3469 2181 3568 2236 pa-

1971 2252 2156 2306 tientia
2183 2260 2293 2306 tua.
2325 2249 2490 2323 Cujus
2522 2251 2642 2325 (10)
2671 2251 2806 2308 ictus
2845 2253 2937 2309 ille
2965 2254 3054 2320 sit,
3084 2253 3269 2310 dolore
3295 2265 3349 2311 et
3375 2267 3570 2314 contu-

1968 2344 2130 2398 melia
2153 2344 2498 2413 constrictus,
2527 2345 2743 2416 gravius
2772 2360 2803 2401 a
2831 2345 3060 2402 Domino
3079 2349 3296 2418 vapulat
3318 2347 3424 2423 (Ιι).
3444 2351 3570 2407 Plus

1969 2435 2273 2506 improbum
2295 2435 2442 2492 illum
2465 2437 2632 2493 caedis
2661 2437 3015 2510 sustinendo;
3042 2439 3110 2495 ab
3131 2455 3198 2496 eo
3223 2442 3367 2497 enim
3397 2457 3570 2514 vapu-

1970 2528 2120 2596 labit,
2152 2529 2303 2601 enjns
2329 2531 2500 2602 gratia
2523 2530 2779 2587 sustines.
2801 2529 2860 2588 Si
2879 2531 3074 2605 lingua:
3100 2533 3403 2591 amaritudo
3448 2539 3568 2592 ina-

1966 2621 2164 2679 Iedicto
2233 2622 2356 2678 ‘sive
2431 2623 2679 2678 convicio
2750 2623 3026 2694 eruperit,
3085 2627 3296 2696 respice
3365 2626 3566 2684 dictum

1961 2712 2378 2789 _(ilattlt.,V,l%)
2409 2733 2422 2770 :
2452 2714 2578 2771 Cum
2605 2732 2691 2770 vos
2710 2716 3093 2785 maledixerint,
3122 2719 3355 2790 gaudete.
3387 2718 3572 2776 Domi-

1967 2823 2068 2865 nus
2109 2811 2224 2880 ipse
2251 2809 2572 2865 maledictus
2617 2810 2668 2864 in
2699 2809 2818 2881 lege
2846 2819 2928 2866 est
2959 2810 3164 2884 (θέαι,
3197 2810 3340 2879 XXI,
3372 2811 3486 2886 23),
3509 2823 3564 2871 et

1965 2907 2146 2958 tamen
2177 2903 2324 2958 solus
2350 2911 2433 2958 est
2461 2901 2778 2959 benedictus
2807 2902 2978 2976 (Gal.,
3009 2903 3100 2972 III,
3133 2903 3246 2979 l3).
3272 2905 3436 2978 igitur
3459 2907 3575 2964 Do»

1967 2994 2170 3050 minum
2199 2995 2340 3051 servi
2357 3009 2770 3066 consequamur,
2788 3004 2842 3052 et
2860 2996 3247 3053 maledicamur
3273 2999 3564 3072 patienter,

265 3075 435 3145 possit
469 3067 704 3147 (Matth,
747 3074 855 3148 V)?
885 3076 1165 3145 Quomodo
1203 3079 1410 3135 amicos
1443 3079 1509 3135 de
1549 3093 1859 3135 mammona
1889 3118 1934 3181 Ο
1968 3095 2026 3142 ut
2052 3087 2322 3142 benedicti
2369 3101 2490 3142 esse
2533 3088 2820 3158 possimus.
2855 3087 2912 3145 Si
2958 3104 3146 3159 parum
3191 3067 3570 3161 aequanimiter

262 3166 642 3224 fabricabimus
687 3169 841 3225 nobis
871 3168 1051 3241 (Luc.,
1086 3170 1253 3243 XVI),
1300 3171 1348 3226 si
1389 3187 1511 3228 eum
1561 3172 1614 3227 in
1657 3181 1861 3227 tantum

262 3261 640 3328 amaverimus,
672 3272 727 3315 ut
752 3263 1011 3318 amissum
1043 3279 1150 3317 non
1171 3262 1532 3319 sulferamus?
1562 3264 1866 3321 Peribimus

259 3371 381 3412 cum
414 3355 644 3425 perdito.
677 3355 814 3423 Quid
836 3355 922 3411 hic
948 3355 1268 3423 invenimus,
1297 3358 1388 3414 ubi
1421 3359 1681 3415 habemus
1708 3361 1866 3415 amit-

261 3460 377 3506 tere
413 3449 527 3521 (b)?
568 3448 858 3506 Gentilium
888 3461 993 3519 est,
1039 3453 1291 3508 omnibus
1332 3451 1672 3509 detrimentis
1699 3455 1866 3524 impa-

260 3543 504 3599 tientiam
532 3543 811 3612 adhibere,
839 3543 932 3615 qui
961 3559 1074 3600 rem
1116 3544 1498 3614 pecuniariam”
1523 3546 1602 3617 (6)
1631 3546 1861 3605 fortasse

261 3639 455 3697 animae
494 3646 840 3710 anteponant.
896 3637 1029 3694 Nam
1074 3638 1153 3712 (7)
1191 3648 1245 3695 et
1305 3639 1529 3709 faciunt,
1559 3655 1681 3697 cum
1727 3639 1862 3696 lucri

1971 3179 2185 3233 audiam
2207 3178 2408 3234 dictum
2437 3180 2650 3251 aliquod
2671 3180 2721 3234 iu
2756 3195 2841 3236 me
2864 3191 3172 3251 protervum
3201 3191 3293 3237 aut
3312 3199 3568 3256 nequam,

1971 3271 2192 3327 reddam
2234 3280 2286 3327 et
2318 3271 2434 3342 ipse
2463 3271 2838 3328 amaritudinis
2874 3273 3046 3329 vicem
3075 3287 3298 3330 necesse
3347 3286 3450 3341 est,
3479 3285 3572 3334 aut

1971 3363 2252 3420 cruciabor
2279 3363 2609 3434 impatientia
2627 3375 2794 3419 muta.
2812 3362 2947 3419 Cum
2967 3381 3095 3436 ergo
3112 3380 3431 3436 percussero
3455 3384 3570 3424 ma-

1971 3455 2200 3512 ledictus
2235 3453 2378 3528 (ll),
2412 3455 2682 3527 quomodo
2723 3465 2938 3512 secutus
2985 3457 3229 3514 inveniar
3268 3458 3570 3517 doctrinam

1971 3549 2228 3614 Domini,
2276 3564 2380 3620 qua
2449 3548 2702 3604 traditum
2753 3559 2835 3604 est
2885 3548 3105 3622 (Mam,
3150 3550 3262 3618 VII,
3313 3551 3400 3617 l5,
3451 3553 3568 3625 18),

1971 3657 2078 3698 non
2119 3642 2458 3698 vasculorum
2507 3641 2926 3713 inquinamentis
2956 3640 3044 3716 (i),
3077 3642 3173 3698 sed
3217 3658 3403 3700 eorum
3447 3660 3568 3716 quae

1495 3757 1882 3818 LECTIONES
1919 3758 2332 3818 VARIANTES.

353 3877 396 3948 ε)
423 3884 494 3948 [ta
516 3877 692 3941 Rigalt.
727 3874 924 3948 semigr.
952 3876 1276 3944 Impatientes
1320 3876 1504 3928 erimus
1527 3873 1686 3929 Paris.
1713 3877 1856 3942 LeOp.

347 3941 396 4001 '2)
423 3941 499 3991 De
524 3956 618 3991 non
645 3949 811 3991 nostro
836 3941 943 4001 Rig.

346 4003 396 4064 3)
434 4003 673 4053 Dolentes
688 4005 809 4054 add.
836 4013 986 4055 Fran.

347 4067 397 4136 ξ)
422 4066 659 4136 bibentes
685 4076 832 4136 Iv‘rtttt.
855 4066 965 4133 Rig.

346 4129 397 4194 ὅ)
422 4129 620 4194 Corpori
644 4143 732 4179 suo
756 4129 866 4194 Κίρ.

324 4135 375 4194 (ὅ
422 4135 620 4192 Corpori
644 4143 732 4179 suo
756 4135 866 4194 Rtg.

324 4135 399 4256 (ὃ)
423 4191 748 4243 Peeuniarum
772 4202 921 4244 Fran.

2053 3876 2108 3927 7i
2131 3875 2254 3927 Ouid
2288 3871 2444 3926 Latin.
3179 3883 3188 3888 -
3253 3907 3261 3912 .

2053 3876 2108 3942 7)
2131 3875 2254 3937 Quid
2288 3875 2444 3926 Latin.
2591 3935 2600 3945 ο
2732 3934 2743 3945 _
2978 3933 2988 3944 ο
3179 3883 3188 3888 ’
3253 3907 3261 3912 -
3558 3935 3570 3947 .

2029 3879 2104 4005 i8)
2140 3939 2454 4009 Delibatione
2496 3934 2815 4009 Lattu._mth.
2861 3941 2906 3986 et
2930 3933 3112 4009 Rigalt.
3161 3939 3385 4009 statuunt
3419 3935 3569 3990 scribi

2124 4015 2154 4068 :_
2167 4002 2232 4050 de
2256 4002 2567 4068 liberatione.
2591 3998 3086 4051 Latiniusemcudavit
3117 4014 3134 4048 :
3159 4000 3224 4050 de
3248 4000 3504 4052 libatione.

2050 4065 2110 4180 9))
2127 4065 2386 4139 Provocari
2411 4063 2563 4114 Rhea.
2644 4123 2656 4132 .
2775 4124 2785 4134 I

2055 4132 2074 4178 1
2117 4130 2128 4180 I
2160 4129 2330 4180 Ouivis
2356 4137 2503 4178 Fran.
2533 4128 2698 4176 Paris.
2726 4129 2784 4176 Iit

2055 4123 2128 4188 10)
2160 4128 2330 4188 Quivis
2356 4137 2503 4178 Fran.
2533 4123 2698 4176 Paris.
2725 4123 2903 4190 Rigalt.

2063 4186 2134 4257 II)
2166 4186 2421 4242 Maledicto
2441 4199 2588 4242 Han.
2615 4186 3090 4241 Parisfmaledietns
3119 4195 3300 4241 Wouw;
3327 4195 3422 4242 MS.

1643 4299 2199 4359 COMMENTARIUS.

332 4415 407 4488 (a)
447 4413 686 4470 Ltesuras
711 4431 906 4488 quoque
930 4432 1126 4484 earum,
1161 4425 1263 4488 etc.
1293 4416 1541 4473 Lmsuras
1569 4427 1725 4474 vocat
1763 4418 1856 4474 de-

261 4487 508 4544 trimenta
540 4489 651 4540 sive
673 4487 971 4555 dispendia,
1002 4503 1162 4557 quum
1192 4487 1389 4558 aliquid
1417 4490 1483 4544 de
1513 4504 1570 4544 rc
1605 4490 1854 4546 familiari

1959 4419 2040 4472 via
2068 4420 2119 4472 in
2156 4434 2320 4472 mores
2350 4417 2622 4472 bestiarum
2658 4418 3044 4472 latrocinantur.
3077 4415 3167 4472 Sic
3207 4417 3321 4487 ipse
3354 4415 3446 4473 lib.
3492 4416 3564 4475 de

1960 4492 2151 4545 Anima
2178 4507 2190 4545 :
2227 4490 2362 4557 Quia
2390 4499 2434 4542 ct
2457 4489 2767 4560 ipsabestiis
2785 4490 3020 4559 objecerit
3051 4506 3155 4554 eos,
3184 4505 3308 4560 quos
3329 4490 3380 4542 in
3406 4491 3562 4560 sylvis

258 4569 442 4614 nostra
463 4560 737 4632 amittitur.
769 4559 1033 4632 Potuisset
1056 4561 1234 4613 dicere
1253 4559 1515 4629 jacturas,
1540 4561 1633 4616 sed
1658 4563 1854 4632 placuit
1879 4572 1934 4632 Ι)
1960 4572 2006 4616 et
2035 4563 2160 4615 aviis
2194 4561 2537 4615 trucidaverit.
2573 4559 2628 4615 In
2657 4558 3182 4632 nmres’bestiarum,
3209 4558 3311 4614 hoc
3355 4558 3457 4629 est,
3501 4562 3558 4617 in

261 4646 468 4686 novum
499 4630 833 4684 vocabulum.
864 4629 1036 4685 ﬂuctv.

335 4702 422 4774 (b)
461 4702 597 4768 Quid
627 4702 707 4774 hic
734 4702 1028 4767 invenimus,
1044 4701 1130 4774 ubi
1153 4701 1392 4774 habemus
1411 4702 1682 4758 amittere?
1706 4705 1856 4759 Aliti-

258 4772 428 4828 dit'ad
462 4774 618 4830 verba
647 4772 845 4827 Christi
873 4774 1010 4842 apud
1039 4773 1225 4828 Matth.
1257 4773 1326 4838 X,
1351 4774 1436 4830 59.
1491 4775 1590 4838 Qui
1614 4778 1858 4830 invenerit

257 4845 481 4898 animam
507 4861 670 4908 suam,
703 4844 873 4916 perdet
913 4861 1024 4898 eam
1067 4861 1085 4897 :
1125 4855 1170 4898 et
1198 4846 1284 4914 qui
1320 4847 1594 4916 perdiderit
1630 4848 1856 4902 animum

257 4933 401 4972 suam
428 4927 636 4988 propter
659 4933 758 4981 me,
790 4917 1006 4988 inveniet
1029 4933 1159 4970 eam.
1195 4917 1314 4972 Βιο.

333 4989 405 5058 (c)
429 4987 569 5042 Cum
592 4988 805 5060 denique
820 4987 940 5040 ludo
963 4999 1006 5042 et
1028 4989 1226 5042 castris.
1249 4988 1456 5044 Lttdum
1479 4989 1852 5060 gladiatorium

260 5059 1090 5134 ititelligit,__cnjus_prmfectus
1136 5060 1330 5116 lanista
1384 5059 1710 5129 dicebatur;
1763 5079 1860 5134 per

258 5141 454 5196 castra,
480 5131 738 5186 militiam.
759 5131 934 5186 Rana.

335 5204 416 5275 (d)
458 5203 582 5258 Sese
617 5204 804 5258 locant.
841 5204 963 5278 Euit
1011 5205 1112 5261 iste
1161 5203 1499 5278 turpissimus
1542 5205 1855 5278 acquirendi

259 5287 496 5346 qumstus
526 5290 643 5330 mos
679 5295 691 5332 :
723 5292 842 5331 nam
874 5276 1100 5331 honesto
1127 5277 1286 5331 etiam
1314 5277 1434 5331 loco
1473 5277 1602 5339 nati.
1627 5276 1754 5333 cum
1785 5279 1851 5334 ad

259 5357 549 5417 egestatem
581 5354 966 5417 pervenerant,
1001 5349 1268 5418 locabant,
1297 5349 1751 5418 auctorabantque
1792 5365 1852 5406 se

259 5415 326 5473 ad
357 5419 535 5474 ludum
567 5415 960 5488 gladiatorium.
993 5415 1233 5473 Meminit
1263 5420 1418 5488 hujus
1448 5422 1610 5474 moris
1643 5415 1848 5477 Seneca

259 5435 326 5473 au
357 5435 535 5474 tuatim
605 5435 960 5474 tantatortum.
993 5435 1233 5473 metuunt
1263 5435 1418 5488 unjus
1448 5435 1610 5474 moris
1643 5435 1848 5477 Seneca

259 5493 414 5560 epist.
445 5491 535 5546 87.
567 5435 753 5546 illrum
787 5507 838 5545 se
857 5492 924 5544 ad
950 5491 1180 5560 gladium
1225 5491 1371 5557 locet,
1422 5508 1489 5544 an
1519 5491 1586 5546 ad
1610 5494 1850 5547 cultrum.

260 5509 414 5560 εριει.
445 5509 535 5546 δι.
569 5509 753 5546 Utrum
787 5509 838 5545 se
857 5509 922 5544 aa
984 5509 1180 5544 tantum
1225 5509 1371 5557 ιοσει,
1422 5509 1489 5544 an
1519 5509 1584 5546 aa
1610 5509 1850 5547 cultrum.

260 5562 399 5636 Ifg'ihil
426 5566 619 5618 mirum
654 5581 672 5636 :7
701 5509 979 5636 namquid
998 5571 1281 5636 paupertas
1309 5563 1637 5636 uoueflieit?
1661 5563 1730 5621 de
1751 5581 1852 5636 qua

259 5633 442 5706 Cytill.
475 5636 625 5689 Alex.
662 5635 807 5688 hom.
827 5634 968 5690 5.de
999 5634 1147 5706 I'cstis
1176 5634 1470 5690 Paschalib.
1507 5633 1637 5689 Lac.

285 5705 313 5781 ξ
332 5707 424 5781 (e)
457 5706 556 5781 Per
585 5710 716 5761 viam
745 5709 798 5759 in
826 5721 991 5781 mores
1019 5705 1290 5760 bestiarum
1307 5707 1711 5781 latrocinantur.
1752 5709 1857 5763 Co-

257 5777 360 5834 (ιεά
394 5777 625 5845 ῬίιΙιωὶ,
678 5795 766 5848 per
791 5782 871 5832 via
920 5779 975 5833 in
1002 5793 1266 5832 memores.
1307 5778 1539 5848 Vestigia
1571 5788 1694 5833 sunt
1717 5794 1860 5834 vera:

259 5849 506 5906 lectionis
527 5866 683 5922 quam
728 5851 892 5908 fuisse
936 5849 1256 5907 arbitramur
1281 5848 1587 5921 liujusmodi
1620 5848 1763 5907 :Per
1781 5851 1865 5906 in-

1962 4649 2167 4688 morem
2194 4635 2509 4698 bestiarum,
2545 4648 2693 4688 more
2722 4632 3032 4687 bestiarum.
3066 4631 3188 4686 Βία.

2033 4703 2182 4778 CAP.
2197 4704 2282 4758 VII
2293 4703 2740 4778 |.——(I).’llittorunt
2754 4703 3111 4778 deliberatione
3126 4701 3387 4756 lwdemur.
3405 4700 3557 4778 Hanc

1959 4776 2279 4846 scripturam
2311 4774 2743 4832 constantissime
2765 4775 3113 4846 servantlibri
3146 4782 3359 4846 veteres
3392 4774 3559 4846 minae

1958 4845 2092 4912 rum,
2114 4848 2214 4902 huc
2235 4857 2336 4913 est,
2363 4848 2620 4917 pecuniae.
2659 4845 3224 4900 Deliberationcautem
3245 4845 3479 4917 positum
3509 4845 3561 4901 vi

1958 4918 2114 4974 detur
2132 4916 2564 4990 pro,liberatione.
2585 4919 2649 4972 Et
2664 4918 2978 4990 Christiana:
2994 4916 3554 4990 philosophimscitunt

1957 5000 2060 5056 est,
2107 4987 2318 5046 divitias
2372 4993 2509 5045 inter
2555 4989 2936 5060 impedimenta
2967 4989 3196 5060 censeri.
3242 4987 3555 5057 Eodemque

1962 5077 2122 5117 sensu
2169 5071 2350 5131 posset
2375 5063 2534 5118 etiam
2579 5057 3001 5132 legi,Minorum
3035 5061 3098 5112 de
3139 5057 3434 5114 liberatione
3468 5059 3559 5114 la:-

1961 5134 2178 5205 demur?
2203 5134 2342 5205 quod
2371 5144 2424 5188 ct
2448 5134 2655 5188 l’ithteo
2687 5131 2876 5205 visum.
2927 5131 3044 5205 llic.

2031 5203 2112 5279 (gr)
2153 5202 2418 5260 Dominica
2438 5206 2654 5279 moneta.
2685 5203 2774 5279 Sic
2827 5202 3093 5256 monelam
3136 5211 3354 5279 usurpat
3383 5217 3559 5279 amo-

1957 5275 2122 5332 nendo
2167 5293 2264 5348 pro
2323 5276 2651 5340 monitione,
2704 5275 2841 5330 sicut
2894 5289 2922 5327 a
2959 5275 3213 5398 sequenti?
3254 5275 3557 5344 sequelam.

3215 5361 3340 5398 man.

3215 5361 3340 5400 Ill-3N.

2025 5418 2110 5492 (li)
2153 5418 2366 5492 Gravius
2405 5435 2436 5472 a
2473 5418 2706 5492 Domino,
2733 5416 2958 5492 vapulat.
2992 5417 3105 5473 Ictu
3129 5417 3418 5483 contrario,
3460 5433 3559 5475 seu

1959 5490 2276 5564 repercussu
2306 5490 2503 5546 divinae
2524 5491 2760 5547 ultionis.
2793 5490 2912 5546 Ilio.

2037 5567 2100 5632 (i)
2163 5563 2284 5617 Non
2341 5564 2662 5619 vasculorum
2726 5563 3140 5633 inquinamentis.
3196 5559 3349 5626 Quod
3411 5561 3555 5630 apud

1960 5635 2170 5694 Mattli..
2195 5650 2316 5702 cap.
2338 5635 2425 5700 l5,
2459 5636 2651 5707 legitur
2679 5651 2781 5689 non
2802 5633 2989 5698 semel,
3015 5648 3160 5707 non)?!
3186 5643 3265 5707 τὸν
3286 5639 3550 5707 augeam,

1960 5707 2319 5763 ’l'ertullianus
2347 5709 2504 5760 vertit
2522 5705 2890 5772 communicat,
2908 5705 3358 5774 quemadmodum
3386 5705 3553 5759 etiam

1963 5779 2212 5835 Aurelius
2239 5779 2565 5850 Augustinus
2595 5778 2739 5850 legit.
2775 5777 3074 5850 Estautem
3107 5781 3278 5831 κοινοῖν
3307 5791 3553 5850 commut-

1966 5866 2034 5909 tte
2054 5850 2251 5906 facere.
2289 5846 2350 5904 Et
2375 5851 2499 5920 quia
2528 5846 2719 5921 Judaei,
2753 5847 2895 5920 quod
2931 5848 3196 5918 impurum
3226 5857 3328 5917 est,
3371 5846 3424 5903 id
3451 5847 3554 5917 ipsi
