4016 6652
461 248 605 313 ηαδ
1880 243 2055 302 TER'I

2178 242 2343 300 'JANI
3618 237 3778 297 ηδε

440 358 536 424 ὀι
558 380 653 423 ore
684 370 1022 437 promuntur,
1046 362 1318 421 hominem
1346 358 1731 419 communicari
1772 358 1892 435 (i)?
1926 359 2059 418 Item
2084 364 2142 424 Α
2166 360 2401 425 interim,
2450 372 2612 429 quem
2665 358 2846 417 credis
2894 359 3280 417 reversurum?
3330 358 3602 417 Profectio
3654 366 3778 426 est,

469 458 714 534 (Matth.,
738 454 871 528 XII)
903 475 917 512 :
948 470 1171 512 manere
1193 468 1294 512 nos
1319 454 1495 511 omnis
1518 453 1640 508 vani
1667 462 1721 509 et
1747 453 2066 525 supervacui
2167 466 2328 523 quam
2357 461 2508 523 putas
2536 461 2789 509 mortem.
2815 451 2931 508 Non
2956 462 3041 509 est
3062 452 3324 523 lugendus
3348 452 3438 523 qui
3457 450 3771 517 antecedit,

467 553 596 609 dicti
633 550 885 608 reatum?
924 549 1178 621 Sequitur
1203 562 1334 620 ergo
1358 556 1418 604 ut
1454 562 1483 602 a
1527 560 1634 618 quo
1663 561 1763 602 nos
1805 546 2064 601 Dominus
2169 542 2264 599 sed
2283 543 2440 614 plane
2455 542 2927 615 desiderandust
2942 542 3488 617 quoquedesiderium
3504 544 3783 615 patientia

350 6322 423 6376 ε
542 6336 547 6337 ,
614 6328 917 6355 ημῗπ,
958 6328 1055 6349 κεν

469 653 640 711 arcet,
669 644 812 701 idem
848 643 917 699 ab
950 643 1059 699 alio
1079 641 1452 715 mquanimiter
1490 641 1599 711 pati
1636 639 1941 695 admoneat.
1966 638 2065 694 Hic
2169 636 2601 706 temperandum.
2643 636 2755 694 Cur
2793 636 2937 693 enim
2977 636 3331 693 immoderate
3356 635 3498 692 feras
3535 636 3778 706 abiisse,

460 740 576 812 jam
601 738 684 813 (Ξ)
727 738 796 795 de
854 738 1125 809 patientia:
1144 737 1441 808 voluptate.
1472 733 1608 790 Nam
1639 734 1813 790 omnis
1844 733 2062 805 injuria,

464 849 563 891 seu
592 835 893 904 lingua,seu
920 847 1080 887 manu
1105 832 1473 900 incussa,cum
1493 828 1804 900 patientiam
1820 825 2063 883 offende-

461 926 557 994 rit,
584 925 775 982 eodem
815 926 963 983 exitu
991 924 1345 996 dispungetur
1378 921 1479 997 (a),
1509 938 1615 994 quo
1655 922 1819 977 telum
1845 918 2063 991 aliquod

461 1019 518 1074 in
550 1026 699 1089 petra
727 1015 810 1090 (δ)
858 1015 1312 1073 constantissimae
1364 1001 1577 1071 duritia:
1601 1013 1853 1070 libratum
1880 1011 1980 1086 (θ),
2013 1020 2068 1068 et

461 1113 736 1169 obtusum.
754 1109 1037 1167 Coineidet
1063 1109 1207 1166 enim
1232 1107 1428 1165 ibidem
1456 1107 1604 1163 irrita
1627 1121 1789 1178 opera
1814 1114 1868 1162 et
1893 1106 2065 1162 infru-

460 1215 674 1272 ctuosa,
694 1211 750 1260 et
787 1216 1173 1273 nonnunquam
1192 1215 1571 1273 repercussum
1592 1199 1645 1255 in
1662 1214 1806 1265 eum,
1821 1198 1912 1269 qui
1932 1198 2065 1254 emi-

462 1294 560 1363 sit,
590 1294 870 1365 reciproco
924 1294 1126 1365 impetu
1162 1293 1365 1349 stevict.
1393 1292 1597 1363 Nempe
1636 1290 1835 1348 idcirco
1859 1292 1979 1362 quis
2016 1299 2068 1348 te

463 1387 635 1453 laedit,
678 1397 738 1443 ut
781 1385 965 1442 doleas
1014 1402 1030 1443 :
1072 1386 1199 1457 quia
1243 1384 1448 1441 fructus
1498 1384 1746 1441 laedentis
1789 1384 1845 1439 in
1882 1383 2068 1440 dolore

465 1477 584 1533 lmsi
612 1486 714 1533 est.
739 1476 881 1548 Ergo
911 1492 1033 1533 cum
1075 1477 1315 1533 fructum
1343 1476 1462 1547 ejus
1492 1476 1776 1543 everteris,
1807 1489 1919 1530 non
1958 1474 2062 1531 do-

463 1570 648 1637 lendo,
682 1570 795 1641 ipse
818 1569 1001 1627 doleat
1020 1584 1244 1628 necesse
1269 1580 1352 1626 est
1380 1569 1671 1625 amissione
1701 1569 1908 1625 fructus
1937 1569 2020 1625 sui
2045 1585 2064 1626 :

457 1673 588 1720 tunc
605 1673 660 1718 tu
680 1678 787 1719 non
808 1662 970 1720 modo
996 1658 1198 1720 illaiesus
1247 1662 1365 1719 abis
1407 1660 1510 1737 (4),
1543 1662 1686 1735 quod
1708 1663 1867 1719 etiam
1888 1663 2063 1718 solum

2168 744 2327 800 quem
2355 744 2481 784 mox
2508 728 2893 800 subsequeris?
2920 728 3192 786 Caeterum
3218 728 3548 801 impatientia
3579 729 3636 785 in
3657 729 3784 785 lm-

2165 819 2434 892 jusmodi,
2485 830 2541 877 et
2581 822 2700 893 spei
2742 829 2945 878 nostra:
2981 820 3126 878 male
3168 821 3458 887 ominatur,
3500 832 3554 877 et
3596 820 3785 879 ﬁdem

2167 916 2575 987 praevaricator.
2607 916 2675 972 Et
2709 915 2983 974 Christum
3027 916 3272 973 laedimus
3292 959 3306 985 ,
3338 931 3461 973 cum
3498 925 3784 973 evocatos

2165 1022 2408 1078 quosque
2434 1008 2502 1064 ab
2539 1007 2632 1063 illo
2669 1008 2823 1079 quasi
2852 1007 3191 1065 miserandos
3228 1021 3338 1063 non
3381 1006 3781 1079 aequanimiter

2166 1100 2482 1172 accipimus.
2514 1099 2698 1175 Cupio,
2729 1102 2901 1173 inquit
2924 1102 3219 1174 Apostolus
3257 1100 3453 1177 (Phit.,
3486 1100 3555 1175 I),
3597 1102 3784 1169 recipi

2166 1190 2244 1264 (c)
2263 1198 2376 1266 jam
2403 1206 2582 1250 etesse
2603 1211 2719 1250 cum
2747 1193 2992 1250 Domino.
3019 1194 3233 1264 Quanto
3259 1195 3450 1252 melius
3479 1193 3566 1269 (ά)
3579 1205 3786 1252 osten-

2174 1285 2256 1342 dit
2286 1296 2467 1343 votum
2495 1287 2967 1345 Christianorum?
2993 1288 3136 1361 Ergo
3177 1296 3358 1346 votum
3397 1286 3518 1362 (I0)
3551 1288 3599 1345 si
3625 1288 3785 1346 alios

2169 1390 2490 1438 consecutos
2519 1382 2866 1453 impatienter
2881 1381 3157 1449 dolemus,
3188 1381 3291 1454 ipsi
3321 1383 3580 1456 consequi
3603 1382 3783 1440 nolu-

2170 1488 2311 1530 mus.

2242 1659 2341 1714 Est
2364 1666 2420 1715 et
2448 1658 2586 1715 alius
2609 1566 3218 1733 summtizsAitlitﬁftizinia:
3245 1661 3521 1731 stimulus,
3548 1663 3783 1723 ultionis

461 1754 559 1812 tibi
587 1755 809 1822 sufﬁcit,
838 1756 934 1812 sed
964 1758 1190 1829 insuper
1215 1756 1509 1814 adversarii
1533 1758 1606 1813 tui
1637 1767 1692 1814 et
1715 1756 2064 1815 frustratione
2092 1756 2142 1817 B
2169 1748 2357 1819 libido.
2388 1754 2668 1823 ιιεεοιὶυπι
2693 1766 2889 1808 curans
2913 1762 3007 1808 ειυι
3028 1753 3238 1825 gloriae.
3271 1764 3363 1809 aut
3384 1754 3630 1812 malitia-
3655 1755 3781 1814 Sed

460 1848 784 1914 oblectatus,
811 1858 867 1906 et
885 1850 1073 1917 dolore
1097 1848 1371 1908 defensus.
1396 1850 1525 1908 Haec
1550 1860 1636 1908 cst
1660 1851 1935 1924 patientiae
1962 1853 2070 1909 uti-

454 1941 581 1998 litas
600 1950 655 1999 et
678 1942 924 2014 voluptas
949 1942 1059 2015 (5).

1074 2083 1302 2142 CAPUT
1330 2085 1425 2142 IX.

544 2218 624 2275 Ne
652 2218 744 2274 illa
773 2218 989 2291 quidem
1030 2220 1376 2291 impatientia:
1415 2223 1625 2293 species
1665 2233 1951 2281 excusatur
2003 2226 2058 2281 in

476 2313 767 2371 amissione
790 2323 1117 2382 nostrorum,
1147 2316 1236 2371 ubi
1262 2317 1438 2388 aliqua
1466 2317 1670 2374 doloris
1694 2320 2060 2391 patrocinatur

465 2404 681 2463 affectio
717 2405 822 2482 (6).
865 2407 1253 2479 Proponendus
1309 2419 1392 2465 est
1430 2409 1514 2484 (Ἰ)
1567 2412 1713 2467 enim
1780 2422 2059 2484 respectus

463 2495 898 2553 denunciationis
915 2498 1159 2569 Apostoli
1187 2501 1277 2571 qtti
1296 2501 1370 2556 ait
1392 2500 1438 2573 (l
1454 2499 1662 2571 Theca,
1683 2500 1776 2575 ιν)
1798 2518 1811 2557 :
1835 2502 1892 2557 Ν
1895 2520 1922 2559 e
1937 2519 2060 2559 con-

455 2588 726 2644 tristemini
773 2589 1079 2646 dormitione
1119 2593 1444 2662 cujusquam,
1499 2594 1631 2649 sicut
1677 2596 1910 2652 nationes
1947 2612 2061 2668 qua:

456 2695 547 2750 spe
580 2689 780 2736 carent.
802 2680 871 2736 Et
899 2683 1114 2738 merito.
1130 2683 1423 2741 Credentes
1436 2685 1580 2741 enim
1604 2688 2059 2746 resurrectiOnem

453 2767 680 2836 Christi,
728 2771 782 2827 in
809 2770 893 2845 (8)
934 2782 1172 2829 nostram
1220 2790 1436 2847 quoque
1485 2775 1786 2845 credimus,
1839 2788 2060 2850 prepter

454 2877 595 2934 quos
633 2863 727 2919 ille
771 2874 827 2920 et
869 2863 1003 2921 obiit
1057 2875 1110 2921 et
1158 2868 1478 2923 resurrexit.
1508 2869 1652 2940 Ergo
1684 2883 1807 2925 cum
1849 2878 2061 2926 constet

453 2952 524 3011 de
537 2956 933 3013 resurrectione
951 2966 1310 3027 mortuorum,
1335 2970 1490 3016 vacat
1514 2960 1670 3017 dolor
1691 2962 2058 3029 mortis,vacat

454 3056 511 3101 et
559 3048 893 3120 impatientia
931 3049 1155 3108 doloris.
1202 3051 1312 3109 Cur
1358 3067 1487 3125 ergo
1513 3052 1598 3128 (9)
1627 3053 1831 3123 doleas,
1876 3056 1923 3113 si
1965 3072 2059 3129 pe:

2172 1853 2228 1901 et
2250 1845 2419 1915 gloria
2458 1846 2642 1917 utique
2670 1861 2844 1913 vana,
2875 1856 2930 1903 et
2964 1847 3165 1904 malitia
3204 1863 3479 1921 nunquam
3508 1863 3616 1905 non
3659 1849 3782 1907 Do-

2172 1940 2320 1995 mino
2350 1938 2559 2009 odiosa,
2590 1939 2693 1996 hoc
2711 1940 2926 2013 quidem
2954 1940 3076 1997 loco
3100 1939 3226 2014 (Il)
3253 1944 3507 2012 maxime,
3536 1958 3665 2000 cum
3690 1944 3780 1999 al-

2170 2032 2340 2089 terius
2386 2030 2505 2105 (12)
2550 2032 2752 2088 malitia
2795 2042 3084 2104 provocata
3122 2034 3453 2105 superiorem
3497 2036 3573 2107 (ε)
3613 2049 3678 2090 se
3713 2036 3779 2093 in

2169 2124 2511 2197 exsequenda
2544 2126 2748 2183 ultione
2767 2127 3067 2195 constituit,
3091 2136 3146 2182 et
3165 2142 3775 2199 remuneransnequam

2167 2218 2408 2291 duplicat
2434 2219 2576 2291 quod
2622 2220 2791 2277 semel
2836 2220 3032 2278 factum
3071 2231 3174 2292 est.
3220 2221 3370 2278 Ultio
3414 2238 3579 2293 penes
3613 2238 3777 2281 erro-

2163 2328 2277 2369 rem
2333 2312 2406 2384 (f)
2444 2313 2694 2368 solatium
2737 2313 2951 2370 videtur
2990 2314 3215 2383 doloris,
3267 2331 3433 2387 penes
3479 2318 3772 2375 veritatem

2164 2412 2312 2463 certe
2329 2404 2379 2477 (1
2389 2402 2445 2477 3)
2463 2404 2799 2477 redarguitttr
2820 2404 3417 2481 malignitatis(g).Quid
3431 2407 3577 2464 enim
3598 2408 3774 2466 refert

2165 2495 2308 2554 inter
2336 2506 2718 2568 provocantem
2745 2507 2798 2554 et
2818 2508 3191 2569 provocatum,
3217 2500 3319 2556 nisi
3341 2499 3483 2571 quod
3510 2500 3602 2557 ille
3619 2502 3772 2573 prior

2164 2590 2245 2665 (lt)
2271 2592 2324 2647 in
2351 2590 2622 2647 maleﬁcio
2661 2591 3103 2662 deprehenditur,
3135 2602 3190 2648 at
3216 2594 3304 2649 ille
3342 2593 3633 2664 posterior?
3662 2593 3773 2651 Ta-

2164 2700 2289 2741 men
2316 2693 2544 2757 utcrque
2572 2684 2684 2742 lassi
2718 2684 2951 2742 hominis
2985 2685 3214 2743 Domino
3242 2701 3367 2743 reus
3393 2695 3498 2752 est,
3527 2688 3619 2758 qui
3646 2701 3772 2743 orn-

2165 2794 2233 2836 ne
2260 2779 2378 2854 (l4)
2406 2794 2636 2851 nequam
2658 2787 2711 2837 et
2738 2781 2987 2851 prohibet
3006 2790 3062 2837 et
3081 2780 3321 2837 damnat.
3351 2780 3501 2838 Nulla
3523 2782 3583 2837 in
3605 2782 3773 2839 male-

2164 2876 2289 2932 licio
2332 2875 2537 2932 ordinis
2582 2876 2719 2932 ratio
2779 2885 2896 2945 est;
2951 2892 3051 2933 nec
3100 2877 3248 2933 locus
3300 2878 3569 2946 secernit,
3616 2879 3769 2950 quod

2164 2966 2463 3024 similitudo
2489 2968 2787 3040 conjungit.
2821 2970 3085 3027 Absolute
3113 2969 3293 3041 itaque
3336 2970 3648 3042 praecipitur
3694 2972 3763 3046 (i)

2166 3061 2363 3117 malum
2395 3061 2537 3117 malo
2562 3077 2670 3119 non
2693 3062 3096 3135 rependendum
3129 3062 3306 3136 (Rom.
3349 3062 3492 3137 XII).
3520 3063 3628 3120 Par
3651 3064 3771 3122 fac-

456 3139 616 3197 riisse
650 3156 759 3199 non
803 3142 1018 3201 credis?
1051 3142 1161 3201 Cur
1185 3144 1529 3219 impatienter
1554 3148 1695 3205 feras
1732 3147 2056 3205 subductum
2083 3145 2129 3209 C
2164 3161 2299 3217 tum,
2323 3168 2419 3225 par
2459 3151 2622 3211 habet
2649 3152 2766 3226 (ίό)
2796 3157 3070 3214 meritum.
3102 3155 3384 3225 Quomodo
3422 3157 3474 3213 id
3501 3157 3767 3215 observa-

1696 3263 2078 3325 LECTIONES
2116 3264 2531 3323 VARIANTES.

540 3373 590 3500 ii
613 3372 1057 3490 metu:

613 3438 888 3512 admenth
906 3442 1056 3490 etiam
1076 3439 1213 3491 Jun.‘

618 3500 961 3614 ξιςῖξεξςιπιείιυη·

622 3623 1137 3701 γριυιξςεε“Ψιαι--ί,
1244 3687 1303 3701 ..
1367 3690 1377 3700 .
1513 3688 1553 3701 -
1609 3691 1639 3701 -.

516 3683 592 3753 (9)
610 3686 837 3753 Ascanio
851 3686 1024 3750 Rhein,
1043 3688 1165 3752 forte
1186 3700 1204 3738 :
1224 3687 1381 3751 dolori
1407 3702 1454 3753 p.
1483 3688 1693 3753 aﬁ'ectio.

517 3750 589 3878 (7)
610 3748 951 3814 Proponemus
976 3748 1158 3802 Wouw.
1185 3759 1279 3803 us.
1304 3748 1660 3819 praeponendus
1678 3755 1757 3803 est
1776 3751 1929 3805 Rhea.

513 3814 566 3876 (8
611 3810 671 3862 ιιι
691 3811 825 3865 abest
847 3814 968 3864 Jun.

2486 3390 2738 3516 gigi’iiiguit
2753 3457 2771 3496 :
2782 3444 2975 3516 Quanto
2984 3443 3162 3499 melius
3174 3447 3393 3500 ostendit
3409 3454 3572 3501 votum
3585 3449 3610 3501 ἵ
3624 3449 3770 3504 Chri-

2155 3511 2424 3570 stianorum
2443 3520 2566 3570 ergo
2590 3514 2757 3558 votum
2779 3514 2881 3560 etc.

2249 3568 2326 3631 ll)
2351 3568 2469 3621 Cum
2497 3567 2637 3621 addit
2653 3580 2803 3622 Fran.

2244 3631 2318 3685 l2)
2348 3633 2425 3681 Ab
2449 3633 2652 3683 alterius
2675 3642 2823 3685 Fran.
3058 3662 3069 3669 -

2248 3694 2327 3759 id)
2350 3694 2498 3759 Certe
2531 3696 2719 3747 Wouw.
2739 3704 2834 3748 MS.
2860 3702 3049 3759 certam
3064 3697 3218 3751 Rhea.

2244 3755 2327 3813 14)
2351 3756 2562 3808 Omnem
2578 3768 2728 3811 rran.
2754 3757 2915 3813 Paris.

2249 3760 2305 3805 tt
2351 3760 2562 3808 Omnem
2578 3768 2728 3811 rran.
2754 3760 2915 3813 Paris.

2249 3760 2327 3883 l5j
2351 3818 2516 3873 Habet
2530 3826 2584 3873 et
2605 3822 2839 3874 meritum
2867 3834 3050 3877 Wouw.
3069 3832 3165 3877 us.

1831 3923 2396 3992 COMMENTARIUS.

450 4056 741 4099 commune
774 4047 991 4104 vocant,
1020 4037 1221 4094 factum
1246 4048 1329 4096 est
1357 4049 1415 4094 ut
1440 4045 1614 4096 κοινοῖν
1659 4040 1775 4097 sive
1803 4057 2047 4098 commu-

457 4116 661 4185 nicare,
709 4114 781 4185 sit
807 4111 913 4185 illis
941 4110 1307 4185 coittquinare,
1334 4126 1433 4166 ceu
1464 4122 1617 4185 vetus
1638 4113 2048 4185 evangeliorum

452 4184 624 4256 editio
650 4182 809 4256 habet
849 4181 905 4236 lu
957 4182 1301 4256 quibusdaht
1331 4183 1729 4253 exemplaribus
1784 4181 2051 4256 pratcipue

455 4255 681 4384 ἓίυιςιιήῗἱ
719 4254 973 4309 Erasmus
1000 4253 1396 4325 elegantissime
1425 4256 1605 4324 vertit,
1635 4257 1901 4328 impurum
1927 4253 2050 4313 red-

497 4343 608 4384 ere.
688 4341 817 4381 usu.

497 4343 608 4385 ere.
638 4341 793 4381 “IlI-3N
803 4364 817 4378 .

533 4421 616 4492 (a)
657 4418 1019 4492 Eodentexitu
1067 4417 1438 4492 dispungetur.
1485 4419 1813 4492 DiSpnngcre
1866 4420 2049 4480 delere

2157 4045 2543 4176 p‘ertzbtduﬁnade
2570 4050 2970 4122 superioribus,
2996 4069 3150 4139 quam
3177 4051 3461 4110 Nationum
3506 4071 3623 4145 quia
3664 4074 3766 4132 spe

2227 4213 2379 4270 CAP.
2402 4214 2471 4270 X.
2494 4215 2645 4294 —(_e)
2674 4217 3001 4294 Superiorem
3019 4236 3074 4275 se
3099 4221 3154 4276 in
3180 4224 3518 4294 exsequendo.
3540 4225 3762 4283 Consti-

2156 4294 2395 4366 tuerese
2414 4291 2745 4366 superiorem
2773 4292 2826 4346 in
2850 4292 3093 4366 ultione,_
3120 4293 3225 4366 erit
3260 4291 3454 4366 gerere
3487 4312 3549 4354 se
3588 4298 3760 4355 instar

2158 4357 2434 4437 principis,
2465 4357 2520 4415 et
2566 4361 2667 4416 sibi
2697 4376 2952 4437 arrogare
2981 4357 3180 4437 judicis
3225 4357 3567 4437 potestatem.
3594 4366 3731 4426 ιω.

2230 4426 2292 4499 (l')
2324 4426 2493 4511 Penes
2522 4448 2760 4488 errorem.
2778 4426 3276 4511 fenes'etlnticos.
3311 4435 3402 4493 Sic
3425 4453 3592 4511 penes
3618 4440 3762 4497 veri-

452 4472 618 4572 ...s;
650 4472 923 4571 suis...
964 4472 1177 4572 ξ(ιυριει
1204 4472 2049 4572 tantane;sentienti;
2076 4472 2126 4532 ι)
2154 4472 3211 4572 tum:at;statuissent:

453 4562 673 4618 nomina
721 4560 1152 4633 continentibus,
1203 4559 1255 4614 in
1305 4561 1498 4629 quibus
1537 4579 1597 4616 ea
1629 4578 1748 4633 quin
1790 4564 2046 4621 dissoluta

453 4642 584 4690 sunt
626 4633 851 4705 graphio
895 4631 1312 4705 dispunguntur,
1347 4631 1733 4705 delenturqtie.
1772 4634 1904 4690 Nam
1946 4637 2049 4693 hoc

453 4703 676 4777 verbum
708 4703 773 4759 ad
821 4703 1094 4777 ratiocinia
1125 4705 1394 4777 pertinere
1424 4703 1580 4758 doCct
1619 4703 1877 4774 Ulpianus
1901 4708 2049 4777 jure-

456 4776 768 4839 consultus,
816 4790 936 4829 cum
963 4816 978 4840 ,
1013 4774 1241 4846 inquit,
1313 4774 1635 4844 dispuugere
1670 4786 1762 4846 est
1801 4774 2050 4835 conferre

454 4858 673 4919 accepta
720 4857 776 4901 et
824 4846 947 4902 data
1004 4843 1061 4900 ﬁ.
1105 4843 1175 4901 de
1212 4845 2045 4974 vet'burmttsigttilicutitgnibus.

834 4970 838 4974 .
1865 4936 1989 4974 nan.

834 4970 838 4974 .
1814 4936 1989 4975 “BEN.

526 4988 616 5062 (b)_
641 4988 953 5062 Quobtetum.
972 4986 1221 5062 “Librare
1251 4988 1674 5062 hicprghmagna
1706 4991 1755 5045 vi
1778 4993 2047 5062 conjicere

448 5057 644 5130 accipit
688 5060 943 5130 imitatus
971 5057 1102 5114 illud
1150 5057 1378 5130 Virgilii,
1424 5058 1513 5113 IX.
1556 5057 1774 5118 Eueid.
1810 5057 2048 5119 :summa

456 5129 612 5206 telum
640 5130 855 5206 librabat
893 5129 956 5206 ab
1003 5146 1152 5206 aure.
1189 5129 1401 5206 Alioqui
1457 5132 1777 5203 signiﬁcatio
1830 5136 2047 5206 propria

449 5203 607 5274 longe
627 5202 729 5257 alia
759 5212 862 5266 est,
896 5200 993 5272 pro
1014 5200 1343 5271 pouderare.
1371 5202 1509 5259 Ρη.

516 5292 669 5370 CAP.
688 5291 939 5370 IX.—_-(c)
968 5292 1324 5370 Cupio,inquit
1333 5294 1628 5370 Apostolus,
1649 5297 2047 5370 recipi.0ptime

445 5366 692 5438 vulgatus
721 5364 895 5438 co_dex_
917 5365 1078 5420 habet
1115 5364 1344 5438 dissoni,
1376 5364 1500 5420 nam
1522 5368 1574 5422 in
1604 5364 1779 5438 διδαξεό
1796 5364 1899 5426 θεί
1922 5372 2046 5425 ἀνι-

443 5434 620 5513 λῗῡσιῐι.Δ
652 5434 726 5491 La
761 5435 933 5513 Cerda
982 5445 1157 5513 tuetur
1189 5434 1683 5513 interpretationem
1713 5440 1850 5497 hanc
1890 5445 2047 5513 recipi

442 5508 722 5580 ingeniosa
774 5506 1152 5578 explicatione,
1181 5507 1274 5580 sed
1299 5506 1486 5578 parum
1520 5527 1663 5577 vera;
1688 5513 1883 5567 aliisin
1918 5506 2050 5569 locis

439 5579 746 5636 versionem
776 5579 1548 5655 hanchsequitun.Septimius,
1591 5595 1656 5655 _ut
1703 5600 1819 5655 cap.
1870 5585 1942 5642 28
1979 5586 2048 5642 de

433 5661 651 5723 speet,
677 5661 727 5705 et
754 5666 803 5706 c.
913 5651 1003 5705 lib.
1039 5649 1059 5704 I
1100 5651 1165 5704 atl
1195 5649 1446 5723 Uxorem.
1482 5652 1558 5708 ιε
1588 5652 1683 5707 Pu.

431 5786 439 5794 ν
466 5721 475 5723 ⁷
505 5723 585 5794 (d)
620 5721 827 5790 Quanto
851 5723 1033 5778 melius
1060 5721 1274 5778 ostendit
1299 5734 1466 5778 votum
1489 5725 1902 5784 cIu-istianorunt.
1944 5729 2049 5787 Rc-

1320 6334 1587 6343 μκ-ῄρμᾼ

2225 4570 2300 4642 (g)
2334 4570 2478 4649 Certe
2506 4570 2830 4648 redarguitur
2851 4575 3202 4649 malignitatis.
3232 4574 3527 4637 Rhenanus
3557 4581 3747 4639 edidit.

2154 4639 2597 4720 Penesperitatem
2620 4639 2809 4702 coitum
2833 4639 3159 4720 redar'guitur
3184 4652 3536 4720 malignitatis.
3565 4652 3750 4710 Placet

2154 4713 2498 4793 emendatio,
2540 4728 2791 4793 certamen
2835 4713 3162 4790 redarbuitur
3206 4713 3558 4793 malignitatis.
3602 4725 3752 4780 lianc

2154 4784 2584 4865 emendationem
2598 4789 2897 4865 conﬁrmat
2912 4784 3263 4862 Augustinus,
3283 4784 3597 4865 et'Septimii
3626 4812 3750 4851 vcr-

2154 4856 2220 4911 ba
2256 4856 2520 4937 habuisse
2558 4859 2772 4937 videtur
2803 4878 2911 4933 prae
2955 4856 3149 4937 oculis,
3176 4856 3298 4937 eum
3348 4856 3666 4937 ita'scripsit
3692 4868 3745 4924 in

2156 4926 2291 5009 psal.
2322 4927 2391 4983 56
2426 4946 2440 4983 :
2467 4928 2726 5010 Contende
2745 4926 2860 5010 cum
2881 4934 3034 5010 malo.
3062 4936 3151 4989 sed
3175 4935 3238 4989 de
3253 4936 3513 5010 (uanitate;
3535 4926 3648 5010 ἧκα
3674 4949 3754 4994 est

2155 4998 2287 5077 enim
2308 5013 2423 5053 vera
2452 5005 2726 5077 contentio,
2750 5004 2829 5059 vel
2849 5006 3016 5075 potius
3036 5016 3290 5062 certamen
3318 4998 3566 5077 salubre,-
3590 5021 3647 5065 ut
3683 5011 3749 5065 sit

2154 5068 2313 5141 bonus
2342 5081 2521 5141 contra
2561 5068 2774 5141 malum,
2801 5068 2902 5130 non
2928 5086 2985 5129 ut
3012 5077 3112 5131 sint
3136 5078 3238 5132 duo
3259 5081 3401 5135 mali.
3432 5068 3554 5138 th'.

2225 5140 2311 5211 (lt)
2340 5138 2440 5217 Ille
2459 5145 2601 5213 prior
2615 5145 2666 5199 in
2688 5138 2936 5213 maleﬁcio
2949 5147 3361 5217 deprehenditur.
3385 5151 3594 5210 Etenim
3623 5152 3751 5211 red-

2152 5210 2293 5295 dere:
2337 5210 2676 5295 malt'ntrpro
2722 5210 2885 5295 male,
2936 5210 3050 5274 sive
3075 5225 3447 5295 angustiam,
3502 5224 3591 5295 qui

2224 5448 2288 5520 (i)
2322 5448 2564 5527 Absoluta
2585 5451 2754 5527 itaque
2777 5454 3093 5527 praecipitur.
3117 5456 3259 5525 Quin
3282 5457 3419 5516 hanc
3445 5474 3569 5517 esse
3595 5475 3745 5517 sum-

2152 5534 2296 5609 mam
2336 5520 2645 5609 christiana:
2670 5520 3095 5609 disciplinaiait
3128 5520 3419 5595 Ambros,
3451 5546 3619 5587 serui.
3649 5531 3702 5589 Χ
3727 5550 3745 5587 :

2152 5587 2283 5669 licet;
2313 5594 2447 5669 enim
2472 5603 2679 5669 nostra:
2719 5587 3110 5669 christianitatis
3134 5616 3334 5656 summa
3359 5587 3451 5669 est,
3484 5613 3540 5657 ut
3568 5587 3746 5663 anteit:

2155 5660 2286 5716 tibus
2316 5663 2733 5735 vicissitudinem,
2758 5667 3061 5727 laedentibus
3084 5673 3385 5743 patientiam
3408 5660 3749 5745 rbpendamus

3474 5746 3610 5806 Lac.

3486 6064 3499 6161 ;
3606 6052 3637 6129 ε’
