4068 6352
271 357 412 417 1265
508 395 520 408 .

1515 348 1722 405 LIBER
1766 348 1852 404 DE
1892 343 2282 403 PATIENTIA.

3422 344 3562 403 1266

266 475 464 540 binms,
488 473 532 529 si
556 469 773 528 fastiditi
801 470 880 544 (a)
910 476 1034 526 ante
1058 471 1110 522 in
1139 466 1348 524 fastidio
1382 464 1464 540 (I)
1504 465 1722 522 ultionis
1753 479 1856 520 non
1887 465 1937 525 Α
1965 461 2098 517 mibi
2137 475 2256 516 cum
2297 459 2525 526 ultione,
2547 457 2696 528 cujus
2721 454 2936 512 modum
2961 471 3150 529 regere
3176 472 3282 514 non
3325 473 3544 531 possum

263 568 468 626 erimus
484 569 507 623 ?
523 568 692 636 Quem
713 575 890 622 autem
921 565 1182 620 honorem
1209 563 1477 618 Iitabimus
1511 561 1738 617 Domino
1755 562 1862 618 Deo

266 661 314 717 si
341 660 497 716 nobis
541 659 818 714 arbitrium
865 657 1193 713 defensionis
1241 656 1715 727 arrogaverimus?
1751 655 1862 712 Nos

267 763 416 810 utres
469 753 571 826 (Ξ),
622 767 748 808 vasa
790 752 994 819 ﬁctilia,
1054 751 1282 808 servulis
1326 751 1546 818 nostris,
1579 765 1858 806 assumen-

266 848 410 904 tibus
427 847 527 902 sibi
553 847 622 903 de
650 849 926 904 conservis
955 847 1235 912 ultionem,
1259 845 1492 915 graviter
1514 844 1858 914 olfendimur;

267 959 467 1015 eosque
496 944 587 1015 qui
617 943 770 998 nobis
790 943 1101 1014 patientiam
1133 941 1426 997 obtulerint
1454 955 1628 1007 suam,
1660 949 1719 996 ut
1743 956 1860 997 me-

267 1050 450 1092 mores
488 1034 824 1098 humilitatis,
868 1035 1166 1100 servitutis,
1208 1033 1299 1104 jus
1337 1032 1594 1088 dominici
1640 1033 1862 1088 honoris

265 1127 572 1200 diligentes,
593 1142 698 1182 non
723 1128 1009 1198 probamus
1027 1127 1207 1192 modo,
1227 1126 1320 1181 sed
1339 1127 1675 1196 ampliorem,
1701 1141 1860 1196 quam

253 1222 368 1292 .ipsi
415 1221 513 1277 sibi
543 1224 1032 1292 praesumpsissent,
1061 1220 1484 1294 satisfactionem
1526 1218 1769 1274 facimus.
1806 1218 1862 1274 Id

266 1316 425 1372 nobis
453 1315 505 1371 in
539 1317 770 1371 Domino
803 1327 907 1370 tam
935 1315 1081 1385 justo
1111 1314 1176 1369 ad
1198 1314 1596 1380 aestimandum,
1627 1323 1732 1368 tam
1763 1329 1856 1384 pn-

266 1407 400 1464 tenti
447 1407 514 1462 ad
544 1407 929 1478 perliciendum
957 1406 1334 1478 periclitatur?
1358 1405 1494 1473 Quid
1521 1419 1650 1477 ergo
1689 1405 1862 1460 credi-

263 1495 386 1556 mus
415 1502 648 1571 jndicem
680 1503 850 1569 illum,
883 1502 928 1556 si
957 1518 1062 1556 non
1089 1511 1143 1556 et
1170 1501 1433 1556 ultorem?
1459 1500 1574 1556 IIoc
1615 1514 1674 1555 se
1709 1501 1864 1554 nobis

264 1595 614 1664 repromitlit,
647 1595 834 1652 dicens
875 1595 1075 1665 (l)eut.,
1106 1593 1326 1666 XXXII)
1362 1612 1375 1649 :
1422 1591 1710 1647 Vindictam
1737 1593 1863 1646 mihi

267 1688 347 1758 (b)
381 1699 432 1744 et
461 1706 552 1762 ego
579 1688 881 1753 vindicabo;
912 1689 962 1743 id
991 1697 1107 1754 est,
1140 1687 1455 1742 I’atientiam
1485 1686 1637 1750 mihi,
1670 1695 1724 1741 et
1763 1700 1863 1754 ego

261 1783 582 1855 patientiam
614 1782 989 1839 remunerabo.
1010 1782 1145 1837 Cum
1171 1781 1313 1836 enim
1341 1779 1470 1835 dicit
1500 1777 1861 1853 (Matt/1.,V’Il)

1965 570 2059 626 per
2079 553 2464 624 impatientiam
2491 552 2724 608 doloris?
2753 551 2908 619 Quod
2935 551 2980 606 si
3011 552 3280 622 patientia:
3331 554 3555 610 incuba-

1965 647 2036 703 bo
2065 646 2161 718 (e),
2185 660 2292 702 non
2313 645 2509 702 dolebo
2533 660 2548 702 :
2574 645 2620 700 si
2661 659 2769 700 non
2796 644 3014 712 dolebo,
3045 643 3236 702 ulcisci
3275 661 3381 703 non
3407 645 3552 704 desi-

1966 737 2186 794 derabo.

2583 829 2808 889 CAPUT
2847 832 2938 889 XI.

2040 945 2168 1000 Post
2190 945 2283 1000 has
2314 943 2634 1014 principales
2662 945 3007 1016 impatientia;
3043 945 3329 1012 materias,
3362 952 3422 1001 ut
3463 959 3563 1016 po-

1967 1039 2184 1103 tuimus,
2215 1046 2471 1106 regestas,
2503 1037 2629 1106 quid
2662 1037 2801 1092 inter
2827 1045 3052 1092 eteteras
3073 1037 3400 1110 evagemur?
3426 1036 3560 1105 Quae

1962 1129 2130 1196 domi,
2161 1144 2280 1198 quae
2319 1128 2452 1182 foris
2497 1129 2609 1200 (f)?
2641 1128 2768 1183 Lata
2809 1139 2970 1200 atque
2997 1128 3190 1184 diﬂusa
3215 1138 3300 1184 est
3325 1129 3568 1200 operatio

1969 1220 2092 1276 mali
2128 1219 2205 1290 (9)
2231 1237 2242 1272 :
2276 1219 2590 1290 multiplicia
2621 1220 2839 1290 spiritus
2865 1220 3208 1276 incitamenta
3235 1220 3522 1290 iaculantis
3543 1263 3558 1286 ,

1966 1327 2020 1372 et
2049 1314 2208 1370 modo
2258 1314 2498 1386 parvula,
2533 1314 2692 1368 modo
2719 1314 2970 1369 maxima.
2990 1314 3095 1370 Sed
3126 1314 3343 1384 parvula
3370 1314 3438 1370 de
3463 1329 3560 1368 sua

1967 1408 2336 1464 mediocritate
2353 1407 2942 1469 contemnas,maximis
2959 1422 3058 1476 pro
3078 1421 3171 1461 sua
3187 1407 3565 1476 exsuperantia

1969 1502 2016 1574 (I
2028 1502 2084 1575 0)
2103 1502 2392 1559 cedas.Ubi
2413 1501 2586 1556 minor
2605 1501 2896 1572 injuria,ibi
2920 1501 3060 1556 nulla
3075 1501 3372 1556 necessitas
3394 1501 3564 1570 impa-

1965 1594 2314 1669 tienti:e(II).
2340 1596 2408 1650 At
2437 1594 2522 1649 ubi
2566 1593 2740 1664 major
2769 1593 2984 1663 injuria,
3015 1593 3088 1648 ibi
3116 1593 3451 1649 necessarior
3481 1593 3566 1663 (g)

1965 1689 2173 1760 injuria:
2201 1688 2432 1756 medela,
2467 1687 2719 1758 patientia
2749 1686 2888 1758 (12).
2928 1685 3211 1742 Certemus
3241 1685 3402 1756 igitur
3449 1700 3570 1756 quae

1965 1797 1995 1836 a
2062 1783 2205 1838 malo
2254 1782 2588 1853 inﬂigunlur.
2619 1781 2918 1847 sustinere,
2973 1789 3031 1835 ut
3115 1779 3286 1834 hostis
3331 1777 3566 1834 studium

263 1851 448 1932 IVolite
467 1877 728 1948 judicare,
748 1893 810 1930 ne
834 1875 1153 1943 iudicemini,
1177 1889 1356 1929 nonne
1386 1851 1691 1945 patientiam
1714 1872 1862 1944 flagi-
1891 1851 1939 1911 Β
1967 1877 2238 1931 aemulatio
2269 1851 2466 1931 nostra:
2495 1874 2913 1946 :equanimitatis
2951 1873 3151 1929 eludat.
3185 1872 3242 1928 Si
3273 1887 3400 1928 vero
3425 1889 3571 1948 qua-

260 1970 508 2039 tal?Quis
534 1971 679 2026 enim
707 1987 810 2024 non
832 1969 1090 2039 judicabit
1111 1969 1274 2022 alium
1298 1967 1399 2022 nisi
1422 1969 1509 2038 qui
1533 1969 1739 2038 patiens
1757 1967 1864 2024 erit
1965 1965 2090 2022 dam
2132 1969 2230 2038 ipsi
2253 1968 2302 2022 in
2335 1983 2466 2033 nos,
2489 1976 2582 2022 aut
2626 1965 2979 2034 imprudentia
2999 2007 3014 2032 ,
3044 1973 3133 2020 aut
3173 1972 3363 2037 sponte
3407 1965 3566 2019 etiam

260 2079 366 2118 non
425 2059 1019 2133 defendendi13)‘?Quis
1060 2061 1259 2116 idcirco
1295 2059 1616 2131 judicatu),
1641 2061 1864 2130 utigno-
1965 2061 2407 2134 superducimus,
2439 2077 2592 2129 teque
2621 2060 2886 2132 patienter
2915 2058 3172 2115 obeamus
3194 2099 3208 2123 ,
3241 2074 3361 2130 quas
3417 2057 3570 2113 nobis

255 2155 399 2210 seat?
422 2156 498 2210 Ac
516 2154 562 2210 si
583 2153 1027 2225 ignoscet,tamen
1053 2152 1344 2222 judicantis
1383 2152 1765 2222 impatientiam
1781 2152 1863 2222 (5)

255 2247 399 2302 cavit
417 2245 506 2318 (ε),
526 2255 581 2301 et
599 2247 856 2301 honorem
885 2245 1025 2300 unici
1051 2244 1272 2316 judicis,
1289 2244 1341 2300 id
1369 2254 1452 2299 est
1479 2245 1594 2310 Dei,
1619 2245 1859 2300 abstulit.

256 2339 508 2406 Quantos
536 2352 664 2393 vero
690 2352 847 2394 casus
877 2337 1186 2408 hujusmodi
1215 2337 1546 2407 impatientia
1587 2337 1864 2394 incursare

253 2431 337 2502 (6)
385 2431 671 2487 consuevit
698 2431 812 2504 (7)!
843 2431 1102 2499 Quotiens
1147 2432 1396 2502 paenituit
1451 2429 1859 2486 defensionem!

253 2525 522 2592 Quotiens
545 2525 794 2580 instantia
813 2524 928 2594 ejus
944 2524 1180 2580 deterior
1205 2523 1284 2596 (ά)
1311 2524 1445 2578 facta
1492 2524 1571 2595 (8)
1605 2533 1688 2580 est
1711 2539 1865 2580 caus-

253 2620 330 2674 sis
361 2617 514 2672 suis!
545 2616 810 2684 Quoniam
843 2615 969 2670 nihil
1020 2616 1351 2685 impatientia
1381 2625 1716 2686 susceptum,
1748 2618 1867 2674 sine

251 2711 467 2780 impetu
521 2709 740 2779 transigi
766 2709 934 2774 novit;
969 2694 1100 2764 nihil
1131 2710 1334 2777 impetu
1361 2717 1564 2775 actum,
1617 2720 1708 2766 aut
1761 2727 1864 2768 non

254 2801 503 2869 offendit,
536 2810 628 2858 aut
651 2803 876 2869 corruit,
908 2812 998 2858 aut
1027 2818 1270 2874 praeceps
1295 2803 1445 2858 abiit.
1479 2803 1595 2858 Jam
1617 2805 1661 2860 si
1692 2806 1866 2862 levius

257 2895 595 2963 defendaris,
643 2896 914 2952 iusanies:
960 2896 1005 2951 si
1048 2895 1285 2961 uberius,
1333 2895 1669 2952 oneraberis.
1724 2896 1862 2965 Quid

1968 2161 2314 2229 imputamus.
2343 2156 2497 2224 Quod
2531 2156 2574 2210 si
2601 2172 2628 2210 a
2655 2155 2880 2210 Domino
2903 2154 3161 2210 nonnulla
3190 2152 3462 2208 credimus
3483 2151 3567 2206 in-

1967 2255 2104 2317 cuti,
2136 2253 2220 2308 cui
2274 2251 2444 2322 magis
2493 2250 2800 2320 patientiam
2855 2263 3012 2319 quam
3066 2245 3292 2302 Domino
3328 2243 3572 2315 praebea-

1969 2345 2126 2403 mus?
2155 2345 2293 2413 Quin
2335 2343 2453 2417 (15)
2487 2343 2704 2410 insuper
2730 2339 2984 2412 gratulari
3003 2345 3058 2394 et
3084 2337 3317 2409 gaudere
3349 2350 3445 2391 nos
3473 2333 3577 2389 do-

1969 2448 2055 2495 cet
2083 2437 2221 2508 (M),
2245 2435 2556 2508 dignatione
2585 2433 2783 2489 divinae
2812 2429 3205 2502 castigationis.
3231 2428 3363 2501 Ego,
3383 2426 3577 2498 inquit,

1968 2549 2094 2602 quos
2125 2533 2312 2602 diligo,
2337 2531 2548 2599 castigo.
2581 2527 2625 2582 Ο
2675 2543 2887 2583 servum
2942 2527 3089 2581 illum
3140 2526 3386 2589 beatum,
3421 2523 3574 2592 cujus

1969 2622 2329 2680 emendationi
2351 2621 2600 2676 dominus
2622 2621 2818 2674 instat!
2849 2618 2934 2672 cui
2983 2617 3230 2688 dignatur
3267 2613 3348 2687 (Ii)
3379 2613 3534 2669 irasci
3555 2653 3570 2677 ,

1969 2732 2130 2788 quem
2157 2714 2480 2770 admonendi
2502 2711 2928 2768 dissimulatione
2953 2725 3057 2764 non
3077 2709 3302 2778 decipit!
3325 2705 3574 2775 Undique

1972 2810 2130 2881 igitur
2149 2808 2388 2864 adstricti
2413 2822 2597 2862 sumus
2617 2805 2796 2860 ofﬁcio
2821 2803 3090 2875 patientiae
3112 2801 3570 2857 administrandae.

1969 2902 2188 2972 Quaqua
2215 2916 2285 2956 ex
2311 2908 2458 2970 parte
2478 2940 2493 2964 ,
2525 2907 2615 2953 aut
2639 2898 2915 2953 erroribus
2942 2895 3142 2950 nostris
3161 2937 3176 2964 ,
3207 2902 3297 2949 aut
3335 2891 3460 2948 mali
3489 2891 3574 2966 in;-

1516 3008 1895 3070 LECTIONES
1935 3013 2347 3072 VARIANTES.

323 3127 393 3246 δὲ)
425 3125 776 3185 Fastidientes,
800 3127 849 3177 in
871 3125 1065 3176 fastidio
1087 3123 1241 3175 Rhen.

348 3192 401 3246 ι)
427 3191 609 3239 I’utres
625 3187 780 3239 Rhea.

348 3192 401 3242 ΞΣ
427 3191 609 3239 I’utres
625 3187 780 3239 Rhea.

322 3248 400 3312 (33
432 3252 639 3301 Defendi
663 3249 816 3301 Rhea.
841 3251 962 3301 Jun.
987 3248 1184 3301 mavult.
1212 3248 1444 3312 defendi?

351 3313 402 3364 «il
427 3313 624 3362 Judicet
650 3322 796 3362 Fran.

323 3315 402 3493 gi)
427 3315 624 3362 Judicet
650 3322 796 3362 Fran.
848 3370 860 3381 .

347 3380 400 3438 5)
426 3376 721 3425 Patientiam
754 3374 910 3424 Latm.

348 3442 400 3492 6)
430 3438 663 3488 Incusare
688 3435 840 3487 Rhea.

348 3435 400 3492 6i
430 3438 663 3488 Incusare
688 3435 840 3487 Rhea.

324 3502 402 3566 (7)
429 3500 766 3552 Consueverat
790 3495 943 3550 Rhea.

2053 3127 2105 3196 β)
2131 3130 2336 3196 inventa
2357 3126 2506 3196 Rhea:

2052 3183 2104 3249 9')
2127 3191 2388 3254 Operatio.
2416 3188 2526 3238 Mali
2546 3186 2841 3254 distinguunt
2865 3183 2966 3236 alit.

2042 3253 2142 3320 (ID)
2176 3253 2512 3320 ljxuberantia
2537 3251 2710 3320 Ifarisl
2939 3291 2946 3297 .

2067 3315 2143 3365 Ill
2182 3315 2438 3364 Patientia
2463 3315 2618 3362 Latia.

2067 3319 2115 3365 II
2182 3319 2438 3364 Patientia
2463 3319 2618 3362 Latia.

2064 3319 2143 3435 12;
2165 3377 2424 3426 Patientiae
2449 3385 2596 3424 Fran.
2622 3373 2778 3425 Paris.

2035 3437 2139 3504 (15)
2169 3439 2262 3504 Qui
2288 3441 2490 3504 insuper
2519 3445 2630 3488 Jun.

2039 3499 2085 3563 (ι
2100 3499 2138 3566 6]
2170 3501 2332 3551 Decet
2356 3499 2513 3550 Latin.

1641 3604 2202 3666 COMMENTARIUS.

334 3719 414 3788 (al
459 3719 518 3774 Si
545 3718 760 3790 fastiditi
783 3727 928 3790 ante,
940 3719 1004 3790 in
1021 3715 1237 3790 fastidio
1267 3715 1472 3790 ultionis
1501 3733 1602 3790 non
1627 3719 1856 3774 erimus?

259 3789 354 3846 Sic
385 3788 582 3862 legitur
611 3791 661 3845 in
693 3790 879 3845 codice
909 3789 1111 3862 Ursini.
1133 3789 1254 3862 Alii,
1281 3788 1342 3862 Si
1363 3789 1746 3862 fastidientesin
1776 3793 1857 3860 fa-

258 3864 416 3917 stidio
445 3859 656 3916 ultionis
683 3879 780 3915 non
805 3862 1010 3924 erimus,
1045 3859 1388 3928 frigidissime
1444 3874 1624 3915 sensu.
1675 3859 1856 3929 Itaque

257 3931 514 4004 legimus,
559 3933 620 3988 Si
671 3933 1006 4004 fastidientent
1036 3931 1243 4004 fastidio
1267 3930 1479 4004 ultionis
1513 3934 1853 3988 aocuerimus.

257 4001 596 4064 Fastidimur
622 4004 687 4058 ah
711 4001 1044 4064 adversario,
1064 4002 1153 4071 qui
1183 4017 1280 4056 nos
1309 4002 1434 4056 odio
1468 4001 1628 4057 habet
1655 4022 1667 4056 :
1698 4021 1856 4073 quem

258 4077 304 4129 si
335 4077 573 4130 vicissim
601 4075 726 4129 odio
749 4075 1004 4130 habemus
1031 4084 1084 4128 et
1114 4073 1468 4140 fastidio,jam
1496 4073 1869 4130 fastidientem'

258 4146 652 4210 refastidimus,
676 4156 732 4201 et
759 4148 954 4200 tnalum
990 4145 1130 4199 malo
1156 4144 1518 4215 rependimus,
1544 4154 1595 4199 et
1621 4161 1856 4216 prrecep-

262 4228 376 4271 tum
410 4219 620 4273 Domini
669 4233 775 4272 non
821 4219 1189 4272 observamus.
1241 4216 1446 4270 Nocere
1497 4217 1857 4273 fastidientem

259 4289 401 4343 dixit
426 4291 528 4344 hoc
554 4292 670 4345 loco
691 4290 1000 4355 Septimius,
1028 4297 1084 4343 ut
1109 4302 1301 4343 nocere
1319 4299 1648 4355 nascentem,
1675 4288 1766 4343 lib.
1793 4290 1861 4345 de

259 4357 412 4414 Exh.
443 4361 736 4415 Castitalis.
770 4361 886 4416 lite.

337 4430 425 4501 (b)
480 4431 762 4484 Vindictam
807 4431 948 4484 mihi.
996 4429 1342 4499 Expcndatur
1406 4431 1556 4484 locus
1621 4431 1866 4497 Gregorii

258 4497 428 4571 NySs'.
459 4504 511 4556 in
539 4518 624 4571 ep.
655 4501 719 4556 ad
751 4497 1200 4565 Flaviauutn,‘ubi
1233 4503 1456 4570 loquens
1479 4501 1543 4554 de
1571 4501 1760 4568 injuria
1791 4503 1863 4555 si-

260 4568 326 4626 bi
350 4570 516 4638 facta,
547 4568 668 4628 cum
700 4573 1018 4640 prmtniserit
1055 4568 1731 4626 nonessecondouaudam
1763 4588 1857 4642 pe-
1886 4568 1940 4628 D

261 4643 549 4700 tulantiam
582 4645 798 4707 inimici,
833 4645 938 4697 itno
970 4641 1369 4707 deprimendam
1406 4643 1522 4711 ejus
1553 4641 1860 4712 superbiant

261 4717 736 4786 coercendumqne
767 4715 978 4770 inanem
1010 4713 1151 4768 illius
1179 4712 1369 4786 fastum
1397 4729 1410 4766 :
1446 4713 1582 4768 Cum
1614 4717 1746 4786 lliBC,
1777 4715 1860 4786 in-

261 4799 428 4854 quam
464 4785 804 4858 praemiserit,
840 4787 906 4840 ita
937 4785 1372 4858 utilectoripossit
1397 4794 1585 4858 putare
1615 4785 1664 4858 in
1689 4785 1865 4840 vindi-

263 4866 410 4928 ctam
441 4856 523 4914 sui
570 4859 930 4928 aspiraturum
984 4857 1320 4926 Gregorium,
1369 4857 1582 4927 egregie
1624 4856 1862 4927 legentes

265 4923 406 4981 fallit
437 4923 725 5000 subjicicns
755 4945 767 4982 ε
801 4936 924 4990 ὅπως
956 4929 994 4981 δ’
1015 4923 1274 5000 άνγῆξνοιτο
1304 4923 1622 5000 θεὸς-μελ-ησιι
1643 4945 1656 4993 ;
1681 4923 1740 4982 ἱιι
1765 4945 1860 4983 au-

267 5004 369 5068 tem
401 5001 455 5053 id
485 4999 592 5068 ﬁat,
640 5001 747 5055 Deo
773 5004 865 5055 erit
890 5016 1042 5055 curre.
1082 4999 1136 5054 Id
1165 5009 1266 5065 est,
1317 4999 1508 5068 injuria
1549 5000 1676 5054 mihi
1729 5001 1863 5054 facta

269 5064 443 5124 Deum
479 5064 641 5128 habet
682 5073 940 5138 ultorem;
996 5071 1067 5127 illi
1117 5064 1383 5141 permitto
1407 5071 1496 5140 qui
1543 5086 1689 5126 meas
1722 5071 1870 5126 audit

267 5143 546 5207 querelas.
579 5145 708 5199 luto.

344 5210 426 5284 (e)
469 5214 665 5270 Tamen
707 5215 986 5284 iudicantis
1025 5213 1395 5284 impatientiam
1424 5213 1574 5267 cavit.
1623 5212 1733 5266 Hoc
1765 5222 1867 5279 est,

270 5278 524 5357 adhibuit
554 5278 1262 5357 impatientiamjudicantis,
1287 5285 1769 5357 seujpersequentis
1793 5278 1870 5338 in?-

267 5353 471 5432 juriam
501 5353 722 5428 judicio.
749 5357 907 5432 _Ca_vit
937 5353 1320 5432 impatientiam
1351 5353 1869 5432 injurizciactionem

272 5425 392 5489 eius
424 5425 710 5499 aggressus
742 5428 943 5497 judicio
964 5469 976 5491 ,
1014 5425 1116 5482 etsi
1157 5443 1260 5481 non
1289 5426 1510 5497 peregit.
1539 5425 1723 5499 Cavit,
1759 5440 1874 5480 tan-

271 5504 436 5567 quam
463 5498 852 5567 periclitarclnr
875 5501 1106 5567 reposita
1136 5498 1275 5566 apud
1311 5499 1471 5551 Deum
1497 5498 1668 5562 ultio;
1701 5513 1869 5566 caque

273 5566 530 5637 C_:tutione
555 5572 814 5626 honorem
845 5566 1228 5637 niticijudicis,
1265 5569 1315 5623 id
1361 5578 1443 5624 est
1475 5569 1585 5629 Dei,
1617 5569 1855 5624 abstulit.

273 5632 895 5712 Cavereimpatientiam
918 5632 1052 5696 dixit
1083 5641 1443 5712 :I‘ertullianus
1477 5639 1662 5712 eadem
1698 5641 1866 5712 forma

273 5708 672 5782 g'ua_UIpianus
708 5724 761 5767 et
784 5712 1041 5777 Scmvola,
1070 5709 1272 5782 Cavere
1301 5710 1736 5782 chirographum,
1769 5710 1863 5765 lib.

273 5769 353 5848 _V;
389 5778 452 5834 D.
483 5769 846 5848 Commodati,
875 5793 928 5838 et
957 5769 1047 5837 lib.
1083 5781 1372 5837 LXXXIX.
1421 5769 1495 5838 n‘é
1522 5769 1680 5837 solut.
1714 5769 1767 5836 et
1799 5782 1864 5836 Ii-

272 5839 389 5900 ber.
413 5856 562 5921 quod
592 5866 696 5926 est,
725 5839 925 5914 Carere
950 5871 1044 5925 per
1073 5854 1508 5925 chirographum.
1540 5854 1630 5910 Sic
1677 5868 1866 5910 cavere

1961 3723 2372 3793 impatientiam,
2424 3722 2695 3793 hocpest,
2741 3719 2946 3777 Cavere
3002 3735 3096 3790 per
3149 3719 3562 3793 impatientiam,

1962 3791 2269 3865 prOSpicere
2310 3795 2410 3849 sibi
2462 3792 2719 3849 ultionem
2766 3808 2861 3864 per
2905 3793 3292 3864 impatientiam
3323 3791 3558 3916 ἱᾶίιιτίιη.

3384 3878 3453 3916 tc.

3384 3878 3453 3918 IG.

2036 3936 2118 4009 (d)
2162 3935 2187 3991 1
2194 3937 2416 3991 natantia
2441 3938 2549 4008 ejus
2571 3936 2790 3991 deterior
2829 3940 2964 4009 facta
2986 3944 3057 3990 est
3088 3935 3282 4009 caussis
3321 3935 3447 3987 suis.
3474 3930 3563 3986 In-

1965 4007 2105 4063 stitit
2131 4011 2307 4064 acrius
2331 4018 2387 4064 et
2412 4007 2657 4078 aSperius
2679 4024 2855 4078 aequo.
2884 4007 2999 4061 Non
3032 4007 3427 4078 suberaticaus_:t
3455 4013 3560 4078 tam

1965 4095 2123 4134 saeva:
2148 4091 2363 4149 tamque
2387 4075 2583 4134 atrocis
2617 4090 2707 4132 aut
2733 4075 3019 4147 pertinacis
3051 4077 3340 4132 instantia}.
3372 4075 3566 4146 Exegit

1962 4151 2084 4222 plus
2103 4167 2262 4221 quam
2290 4151 2374 4207 lex
2397 4151 2500 4206 ulla
2527 4150 2697 4206 dolori
2730 4151 3012 4205 concessit.
3044 4149 3164 4204 Illo.

1969 4265 1974 4267 -
2040 4241 2119 4315 (e)
2153 4243 2661 4315 Quodsipatientiaz
2688 4241 2955 4315 incubabo.
2977 4239 3236 4315 Incubare
3263 4237 3560 4309 proindor-

1968 4313 2124 4379 mire,
2149 4313 2499 4368 translatione
2525 4323 2732 4382 sumpta
2763 4329 2790 4365 a
2816 4313 2974 4367 rebus
3000 4313 3161 4377 caris,
3190 4327 3323 4381 quas
3351 4327 3416 4365 ne
3439 4325 3562 4378 per-

1969 4384 2181 4449 damus,
2212 4384 2372 4439 eliam
2405 4400 2527 4438 cum
2555 4385 2855 4447 dorminus,
2886 4385 3040 4438 nobis
3069 4383 3422 4452 supponimus
3444 4396 3564 4452 cus—

1974 4456 2134 4510 todia:
2163 4470 2378 4527 caussa.
2403 4454 2722 4527 Cyprianus,
2754 4458 2820 4510 de
2848 4456 3116 4527 Electnos.
3142 4451 3184 4507 ':’
3212 4451 3566 4527 Quid_divitiis

1975 4528 2076 4579 tuis
2096 4525 2218 4581 solis
2261 4521 2510 4581 iacebas?
2555 4528 2632 4581 sic
2665 4528 2715 4580 in
2749 4527 2885 4582 libro
2913 4526 2980 4581 de
3010 4525 3312 4594 Pracscript.
3345 4521 3560 4578 Tertul-

1969 4597 2163 4661 lianus,
2195 4607 2250 4652 et
2287 4597 2354 4653 de
2383 4597 2690 4653 Resurrcct.
2717 4603 2916 4655 carnis.
2955 4598 3128 4651 lines.

2036 4688 2190 4744 CAP.
2232 4688 2322 4743 XI.
2357 4720 2426 4730 -—-
2451 4686 2518 4760 (l')
2539 4688 2664 4743 Lata
2688 4700 2836 4758 atque
2861 4686 3050 4754 di/fusa
3075 4683 3395 4760 es_t_oper_atio
3417 4683 3560 4760 milli.

1965 4758 2054 4815 Sic
2112 4760 2204 4814 lib.
2255 4760 2320 4814 de
2369 4754 2582 4823 Ido‘lol..
2638 4754 2762 4829 cap.
2790 4760 3029 4829 2.,dixit
3062 4775 3086 4829 :7
3111 4755 3232 4810 Non
3281 4754 3560 4829 inmodico

1965 4832 2234 4884 consistere
2279 4831 2467 4886 diaboli
2517 4825 2770 4903 ingenium
2798 4873 2812 4894 ,
2872 4837 2926 4884 et
2981 4828 3284 4882 christianos
3323 4825 3564 4879 adversus

1965 4903 2153 4957 diaboli
2181 4903 2471 4957 latitudines
2499 4903 2703 4957 muniri.
2732 4903 2851 4958 lito.

2044 4994 2125 5066 (g)
2169 4993 2251 5049 lbi
2275 4997 2604 5050 necessarior.
2637 4993 3077 5066 Comparalivum
3100 4990 3429 5066 inusitatum.
3458 4988 3561 5066 _Sic

1974 5061 2314 5123 necessarius
2366 5067 2499 5121 dixit
2535 5068 2584 5120 in
2641 5061 2850 5128 neutro,
2911 5065 3004 5119 Iib.
3048 5063 3113 5117 de
3145 5062 3316 5116 Carne
3347 5061 3568 5116 Christi.

1978 5139 2162 5206 Quasi,
2196 5139 2384 5207 inquit,
2413 5137 2722 5191 necessarius
2744 5133 2938 5204 aliquid
2966 5132 3240 5207 a/Ierrent.
3267 5133 3442 5207 Rana.

2053 5202 2154 5281 (lt)
2175 5202 2281 5265 Cui.
2296 5202 2536 5278 dignatur
2557 5207 2724 5262 irasci.
2751 5202 3049 5281 Priuclare;
3080 5219 3201 5258 nam
3231 5205 3331 5281 ira;
3373 5203 3464 5281 Dei
3511 5202 3563 5258 itt

1979 5274 2080 5336 nos
2109 5274 2405 5350 procedunt
2444 5296 2510 5334 ex
2538 5295 2682 5350 mera
2714 5279 2830 5350 ejus
2856 5277 3160 5350 dignatione
3183 5285 3235 5329 et
3262 5274 3566 5350 misericor-

1978 5345 2550 5421 diafutcorrigamur.
2587 5345 2983 5421 Uxor'Julia'ni
3036 5349 3326 5421 Apostatre,
3381 5345 3466 5415 pia
3513 5354 3570 5399 et

1980 5432 2164 5479 sancta
2207 5418 2446 5488 Mamilia,
2475 5437 2596 5476 cum
2630 5419 2834 5478 videret
2862 5419 3080 5489 impium
3132 5418 3407 5489 maritumi
3442 5431 3572 5484 snp-

1976 5495 2136 5564 plicio
2157 5492 2458 5564 atl‘ectunia
2490 5491 2855 5554 Deo,dixitilli
2878 5488 3036 5545 ut'cst
3065 5489 3201 5558 apud
3228 5488 3567 5553 Thcodorit.,

1975 5562 2068 5619 Ill).
2098 5563 2187 5628 ΙΙΙ,
2223 5579 2340 5634 cap.
2373 5562 2460 5617 19..
2510 5567 2612 5619 οὐδὲ
2637 5571 2732 5634 γὰρ
2759 5566 2818 5616 ἂν
2842 5570 2976 5629 ἔγνως
3004 5569 3074 5620 τίς
3100 5565 3126 5614 ὁ
3153 5567 3289 5631 παρά.
3320 5583 3403 5614 σου
3430 5567 3572 5614 πολιαι

1970 5643 2215 5705 μοῦμενος,
2249 5639 2288 5688 si
2317 5649 2375 5708 τῇ
2399 5645 2584 5695 συνηϐει
2623 5639 3249 5708 μιιρεθυμίεςνχρησᾷμενος
3291 5635 3468 5690 causa;
3497 5651 3570 5687 ear

1970 5704 2220 5769 θεηλάτους
2247 5704 2428 5776 ninia“
2473 5711 2550 5761 οὒκ.
2589 5704 2849 5777 hepatia;
2885 5705 3046 5758 Plane
3092 5704 3377 5777 ignorasses
3419 5717 3565 5777 quem

1971 5779 2297 5849 appugnasti,
2323 5772 2421 5831 nisi
2451 5787 2590 5832 sueta
2612 5772 2706 5832 sua
2736 5779 2939 5833 lenitate
2971 5791 3092 5831 usus
3111 5778 3201 5830 ha:
3232 5775 3411 5845 plagas
3432 5772 3566 5827 divi-

1971 5850 2106 5904 nitus
2137 5849 2222 5904 tibi
2243 5849 2528 5919 inﬂixisset.
2573 5849 2702 5904 Lsc.
