2008 3326
232 121 303 150 1267

939 121 1171 151 TERTULLIANI

1820 123 1898 152 1268

230 182 323 214 sitliis,
338 185 382 209 attt
395 179 621 208 admonitionibus
631 179 736 208 Domini
746 179 889 208 intervenit
900 180 939 216 (a)
954 188 1030 213 usus,
1045 182 1070 211 Α
1084 180 1151 215 apud
1165 181 1250 208 altare
1262 179 1399 216 perﬁciet,
1415 180 1465 208 nisi
1488 180 1561 215 prius
1581 180 1780 209 reconciliando
1814 181 1897 210 fratri

230 229 289 262 ejus
319 227 399 255 ofﬁcii
425 234 520 262 magna
548 234 667 260 merces,
687 225 799 254 felicitas
821 226 933 255 scilicet.
958 227 1032 260 Quos

230 274 301 301 cuitu
317 273 410 301 felices
422 273 551 301 Dominus
563 293 570 306 ,
584 273 635 301 nisi
652 273 783 308 patientes
792 273 972 309 nuncupavit,
988 273 1031 301 di-

229 321 315 349 cendo
331 330 337 348 :
354 321 425 349 Beati
436 329 560 357 pauperes
570 321 671 356 spiritu,
684 320 788 348 illorum
800 325 836 348 est
851 321 917 347 enim
926 328 1032 357 regnum

228 369 349 396 caelorum
367 367 486 405 (t‘la‘fhu,
498 366 556 403 V.)?
575 366 670 395 Nullus
683 366 803 402 profecto
811 367 905 402 spiritu
919 374 1029 402 pauper,

230 415 282 443 nisi
296 415 417 447 humilis;
425 414 486 450 quis
498 414 571 442 enim
585 413 703 447 humilis,
718 413 769 441 nisi
781 414 901 449 patiens?
911 414 973 449 quia
983 421 1030 442 ne-

230 470 275 490 mo
298 461 433 497 subjicere
443 469 504 490 sese
524 466 627 497 potest,
647 461 706 489 sine
720 461 804 496 prima
824 460 950 495 patientia
966 460 1030 487 sub-

225 510 353 545 jectioois
372 510 466 545 ipsius.
481 509 574 542 Beati,
591 509 693 544 inquit,
708 510 798 544 flentes
811 513 885 544 atque
904 509 1027 545 lugentes.

227 557 293 591 Quis
304 557 367 585 talia
378 556 437 584 sine
450 555 577 591 patientia
599 555 716 583 tolerat?
729 554 820 590 Itaque
834 555 930 583 talibus
943 560 969 582 et
981 555 1030 582 ad-

229 604 336 632 vocatio
356 603 394 639 (ι)
406 607 434 630 et
447 603 517 630 risus
525 602 700 637 promittitur.
715 601 787 628 Beati
798 601 880 629 mites.
896 601 953 629 Hoc
966 601 1028 637 qni-

227 650 288 678 dem
301 648 430 677 vocabulo
450 649 618 683 impatientes
643 656 696 675 non
711 648 771 675 licet
780 648 890 675 omnino
911 647 1027 676 censeri.

227 697 293 724 Item
307 703 368 723 cum
383 694 508 730 paciﬁcos
524 694 619 722 eodem
644 694 720 721 titulo
738 693 872 722 fclicitatis
892 697 981 727 notat,
1001 698 1029 721 et

227 742 298 770 ﬁlios
319 742 365 769 Dei
381 744 535 775 nuncupat,
550 740 678 775 numquid
695 739 864 774 impatientes
881 740 953 774 pacis
968 739 1029 767 afﬁ-

228 787 414 816 nes?StuItus
440 785 492 814 hoc
505 786 545 822 (I)
558 785 683 817 senserit.
695 785 760 813 Cum
782 793 863 819 vero,
879 785 987 821 gaudete
1007 790 1030 813 et

227 835 352 867 exultate,
373 834 449 868 dicit,
462 834 576 870 quotiens
600 841 643 860 vos
662 832 812 871 maledicam
833 837 856 859 et
879 840 1030 867 persequen-

225 887 267 910 tur
276 904 284 916 ,
299 890 393 910 merces
403 882 470 910 enim
485 886 567 909 vestra
578 881 689 916 plurima
702 880 728 907 in
740 879 819 913 ctelo;
834 879 860 907 id
874 879 964 915 utique
978 887 1031 907 non

226 929 399 957 exultationis
419 928 593 963 impatientia:
607 926 763 963 pollicetur,
779 926 840 961 quia
855 933 934 954 nemo
946 925 973 953 in
985 925 1033 953 ad—

226 975 312 1004 versis
326 975 455 1003 exultavit
471 974 510 1010 (2)
522 994 530 1007 ,
545 974 595 1001 nisi
606 978 668 1001 ante
683 980 714 1001 ea
727 972 936 1008 contempserit;
953 979 1032 999 nemo

225 1026 414 1055 contemnet“
422 1020 473 1049 nisi
491 1020 643 1056 patientiam
658 1019 781 1055 gesserit.

531 1066 645 1096 CAPUT
676 1066 734 1094 XII.

261 1114 339 1149 Quod
350 1114 384 1142 od
398 1114 469 1150 pacis
481 1113 641 1149 gratissimae
653 1113 708 1141 Deo
722 1113 817 1141 attinet
839 1112 1009 1148 disciplinam
1018 1132 1025 1141 .

211 1152 287 1197 \quis
309 1161 419 1190 omnino
439 1159 612 1195 impatientia:
631 1163 710 1187 natus
734 1159 774 1188 vel
798 1160 882 1188 semel
907 1159 1029 1193 ignoscet

226 1208 267 1244 (3)
287 1208 362 1237 fratri
375 1216 426 1236 suo
454 1208 519 1243 (non
532 1207 619 1235 dicam
637 1207 752 1242 septies,
768 1206 815 1234 sed
824 1211 850 1234 et
864 1205 905 1242 (4)
919 1211 1028 1242 septua-

227 1256 286 1291 gics
298 1255 399 1290 septies
414 1254 423 1289 (
436 1253 544 1286 Matth.,
554 1252 672 1288 XVIII)?
684 1252 744 1288 quis
756 1252 887 1288 judicium
911 1251 952 1289 (5)
966 1259 1028 1280 cum

226 1301 381 1329 adversario
411 1307 461 1328 suo
492 1300 622 1335 dirigens,
647 1298 659 1335 (
682 1298 759 1332 Luc.,
787 1298 832 1331 VI;
850 1298 956 1332 Matth.,
976 1297 1025 1334 V),

232 1348 369 1382 negotium
392 1347 579 1374 convenientia
604 1345 642 1382 (ε)
669 1346 765 1378 solvet,
780 1345 831 1373 nisi
853 1345 928 1380 prius
943 1345 1026 1373 animi

226 1394 358 1426 dolorem,
367 1393 504 1426 duritiam,
516 1391 733 1423 amaritudinem.
750 1398 852 1419 venena
864 1391 965 1421 Scilicet
977 1391 1027 1418 im-

227 1440 363 1477 patientiae
373 1439 536 1476 amputarit?
546 1439 687 1473 Quomodo
698 1439 829 1472 remittes,
841 1442 868 1466 et
876 1438 1027 1466 remittetur

227 1488 285 1520 tibi,
298 1487 320 1515 si
333 1492 412 1515 tenax
427 1487 530 1522 injuriae
553 1494 601 1522 per
616 1485 764 1514 absentiam
779 1484 914 1520 patientize
925 1484 1027 1512 fueris?

1085 235 1210 255 reversus
1235 227 1268 254 ad
1293 227 1447 262 patientiam
1463 226 1553 255 fuerit.
1569 227 1615 255 Sol
1639 235 1719 262 super
1734 229 1804 256 iram
1827 236 1898 257 nos-

1084 278 1151 301 tram
1167 273 1189 301 si
1202 273 1339 311 occiderit,
1357 273 1548 308 periclitamur.
1565 273 1623 301 Non
1646 274 1710 302 licet
1732 275 1814 302 nobis
1839 283 1897 302 una

1083 320 1127 348 die
1141 321 1199 348 sine
1214 320 1341 355 patientia
1363 327 1480 348 manere.
1497 320 1602 348 Atenim
1616 328 1677 348 cum
1697 328 1811 349 omnem
1829 328 1897 356 spe-

1083 368 1151 395 ciem
1167 367 1295 403 salutaris
1308 367 1456 402 disciplinas
1469 367 1598 402 gubernet
1622 367 1718 404 (Epiu,
1734 367 1810 404 IV.),
1826 368 1897 404 quid

1084 414 1181 442 mirum
1195 414 1266 450 quod
1278 414 1362 442 etiam
1384 414 1549 449 pteuitentia:
1561 414 1715 448 ministrat,
1726 415 1821 443 solitae
1835 416 1897 451 lap-

1081 462 1119 490 sis
1132 461 1284 495 subvenire,
1296 469 1373 494 cum,
1387 461 1521 496 disjuncto
1542 461 1727 496 matrimonio,
1740 469 1776 490 ex
1799 470 1836 491 ea
1853 468 1897 490 ta-

1081 516 1143 536 men
1157 515 1236 536 causa
1247 529 1254 540 ,
1268 516 1320 543 qua
1336 508 1398 536 licet
1410 508 1455 536 feu
1465 508 1536 542 viro,
1554 515 1603 537 seu
1616 508 1735 537 fcemina:
1748 510 1784 537 ad
1798 510 1896 537 vidui-

1082 556 1143 584 tatis
1162 555 1389 591 perseverantiatn
1411 555 1557 589 sustineri,
1583 555 1641 584 htec
1665 561 1807 592 exspectat
1838 556 1894 592 (ἀ),

1082 603 1140 630 Iure
1152 606 1276 637 exoptat,
1292 602 1349 630 lucc
1371 606 1464 630 exorat
1487 602 1528 639 (6)
1550 602 1735 637 paenitentiam
1765 603 1897 638 quando-

1080 657 1133 685 que
1162 649 1266 677 inituris
1303 649 1426 677 salutem.
1466 649 1601 682 Quantum
1620 649 1661 686 (7)
1684 650 1747 678 boui
1782 651 1897 686 utrique

1079 696 1201 725 confert!
1215 697 1327 724 alterum
1342 704 1394 724 non
1405 696 1555 724 adulterum
1571 696 1612 732 (8)
1625 696 1687 725 facit
1709 696 1757 734 (ε),
1773 698 1897 725 alterum

1081 744 1217 771 emendat.
1230 743 1275 771 Sic
1283 747 1309 771 et
1317 743 1367 770 illis
1377 742 1570 771 dominicarum
1580 743 1789 772 similitudinum
1796 752 1896 773 exem-

1082 790 1134 825 plis
1147 790 1181 817 de
1199 789 1325 825 patientia
1340 789 1440 817 sanctis
1457 789 1542 817 adest.
1563 789 1713 818 Erroneam
1735 798 1817 818 ovem
1847 799 1896 826 pa-

1085 837 1175 865 tientia
1188 836 1302 872 pastoris
1322 835 1358 873 (f)
1379 836 1490 871 requirit
1502 837 1649 865 etinvenit.
1663 837 1730 865 Nam
1741 838 1895 873 impatien-

1046 871 1070 901 Β
1086 884 1120 911 tia
1132 891 1211 910 unam
1227 882 1304 910 facile
1319 871 1511 910 contemneret.
1528 882 1580 910 Sed
1596 883 1715 911 laborem
1731 871 1896 920 inquisitio-

1085 929 1128 957 nis
1155 928 1282 963 patientia
1300 927 1430 963 suscipit,
1457 932 1485 955 et
1504 928 1623 956 humeris
1640 929 1750 964 insuper
1776 930 1896 958 advehit

1085 975 1191 1010 bajulns
1217 974 1321 1009 patiens
1341 973 1518 1009 peccatricem
1539 974 1707 1003 derelictam.
1721 975 1801 1003 Illum
1823 984 1895 1011 quo-

1085 1028 1138 1056 que
1161 1019 1298 1056 prodigum
1322 1019 1406 1047 ﬁlium
1428 1019 1553 1054 patientia
1574 1020 1658 1054 patris
1679 1025 1706 1049 et
1725 1022 1840 1056 recipit,
1864 1027 1894 1050 et

1084 1068 1178 1101 vestit,
1192 1072 1219 1095 et
1243 1068 1344 1102 pascit,
1361 1066 1468 1101 etapud
1491 1067 1682 1102 impatientiam
1709 1068 1769 1097 irati
1797 1069 1893 1097 fratris

1080 1119 1200 1143 excusat.
1217 1113 1311 1141 Salvus
1334 1117 1376 1140 est
1397 1112 1478 1147 igitur
1490 1113 1535 1147 qui
1563 1113 1694 1147 perierat,
1710 1114 1773 1149 quia
1799 1116 1892 1149 peni-

1081 1161 1191 1189 tentiam
1216 1160 1284 1187 iniit.
1306 1159 1465 1187 Ptenitentia
1479 1166 1531 1186 non
1545 1160 1613 1194 perit
1628 1159 1681 1196 (9),
1695 1160 1757 1195 quia
1780 1162 1891 1196 patien-

1081 1208 1145 1235 tiam
1160 1206 1272 1234 invenit.
1294 1205 1333 1242 (g)
1354 1205 1420 1233 Nam
1431 1205 1539 1233 dilectio
1556 1213 1690 1233 summum
1706 1206 1768 1235 ﬁdei
1790 1214 1884 1235 sacra-

1082 1257 1218 1286 mentum,
1231 1252 1378 1281 Christiaui
1394 1251 1509 1279 nominis
1522 1251 1679 1286 thesaurus,
1697 1260 1779 1287 quam
1798 1254 1889 1289 Apos-

1082 1300 1152 1328 tolus
1168 1299 1230 1327 totis
1244 1298 1347 1327 viribus
1364 1297 1456 1326 Sancti
1476 1297 1591 1333 Spiritus
1602 1298 1792 1333 commendat,
1810 1300 1889 1334 cujus

1079 1346 1130 1373 nisi
1144 1345 1279 1381 patientia:
1296 1344 1445 1380 disciplinis
1463 1343 1603 1372 eruditur?
1625 1344 1731 1373 Dilectio
1742 1367 1751 1379 ,
1780 1346 1886 1382 inquit,

1078 1393 1247 1428 magnanimis
1270 1392 1310 1429 (lt)
1336 1397 1382 1419 est.
1407 1390 1445 1419 Ita
1471 1392 1626 1426 patientiam
1646 1392 1739 1420 sumit.
1766 1392 1886 1427 Beniﬁm

1078 1445 1131 1471 est;
1154 1440 1254 1466 malum
1287 1438 1413 1474 patientia
1444 1445 1495 1465 non
1510 1437 1583 1466 facit.
1607 1438 1669 1465 Non
1682 1440 1841 1471 tumulatur;
1858 1440 1883 1467 id

1078 1486 1183 1521 quidem
1199 1485 1333 1520 patientia:
1348 1484 1483 1521 proprium
1499 1490 1549 1512 est.
1563 1485 1619 1512 Νιτ
1632 1490 1777 1520 protervum
1796 1488 1885 1523 sapit,-

226 1535 311 1564 Nemo
334 1534 478 1562 convulsus
496 1533 615 1562 animum
640 1533 667 1560 in
690 1531 800 1560 fratrem
824 1539 903 1559 suum
927 1539 1026 1559 munus
1038 1528 1061 1559 C
1079 1531 1236 1560 modestiam
1252 1532 1285 1559 dc
1300 1530 1425 1566 patientia
1439 1531 1526 1558 traxit.
1549 1532 1610 1559 Non
1623 1532 1742 1567 inﬂatur,
1759 1541 1812 1561 non
1828 1542 1887 1568 pro-

854 1600 999 1629 LECTION
1004 1599 1043 1629 ES
1062 1599 1266 1629 VARIANTES.

273 1676 296 1702 tl
308 1676 366 1701 Haec
379 1681 454 1701 Frtm.
466 1673 535 1700 Paris
547 1675 593 1700 hoc
604 1679 661 1700 Jun.
675 1672 774 1699 mavult.

271 1707 296 1733 2i
310 1708 433 1733 Exultabit
444 1712 519 1732 Fran,
532 1707 611 1732 Paris.

272 1738 295 1771 5)
312 1739 424 1771 Ignoscit
431 1738 507 1764 Rhen.

270 1757 295 1796 ii
309 1757 523 1796 Wiwﬁiiof'iiih.

268 1800 294 1834 5)
303 1802 364 1832 Quis
370 1801 479 1834 judicent
496 1800 572 1827 Rhea.

1125 1669 1150 1697 6)
1162 1671 1223 1697 Haec
1235 1670 1380 1695 exhortatur
1392 1669 1476 1697 Paris.

1125 1702 1150 1733 7)
1163 1702 1274 1727 Salutem
1283 1702 1295 1726 ?
1306 1706 1422 1733 quantum
1432 1706 1481 1728 etc.
1490 1707 1546 1728 Jtm.

1123 1733 1149 1764 8)
1161 1733 1306 1758 Adulterum
1318 1740 1367 1758 non
1379 1738 1453 1759 Ft'mt.
1464 1734 1545 1760 Puris.
1558 1739 1614 1761 Jwt.

1123 1765 1149 1797 9)
1162 1765 1307 1791 renitentia
1316 1771 1364 1790 non
1384 1766 1466 1796 periit.
1479 1770 1536 1791 Jun.

921 1862 1202 1892 COMMENTARIUS.

266 1925 306 1961 (a)
315 1925 366 1952 Aut
380 1922 595 1961 admonitionibus
606 1921 709 1961 Domini
721 1920 865 1961 interuenit.
877 1921 1026 1961 Interveni-

230 1957 440 1989 mtis'erroribus
453 1959 552 1986 nostris
565 1963 610 1985 aut
625 1957 688 1984 mali
704 1957 817 1990 insidiis,
832 1965 892 1984 cum
907 1965 956 1984 nos
972 1957 1026 1984 illis

230 1997 401 2032 opponimus,
410 2002 461 2023 non
471 1993 672 2032 consentiendi),
683 1993 730 2032 sed
739 1992 866 2032 evitando
874 1994 970 2032 potius.
980 1993 1026 2032 Sic

232 2028 295 2060 oliiu
322 2031 442 2058 tribunus
464 2028 707 2057 senatusconsultis
722 2028 914 2056 intercedebat.
933 2029 966 2055 At
979 2029 1026 2055 ad-

231 2067 423 2095 monitionibus
436 2066 542 2093 Domini
554 2064 756 2097 intervenimus.
767 2071 828 2097 cum
839 2064 892 2092 illis
905 2064 1027 2100 obsequi-

229 2111 299 2130 tuur.
317 2103 405 2130 linea.

262 2138 304 2175 (b)
311 2138 417 2165 Talibus
427 2137 558 2175 advocatio
574 2141 598 2164 et
611 2136 677 2175 risus
692 2136 856 2175 promittitur.
867 2135 1026 2175 Ad‘vocatio,

227 2172 402 2211 «spatiosis,
417 2210 420 2211 ν
435 2173 593 2211 consolatio.
632 2172 677 2211 Sic
700 2180 773 2200 uoces
793 2172 977 2211 aduocationis,
999 2172 1026 2200 id

225 2208 277 2243 est,
291 2209 495 2238 consolationis.
516 2208 647 2235 Adoocare
663 2209 821 2244 languentes,
836 2208 863 2235 id
876 2213 917 2235 est
930 2215 1026 2236 conso-

226 2247 274 2274 lari
290 2244 462 2281 aegrotantes.
479 2244 623 2271 Advocator
637 2252 790 2280 pauperum,
804 2244 831 2272 id
843 2250 885 2272 est
902 2244 1025 2272 consola-

224 2288 276 2310 tor.
294 2283 354 2311 ittc.
979 2308 982 2311 »

259 2317 336 2346 CAP.
352 2317 411 2346 XII.
424 2332 459 2337 —
471 2316 509 2353 (ε)
523 2315 661 2353 Negotium
676 2315 849 2353 convenientia
867 2316 955 2343 solvet.
966 2315 1023 2344 [Ioc

224 2359 277 2386 est.
300 2351 488 2385 conventione,
500 2351 580 2388 pacto
594 2351 737 2388 amicabili.
755 2351 814 2379 Rto.

259 2389 298 2425 (d)
317 2388 378 2417 Ηωε
394 2386 510 2423 exoptat;
521 2389 575 2415 lues
588 2392 686 2414 exorat.
711 2386 844 2425 Patientia
859 2395 912 2416 non
933 2388 1022 2416 solum

221 2423 359 2460 exSpectat
370 2429 450 2460 atque
463 2428 582 2460 exoptat,
600 2430 694 2450 verum
704 2423 940 2460 etiamextorquet
962 2431 1021 2458 pa:-

222 2458 372 2493 nitentiam,
398 2458 449 2487 lioc
467 2465 508 2488 est
519 2459 590 2494 cogit
610 2465 657 2486 eos
679 2465 747 2494 quos
776 2458 815 2485 sic
833 2459 1021 2493 atquanitnitet‘

222 2467 372 2493 nttenttam,
399 2467 449 2487 uoc
467 2467 590 2494 e5tcogtt
610 2467 657 2486 eos
677 2467 747 2521 gues
776 2467 815 2485 ste
833 2467 1017 2493 tequannuttet

221 2497 327 2530 tolerat,
344 2496 377 2524 ad
393 2495 576 2533 paenitentiam
591 2494 674 2533 faciei]
685 2502 749 2533 ἐξω,
766 2497 795 2533 ut
815 2494 1017 2533 :tliqua_ndo_sa-

221 2532 302 2559 lutcm
316 2533 383 2559 inire
394 2529 509 2567 possint,
523 2531 556 2558 Et
569 2530 629 2567 quia
641 2529 725 2567 addit,
741 2529 918 2567 solitwrlapris
930 2530 1018 2567 subpe-

219 2569 283 2600 nire,
308 2568 380 2603 loqui
398 2565 554 2603 ‘vidclurrde
568 2566 795 2603 cltristianis,_seu
812 2565 875 2603 viris
898 2573 946 2593 seu
967 2566 1016 2603 fte-

220 2604 311 2637 ntinis,
325 2600 368 2637 qui
383 2610 412 2631 se
424 2602 540 2630 ethnicis
554 2603 581 2629 in
591 2600 763 2629 matrimonio
779 2601 954 2637 conjunguut.
968 2601 1016 2630 Hic

217 2639 360 2674 aliquando
385 2638 567 2673 contingebat,
596 2641 626 2674 ut
650 2644 721 2664 uxor
745 2637 892 2674 christiana
918 2638 1015 2666 marito

217 2672 324 2702 etltnico
339 2674 446 2702 tandem
461 2672 651 2701 continentiam
665 2672 851 2707 persuaderet,
863 2680 942 2707 quain
957 2681 1015 2701 ant-

216 2710 309 2744 plexus
324 2711 367 2738 ille
377 2709 512 2740 servabat;
523 2709 618 2735 mulier
632 2715 697 2735 vero
711 2708 894 2744 paenitentiam
903 2710 1007 2743 agebat,

212 2743 293 2781 atque
306 2747 379 2781 prius
403 2745 501 2772 factum
526 2744 651 2781 expiabat
663 2743 733 2778 apud
749 2743 908 2781 Ecclesium,
932 2745 1008 2779 juxta

212 2778 292 2808 ritum
305 2778 363 2816 ejus
379 2780 521 2816 temporis;
545 2785 624 2814 atque
639 2778 696 2816 hoc
712 2783 754 2806 est
778 2779 853 2816 quod
874 2778 1005 2814 sequitur.

1114 1921 1152 1960 (ρ)
1178 1922 1291 1949 Alterum
1320 1922 1465 1960 adulterum
1487 1931 1538 1950 non
1558 1924 1629 1959 facit.
1651 1924 1695 1952 Sic
1720 1925 1881 1960 Rhenanus,

1078 1957 1195 1985 editione
1210 1963 1361 1992 postrema;
1378 1958 1417 1985 sic
1432 1957 1578 1992 Pantelius;
1595 1960 1633 1987 sic
1650 1961 1705 1988 alii.
1720 1962 1752 1988 At
1768 1962 1794 1989 in
1811 1957 1883 1990 anti;

1077 1994 1213 2030 quissintis
1240 1994 1437 2030 exemplaribus
1460 1994 1565 2030 legitur,
1590 1995 1698 2023 alterunt
1720 1997 1754 2023 ad
1766 1997 1882 2026 alterum

1078 2037 1128 2067 non
1142 2029 1218 2067 facit;
1232 2029 1305 2067 quod
1319 2029 1351 2056 ab
1365 2030 1433 2067 ipso
1445 2029 1505 2057 esse
1528 2030 1683 2067 Tertulliani
1708 2032 1777 2067 ston
1800 2033 1882 2062 facile

1079 2064 1237 2092 adducimur
1244 2065 1365 2092 credere.
1381 2065 1527 2100 Disjuncto,
1542 2066 1677 2101 inquit,'ex
1691 2064 1786 2095 caussa
1799 2069 1881 2096 adul-

1081 2101 1141 2139 terii
1156 2100 1485 2139 matrimonio,patientia
1512 2100 1662 2139 intercedit,
1685 2111 1717 2131 ac
1731 2104 1880 2139 plurimum

1079 2136 1141 2163 boni
1162 2136 1268 2170 utrique
1293 2137 1398 2163 confert
1417 2137 1550 2165 :altcrum
1575 2146 1627 2164 nou
1651 2136 1804 2172 facitfhoc
1823 2147 1877 2172 est,

1078 2172 1231 2207 conjugem,
1247 2172 1384 2207 repudiata
1400 2173 1513 2208 c0ujuge
1527 2173 1656 2206 adultera,
1675 2183 1727 2201 ttou
1743 2175 1823 2203 mittit
1841 2177 1879 2205 ad

1078 2208 1191 2235 alterum
1205 2208 1368 2243 coniugium.
1386 2208 1430 2235 Sic
1445 2214 1487 2236 est
1509 2210 1636 2237 omnino:
1654 2210 1712 2237 Non
1728 2210 1798 2242 facit,
1822 2220 1877 2240 non

1079 2244 1171 2277 mittit,
1186 2244 1284 2271 vadere
1300 2251 1351 2270 nou
1367 2244 1440 2271 sinit.
1458 2244 1491 2272 Ut
1505 2245 1574 2272 libro
1589 2245 1622 2272 de
1637 2246 1721 2273 Pallio
1735 2255 1741 2272 :
1757 2246 1821 2279 Qua
1841 2247 1878 2274 ad

1077 2280 1151 2307 illunt
1165 2288 1197 2307 ea:
1208 2279 1290 2315 Lybiu
1305 2280 1412 2306 Ammon
1426 2281 1496 2315 facit,
1513 2281 1564 2308 hoc
1575 2286 1627 2313 est,
1642 2282 1724 2309 venit.
1740 2282 1799 2310 Ille.

1111 2315 1148 2354 (1)
1159 2315 1287 2354 Patientia
1308 2315 1424 2354 pastoris.
1444 2315 1472 2343 Id
1484 2321 1525 2344 est
1539 2316 1648 2354 Christi.
1663 2318 1707 2354 qui
1725 2323 1815 2354 pastor
1827 2326 1876 2354 pa-

1075 2351 1260 2384 tientissimus,
1274 2351 1358 2388 Ignat.
1375 2350 1452 2378 Mart.
1467 2359 1511 2387 ep.
1527 2352 1558 2379 ad
1583 2350 1750 2386 Pliiladelph.
1761 2350 1875 2388 ποιμένες

1075 2390 1223 2424 πρᾳοτήγτουρ
1235 2387 1348 2424 pastoris
1357 2388 1562 2424 mansuetissimi.
1578 2388 1658 2424 Grcg.
1674 2388 1738 2416 Naz.
1761 2387 1829 2417 orat.
1845 2391 1873 2418 f.

1074 2423 1144 2450 inter
1159 2423 1257 2450 Christi
1281 2422 1378 2456 elogia,
1392 2423 1472 2450 etiam
1487 2423 1537 2450 hoc
1548 2422 1643 2452 Itabetf
1661 2424 1704 2452 Sic
1718 2430 1744 2452 et
1757 2433 1772 2452 a
1792 2426 1874 2454 Petro

1072 2458 1203 2496 Chrysol.»
1215 2466 1304 2496 _serm.
1317 2458 1344 2486 6.
1355 2458 1475 2496 Christus
1489 2458 1586 2496 dicitur
1608 2465 1694 2494 pastor
1717 2462 1871 2496 misericors,

1072 2493 1170 2529 datque
1180 2493 1267 2521 eidem
1282 2494 1434 2527 pastoralem
1447 2493 1612 2529 disciplinam
1623 2501 1644 2522 ot
1658 2496 1795 2523 lenitatem.
1804 2493 1870 2525 Lac;

1106 2530 1147 2565 (It)
1165 2529 1272 2566 Dilectio
1286 2537 1411 2557 sumntum
1437 2530 1497 2565 ﬁdei
1521 2536 1718 2558 sacramentum.
1739 2531 1804 2566 Qum
1830 2533 1871 2561 vel

1070 2566 1126 2593 sola
1140 2565 1248 2593 exhibet
1261 2566 1286 2592 in
1299 2573 1328 2593 se
1334 2568 1463 2606 comes”.
1472 2573 1566 2595 omnes
1576 2567 1688 2595 virtutes
1698 2565 1869 2606 Christianas.

1791 2603 1852 2633 Rm.

1104 2636 1144 2672 (It)
1161 2635 1280 2670 Dilectio,
1296 2637 1387 2672 inquit,
1403 2638 1572 2672 magnanimis
1597 2643 1642 2666 est.
1658 2639 1798 2667 Paulinum
1811 2648 1870 2668 ver-

1067 2672 1142 2710 bum,
1157 2675 1314 2710 paxFaOU/At‘i,
1338 2673 1422 2710 vertit
1435 2673 1625 2707 Tertullianus,
1641 2675 1812 2710 magnanimis
1821 2681 1870 2708 est;

1071 2708 1144 2743 quod
1159 2708 1316 2744 vocabulum
1337 2709 1426 2736 latinis
1442 2710 1559 2737 insolens
1574 2715 1635 2744 est;
1652 2708 1698 2739 sed
1722 2719 1772 2739 suo
1795 2718 1870 2740 more

1062 2744 1133 2783 loqui
1150 2743 1392 2784 solet.§yprianu_s
1407 2745 1548 2784 temulator
1560 2745 1728 2784 Tertulliani,
1746 2746 1798 2784 sed
1807 2746 1869 2784 styli

1061 2780 1204 2814 purioris:
1233 2779 1344 2812 Caritas,
1377 2781 1474 2816 inquit,
1507 2782 1673 2817 tttttgttttttinta
1714 2787 1762 2810 est.
1792 2779 1868 2811 Idem

214 2814 343 2850 Quantum
358 2818 415 2844 boni
430 2814 528 2850 utrique
542 2815 656 2852 confert!
671 2815 778 2852 alterum
793 2814 937 2852 adulterum
956 2825 1007 2844 non
1058 2819 1224 2850 μιιροθυμίιιν
1248 2814 1482 2852 magnanimitatth
1499 2814 1618 2845 reddidit
1632 2818 1657 2845 in
1672 2818 1741 2846 libro
1754 2818 1788 2846 de
1806 2819 1870 2847 Ele—

211 2853 283 2885 fucit,
303 2854 410 2879 alterunt
432 2852 556 2878 emendat.
583 2851 722 2878 Consentit
742 2850 813 2886 quod
838 2850 906 2878 infra
931 2852 1004 2886 dicit,

212 2886 398 2915 Paenitentiam
418 2892 537 2923 exoptat,
552 2886 754 2922 exomologesin
781 2887 1002 2922 assignauliunx.

1058 2859 1196 2891 emosypa.
1213 2851 1278 2879 Aliis
1293 2851 1381 2888 placet
1398 2854 1482 2888 magis
1500 2853 1651 2891 longnnt‘mis
1665 2858 1692 2882 et
1706 2854 1867 2891 Ιοηςαηίηιὶε

1067 2893 1116 2915 tas.
1141 2887 1231 2916 BHBN.

1608 3161 1981 3316 -
