4068 6352
296 350 436 411 1269

1576 350 1780 408 LIBER
1812 351 1899 408 DE
1925 351 2315 419 PATIENTIA.

3464 360 3606 421 1270

295 466 409 521 (erit
439 464 523 539 (l)
561 463 642 541 (a)
668 482 683 533 ;
734 481 842 523 non
882 465 1026 523 enim
1052 466 1119 522 ad
1150 464 1459 539 patientiam
1505 466 1754 537 pertinet.
1784 465 1898 525 Nec
1923 468 1977 530 Α
2003 483 2124 525 nem
2151 469 2217 525 ad
2245 483 2406 541 regna
2430 469 2555 529 coeli
2583 469 2914 538 levat.'Qnod
2938 470 3007 529 de
3026 472 3224 531 virtute
3244 472 3407 531 animi
3427 476 3609 546 venit,

291 573 386 613 sua
412 560 650 631 requirit,
678 560 725 615 si
758 558 916 627 olI'ert
948 573 1045 617 sua
1088 557 1191 633 (2),
1224 558 1351 616 dum
1378 558 1531 615 alteri
1563 559 1732 630 prosit
1760 576 1773 613 :
1806 574 1898 615 nec

290 649 576 720 incitatur;
603 660 855 712 czeterum
884 649 967 725 (5)
987 652 1113 723 quid
1159 650 1508 725 impatientia
1550 650 1899 723 reliquisset?

293 744 454 813 Ideo,
487 746 689 818 inquit,
722 746 927 802 dilectio
974 747 1148 802 omnia
1186 745 1432 814 sustinet,
1461 744 1633 801 onmia
1683 745 1896 813 tolerat,

294 838 482 911 utique
520 840 643 911 quia
684 839 912 912 patiens.
936 838 1127 895 Merito
1151 852 1282 909 ergo
1328 851 1600 910 nunquam
1647 836 1897 903 excidet;

295 947 419 991 nam
476 940 672 995 caetera
716 934 1150 1000 evacuabuntur,
1207 929 1740 991 consumtnabuntur.
1794 928 1903 987 Ex-

204 1026 215 1035 “
296 1024 616 1083 hauriuntur
666 1024 751 1101 (4)
806 1027 1039 1097 linguae,
1069 1025 1343 1091 scientia,
1400 1021 1735 1095 prophetiae;
1784 1037 1902 1094 per-

295 1128 499 1177 manent
520 1121 669 1191 ﬁdes,
695 1136 832 1192 spes,
852 1120 1054 1176 dilectio
1072 1138 1092 1176 :
1109 1119 1268 1185 ﬁdes.
1288 1132 1449 1190 quam
1469 1115 1667 1177 Christi
1694 1116 1903 1189 patien-

296 1214 370 1268 tia
396 1212 607 1273 induxit
632 1231 648 1269 :
675 1227 823 1284 spes,
846 1228 1006 1284 quam
1047 1212 1282 1268 hominis
1302 1211 1558 1282 patientia
1586 1218 1907 1281 exspectat;

295 1304 540 1373 dilectio,
601 1319 785 1376 quam,
832 1305 946 1362 Deo
984 1303 1263 1378 magistro,
1297 1302 1553 1376 patientia
1592 1302 1899 1363 comitatur.

900 1489 1129 1548 CAPUT
1168 1488 1304 1547 XIII.

372 1583 559 1658 Usque
608 1584 714 1642 huc
766 1583 836 1643 de
879 1585 1139 1656 patientia
1210 1582 1428 1641 tandem
1482 1580 1565 1656 (5)
1596 1581 1826 1655 simplici
1848 1589 1905 1637 et

296 1679 583 1748 uniformi,
636 1689 692 1736 et
757 1687 962 1735 tantum
1016 1680 1069 1734 in
1135 1678 1314 1739 animo
1364 1676 1701 1743 constituta;
1776 1690 1900 1732 cum

293 1771 483 1830 eadem
522 1770 608 1843 (6)
665 1771 825 1829 etiam
864 1771 928 1826 in
974 1783 1238 1841 corpore,
1289 1768 1619 1829 demerendo
1675 1769 1901 1833 Domino

2002 562 2055 617 in
2088 575 2253 617 carne
2273 563 2566 632 perficitur,
2588 564 2767 619 carnis
2787 564 3042 634 patientia
3063 566 3117 620 in
3144 568 3610 638 persecutionibus
3654 604 3657 607 -

2002 653 2236 726 denique
2265 656 2555 726 praeliatur.
2587 656 2643 713 Si
2696 656 2818 728 fuga
2858 668 3075 729 urgeat,
3105 659 3363 719 adversus
3397 662 3609 718 incom-

2000 746 2160 803 moda
2184 746 2320 819 fuga:
2342 762 2470 805 caro
2494 748 2709 809 militat.
2740 749 2799 805 Si
2819 758 2874 807 et
2896 764 3081 809 carcer
3097 761 3301 822 premat
3324 752 3464 827 (ll),
3483 769 3614 813 caro
3638 772 3641 775 '

2002 837 2056 893 in
2084 838 2337 905 vinculis,
2362 853 2489 901 caro
2516 841 2570 896 in
2595 841 2740 912 ligno
2778 839 2883 914 (ά),
2909 856 3037 901 caro
3062 842 3114 899 in
3156 844 3274 901 solo
3304 843 3402 918 (e),
3431 855 3487 902 et
3542 850 3611 904 in

2000 929 2093 987 illa
2118 939 2430 1002 paupertate
2451 932 2606 1000 lucis,
2623 942 2678 991 et
2714 931 2788 1006 (ί)
2814 934 2867 993 in
2890 934 2980 993 illa
3012 937 3231 1006 penuria
3249 936 3368 1011 (12)
3391 940 3603 997 mundi.

1964 1020 2136 1080 Cum
2179 1039 2310 1081 vero
2371 1026 2685 1098 producitur
2732 1027 2801 1085 ad
2862 1030 3290 1099 experimentum
3318 1032 3610 1103 felicitatis,

2003 1117 2072 1173 ad
2101 1118 2440 1179 occasionem
2489 1120 2740 1179 secunda:
2793 1120 3126 1179 intinctionis
3169 1122 3273 1196 (g),
3318 1124 3388 1180 ad
3434 1126 3612 1196 ipsum

2003 1210 2198 1271 divine
2224 1211 2369 1271 sedis
2392 1227 2677 1271 ascensum
2698 1256 2713 1280 ,
2742 1215 2886 1273 nulla
2925 1215 3049 1287 plus
3074 1216 3185 1273 illic
3215 1234 3376 1289 quam
3408 1222 3616 1290 patien-

2006 1304 2080 1359 tia
2104 1304 2386 1377 corporis:
2420 1306 2476 1362 Si
2506 1308 2718 1378 spiritus
2756 1319 3054 1378 promptus,
3078 1304 3175 1365 sed
3199 1325 3320 1366 caro
3356 1312 3476 1369 sine
3517 1328 3613 1384 pa-

2006 1398 2190 1455 tientia
2214 1398 2425 1469 inﬁruta
2450 1398 2692 1471 (Matth.,
2724 1398 2962 1474 XXVI),
3001 1401 3093 1457 ubi
3121 1403 3270 1469 salus
3296 1406 3516 1476 spiritus
3554 1415 3613 1464 et

2004 1491 2183 1547 carnis
2209 1491 2397 1561 ipsius.
2424 1493 2493 1551 At
2541 1508 2703 1564 quum
2731 1493 2833 1553 hoc
2862 1494 3125 1552 Dominus
3147 1495 3214 1551 de
3244 1512 3409 1554 carae
3437 1498 3607 1568 dicit,

2005 1581 2274 1639 infirmam
2314 1584 2703 1655 pronuntians,
2744 1584 2873 1655 quid
2919 1585 2970 1641 ei
3016 1587 3294 1645 firmandae
3331 1602 3467 1658 opus
3509 1589 3603 1657 sit,

2005 1674 2272 1740 ostendit,
2302 1676 2555 1746 patientia
2581 1677 2789 1733 scilicet
2818 1676 3077 1737 adversus
3122 1693 3341 1735 omnem
3381 1680 3610 1739 subver-

2008 1768 2179 1825 tenda:
2206 1767 2333 1826 fidei
2353 1770 2437 1827 vel
2463 1770 2746 1841 punienda:
2774 1768 2857 1843 (It)
2887 1780 3195 1842 paraturam
3218 1770 3363 1845 (15),
3395 1782 3454 1831 ιιι
3480 1790 3610 1832 ver-

294 1864 660 1935 multipliciter
688 1863 989 1931 allaberet,
1034 1871 1217 1934 utpote
1240 1877 1362 1935 qum
1411 1862 1481 1919 ab
1516 1862 1634 1934 ipso
1674 1862 1902 1923 Domino
1929 1869 1979 1931 B
2006 1860 2155 1927 bera,
2180 1870 2238 1919 ut
2285 1863 2486 1934 ignem,
2536 1872 2595 1920 ut
2641 1878 2891 1930 crucem,
2922 1864 3155 1933 bestias,
3187 1866 3425 1937 gladium
3475 1883 3615 1926 con-

290 1955 345 2015 in
372 1958 616 2029 corporis
656 1972 871 2029 quoque
890 1958 1087 2013 virtute
1110 1956 1257 2014 edita
1277 1965 1389 2023 cst,
1414 1954 1678 2025 siquidem
1721 1966 1901 2014 rector

292 2052 506 2107 animus
561 2050 717 2106 facile
744 2049 1107 2107 communicat
1130 2049 1352 2121 spiritus
1395 2048 1601 2104 invecta
1652 2045 1735 2120 (7)
1776 2063 1899 2111 cum

288 2143 602 2200 babitaculo
651 2157 773 2199 suo.
823 2142 957 2210 Qum
999 2142 1163 2213 igitur
1213 2139 1505 2211 negotiatio
1525 2140 1799 2210 patientiae
1844 2139 1899 2195 in

288 2237 561 2309 corpore?
592 2235 650 2291 In
676 2236 870 2308 primis
900 2235 1178 2293 afflictatio
1218 2235 1426 2301 carnis,
1459 2232 1634 2289 hostia
1673 2233 1901 2290 Domino

289 2329 584 2400 placatoria
613 2345 711 2401 per
736 2329 1132 2386 humiliationis
1159 2327 1487 2385 sacrificium
1504 2369 1518 2396 ,
1543 2342 1665 2385 cum
1709 2328 1900 2385 sordes

284 2434 408 2479 cum
436 2423 679 2495 angustia
706 2420 790 2496 (8)
829 2422 1005 2480 victus
1044 2421 1275 2479 Domino
1302 2422 1459 2491 libat,
1489 2431 1740 2478 contenta
1769 2422 1901 2478 sim-

283 2517 409 2588 plici
458 2517 653 2589 pabulo
678 2531 923 2589 puroque
949 2531 1108 2589 aqua;
1129 2524 1292 2587 potu,
1347 2530 1476 2573 cum
1520 2514 1722 2587 jejunia
1763 2530 1897 2572 con-

279 2609 470 2681 jungit,
498 2625 619 2667 cum
639 2610 809 2667 cineri
835 2620 889 2667 et
914 2624 1075 2666 sacco
1104 2608 1356 2666 inolescit
1372 2608 1476 2683 (b).
1492 2607 1619 2667 llaec
1640 2607 1897 2680 patientia

282 2701 528 2772 corporis
554 2703 896 2772 precationes
922 2701 1283 2768 commendat,
1305 2701 1713 2771 deprecationes
1737 2699 1888 2765 affir-

281 2803 395 2849 mat
422 2813 434 2849 :
461 2794 578 2850 htec
610 2810 773 2852 aures
798 2796 997 2852 Christi
1037 2794 1119 2869 (9)
1162 2795 1255 2851 Dei
1281 2795 1458 2866 aperit
1498 2792 1596 2868 (ο),
1633 2795 1896 2850 severita-

282 2892 393 2941 tem
441 2886 728 2959 dispergit,
757 2888 1096 2943 clementiam
1128 2886 1273 2943 elicit
1312 2885 1505 2958 (Dan.,
1534 2885 1646 2958 IV).
1688 2887 1776 2945 Sic
1808 2886 1898 2944 ille

281 2991 374 3032 rex
406 2976 766 3051 Babylonius,
809 2977 1021 3035 offenso
1074 2978 1337 3045 Domino;
1380 2992 1502 3033 cum
1555 2977 1804 3049 squalore
1842 2986 1898 3033 et

280 3070 499 3141 pmdorc
550 3074 798 3143 septenni
845 3072 913 3127 ab
962 3072 1198 3129 humana
1250 3072 1424 3128 forma
1474 3072 1760 3139 exulasset,
1795 3071 1897 3127 im-

280 3165 482 3220 molata
521 3167 775 3236 patientia
804 3167 1050 3238 corporis
1076 3166 1181 3232 sui,
1210 3176 1265 3221 et
1289 3180 1512 3236 regnum
1540 3166 1894 3236 recuperavit,

2003 1952 2333 2011 stantissime
2401 1955 2627 2023 toleret,
2678 1958 2805 2027 ‘quae
2857 1955 3322 2030 Prnphetaa,qute
3370 1960 3613 2031 Δρομοιὶ

2002 2043 2318 2100 sustinendo
2347 2044 2607 2102 vicerunt.

2598 2136 2826 2205 CAPUT
2865 2138 2982 2198 XIV

2074 2230 2169 2289 His
2190 2232 2465 2303 patientiae
2496 2232 2698 2291 viribus
2725 2241 2941 2291 secatur
2968 2233 3156 2301 Isaias,
3181 2242 3239 2292 et
3265 2234 3335 2295 de
3362 2236 3594 2294 Domino

2003 2341 2110 2389 non
2134 2336 2292 2387 tacet.
2322 2328 2615 2399 Lapidatur
2660 2329 2989 2400 Stephanus,
3017 2338 3075 2387 et
3104 2332 3316 2388 veniam
3347 2332 3604 2391 hostibus

2002 2419 2117 2478 suis
2145 2420 2383 2490 postulat
2408 2421 2549 2495 (Act.
2580 2420 2711 2492 VII).
2744 2422 2789 2480 0
2812 2420 3182 2481 felicissimum
3205 2424 3351 2481 illum
3367 2440 3606 2497 quoque,

2005 2513 2097 2585 qui
2138 2527 2359 2577 omnem
2382 2513 2655 2585 patientia:
2685 2513 2927 2586 speciem
2962 2514 3224 2575 adversus
3247 2531 3462 2575 omnem
3486 2517 3609 2574 dia-

2002 2607 2109 2667 boli
2140 2607 2247 2669 vim
2272 2609 2553 2678 expunxit,
2578 2623 2744 2680 quum
2770 2622 2879 2665 non
2904 2608 3077 2667 abacti
3100 2624 3311 2680 greges,
3343 2626 3448 2667 nan
3493 2611 3604 2668 illm

2003 2700 2056 2765 in
2076 2714 2273 2771 pecore
2288 2699 2512 2769 divitia,
2542 2714 2652 2757 non
2683 2700 2776 2757 lilii
2797 2716 2907 2759 uno
2928 2701 3097 2759 ruina:
3112 2702 3316 2772 impetu
3336 2702 3599 2774 adempti,

2003 2806 2109 2846 non
2142 2792 2310 2860 ipsius
2333 2790 2568 2862 denique
2591 2791 2836 2860 corporis
2863 2794 2916 2846 in
2937 2791 3116 2848 ulcere
3134 2793 3252 2863 (14)
3270 2794 3541 2850 cruciatus
3566 2810 3605 2853 a

2000 2882 2254 2954 patientia
2284 2892 2340 2938 et
2365 2882 2470 2938 fide
2516 2883 2742 2939 Domino
2762 2883 2941 2939 debita
2974 2884 3092 2956 (15)
3116 2886 3366 2953 exclusit,
3436 2903 3603 2958 quem

2000 2972 2248 3029 diabolus
2278 2973 2404 3029 totis
2426 2973 2628 3029 viribus
2654 2973 2849 3031 frustra
2877 2975 3087 3032 catcidit
3107 2975 3264 3047 (Job.
3289 2978 3306 3032 I
3329 2977 3349 3052 )
3371 2980 3394 3053 ε)
3418 2979 3605 3051 Neque

2000 3068 2143 3124 enim
2169 3084 2199 3122 a
2228 3076 2477 3139 respectu
2523 3068 2616 3125 Dei
2644 3077 2726 3125 tot
2770 3068 3047 3133 doloribus
3092 3081 3346 3127 avocatus
3372 3072 3461 3131 ille
3481 3082 3601 3142 est;

2001 3160 2095 3216 sed
2114 3160 2353 3216 constitit
2402 3160 2556 3216 nobis
2578 3161 2629 3215 in
2656 3160 2964 3233 exemplum
2992 3173 3048 3218 et
3074 3164 3462 3233 testimonium,
3489 3174 3599 3221 tam

280 3263 335 3311 et
362 3257 503 3326 quod
530 3258 815 3326 optabilius
842 3258 1043 3312 homini
1079 3266 1193 3325 est,
1221 3258 1352 3319 satis
1400 3257 1509 3312 Deo
1565 3255 1710 3311 fecit.
1739 3256 1891 3327 Jam,
1921 3266 1967 3330 ρ
2001 3252 2191 3321 spiritu
2254 3266 2411 3322 quam
2468 3266 2652 3319 carne,
2687 3260 2792 3306 tam
2821 3254 3002 3308 animo
3026 3269 3185 3325 quam
3231 3269 3461 3327 corpore
3503 3270 3599 3327 pa-

277 3349 324 3402 si
374 3349 592 3404 altiores
635 3358 690 3405 et
738 3349 1009 3406 feliciores
1056 3349 1255 3421 gradus
1293 3348 1587 3420 corporalis
1619 3348 1888 3418 patientia:

280 3440 607 3512 digeremus,
640 3441 829 3498 eadem
877 3442 1145 3499 sanctitati
1186 3456 1400 3512 quoque
1454 3448 1707 3511 procurat
1755 3455 1889 3496 con-

278 3535 555 3591 tinentiam
593 3532 712 3607 (l0)
749 3536 927 3591 carnis
966 3534 1208 3608 (Matt/1.,
1234 3533 1404 3606 XIX).
1438 3534 1563 3590 Haec
1582 3541 1637 3589 et
1674 3532 1890 3589 viduam

278 3637 456 3699 tenet,
493 3637 548 3685 et
584 3628 846 3702 virginem
887 3630 1157 3703 assignat,
1189 3636 1245 3685 et
1294 3628 1651 3685 voluntarium
1697 3628 1894 3698 spado-

1994 3346 2197 3400 tientiae
2226 3341 2599 3415 perpetranda:
2631 3342 2785 3416 (16);
2817 3353 2874 3399 ut
2903 3360 3079 3416 neque
3119 3345 3334 3401 damnis
3377 3347 3601 3404 saecula-

1994 3439 2156 3507 rium,
2204 3451 2306 3493 nec
2334 3435 2715 3493 amissionibus
2744 3435 3149 3493 carissimorum
3172 3479 3189 3505 ,
3223 3452 3325 3493 nec
3349 3438 3593 3508 corporis

1993 3530 2210 3601 quidem
2236 3527 3094 3599 conﬂictationibus,succidamus
3115 3528 3203 3601 (ἰ).
3225 3527 3392 3598 Quale
3415 3530 3468 3584 in
3496 3520 3601 3585 illo

1995 3629 2113 3686 viro
2144 3622 2400 3679 feretrum
2427 3619 2498 3693 (j)
2530 3620 2669 3677 Deus
2697 3619 2814 3693 (l7)
2836 3620 3052 3679 diabolo
3071 3617 3587 3694 exstruxit(loh,ll)!

1494 3749 1882 3812 LECTIONES
1916 3743 2337 3812 VARIAN’I‘ES.

368 3844 412 3898 ll
440 3842 690 3895 Protervit
715 3852 859 3895 Fran.
885 3841 1053 3898 Paris.

363 3905 415 3958 2)
439 3906 541 3958 Sed
562 3906 709 3957 offert
729 3906 885 3958 Latin.

363 3967 417 4032 3)
438 3967 753 4032 Caeteroquin
770 3967 924 4021 Latin.

238 4066 267 4075 ρ
341 4030 411 4083 (ιι)
440 4030 806 4083 Εχὺθιιτῖθυωτ
830 4040 945 4083 Jun.

361 4095 414 4145 5)
435 4095 646 4145 Tantum
658 4102 772 4145 Jun.

361 4155 413 4224 ﬁ)
442 4157 679 4224 liamdem
700 4157 853 4208 Rhen.
880 4155 1056 4224 Rigalt.

361 4219 415 4272 7)
441 4219 625 4272 Invicta
656 4229 836 4271 trouw.
864 4219 959 4272 trs:

335 4281 406 4350 (_8_)'
428 4281 587 4350 quum
604 4284 883 4350 angustiam
912 4293 1093 4335 Ψουω.
1112 4290 1208 4335 us.

338 4345 412 4412 (9’)
437 4346 616 4398 Christi
641 4345 696 4398 et
716 4345 811 4396 Dei
825 4353 940 4397 Jun.

395 3844 417 4287 ἱ

2077 3845 2156 3905 l0)
2189 3838 2502 3905 Continentia
2524 3837 2634 3888 Pet.
2659 3833 2795 3890 Ciac.

2078 3903 2157 3969 ll)
2178 3903 2475 3969 Praeveniat
2488 3909 2640 3969 fratr.

2076 3962 2154 4020 12)
2176 3965 2420 4017 Patientia
2440 3962 2593 4014 Illum.

2074 4025 2153 4083 15)
2184 4030 2412 4080 Paratum
2438 4025 2605 4078 Paris.

2072 4086 2153 4146 14)
2175 4092 2383 4143 vulnere
2400 4086 2554 4141 libat.

2074 4152 2151 4208 15)
2176 4154 2356 4207 Dedita
2373 4152 2526 4204 Itlten.

2069 4215 2147 4286 te)
2173 4215 2532 4286 ξετρεξιειεηίιω
2552 4222 2666 4286 πολ·
2720 4274 2732 4286 .

2044 4275 2152 4345 (17)
2174 4276 2253 4333 De
2275 4275 2416 4331 addit
2432 4288 2582 4331 non.
2606 4275 2772 4331 Paris.

2042 3848 2070 4282 ἔ

1701 4429 2263 4492 COMMENTARIUS.

347 4519 426 4595 (a)
462 4519 582 4595 Non
602 4520 836 4591 inﬂatur,
867 4536 968 4595 non
996 4521 1226 4595 proterit.
1252 4519 1329 4595 De
1351 4521 1600 4595 superbia
1628 4523 1864 4595 expliCat
1967 4525 2131 4583 tionis
2174 4542 2188 4589 ;
2219 4524 2326 4591 vel,
2359 4525 2415 4581 in
2441 4521 2584 4580 nuda
2609 4520 2977 4595 humo,_silice
2999 4520 3053 4595 in
3088 4520 3256 4579 nuda.
3285 4521 3453 4581 Idam.

274 4591 347 4666 La
375 4590 570 4657 Cerda,
598 4590 783 4647 earnm
800 4591 1021 4666 scilicet
1057 4593 1147 4666 qui
1175 4593 1397 4666 nimium
1422 4590 1526 4666 sibi
1550 4590 1865 4666 arrogantes

272 4664 406 4720 alios
451 4671 752 4734 proterunt.
797 4663 984 4735 legunt
1025 4663 1118 4720 alii
1167 4664 1432 4734 proteruit.
1461 4663 1715 4722 Erasmus
1756 4680 1867 4722 non

272 4736 413 4809 male
461 4735 638 4809 vertit,
674 4734 913 4809 nroumest‘
940 4752 1149 4806 procax,
1181 4734 1286 4791 hoc
1327 4744 1431 4801 est,
1478 4745 1537 4795 ut
1564 4752 1629 4793 ex
1675 4738 1869 4809 graecis

270 4806 589 4877 quibusdam
639 4807 861 4878 scholiis
902 4807 1302 4878 interpretatur,
1333 4821 1441 4862 non
1495 4806 1709 4865 extollit
1746 4823 1871 4864 sese

272 4893 445 4934 nenue
470 4884 722 4933 ostentat.
767 4877 842 4934 Le
869 4892 951 4934 nn.
1047 4877 1057 4878 “
1698 4878 1704 4889 ·

2043 4597 2112 4669 (f)
2137 4596 2205 4651 In
2223 4596 2318 4652 illa
2346 4596 2562 4666 penuria
2588 4593 2785 4669 mundi.
2811 4592 2871 4669 In
2897 4594 3135 4669 omnium
3179 4606 3365 4669 rerum
3385 4605 3573 4669 eges-

1971 4662 2100 4724 tatel
2127 4674 2173 4723 ἐν
2202 4662 2557 4740 ἐρημίᾲιςιυω
2595 4666 2665 4722 ab
2705 4666 2936 4722 Arriano
2985 4665 3038 4720 in
3084 4663 3176 4718 lib.
3208 4662 3278 4719 de
3304 4663 3571 4740 Epicteto.

1971 4733 2608 4814 elegantissiméjdicitur,
2635 4744 3020 4814 {tardas-fateris
3041 4742 3357 4814 ἀϐοηθήτουη
3387 4733 3441 4803 id
3465 4742 3571 4801 est,

1974 4806 2154 4868 Status
2181 4810 2400 4869 hominis
2427 4808 2687 4882 adjutorio
2708 4809 2953 4882 destituti.
2970 4806 3105 4882 lito.

2048 4882 2127 4957 (g)
2172 4884 2253 4957 Ad
2286 4875 2610 4957 occasionem
2677 4878 2914 4957 secundm
2962 4876 3289 4933 intinctionis.
3338 4875 3575 4933 Secundi

370 4947 985 5024 IAP.XIIl.-—(b)_Cineri
1007 4957 1052 5005 et
1071 4965 1221 5024 sacco
1232 4948 1605 5024 inolescitlloc
1633 4959 1736 5024 est,
1761 4966 1873 5024 pra:
1895 4938 1951 5000 D
1978 4938 2251 5024 bap‘iismi,
2285 4938 2387 5011 hoc
2409 4964 2491 5010 est
2519 4951 2782 5024 martyrii.
2805 4949 2924 5006 lite.

272 5022 612 5077 assuetudine
666 5019 1033 5091 ptianitentiam
1080 5019 1397 5091 familiarem
1441 5022 1539 5078 sibi
1581 5019 1779 5087 reddit,
1810 5038 1873 5080 ac

272 5091 432 5147 veluti
460 5094 775 5148 naturalem.
806 5094 1111 5149 Desumitur
1139 5090 1451 5161 metaphora
1472 5093 1543 5147 ab
1567 5095 1869 5162 arboribus,

270 5178 390 5234 qua:
417 5163 591 5219 insitas
631 5163 683 5218 in
706 5164 838 5219 alias
865 5165 1084 5220 arbores
1112 5173 1165 5220 ct
1197 5163 1479 5218 inoculata:
1508 5164 1628 5220 cibo
1663 5174 1718 5221 et
1767 5167 1869 5222 ali-

272 5244 455 5291 mento
514 5244 836 5291 assuescant
889 5251 983 5307 per
1035 5246 1280 5291 truncum
1310 5235 1503 5292 educto
1532 5245 1865 5363 etLattrgcto.

846 5330 853 5345 σ
1629 5324 1660 5363 ε
1739 5324 1791 5363 a.

846 5330 853 5345 '
1584 5324 1660 5364 LE
1696 5324 1791 5363 I’R.

342 5376 419 5451 (e)
454 5378 613 5451 Aures
641 5377 834 5434 Christi
863 5375 971 5451 Dei,
1006 5378 1196 5447 aperit.
1226 5378 1523 5451 Benignum
1548 5387 1605 5436 et
1650 5378 1865 5437 facilem

268 5447 426 5523 nobis
453 5448 619 5505 Deum
644 5457 881 5523 praestat,
902 5448 1043 5523 adeo
1071 5458 1129 5503 ut.
1154 5447 1497 5523 petitionibus
1519 5450 1716 5508 nostris
1742 5466 1866 5523 prec

268 5521 525 5592 cibusque
549 5534 705 5577 aures
736 5535 841 5575 non
858 5519 1124 5592 obstruat.
1153 5519 1231 5576 LE
1261 5520 1358 5577 Pn.

340 5590 600 5663 (d)‘Cara
624 5593 862 5665 inqligno.
890 5590 952 5665 In
979 5592 1153 5662 lignea
1180 5591 1461 5663 compede.
1501 5590 1592 5650 Sic
1635 5593 1686 5649 in
1718 5593 1866 5655 Actis

268 5664 458 5737 APOS}.
488 5680 605 5731 cap.
634 5664 845 5724 Μία-οὺς
872 5665 1017 5737 «iis,
1038 5668 1189 5737 airer
1218 5671 1514 5737 ἦσφαλίσατρ
1542 5670 1608 5730 εἰς
1633 5674 1686 5721 τό
1705 5671 1862 5733 ξύλον.

267 5734 422 5805 Quod
444 5737 654 5806 vulgata
680 5737 861 5791 versio
889 5735 967 5789 sic
995 5734 1225 5791 reddidit
1246 5734 1411 5795 latine
1438 5755 1450 5792 :
1474 5734 1643 5794 Pedes
1688 5754 1863 5795 eorum

268 5808 485 5879 'strinmiti
505 5810 663 5879 ligno.
695 5807 821 5862 th.

343 5875 423 5955 (e)
451 5875 584 5936 Caro
609 5880 664 5935 in
692 5880 825 5935 solo.
855 5877 909 5936 In
958 5878 1264 5949 solitudine,
1296 5880 1351 5937 in
1386 5880 1600 5939 tristitia
1642 5880 1859 5940 desola-

2074 5026 2129 5097 h)
2162 5020 2311 5082 Fidei
2338 5025 2627 5096 puniendw.
2662 5020 2808 5097 Ἠοε
2832 5029 2934 5087 est,
2983 5020 3157 5092 pinnis
3185 5035 3249 5077 ac
3287 5021 3572 5078 tormentis

1975 5091 2731 5171 exercendie_probandteque.
2771 5091 2894 5171 Ilio.

2047 5115 2290 5171 arcendae
2355 5115 2731 5179 ronanuteque.
2771 5115 2923 5176 fifth.
3064 5164 3075 5176 _

2047 5156 2200 5250 CAP-
2231 5115 2349 5225 X18
2360 5209 2372 5223 -
2424 5199 2493 5250 -..-
2529 5164 2594 5250 LI)
2623 5163 2781 5250 ρααξι
2826 5182 2880 5219 ιη
2906 5165 2997 5250 ille
3026 5168 3401 5250 ηινείετειτιιω
3426 5161 3573 5250 Pa.“

1974 5239 2177 5297 diabolo
2221 5239 2491 5295 exstruxit.
2535 5233 2624 5296 Sic
2675 5244 2889 5293 veteres
2932 5235 3075 5292 libri.
3102 5233 3196 5292 Est
3221 5245 3400 5291 autem
3425 5233 3573 5290 fere-

1973 5321 2135 5389 t_rum.
2157 5315 2465 5389 χςκροφοριῖεν
2482 5324 2596 5389 _quo
2607 5315 2872 5389 Amortuus
2897 5305 3139 5389 effertur.
3161 5305 3351 5389 Itaque
3376 5304 3571 5389 dicitur

1971 5380 2137 5439 Johns
2153 5376 2418 5457 feretru'tn
2424 5376 2586 5436 fuisse
2605 5376 2973 5457 Diabolo,q_uia
2992 5379 3043 5433 in
3056 5376 3176 5435 Jobi
3197 5376 3573 5457 patientissimi

1972 5468 2172 5525 corpus
2185 5468 2377 5525 omnes
2387 5453 2598 5509 Satanae
2626 5450 2829 5521 impetu
2858 5451 2936 5507 sic
2955 5450 3347 5522 usqueco'ntusi
3360 5458 3485 5507 sunt
3511 5457 3570 5504 et

1974 5526 2316 5583 commortui.
2347 5524 2470 5581 RIG.
2814 5566 2819 5577 .

2046 5597 2111 5668 (j)
2157 5595 2222 5668 In
2263 5595 2363 5668 illo
2393 5596 2517 5650 .uiro
2561 5596 2820 5668 feretrum,
2861 5602 2957 5649 etc.
3007 5592 3152 5668 Inter
3205 5594 3568 5668 instrumenta

1973 5663 2226 5739 triumphi
2256 5664 2512 5722 feretrum
2541 5663 2643 5733 est,
2673 5667 2725 5722 in
2751 5681 2856 5737 quo
2883 5681 3076 5739 pompa
3105 5665 3292 5739 fertur.
3315 5663 3567 5733 Intellige

1969 5739 2023 5810 in
2051 5735 2156 5810 quo
2182 5738 2428 5810 diabolus
2476 5735 2917 5810 triumpharetur,
2968 5735 3081 5810 Deo
3108 5735 3407 5810 trophaeum
3442 5744 3559 5810 sta-

1969 5807 2171 5894 tuente.
2203 5809 2340 5894 Nam
2367 5809 2484 5894 Job,
2496 5827 2594 5894 per
2614 5809 2851 5865 divinam
2870 5808 3094 5894 gratiam
3117 5807 3557 5894 diabolutnvic‘it,

1966 5882 2313 5955 impatientia:
2366 5877 2675 5955 neutiquam
2714 5877 3092 5950 succumbens,
3145 5880 3299 5953 quasi
3358 5877 3553 5949 dicat;
