2008 3326
227 113 293 142 1271

937 108 1166 138 TER’I‘ULLIANI

1818 110 1896 138 ηπ

226 172 311 206 Quale
322 170 446 199 vexillum
465 170 500 198 de
515 169 624 198 inimico
644 169 737 206 gloriae
750 175 805 197 sute
826 168 931 201 extulit.
959 175 1020 196 cum
1034 169 1059 198 Α
1073 168 1135 196 dem
1159 168 1264 202 munit,
1278 175 1370 204 pacem
1396 168 1543 204 gubernat,
1560 168 1732 197 dilectionem
1756 168 1896 204 adjuvat,

226 218 273 246 ille
301 219 398 251 homo,
413 217 446 244 ad
471 224 578 245 omnem
600 223 725 244 acervum
748 216 789 251 (I)
809 216 961 243 nuntiorum
987 215 1026 250 (a)

226 264 295 292 nihil
309 272 342 292 ex
357 272 405 292 ore
419 269 565 299 promeret,
583 263 633 291 nisi
646 264 701 292 Deo
713 263 828 299 gratias;
839 271 899 291 cum
915 270 1026 290 uxorem

228 310 283 345 jam
299 310 377 337 malis
391 310 562 343 delassatam,
586 314 613 337 et
632 309 665 336 ad
679 317 760 344 prava
776 309 893 337 remedia
909 308 1026 336 suaden-

228 360 282 383 tem
292 360 487 383 exsecraretur.
498 355 585 389 Quid?
598 355 712 382 Ridebat
723 355 762 390 (2)
779 355 858 382 Deus.
873 355 954 389 Quid?
967 355 1025 382 υίειΔ

226 402 370 430 secabatur
381 402 467 429 malus
496 410 503 428 :
527 409 588 429 cum
611 401 663 429 Job
687 401 851 429 immundam
873 401 973 429 ulceris
986 401 1027 429 sui

224 448 430 476 redundantiam
469 455 566 484 magna
591 447 794 483 mquanimitate
830 447 1025 482 destringeret;

226 501 287 522 cum
301 498 472 529 erumpentes
499 493 624 521 bestiolas
646 493 685 529 (l2)
699 493 761 521 inde
786 493 812 521 in
837 493 944 521 eosdem
965 502 1028 529 spe-

226 548 276 568 cus
302 540 337 576 (c)
352 545 379 568 et
394 545 487 576 pastus
499 539 657 567 reformosa:
685 540 725 576 (3)
741 540 829 567 carnis
855 540 895 576 (tl)
911 539 1027 568 ludendo

227 591 376 614 revocaret.
391 586 483 621 Itaque
496 586 634 621 operarius
645 586 690 614 ille
704 587 823 614 victoriae
846 586 909 620 Dei,
933 587 1030 614 retusis

228 633 355 661 omnibus
366 633 462 667 jaculis
474 632 648 660 tentationum
661 632 741 660 lorica
763 633 911 668 clypeoque
926 633 1030 667 patien-

228 681 284 713 tia),
307 684 335 708 et
361 680 538 715 integritatem
564 687 627 707 mox
640 680 762 714 corporis
782 688 797 706 a
819 680 875 707 Deo
889 687 1032 715 recupera-

227 729 266 755 vit
278 727 331 764 (4),
345 732 372 755 et
385 734 445 763 qua:
458 727 584 755 amiserat
596 726 782 762 conduplicata
798 726 838 762 (5)
850 727 977 763 possedit.
998 726 1032 754 Et

226 774 251 802 si
269 773 338 801 ﬁlios
353 780 458 808 quoque
471 773 574 801 restitui
590 773 626 809 (ε)
636 773 775 807 voluisset,
790 777 864 808 pater
878 774 973 801 iterum
986 781 1033 801 vo-

227 825 346 849 caretur.
375 820 428 848 Sed
449 820 542 848 maluit
558 820 583 847 in
600 820 646 847 illo
668 819 712 847 die
738 819 813 847 reddi
839 820 900 848 sibi.
919 820 1032 848 Tantum

225 867 326 903 gaudii,
353 874 464 895 securus
485 867 524 894 sic
546 866 579 894 de
605 866 738 900 Domino,
764 866 883 900 distulit;
903 867 1029 895 sustinuit

228 918 283 942 tam
296 913 338 950 (6)
353 913 530 941 voluntariam
540 913 694 947 orbitatem,
708 921 744 942 ne
757 914 815 942 sine
824 914 912 950 aliqua
927 914 1030 950 patien-

227 960 264 987 tia
276 960 387 988 viveret.

532 1005 647 1034 CAPUT
666 1005 726 1034 XV.

274 1051 349 1080 Adeo
364 1052 429 1079 satis
445 1051 556 1080 idoneus
574 1052 709 1087 patientiae
731 1056 871 1088 sequester
896 1052 978 1080 Deus.
1001 1052 1029 1080 Si

229 1098 354 1134 injuriam
364 1097 521 1133 deposueris
531 1099 611 1134 penes
618 1105 691 1131 eum,
701 1097 774 1126 ultor
788 1102 840 1131 est;
855 1098 877 1126 si
888 1098 1027 1132 damnum,

230 1145 370 1174 restitutor
384 1150 442 1178 est;
464 1145 486 1172 si
508 1145 645 1178 dolorem,
662 1145 782 1172 medicus
792 1149 850 1177 est;
866 1144 889 1172 si
904 1150 1028 1178 mortem,

227 1192 416 1219 ressuscitator
431 1196 482 1219 est.
498 1191 631 1226 Quantum
645 1191 780 1227 patientia:
802 1191 872 1223 licet,
895 1195 924 1219 ut
943 1191 1029 1219 Deum

230 1236 328 1265 habeat
343 1237 503 1265 debitorem!
519 1237 575 1266 Nec
588 1238 733 1266 immerito.
745 1237 840 1265 Omnia
850 1238 922 1266 enim
934 1238 1030 1273 placita

228 1284 288 1319 ejus
312 1289 400 1312 tuetur
417 1293 423 1311 :
440 1284 564 1312 omnibus
580 1284 712 1312 mandatis
735 1284 793 1319 ejus
816 1284 969 1313 intervenit.
985 1284 1031 1312 Fi-

1078 216 1254 244 humilitatem
1264 216 1573 252 instruit,pmnitentiam
1582 220 1730 251 exspectat,
1753 222 1862 243 exorno
1878 231 1896 236 -

1077 263 1190 299 logesim
1205 263 1339 299 adsignat,
1353 272 1461 292 carnem
1475 265 1561 299 regit,
1576 264 1699 299 spiritum
1713 268 1821 296 servat,
1838 262 1897 290 lin-

1078 317 1158 345 guam
1179 310 1284 343 iraenat,
1301 318 1409 339 manum
1420 311 1550 344 continet,
1566 310 1728 339 tentationes
1751 310 1894 343 inculcat,

1078 355 1204 383 scandala
1218 356 1305 392 pellit,
1318 357 1446 392 martyria
1458 361 1638 389 consummat,
1653 363 1803 392 pauperem
1820 364 1895 384 con-

1079 402 1190 436 solatur,
1205 403 1315 431 divitem
1329 408 1469 439 temperat,
1483 404 1620 432 inlirmum
1633 411 1687 431 non
1697 404 1826 432 extendit
1842 404 1895 439 (η,

1080 449 1214 477 valentem
1230 457 1284 477 non
1299 450 1434 477 consumit
1460 449 1511 486 (9),
1528 449 1633 478 lidelem
1653 449 1781 482 delectat,
1797 450 1896 485 genti-

1081 495 1133 523 lem
1147 495 1252 529 invitat,
1267 503 1375 523 servum
1388 496 1508 528 domino,
1521 496 1660 524 dominum
1674 496 1729 524 Deo
1739 503 1894 524 commen-

1081 541 1135 575 dat,
1162 541 1301 570 fteminam
1328 547 1450 575 exornat,
1477 543 1563 570 virum
1585 543 1715 578 approbat
1741 551 1749 569 :
1779 547 1894 569 amatur

1082 588 1109 615 in
1121 596 1214 623 puero,
1231 588 1355 615 laudatur
1376 588 1402 615 in
1421 588 1531 623 juvene,
1555 587 1699 623 suspicitur
1713 587 1740 615 in
1755 595 1848 620 sene;
1865 587 1893 615 in

1082 635 1154 662 omni
1163 642 1240 668 sexu,
1253 635 1281 662 in
1294 635 1368 662 omni
1381 639 1460 662 aetate
1472 634 1589 662 formosa
1603 639 1655 662 est.
1667 635 1724 669 Age
1733 634 1804 668 jam,
1813 634 1841 661 si
1851 634 1892 668 (7)

1083 686 1109 709 et
1117 681 1232 716 efﬁgiem
1247 681 1420 716 habitumque
1433 681 1491 716 ejus
1504 680 1775 716 comprehendamus.
1791 680 1897 708 Vultus

1084 727 1121 755 illi
1133 727 1294 762 tranquillus
1304 732 1330 754 et
1346 727 1475 762 placidus,
1491 727 1565 754 frons
1580 734 1656 762 pura,
1672 726 1745 754 nulla
1758 726 1897 755 maeroris

1085 779 1130 801 aut
1140 774 1187 801 iraa
1202 774 1348 809 rugositate
1361 777 1515 805 contracta;
1537 773 1649 801 remissa
1662 781 1739 808 aeque
1754 773 1783 800 in
1797 773 1895 800 laetum

1085 820 1194 848 modum
1209 820 1362 855 supercilia,
1377 819 1463 847 oculis
1474 819 1622 847 humilitate
1634 840 1641 852 ,
1654 827 1707 858 non
1719 819 1896 850 infelicitate.

1083 866 1207 901 dejectis.
1233 866 1269 894 Os
1294 865 1484 894 taciturnitatis
1511 865 1613 893 honore
1635 865 1780 900 signatum.
1796 865 1894 897 Color,

1084 913 1171 949 qualis
1186 913 1288 941 securis
1302 917 1331 941 et
1354 912 1480 940 innoxiis.
1508 912 1595 940 Motus
1609 912 1735 948 frequens
1748 912 1853 947 capitis
1868 913 1895 939 in

1083 959 1230 992 diabolum,
1245 964 1272 987 et
1286 959 1376 986 minax
1391 960 1471 986 risus.
1496 958 1629 986 thterum
1648 958 1763 986 amictus
1786 959 1895 986 circum

1087 1011 1194 1041 pectora
1210 1006 1349 1038 candidus,
1375 1010 1403 1033 et
1421 1007 1526 1041 corpori
1550 1005 1708 1040 impressus,
1734 1010 1764 1032 ut
1777 1005 1826 1040 qui
1841 1013 1895 1033 nec

1088 1053 1207 1085 inﬂatur,
1235 1060 1286 1080 nec
1312 1053 1465 1088 inquinatur
1479 1052 1531 1089 (8).
1547 1052 1630 1081 Sedet
1645 1053 1716 1080 enim
1738 1053 1766 1080 in
1790 1053 1895 1091 thronp

1082 1099 1190 1134 spiritus
1205 1099 1264 1134 ejus
1277 1099 1410 1127 mitissimi
1424 1103 1451 1127 et
1469 1099 1695 1131 mansuetissimi,
1707 1099 1753 1134 qui
1765 1107 1822 1126 non
1835 1104 1894 1126 tur-

1081 1147 1144 1174 bine
1167 1147 1334 1182 glomeratur
1352 1167 1359 1179 ,
1385 1154 1438 1174 non
1454 1138 1634 1178 nubilo-livet,
1651 1145 1699 1173 sed
1721 1150 1764 1173 est
1787 1151 1893 1173 tenet-.1:

1082 1193 1234 1221 serenitatis
1258 1197 1365 1228 apertus
1396 1198 1424 1220 ct
1449 1193 1580 1228 simplex,
1601 1200 1681 1227 quem
1713 1193 1794 1220 tertio
1823 1194 1894 1220 vidit

1081 1238 1154 1266 Elius
1170 1238 1221 1274 (li).
1237 1239 1302 1266 Nam
1318 1239 1362 1266 ubi
1378 1239 1458 1271 Detts,
1473 1239 1572 1266 ibidem
1588 1244 1615 1267 et
1628 1237 1735 1266 alumna
1752 1239 1825 1273 ejus,
1843 1247 1891 1273 pa-

1082 1286 1174 1314 tientia
1188 1286 1290 1314 scilicet
1307 1285 1426 1322 (Matt/1.,
1439 1285 1522 1321 XVII)
1535 1295 1542 1313 :
1558 1293 1619 1314 cum
1635 1292 1700 1321 ergo
1714 1285 1829 1321 spiritus
1844 1285 1892 1313 Dei

872 1386 1061 1417 LECTIONES
1079 1387 1285 1416 VARIANTES.

278 1477 303 1503 ll
315 1478 442 1503 Acerbum
455 1478 566 1503 nuntium
579 1481 653 1503 Fran.
671 1477 753 1503 Paria.

278 1479 288 1503 l
315 1478 442 1503 Acerbum
455 1478 566 1503 nuntium
579 1481 653 1503 Fran.

277 1510 292 1534 2
316 1509 502 1538 Quideridebat
511 1509 594 1534 deus?
605 1513 661 1534 Jun.

277 1541 292 1565 3
315 1540 478 1566 Foraminosze
490 1545 565 1565 Fran.
578 1540 661 1567 Paris.

285 1572 412 1596 reforatse:
426 1572 561 1596 lormicosze
572 1576 629 1596 Jun.

235 1577 263 1596 re

277 1539 302 1573 3)
315 1540 478 1573 Foraminosze
490 1545 565 1565 Fran.
578 1539 712 1567 Paris.alii
720 1540 868 1573 reformatae,
876 1539 913 1568 vel
924 1541 1033 1573 refossae,

285 1572 412 1602 reforatse;
426 1572 561 1596 lormicosze
572 1576 629 1597 Jun.

265 1602 304 1634 (ι)
316 1603 495 1636 Recuperatam
507 1603 582 1629 Biton.

1047 1487 1070 1519 c
1117 1475 1776 1519 t5.)seualia":ﬂ'et':.fftrie.mmvlicataMe"-

1119 1509 1156 1545 (αξ)
1168 1509 1234 1545 Tum
1242 1509 1308 1534 .Ium.
1319 1510 1368 1541 jam
1379 1514 1470 1534 It‘ouw.
1483 1511 1527 1533 his.

1165 1541 1317 1604 Isdguiz'tatur
1326 1571 1402 1597 Rhen.

920 1689 1016 1719 COMM
1021 1689 1200 1719 ENTARIUS.

245 1782 330 1817 Quale
341 1782 489 1817 trophaeum
502 1781 536 1809 de
560 1780 666 1817 diabolo
679 1781 749 1808 Deus
773 1781 874 1809 erexit!
890 1780 959 1809 Olim
982 1781 1035 1810 cir-

245 1816 466 1847 cumferebantur
481 1825 554 1844 arma
570 1816 735 1844 devictarum
749 1818 868 1852 gentium
884 1817 909 1844 in
926 1825 1035 1852 pompa,

243 1863 309 1882 mox
323 1853 556 1888 suspendebantur
568 1861 575 1886 ;
591 1857 652 1888 apte
664 1860 727 1888 ergo
741 1853 859 1887 loquitur
872 1861 877 1879 :
891 1852 976 1887 Quale
988 1860 1035 1881 ve-

242 1891 348 1918 xillum.
366 1889 452 1916 Ilum.

272 1936 312 1972 (a)
325 1936 364 1962 Ad
378 1943 477 1962 omnem
490 1935 779 1972 acervuntmtntiorum.
800 1935 845 1963 Sic
869 1936 949 1962 etiam
971 1935 1034 1963 libri

234 1970 352 2004 veteres,
362 1976 389 1999 et
402 1976 491 2001 recte;
507 1978 567 1997 nam
585 1970 669 1997 tristia
689 1971 732 1997 illa
747 1979 826 2005 quam
838 1971 952 2005 plurima
966 1979 1036 1998 nun-

235 2009 300 2035 tiata
314 2011 377 2034 sunt
391 2006 459 2042 Jobo
474 2006 614 2042 confertim
628 2015 633 2032 :
647 2006 736 2032 Adhuc
749 2006 793 2033 illo
805 2006 932 2041 loquente,
948 2007 1036 2042 inquit

235 2043 384 2077 Scriptura.
401 2041 521 2069 Deinde:
537 2041 626 2068 Adhuc
639 2041 684 2068 illo
695 2042 822 2075 loquente,
845 2047 898 2069 etc.
914 2042 976 2070 RIG.

275 2087 315 2124 (b)
330 2087 499 2124 Erumpeutes
518 2086 647 2124 bestiolas.
665 2086 722 2114 Non
739 2086 817 2124 vich
831 2094 879 2115 cur
900 2088 1036 2115 Pamelius

239 2124 266 2152 id
279 2122 392 2159 arguere
407 2123 510 2159 possit;
535 2122 606 2159 quod
630 2122 656 2150 in
677 2126 732 2149 toto
754 2122 823 2150 libro
838 2124 889 2159 _vix
915 2124 968 2150 ulla
991 2125 1037 2151 liat

211 2165 215 2167 '
230 2157 403 2188 bestiolarum
419 2158 530 2185 utentia.
542 2158 679 2185 Patientia:
693 2159 764 2186 enim
780 2157 845 2186 illud
860 2159 1030 2191 miraculum,

236 2204 298 2224 cum
310 2196 336 2223 in
353 2193 522 2229 putredinem
538 2193 645 2221 ﬂuxerit
661 2198 743 2227 totus,
759 2202 910 2229 corpusque
932 2195 1031 2222 vermi-
1044 2196 1072 2227 D

235 2232 286 2260 bus
303 2231 481 2265 undequaque
492 2233 616 2265 scateret.
631 2229 738 2257 Minime
750 2231 860 2264 mirum,
883 2231 905 2258 si
930 2231 965 2258 ita
989 2231 1031 2258 lo-

231 2272 331 2303 qnatur
345 2264 535 2294 Tertullianus.
549 2264 589 2293 LE
602 2265 649 2292 Pa.

279 2314 316 2349 (c)
331 2312 365 2340 In
386 2312 487 2349 eosdem
510 2319 599 2349 specus
616 2316 643 2349 et
667 2315 754 2349 pastus
776 2313 925 2347 reformata:
937 2312 1030 2339 carnis.

238 2346 509 2381 Sic‘e'mendavimus,
523 2346 638 2383 vestigia
654 2346 740 2375 secuti
759 2351 881 2383 veterum
894 2349 1033 2383 exempla-

237 2387 319 2417 rium.
337 2385 362 2413 in
377 2384 451 2419 quib.
468 2384 574 2418 legitur.
594 2382 755 2417 reformasse.
777 2382 961 2410 Reformosam
975 2391 1034 2410 car-

239 2429 302 2450 nem
316 2420 375 2448 Jobi
389 2419 467 2451 dixit,
483 2419 616 2446 ulceribus
627 2419 786 2450 deiurmem,
803 2422 831 2446 et
843 2419 1036 2447 vermiculante

240 2455 389 2493 purulentia
404 2460 560 2482 scatentem.
577 2454 645 2493 _Ru_:.

276 2492 316 2529 (d)
330 2491 488 2529 Reforntoste
501 2491 604 2529 carnis.
621 2490 660 2529 Ita
668 2490 823 2529 _I_ligaltius.
847 2489 1038 2529 01im_refosste

247 2535 271 2557 et
280 2525 408 2563 'reforatu:
428 2525 593 2563 habebatur;
607 2526 654 2553 sed
667 2526 813 2563 Bhenanus
825 2526 952 2557 correxit,
970 2528 1038 2563 fora-

247 2562 369 2594 mimae;
384 2562 498 2589 fortasse
511 2562 627 2594 melius;
648 2562 706 2597 ejus
728 2563 828 2597 quippe
849 2569 946 2597 corpus
959 2562 1036 2590 undi-

247 2608 299 2636 que
314 2598 478 2636 perforatum
494 2602 553 2624 erat
571 2605 602 2625 ac
614 2596 697 2625 veluti
714 2596 845 2631 cribrum,
864 2601 894 2625 ut
912 2596 1034 2625 Plautina

239 2632 305 2664 voce
315 2632 386 2662 utar.
402 2632 442 2660 Ls
455 2633 502 2660 Ρη.

271 2672 310 2708 (c)
326 2671 360 2708 lit
378 2669 400 2696 ti
411 2668 489 2708 ﬁlios
506 2669 604 2696 restitui
616 2669 744 2708 voluisset,
762 2673 835 2704 pater
854 2669 1031 2697 iterumuoca-

231 2704 311 2736 retur.
329 2707 396 2737 imo,
411 2704 542 2740 inquiunt,
559 2705 740 2740 pateriterum
753 2710 860 2732 vocatus
886 2711 946 2739 est;
970 2713 1030 2733 nam

230 2745 257 2772 id
273 2748 366 2778 aperte
379 2741 516 2778 Scljptura
532 2739 640 2778 tradidit
661 2749 668 2768 :
685 2739 800 2767 Fuerunt
815 2741 853 2768 illi
873 2747 966 2778 septem
983 2741 1032 2775 [illi

230 2785 253 2807 et
266 2775 315 2806 tres
331 2777 402 2813 filice.
419 2775 537 2813 Fuerunt
550 2775 658 2813 quidem
672 2784 788 2813 {verum
804 2782 864 2811 post
883 2777 942 2805 Jobi
967 2785 1028 2805 res-

229 2816 380 2842 titutionem
395 2812 487 2849 geniti.
504 2813 539 2849 At
554 2812 613 2839 illos
629 2812 740 2849 totidem
756 2820 809 2840 uno
823 2813 907 2840 ruinze
924 2814 1029 2848 impetu

227 2851 367 2885 ademptos
381 2848 433 2877 non
449 2848 560 2884 recepit,
576 2855 625 2876 nec
637 2848 671 2875 ab
691 2848 724 2878 iis
738 2853 812 2884 pater
829 2849 928 2877 iterum
946 2856 1026 2877 voca-

1089 1786 1131 1809 tus
1141 1781 1296 1809 est.Horum
1309 1781 1387 1816 igitur
1398 1780 1541 1808 orbitatem
1555 1779 1678 1816 sustinuit
1691 1778 1886 1812 voluntariam,

1089 1826 1122 1844 ne
1136 1818 1194 1844 sine
1212 1817 1299 1852 aliqua
1316 1815 1441 1852 patientia
1457 1816 1568 1852 viveret,
1585 1815 1707 1852 sedistis
1720 1823 1873 1852 nouit-coep

1089 1853 1133 1884 tis,
1148 1861 1200 1887 quo
1216 1850 1293 1887 pacto
1306 1850 1439 1880 constabit
1454 1851 1574 1887 ejusdem
1588 1851 1734 1885 Scriptura:
1747 1850 1824 1881 ﬁdes.
1840 1852 1883 1877 al-

1088 1886 1223 1915 lirmantis
1235 1888 1318 1915 Deum
1333 1888 1423 1915 omnia
1440 1895 1499 1923 qua:
1523 1887 1582 1915 Jobi
1607 1887 1712 1914 fuerant
1725 1886 1833 1923 auxisse
1859 1887 1885 1913 in

1088 1924 1220 1959 duplum?
1244 1923 1315 1951 Sane
1337 1922 1532 1958 acquiescimus
1552 1930 1646 1959 eorum
1660 1922 1810 1959 sententiae,
1838 1922 1885 1959 qui

1088 1960 1252 1994 Scripturam
1268 1964 1322 1987 tam
1337 1959 1491 1993 scrupulosa
1510 1958 1607 1985 trutina
1629 1958 1775 1986 examinari
1799 1958 1883 1984 cavil-

1088 1993 1191 2023 latorice
1207 1995 1369 2022 curiositatis
1392 1995 1458 2022 vitio
1473 1994 1603 2021 tribuunt.
1627 1993 1745 2021 Tametsi
1758 2001 1880 2020 commo-

1088 2031 1200 2059 dissime
1213 2031 1327 2063 dicatur,
1345 2036 1446 2065 septem
1463 2030 1521 2057 illos
1537 2030 1640 2064 priores
1656 2029 1716 2056 ideo
1729 2037 1780 2056 non
1800 2029 1884 2056 fuis~c

1088 2066 1261 2094 redhibitioni
1273 2064 1432 2093 aeterni-um
1448 2070 1650 2098 annumeratos,
1670 2065 1731 2100 quia
1747 2072 1800 2091 non
1813 2064 1882 2091 sicut

1087 2107 1184 2129 CiBlCl'il
1200 2103 1344 2137 perierant,
1361 2102 1407 2129 sed
1423 2109 1506 2136 penes
1521 2101 1602 2128 Deum
1617 2102 1643 2127 in
1657 2105 1820 2137 perpetuum
1834 2108 1882 2135 per

1088 2136 1280 2173 gloriam'Jobo
1296 2138 1344 2173 ipsi
1359 2137 1450 2165 vivere
1463 2137 1686 2172 iutelligebantur.
1706 2136 1766 2163 llic.

1119 2184 1196 2211 CAP.
1212 2183 1349 2219 XV.—-(f)
1363 2182 1500 2218 Inﬁnitum
1510 2191 1560 2219 non
1573 2182 1693 2210 extendit.
1709 2181 1880 2210 Imbecillum

1089 2227 1142 2247 non
1159 2220 1256 2255 prctnit
1271 2224 1316 2247 aut
1329 2225 1423 2255 gravat
1435 2226 1527 2247 onere.
1544 2218 1605 2247 th.

1085 2303 1104 2330 ᾖ
1121 2266 1161 2309 (g)
1179 2266 1310 2330 valentem
1330 2274 1381 2293 non
1403 2266 1537 2294 consumit.
1554 2264 1667 2293 Robusti
1680 2264 1752 2292 vires
1764 2272 1817 2292 non
1833 2272 1882 2292 ex-

1106 2307 1185 2330 aurtt.
1223 2311 1260 2330 ιθ.

1106 2307 1185 2330 attrit.
1198 2307 1260 2330 HIG.

1124 2348 1165 2385 (h)
1182 2349 1265 2382 Quem
1281 2348 1429 2385 tertiorvidit
1443 2347 1523 2375 Elius.
1542 2347 1602 2385 Ipse
1609 2347 1732 2385 optimus
1745 2346 1785 2385 sui
1797 2346 1881 2374 inter-

1086 2383 1147 2420 pres
1162 2385 1208 2412 lib.
1221 2385 1251 2416 4,
1264 2384 1325 2412 adv.
1341 2384 1501 2411 Marcionem
1515 2391 1574 2419 cap.
1589 2383 1635 2416 25,
1650 2383 1694 2410 ubi
1706 2383 1740 2420 de
1760 2383 1880 2420 clemen-

1088 2418 1123 2448 tia
1138 2421 1185 2448 Dei
1208 2420 1311 2452 :Talt's,
1329 2419 1425 2454 inquit,
1447 2420 1534 2454 utique
1558 2419 1637 2446 multo
1661 2419 1742 2453 magis
1766 2418 1883 2454 homines

1090 2465 1140 2483 non
1154 2460 1207 2484 erat
1221 2453 1377 2483 cremalurus
1390 2464 1399 2488 ,'
1413 2463 1472 2482 nam
1488 2453 1511 2481 et
1530 2460 1581 2482 tum
1601 2455 1636 2481 ad
1659 2454 1764 2481 Etiam:
1785 2453 1845 2480 Non
1855 2454 1882 2479 in

1089 2493 1157 2527 igne,
1179 2492 1260 2526 inquit
1278 2491 1411 2522 Dominus,
1431 2491 1475 2518 sed
1489 2491 1516 2518 in
1535 2490 1708 2527 spiritunniiti.
1733 2489 1881 2527 Utrub‘ique

1089 2525 1180 2555 autem
1196 2525 1308 2562 adspicit
1330 2527 1362 2554 ad
1384 2527 1521 2553 historiam
1535 2526 1600 2554 Elia:
1613 2525 1657 2553 Ill.
1669 2525 1779 2562 Rege.
1794 2525 1842 2562 10ε
1855 2529 1881 2552 et.

1090 2560 1323 2598 patientiam—dicit
1333 2563 1427 2590 sedere
1441 2562 1466 2588 in
1480 2563 1576 2589 throno
1588 2560 1844 2598 spiritus_miti_ssimi
1854 2565 1882 2588 et

1088 2596 1309 2630 mansuetissimi,
1326 2605 1405 2632 quem
1421 2598 1499 2625 tertio
1512 2598 1578 2625 vidit
1591 2596 1676 2624 Elias.
1696 2596 1802 2624 Etenim
1828 2600 1880 2623 tres

1086 2635 1141 2662 illic
1155 2635 1271 2661 visiones
1298 2633 1363 2661 Elia:
1387 2640 1447 2661 sese
1467 2633 1600 2664 offerunt;
1622 2633 1748 2666 primaet
1763 2632 1879 2660 secunda

1084 2671 1195 2705 angelus
1209 2670 1314 2697 Domini
1326 2669 1449 2697 mandata
1464 2669 1541 2705 ail'crt
1554 2669 1586 2696 ad
1601 2668 1698 2700 Eliam,
1722 2667 1800 2705 tertia
1823 2668 1880 2703 ipse

1083 2703 1214 2733 Dominus
1223 2713 1276 2733 non
1285 2706 1310 2732 in
1320 2709 1401 2732 vento
1408 2704 1593 2740 confringente
1606 2708 1761 2740 petras,non
1768 2703 1794 2730 in
1803 2708 1881 2740 terrae

1083 2745 1169 2775 motu,
1182 2749 1235 2768 non
1248 2742 1274 2768 in
1286 2742 1357 2775 igne,
1369 2740 1416 2768 sed
1431 2745 1492 2775 post.
1503 2738 1595 2767 auram
1608 2738 1780 2774 tranquillam
1795 2743 1821 2766 et
1833 2738 1880 2767 mi-

1083 2781 1136 2816 tetn
1155 2774 1474 2816 alloquitur’prophetam
1486 2783 1574 2803 suum.
1587 2775 1620 2816 In
1634 2774 1774 2816 illoigitur
1786 2775 1880 2816 spiritu

1083 2812 1137 2840 leni
1153 2810 1253 2840 tenera:
1266 2810 1428 2844 serenitatis,
1445 2816 1538 2846 aperto
1559 2816 1587 2840 et
1599 2810 1714 2847 simplici
1727 2810 1823 2840 sedere
1843 2810 1881 2839 ait

1083 2848 1237 2885 patientiam
1252 2847 1407 2883 Septimius.
1425 2847 1486 2876 ﬂio.
