2008 3326
141 129 211 157 1275

798 127 900 157 LIBER
916 127 926 157 ι
941 128 987 157 AD
1009 127 1162 158 UXOREM.

1715 135 1727 162 Ι
1731 133 1785 163 274

136 186 275 216 descendit
283 184 475 224 (a),'individua
485 185 611 223 patientia
619 186 760 216 comitatur
770 195 830 216 eum
842 186 892 224 (t).
906 188 934 216 Si
948 188 974 219 Α
987 188 1129 217 lenociniis
1143 189 1309 225 negotiantes
1328 190 1365 228 (ὁ)
1380 198 1494 220 uxorum
1508 191 1686 228 potestatibus
1698 193 1785 229 subii-

139 242 191 262 non
208 234 247 269 (2)
268 241 329 262 cum
343 234 437 269 spiritu
447 234 645 269 admiserimus,
658 235 684 263 in
698 234 775 263 nobis
789 235 936 263 morabitur

138 281 262 316 semper?
276 281 333 309 Imo
347 282 440 309 nescio
454 288 488 309 an
499 281 598 310 ditttius
614 286 768 318 perseveret
795 282 844 317 (5).
871 281 935 311 Sine

138 335 184 355 sua
194 327 290 355 comite
300 334 332 355 ac
342 327 474 362 ministro,
484 328 556 355 omni
569 328 629 356 loco
642 335 675 356 ac
688 332 808 363 tempore
823 332 936 363 angatur

138 381 248 403 necesse
256 378 306 402 est.
316 374 508 413 Quodcumque
521 375 645 403 inimicus
655 375 713 410 ejus
722 374 935 408 inﬂixerit,solus

138 421 269 449 sustinere
283 428 334 449 non
349 421 456 457 poterit,
468 429 562 449 carem
578 421 757 449 instrumento
769 421 933 450 sustinendi.

436 467 552 495 CAPUT
572 467 642 495 XVI.

174 513 236 541 Haec
247 513 382 549 patientiae
393 514 472 547 ratio,
487 514 546 543 hzcc
559 514 709 550 disciplina,
724 515 782 544 haec
792 522 873 551 opera
886 523 936 544 cac-

138 559 212 588 lestis
234 563 261 587 et
272 567 345 593 vera,
361 560 463 588 scilicet
472 561 616 589 christiana
630 561 688 597 (4);
705 569 770 596 non,
786 566 814 589 ιιι
832 562 874 590 illa
891 570 937 597 pa-

137 605 229 634 tientia
243 607 362 641 gentium
377 611 467 641 teme,
479 606 556 640 falsa,
572 607 783 643 probrosa.Nam
798 612 836 642 ιιι,
852 608 937 636 inisto

136 660 253 689 quoque,
267 653 381 681 Domino
395 653 519 682 diabolus
527 654 709 687 cumularetur,
721 655 796 690 quasi
811 655 890 690 plane
903 663 936 683 ex

138 699 207 735 pari,
223 699 272 727 nisi
285 700 355 735 quod
372 699 428 735 ipsa
444 699 587 728 diversitas
601 700 664 728 mali
682 705 710 728 et
725 701 786 728 boni
798 701 936 736 :cqualiter

137 745 327 780 magnitudinis
338 745 378 780 (5)
403 752 452 780 par
465 751 517 779 est,
538 746 627 773 docuit
652 750 679 773 et
692 753 756 774 suos
779 747 934 782 patientiam

136 792 274 828 propriam
290 801 296 820 :
313 792 386 820 illam
398 792 470 827 dico,
485 800 545 828 quae
561 793 672 821 maritos
682 793 745 821 dote
755 794 872 826 venales,
889 798 936 822 aut

987 236 1037 269 cit;
1053 243 1113 271 quae
1123 237 1286 272 occupandis
1296 236 1455 267 orbitatibus
1473 238 1509 275 (c)
1521 246 1629 267 omnem
1641 239 1725 268 coacti
1737 239 1785 268 ob-

987 283 1071 319 sequii
1078 283 1196 312 laborem
1205 285 1326 313 mentitis
1336 286 1523 314 affectionibus
1533 286 1642 320 tolerat;
1651 295 1711 323 quae
1719 294 1785 315 ven-

987 329 1179 364 trisoperarios
1190 330 1231 366 (d)
1244 332 1444 360 contumeliosis
1455 332 1610 368 patrociniis
1625 332 1664 368 (6)
1679 333 1785 369 subjec-

987 375 1059 404 tione
1069 376 1199 404 libertatis
1209 377 1509 413 gulte(7)addicit.Talia
1522 378 1642 406 nationes
1650 379 1785 414 patientiat

987 421 1075 449 studia
1091 428 1238 456 noverunt;
1253 428 1280 452 et
1294 424 1359 452 tanti
1373 424 1435 452 boni
1450 432 1548 452 nomen
1560 425 1637 453 foedis
1653 425 1787 460 operatio-

989 468 1067 495 nibus
1077 474 1207 504 occupant
1224 479 1230 496 :
1248 471 1378 506 patientes
1392 471 1515 499 rivalium
1529 476 1557 499 et
1577 471 1691 499 divitum
1705 476 1731 499 et
1743 471 1786 499 in-

988 515 1132 542 vitaturum
1148 515 1201 552 (e),
1215 515 1388 551 impatientes
1400 518 1482 546 solius
1497 518 1544 545 Dei
1558 518 1661 545 vivunt.
1681 517 1733 545 Sed
1745 518 1785 545 vi-

989 561 1061 589 derit
1073 569 1120 589 sua
1132 561 1166 598 (f)
1181 566 1208 590 et
1226 563 1268 590 sui
1286 564 1406 599 praesidis
1430 563 1469 600 (g)
1496 564 1622 599 patientia
1640 563 1690 599 (8),
1706 571 1785 599 quam

989 607 1083 635 subter
1112 608 1180 643 ignis
1203 608 1244 645 (Ιι)
1265 615 1415 645 exspectat.
1434 611 1567 638 Caeterum
1592 618 1641 637 nos
1664 617 1786 638 amemus

990 655 1142 689 patientiam
1169 655 1225 689 Dei,
1238 656 1391 697 patientiam
1410 656 1508 684 Christi
1525 664 1532 683 :
1546 655 1726 691 rependamus
1749 655 1786 683 illi

988 708 1068 737 quam
1089 709 1137 737 pro
1153 702 1231 730 nobis
1242 702 1299 737 ipse
1310 702 1437 739 dependit
1452 702 1503 738 (9).
1519 701 1670 731 Oiferamus
1682 702 1785 737 patien-

988 748 1051 775 tiam
1066 748 1188 783 spiritus,
1201 749 1356 784 patientiam
1382 749 1481 781 carnis,
1506 749 1551 784 qui
1566 749 1592 776 in
1607 748 1784 776 resurrectio-

985 802 1047 823 nem
1058 794 1115 832 (10)
1136 796 1224 824 carnis
1237 801 1264 824 et
1276 795 1541 838 spiritustcredimus.

749 839 942 869 LECTIONES
961 841 1167 870 VARIANTES.

168 884 206 941 Si)
218 884 285 910 Eam.
307 885 334 911 Si
346 891 391 910 nos
402 891 457 910 eam
469 892 524 911 cum
535 885 623 917 Spiritu
637 891 728 911 Wouw.
743 890 790 911 MS.
802 890 859 911 Jun.
881 894 935 913 ma-

178 920 196 941 t.
211 916 325 941 patientia
337 917 476 941 comitatur.
488 917 549 941 Eam
560 918 580 941 si
592 923 637 941 nos
648 924 702 941 cum
711 917 799 941 spiritu
808 918 872 941 adm.
886 923 934 941 etc.

136 916 201 949 vult,
211 916 325 949 patientia
337 917 476 949 comitatur.
488 916 554 942 Eam
560 918 580 942 si
592 923 637 942 nos
648 924 702 942 cum
711 917 799 949 spiritu
808 918 872 943 adm.
886 923 934 944 etc.

169 947 268 977 (2)’Nos
277 952 352 973 Pran.
365 948 449 974 Paris.

168 978 207 1011 ('5)
219 978 270 1003 Imo
281 980 366 1004 nescio
378 985 408 1003 an
419 979 462 1004 diu
472 980 528 1011 quis
539 982 688 1011 perseveret
707 980 762 1005 sine
783 986 827 1004 sua
845 981 937 1006 comite

168 986 207 1011 to)
220 986 270 1003 uno
281 986 366 1004 nescio
378 986 408 1003 an
419 986 462 1004 atu
469 986 528 1035 lciuus
539 986 688 1011 perseveret
707 986 762 1005 sine
783 986 827 1004 sua
845 986 937 1006 comite

137 1011 200 1035 Jun.
214 1016 329 1042 semper:
342 1011 390 1035 imo
401 1017 426 1034 n.
437 1016 460 1034 a.
488 1029 493 1034 .
507 1014 655 1042 perseveret
666 1012 719 1036 sine
730 1018 773 1036 sua
785 1018 806 1036 c.
828 1018 850 1036 a.
867 1012 938 1037 mini-

138 1045 199 1067 stra.
213 1040 284 1066 Omni
297 1040 313 1066 l.
323 1045 340 1066 t.
354 1044 467 1072 tangatur
478 1040 557 1067 nfest
567 1041 644 1067 Rhen.
907 1058 911 1060 -

139 1072 221 1130 mg?“
232 1072 291 1098 Hac
309 1079 385 1104 opera
399 1073 507 1108 caelestis
528 1076 554 1098 et
570 1079 651 1104 verze,
679 1073 773 1098 scilicet
796 1073 940 1100 Christiana:

162 1110 230 1137 tgau.

1029 888 1054 920 5)
1066 888 1232 920 Magnitudine
1247 890 1306 915 Jun.

1030 919 1055 952 6)
1075 919 1268 953 contumeliosos
1290 921 1397 953 patronis
1418 926 1509 946 wouw.
1530 924 1576 946 MS.
1600 919 1786 946 contumeliosis

988 952 1097 985 patronis
1105 951 1193 985 Rigalt.
1290 951 1297 953 ἡ
1380 970 1383 973 -

1022 981 1060 1015 (7)
1072 981 1239 1015 Quian/euut.
1253 988 1300 1013 MS,
1313 986 1441 1015 utrumque
1458 983 1525 1008 abest
1536 981 1626 1015 Rigalt.

1022 1013 1059 1047 (ts)
1072 1013 1185 1047 Yiderint
1192 1021 1261 1047 suam
1274 1016 1311 1040 sui
1324 1013 1440 1047 praesides
1451 1021 1523 1046 quam
1534 1013 1610 1040 Frtm.

1023 1044 1064 1102 (92)
1073 1044 1190 1081 Defendit
1202 1045 1278 1071 then.

1021 1075 1045 1108 (ι
1066 1076 1075 1108 )
1088 1076 1277 1106 Qutresurrecti

1066 1076 1075 1108 )
1088 1076 1133 1106 Qui
1142 1078 1351 1103 resurrectionem
1368 1078 1429 1102 Jun.

453 1168 455 1170 .
829 1146 1111 1180 COMMENTARIUS.

453 1168 455 1170 .
829 1150 995 1178 COMMENT
1022 1151 1041 1178 R
1104 1173 1111 1180 .

175 1193 254 1221 CAP.
268 1192 416 1234 XVIa—1a.)
425 1193 561 1234 Cantergo
574 1193 732 1234 rpiril_us_Dei
742 1194 936 1234 descendit,etc.
952 1199 976 1228 B
991 1150 1156 1227 t‘i‘busjlgotat
1177 1203 1399 1228 testamentorum
1423 1202 1574 1234 captatores
1586 1218 1594 1232 ,
1614 1204 1682 1234 quos
1700 1201 1788 1233 satyra

139 1230 244 1258 Sensus
266 1234 309 1257 est
332 1237 339 1256 :
364 1229 465 1265 Spiritu
482 1229 536 1265 Dei:
548 1230 574 1256 in
594 1229 768 1257 christianum
784 1231 937 1265 quempiam

139 1265 337 1298 descendente,
360 1264 412 1292 una
425 1265 506 1293 etiam
521 1264 660 1292 descendit
689 1265 826 1300 patientia,
846 1264 939 1295 centes

141 1301 292 1329 individua.
302 1300 492 1328 Admittendus
503 1301 582 1335 igitur
594 1308 655 1328 cum
667 1308 714 1328 sua
729 1301 838 1329 comite.
851 1301 938 1335 Quam

137 1338 161 1364 si
178 1344 231 1364 n0n
247 1337 436 1364 admiserimus
458 1344 520 1364 cum
531 1336 643 1371 Spiritu.
656 1336 827 1364 credimusne
840 1337 898 1364 fore
911 1342 940 1365 ιιι

135 1372 250 1407 Spiritui
264 1380 370 1407 semper
379 1373 404 1399 in
418 1372 495 1400 nobis
504 1372 602 1399 morari
611 1371 710 1399 libeat?
724 1372 790 1404 lmo,
803 1373 894 1400 nescio
905 1381 938 1400 an

136 1408 259 1436 resideat
275 1408 476 1442 aliquantisper.
488 1407 592 1435 Etenim
605 1407 663 1434 sine
678 1415 725 1434 sua
741 1408 839 1435 comite
850 1416 882 1435 ac
889 1409 939 1436 mi-

136 1444 224 1471 nistra
237 1443 337 1478 ubique
351 1451 458 1478 semper
473 1443 569 1470 anxius
582 1450 613 1470 ac
625 1443 770 1477 perplexus
782 1443 914 1471 laborabit
928 1453 935 1472 :

135 1479 328 1515 quodcumque
341 1479 464 1507 diabolus
485 1479 628 1515 intlixerit,
646 1478 718 1515 solus
736 1479 868 1515 sustinere
883 1486 935 1507 non

136 1514 249 1550 poterit.
261 1522 356 1543 carens
370 1514 487 1542 satellite
501 1522 560 1547 suo,
577 1514 704 1549 patientia
716 1514 830 1547 scilicet,
846 1514 937 1542 fortis-

135 1551 209 1578 simo
229 1550 376 1577 sustinendi
394 1550 583 1577 instrumento.
601 1550 660 1577 lito.

174 1586 185 1621 (
197 1585 231 1620 b)
254 1586 397 1613 Lenocinits
415 1586 582 1620 negotiantes.
600 1585 685 1621 Etiam
701 1584 759 1612 haec
773 1585 880 1620 phrasis
896 1590 938 1613 est

134 1619 385 1657 jur'econsultorum
406 1629 412 1647 :
439 1619 513 1657 nam,
536 1625 604 1657 teste
627 1619 751 1657 Ulpiano,
771 1620 811 1657 de
836 1621 937 1657 iisAqui

134 1655 267 1691 notantur
287 1656 395 1683 infamia
408 1676 415 1688 ,
438 1655 473 1691 (c.
490 1656 510 1682 Ι.
529 1655 668 1690 athletas),
690 1655 853 1691 lenocinium
876 1655 939 1683 facit

135 1693 184 1728 qui
201 1689 364 1728 qum‘stuaria
380 1689 512 1726 mancipia
521 1691 667 1728 habuerit,
682 1690 730 1717 sed
750 1695 778 1717 et
795 1691 841 1728 qui
859 1692 886 1728 in
907 1691 939 1718 Ii-

135 1726 216 1756 beris
236 1727 328 1762 (adde
351 1734 385 1754 ex
411 1727 544 1763 sententia
564 1726 684 1753 auctoris
708 1727 843 1763 usurem)
868 1726 940 1755 hunc

134 1768 271 1799 quaestum
287 1767 406 1790 exercet.
424 1762 492 1799 Ρᾼιι.

178 1800 215 1834 (c)
228 1799 395 1834 Aucupantlis
415 1798 573 1825 orbitatibus.
593 1797 739 1834 Notissima
753 1801 798 1833 est
811 1798 939 1826 sedulitas

135 1833 369 1870 heredipetarum
397 1834 441 1869 qui
472 1833 554 1861 orbos
584 1833 748 1870 ccelibesque
780 1834 939 1870 muneribus

133 1868 270 1904 omnique
290 1868 441 1897 officiorum
464 1877 563 1905 genere
588 1868 733 1905 palpabunt
759 1874 788 1896 ut
816 1869 939 1897 haeredes

131 1907 335 1934 serilierentnr.
352 1905 392 1932 De
408 1906 439 1932 iis
452 1906 478 1932 in
493 1905 640 1932 Paraduxis
659 1904 773 1932 Tullius.
791 1905 829 1932 De
841 1905 935 1933 iisdem

130 1942 164 1969 B.
183 1942 382 1977 Hieronymus,
401 1941 487 1975 Epist.
503 1940 531 1974 2,
547 1948 606 1976 quin
625 1945 666 1968 est
684 1940 716 1967 ad
731 1939 908 1975 Nepotianum
926 1950 933 1968 :

131 1977 221 2005 Audio
242 1976 376 2013 prtateren,
397 1977 422 2003 in
437 1985 508 2003 senes
528 1982 630 2013 etanus
651 1977 743 2011 absque
760 1976 854 2008 liberis,
870 1985 934 2010 quo-

130 2011 253 2041 rumdam
279 2018 353 2048 turpe
381 2013 519 2039 servitium.
543 2011 613 2047 Ipsis
633 2016 766 2048 apponunt
791 2012 932 2045 matulam,

130 2049 251 2076 obsident
273 2050 378 2080 lectum,
401 2048 573 2082 purulenliam
593 2047 716 2075 stomachi
740 2052 764 2075 et
786 2048 932 2083 phlegmata

130 2085 264 2119 pulmonis
287 2092 364 2111 numu
389 2084 493 2118 propria
509 2084 670 2119 suscipiunt,
687 2088 739 2113 etc.
757 2083 825 2111 Vide
847 2088 929 2111 totam

129 2121 287 2155 epistolam,
303 2125 376 2147 totno
391 2120 410 2146 Ι.
426 2119 464 2147 LE
481 2120 526 2146 Pu.
549 2135 584 2140 —
599 2120 663 2153 Qua:
670 2120 828 2155 aucupandis
837 2120 932 2147 orbita-

992 1234 1149 1262 duodecima
1168 1236 1255 1271 arguit
1269 1235 1416 1263 Juvenalis.
1430 1235 1516 1262 RHEN.

1028 1270 1068 1305 (ά)
1089 1271 1154 1304 Qua-
1166 1269 1258 1298 ventris
1272 1271 1411 1307 operarios.
1428 1271 1552 1306 Appellat
1568 1269 1707 1304 operarios
1721 1277 1788 1297 ven-

992 1305 1052 1339 tris,
1070 1314 1129 1334 cum
1163 1305 1294 1342 parasitos
1326 1312 1352 1334 et
1373 1305 1519 1333 alienarum
1541 1313 1693 1333 mensarum
1715 1312 1790 1333 asse-

992 1341 1060 1373 clas.
1082 1341 1179 1377 quibus
1201 1342 1265 1369 nihil
1286 1342 1358 1369 aliud
1381 1347 1423 1369 est
1445 1342 1530 1377 magis
1551 1349 1633 1377 curae,
1657 1348 1737 1376 quam
1762 1344 1791 1367 ut

992 1378 1078 1404 ventri
1093 1376 1207 1405 Satisliat
1220 1386 1227 1410 ;
1242 1382 1296 1404 tum
1311 1385 1358 1405 eos
1370 1378 1415 1412 qui
1431 1385 1460 1405 se
1471 1376 1498 1404 in
1508 1376 1619 1404 divitum
1633 1376 1786 1412 clientelam

992 1413 1108 1445 tradunt,
1121 1413 1217 1448 quibus
1232 1413 1270 1440 illi
1284 1411 1545 1449 postea'abutantur.
1558 1411 1789 1449 ﬂuam—Ventris

990 1450 1132 1483 operarios.
1157 1448 1293 1476 Parasitos
1308 1456 1376 1484 qttos
1391 1453 1418 1476 et
1441 1448 1568 1480 Lucilius,
1587 1448 1717 1475 Ventres:

1050 1495 1141 1526 Vivite,
1152 1494 1276 1526 lurcones,
1286 1495 1444 1525 eomedones,
1458 1496 1542 1526 vivite,
1554 1498 1664 1520 ventres.

1024 1546 1084 1581 Ipse
1090 1547 1203 1574 Tertull.
1210 1569 1216 1580 ,
1225 1548 1252 1574 in
1260 1547 1375 1583 Apolog.
1389 1556 1395 1574 :
1406 1547 1524 1574 Parasiti
1532 1546 1602 1580 apud
1610 1554 1653 1573 vos
1663 1546 1789 1583 affectant

989 1582 1023 1609 ad
1030 1582 1138 1617 gloriam
1147 1583 1304 1617 famulandae
1312 1582 1491 1615 libertatis,sub
1498 1586 1688 1608 auctoramento
1696 1582 1789 1609 ventris

989 1616 1054 1644 inter
1061 1619 1224 1645 contumelias
1232 1619 1378 1653 saginandi.
1388 1618 1532 1652 Propterea
1540 1625 1601 1644 mox
1611 1616 1788 1652 parasitorum

992 1653 1378 1685 invitatores.contumeliosos
1393 1657 1520 1688 patronos
1540 1657 1686 1687 nuncupat.
1703 1654 1790 1685 Atque

952 1675 974 1706 C
992 1675 1384 1730 iisi'g;;;a;;na“ax.;aiagg,
1394 1675 1789 1730 p5;samniti‘gvgcgpnz

992 1732 1051 1752 nes.
1064 1725 1095 1752 Et
1104 1723 1278 1752 invitatorum
1286 1732 1385 1752 mensa:
1397 1724 1504 1759 iniqua},
1513 1723 1651 1751 Juvenalis
1661 1723 1719 1751 Sat.
1728 1723 1788 1751 lito.

1028 1759 1066 1796 (ε)
1082 1760 1211 1787 Patientes
1227 1761 1346 1787 rivalium
1358 1765 1380 1787 et
1393 1761 1498 1796 divitum
1513 1764 1535 1786 et
1548 1760 1723 1796 incitaturum.
1739 1759 1790 1785 Pa-

992 1794 1088 1823 tientes
1102 1796 1224 1824 rivalium
1240 1796 1305 1823 dicit
1318 1796 1427 1822 maritos
1441 1795 1505 1822 dote
1516 1795 1623 1822 venales
1634 1802 1641 1821 :
1653 1794 1789 1822 Patientes

991 1831 1102 1859 divitum
1115 1832 1291 1866 hatredipetas
1306 1831 1463 1858 insidiantes
1482 1831 1596 1858 divittun
1612 1830 1787 1866 rorbitatihus;

991 1867 1124 1902 patientes
1138 1865 1321 1900 invitatorum,
1334 1867 1475 1901 parasitos.
1491 1866 1534 1901 qtti
1549 1865 1618 1901 apud
1632 1865 1789 1893 invitatores

991 1903 1264 1931 contumeliosissime
1277 1903 1431 1938 pascebant.
1449 1902 1509 1929 Rm.

1027 1939 1059 1974 (f)
1072 1939 1126 1967 Set!
1136 1939 1225 1965 viderit
1243 1936 1298 1966 sua.
1311 1938 1412 1965 Viderit
1423 1937 1549 1972 patientia
1562 1936 1789 1974 Nationtttn,_qu:e

987 1972 1087 2003 rivales
1108 1981 1135 2002 et
1156 1974 1253 2002 divites
1273 1980 1300 2002 et
1318 1974 1475 2001 invitatores
1499 1972 1789 2000 contumeliosissitnos

987 2011 1098 2046 patitur.
1115 2010 1175 2038 Ilio.

1022 2047 1061 2082 (ε)
1077 2048 1124 2075 Sui
1134 2047 1260 2081 prtesidis.
1276 2046 1394 2074 Satanae.
1408 2045 1468 2073 “IG-

1021 2078 1169 2119 (h)‘Subtcr
1182 2083 1258 2118 ignis.
1270 2082 1341 2118 Ignis
1353 2082 1444 2109 arcani
1457 2081 1507 2108 sub
1520 2085 1619 2108 terram
1635 2078 1787 2142 theiéturus.

1708 2123 1745 2142 to.

1708 2123 1745 2143 lG.

127 2175 1788 2206 W

130 2248 266 2292 QUIN
273 2248 331 2285 'l‘I
352 2248 597 2286 SEPTIMII
625 2250 921 2288 FLORENTIS
957 2249 1339 2286 TER'I‘ULLIANI
1368 2233 1444 2286 ᾹΙ)
1473 2247 1706 2285 UXOREM
1745 2238 1787 2278 (ί)

656 2328 896 2383 LIBER
923 2327 1249 2383 PRIMUS.

872 2415 1057 2443 ιθζΒῧῘθΞήΘπ

125 2463 971 2501 Ancuusnruu.-—Tertullianus,sivewtatcvelmorboingra-D
1020 2465 1136 2493 secundis
1150 2466 1244 2501 nuptiis
1268 2465 1408 2497 abstineat,
1432 2464 1459 2491 in
1479 2463 1558 2491 altera
1585 2470 1642 2490 vero
1675 2461 1790 2496 praecipit

169 2516 282 2537 vescente
296 2511 414 2544 monitus,
423 2511 474 2538 sive
478 2511 535 2546 jam
548 2511 622 2538 rebus
636 2510 800 2538 swcularibus
814 2512 931 2538 nuntium

169 2556 295 2583 missurus
304 2576 312 2589 ,
338 2561 365 2583 ut
379 2557 474 2584 arctius
498 2557 664 2584 christianum
678 2558 837 2592 proﬁteretur
851 2557 931 2584 disci-

168 2603 277 2638 plinam,
292 2607 316 2629 et
329 2603 363 2629 ad
374 2603 487 2630 sublimis
499 2603 635 2631 sacerdotii
648 2604 750 2639 fastigia
769 2604 929 2636 cve/teretur,

167 2648 204 2675 ad
219 2656 324 2676 uxorem
345 2649 418 2683 quasi
431 2650 571 2676 testamenti
597 2649 697 2677 tabulas
710 2650 839 2684 condidit,
866 2651 930 2678 duos

167 2704 259 2731 nempe
284 2695 357 2723 hosce
374 2695 461 2728 libros,
475 2696 502 2723 in
516 2705 623 2731 quorum
646 2698 727 2732 prium
740 2706 845 2725 uxorem
857 2706 932 2725 suam

121 2765 126 2770 .
166 2742 286 2770 hortatur
299 2747 326 2769 ut
339 2743 360 2770 si
375 2742 445 2778 prior
462 2743 516 2778 ipse
528 2744 561 2770 ad
580 2743 720 2772 Dominum
747 2745 902 2781 migraverit,
917 2753 933 2772 a

1019 2513 1079 2539 utsi
1092 2513 1185 2539 nubere
1208 2512 1281 2544 velit,
1306 2515 1404 2538 tantum
1417 2518 1475 2537 cum
1496 2510 1634 2538 christiano
1648 2509 1701 2536 viro
1725 2516 1788 2535 con-

1017 2559 1150 2594 jungatur.
1162 2558 1207 2586 Sic
1216 2566 1242 2586 se
1257 2558 1329 2585 habet
1340 2557 1414 2585 totius
1428 2558 1510 2592 operis
1523 2561 1683 2592 prospectus.

1243 2603 1356 2632 CAPUT
1376 2603 1519 2631 PRIMUM.

1021 2651 1133 2686 Dignum
1149 2650 1211 2677 duxi
1227 2649 1461 2687 (2),dilectissima
1476 2649 1540 2676 mihi
1570 2649 1609 2684 (5)
1628 2649 1653 2676 in
1675 2648 1788 2678 Domino

985 2705 1127 2729 conserva,
1155 2697 1216 2732 quid
1238 2697 1284 2724 tibi
1298 2696 1455 2724 sectandum
1469 2696 1503 2723 sit
1516 2701 1575 2731 post
1591 2695 1738 2723 discessum
1754 2696 1788 2724 de

983 2745 1084 2773 satculo
1097 2752 1197 2777 meum,
1207 2744 1228 2772 si
1238 2745 1311 2779 prior
1325 2747 1350 2771 te
1367 2742 1442 2771 fuero
1457 2747 1577 2776 vocatus,
1589 2742 1715 2778 jamhinc
1726 2750 1788 2779 pro-

753 2801 945 2831 LECTIONES
965 2801 1173 2831 VARIANTES.

157 2845 199 2909 ξιξ
215 2846 322 2884 Additur
333 2847 365 2872 de
376 2847 431 2884 unis
443 2847 534 2878 nuptiis
546 2850 620 2883 I-‘rtm;

172 2877 188 2901 2
216 2879 322 2909 Dignum
334 2879 401 2909 dun,
413 2878 498 2904 aberat
508 2885 525 2903 α
534 2886 615 2909 prima

216 2879 322 2911 Dignum
334 2879 401 2911 duxi,
413 2878 498 2904 aberat
508 2885 525 2903 α
534 2879 615 2916 prima
627 2879 701 2905 Rhea.

172 2877 188 2901 2

1011 2848 1048 2882 (3)
1067 2852 1103 2875 tta
1115 2850 1189 2875 Fran.
1199 2847 1346 2882 Paris.Rig.
1359 2848 1418 2874 mihi
1435 2847 1499 2874 delet
1508 2847 1613 2874 Scmler.

431 3196 985 3217 ’διτηψ-
995 3197 1013 3204 ν
