4068 6352
256 297 421 358 ἸΞῚῚ

1516 293 1725 355 LIBER
1762 293 1786 353 Ι
1821 294 1917 357 AD
1952 294 2267 355 UXOREM.

3443 297 3585 399 ηπ

258 432 384 489 que
408 415 498 473 alii
520 413 754 473 foramina:
774 411 841 470 ad
859 412 1026 471 Deum
1044 409 1333 485 pertinenti
1351 409 1429 486 (a)
1446 411 1712 484 proﬁciat,
1737 410 1879 481 quod
1904 415 1959 479 Α
1984 411 2315 484 posteritatis
2335 410 2706 484 castigatione,
2728 420 2830 470 aut
2853 420 3171 485 prmstruam
3199 411 3473 473 Christum
3499 428 3588 477 sc-

173 554 180 562 .
248 511 590 581 suademus,
613 510 745 571 licet
770 516 1066 569 retractare
1091 504 1198 582 (1).

912 599 1144 658 CAPUT
1200 598 1263 656 ll.

336 698 465 757 Non
478 696 698 767 quidem
725 695 1010 755 abnuimus
1029 694 1463 765 coniunctionem
1491 692 1590 751 viri
1610 706 1674 750 ac
1692 692 1877 753 immi-

253 807 355 850 nac
384 789 726 851 benedictam
750 804 780 845 a
811 789 1039 847 Domino
1085 787 1191 863 (ε),
1220 795 1280 845 ut
1301 787 1563 847 sciremus
1584 784 1665 860 (ὅ)
1691 784 1878 857 generi

254 885 512 944 humano
539 893 596 943 et
622 883 883 957 replenda
909 882 1028 942 orbi
1054 890 1110 940 et
1136 880 1453 940 instruendo
1482 881 1682 939 saeculo
1710 894 1876 938 exco-

248 981 517 1050 gitatam,
538 986 702 1049 atque
722 976 924 1034 exinde
952 976 1300 1048 permissam;
1330 989 1490 1031 unam
1518 982 1716 1032 tamen.
1741 973 1875 1032 Nam

242 1081 311 1130 et
339 1073 523 1131 Adam
555 1085 694 1131 unus
734 1071 863 1128 Eva
892 1070 1135 1138 maritus,
1168 1077 1223 1127 et
1249 1070 1362 1127 Eva
1390 1085 1497 1127 una
1538 1085 1674 1126 uxor
1710 1069 1874 1137 illius,

245 1181 367 1224 una
423 1166 641 1233 mulier,
684 1180 792 1223 una
834 1173 1006 1222 costa.
1037 1164 1183 1222 Sane
1224 1164 1362 1236 apud
1403 1171 1616 1221 veteres
1661 1172 1877 1222 nostros

244 1259 526 1331 ipsosque
572 1256 908 1330 patriarchas
948 1271 1057 1314 non
1102 1257 1265 1315 modo
1304 1256 1532 1325 nubere,
1572 1255 1669 1315 sed
1711 1256 1877 1313 etiam

243 1351 601 1426 plurifariam
629 1350 991 1408 matrimoniis
1018 1349 1094 1406 uti
1113 1348 1193 1406 las
1222 1348 1340 1415 fuit,
1366 1358 1521 1408 erant
1538 1358 1595 1406 et
1621 1349 1879 1406 concubi-

242 1464 339 1504 nae
386 1465 401 1501 :
441 1446 539 1504 sed
566 1445 699 1503 licet
726 1445 1009 1518 ﬁguratum
1034 1443 1119 1517 (4)
1148 1444 1205 1500 in
1229 1458 1562 1516 synagogam
1601 1450 1659 1500 et
1687 1442 1879 1500 Eccle-

241 1542 394 1598 siam
426 1540 514 1615 (ὃ)
541 1539 791 1606 cesserit,
817 1547 876 1595 ut
895 1546 1076 1595 tamen
1097 1537 1416 1608 simpliciter
1436 1537 1874 1609 interpretemur,

240 1634 634 1691 necessarium
663 1631 764 1687 fuit
780 1631 1084 1696 instituere,
1110 1644 1232 1701 qua:
1257 1637 1447 1701 postea
1469 1637 1567 1686 aut
1584 1629 1873 1701 amputari,

240 1733 345 1782 aut
397 1724 691 1796 temperari
736 1730 1094 1780 mererentur.
1148 1722 1547 1791 Superventura
1596 1721 1741 1778 enim
1786 1721 1876 1778 lex

1980 505 2232 577 parandis
2261 505 2619 565 matrimoniis
2654 513 2710 562 et
2738 503 2820 578 (7)
2852 505 3094 563 delendis
3118 505 3587 577 coniunctionibus

1974 599 2283 674 advenisse,
2301 598 2453 669 quasi
2468 598 2580 670 jam
2611 596 2737 655 hinc
2760 597 2922 655 linem
2948 598 3184 659 nubendi
3212 598 3585 671 praScribam.

1978 691 2242 759 Viderint,
2276 692 2365 763 qui
2393 691 2533 748 inter
2551 702 2744 749 caetera
2776 694 3188 764 perversitatum
3216 709 3435 753 suarum
3465 693 3581 754 dis-

1972 783 2202 855 iungere
2227 783 2420 841 docent
2457 782 2555 858 (ε),
2582 799 2800 845 carnem
2826 783 2894 843 de
2932 783 3013 858 (8)
3039 785 3251 844 duobus
3276 801 3582 853 unam,.ne-

1977 883 2165 948 gantes
2189 891 2336 946 eum,
2366 877 2457 948 qui
2486 875 2762 934 lmminam
2793 877 2864 935 de
2891 879 3134 935 masculo
3162 888 3455 946 mutuatus,
3477 861 3588 938 duo

1979 983 2206 1041 corpora
2232 984 2297 1025 ex
2315 968 2558 1040 ejusdem
2579 970 2819 1027 materia:
2840 972 3115 1028 consortio
3132 981 3365 1045 sumpta,
3395 989 3586 1032 rursus

1972 1062 2036 1119 in
2058 1077 2119 1123 se
2147 1061 2473 1129 matrimonii
2492 1063 2868 1135 compactione
2894 1063 2976 1137 (9)
3004 1066 3295 1137 compegit.
3340 1065 3585 1138 Denique

1980 1155 2254 1229 prohiberi
2280 1156 2496 1226 nuptias
2517 1170 2784 1227 nusquam
2800 1157 3019 1213 omnino
3040 1157 3287 1228 legimus,
3312 1167 3368 1217 ut
3384 1159 3584 1217 bonum

1976 1248 2184 1313 scilicet
2214 1266 2227 1303 :
2261 1247 2389 1321 quid
2422 1258 2602 1305 tanton
2635 1249 2775 1307 bono
2804 1250 2908 1306 isto
2936 1250 3134 1309 melius
3161 1251 3250 1315 sit,
3290 1252 3587 1323 accipimus

1979 1342 2047 1399 ab
2076 1342 2354 1413 Apostolo,
2372 1342 2715 1414 permittente
2736 1343 2952 1415 quidem
2979 1343 3185 1402 nubere
3213 1342 3316 1417 (d),
3340 1343 3435 1400 sed
3484 1345 3584 1401 ab-

1977 1434 2290 1503 stinentiam
2320 1434 2643 1506 prmferente
2688 1452 2701 1490 :
2736 1434 2867 1491 illud
2898 1445 3118 1506 propter
3148 1436 3373 1493 insidias
3411 1444 3587 1499 tenta-

1981 1528 2211 1594 tiouum,
2262 1525 2366 1583 hoc
2413 1535 2633 1599 propter
2660 1526 2935 1596 angustias
2966 1534 3269 1598 temporum
3310 1544 3322 1581 :
3355 1543 3459 1598 qua
3500 1543 3590 1590 ra-

1976 1621 2127 1683 tione
2158 1623 2434 1688 utriusque
2462 1618 2916 1691 pronuntiationis
2943 1619 3186 1691 inspecta
3239 1618 3397 1676 facile
3418 1620 3580 1676 dino-

1950 1704 2166 1783 scitur,
2194 1714 2516 1773 necessitate
2544 1712 2701 1768 nobis
2732 1727 3047 1770 concessam
3080 1727 3205 1770 esse
3232 1712 3465 1769 nubendi
3491 1729 3589 1785 po-

240 1825 405 1882 erat,
442 1817 726 1887 oportebat
760 1815 895 1886 legis
936 1813 1527 1884 adimplendaecaussas
1556 1827 1865 1884 praecneur-
1900 1819 1954 1885 Β
1982 1818 2230 1869 testatem
2262 1825 2277 1862 :
2306 1807 2447 1879 quod
2475 1816 2656 1866 autem
2694 1808 2990 1864 necessitas
3032 1816 3273 1878 przestat,
3316 1808 3612 1880 depretiat,

239 1910 415 1967 tisse.
458 1908 604 1966 Idem
646 1908 729 1981 (6)
775 1922 899 1964 mox
943 1907 1046 1979 legi
1100 1921 1428 1977 succurrere
1470 1906 1732 1972 habebat,
1775 1907 1873 1966 Dei

110 2002 133 2017 ’
240 2016 449 2060 sermo
468 2000 938 2061 circumcisionem
960 1999 1221 2057 inducens
1247 1999 1567 2070 spiritalem.
1591 1999 1758 2070 Igitur
1776 2015 1874 2071 per

242 2092 542 2152 licentiam
573 2102 699 2149 tunc
726 2092 994 2163 passivam
1021 2092 1127 2164 (b),
1158 2091 1399 2148 materia:
1424 2090 1872 2162 subsequentium

241 2186 702 2245 emendationum
755 2184 1312 2257 pmministrabantur
1337 2226 1352 2251 ,
1411 2200 1544 2256 quas
1607 2185 1870 2243 Dominus

242 2280 557 2353 Evangelio
572 2295 691 2347 suo,
713 2278 909 2337 dehinc
925 2279 1215 2350 Apostolus
1237 2279 1289 2335 in
1311 2279 1746 2337 extremitatibus
1769 2295 1872 2338 sar-

240 2377 364 2434 culi
393 2385 496 2433 aut
532 2374 730 2445 excidit
758 2374 1147 2443 redundantes,
1182 2384 1287 2431 aut
1325 2376 1635 2446 composuit
1677 2376 1872 2433 incon-

244 2468 422 2526 ditas.

882 2558 1115 2621 CAPUT
1155 2559 1243 2616 Ill.

328 2652 447 2711 Sed
474 2667 583 2712 non
610 2652 733 2711 ideo
758 2653 1109 2725 praemiserim
1138 2652 1205 2709 de
1227 2651 1478 2711 libertate
1503 2655 1788 2713 vetustatis
1813 2663 1871 2713 et

1976 1903 2114 1975 ipsa.
2157 1901 2311 1971 Quod
2354 1900 2590 1972 denique
2633 1900 2896 1973 scriptum
2927 1907 3030 1969 est,
3067 1899 3257 1957 Melius
3285 1910 3359 1957 εει
3402 1900 3590 1957 nubere

1976 2013 2130 2070 quam
2158 1995 2239 2051 uri
2266 1994 2286 2068 (
2315 1994 2332 2051 l
2360 1993 2506 2061 Con,
2551 1991 2662 2062 νη,
2696 1986 2978 2066 9),’ίμιειιε
3003 1992 3106 2050 hoc
3133 1993 3333 2051 bonum
3362 2002 3467 2062 est,
3490 2008 3588 2051 oro

1978 2102 2053 2161 te,
2084 2090 2227 2164 quod
2258 2089 2388 2148 mali
2416 2089 2749 2160 comparatio
2779 2086 3162 2146 commendat?
3209 2087 3279 2143 Ut
3308 2087 3428 2152 ideo
3469 2103 3587 2145 mc-

1976 2185 2081 2243 lius
2103 2184 2176 2243 sit
2201 2182 2427 2250 nubere,
2458 2182 2582 2254 quia
2610 2181 2850 2240 deterius
2873 2190 2958 2239 est
2986 2183 3087 2237 uri.
3147 2181 3363 2239 Atenim
3386 2189 3587 2252 quanto

1977 2277 2169 2333 melius
2196 2284 2280 2332 est
2299 2290 2473 2346 neque
2490 2274 2691 2332 nubere
2719 2289 2895 2346 neque
2925 2274 3042 2329 uri!
3076 2272 3233 2347 [Sed]
3262 2273 3380 2349 (t0)
3411 2274 3574 2333 etiam

1975 2372 2031 2430 in
2058 2369 2518 2442 persecutionibus
2534 2367 2609 2445 (ε)
2626 2370 2815 2428 melius
2830 2381 2913 2428 est
2929 2368 3049 2442 (11)
3065 2385 3129 2426 ex
3146 2370 3416 2443 permissu
3441 2369 3588 2442 fuge-
3610 2376 3618 2384 '

1975 2478 2037 2522 re
2057 2462 2128 2521 de
2150 2461 2348 2534 Oppido
2364 2462 2416 2518 in
2432 2462 2707 2533 oppidum,
2736 2476 2898 2534 quam
2925 2461 3374 2534 comprehensum
3402 2471 3459 2520 et
3476 2450 3589 2521 disl-

1974 2568 2179 2616 tortum
2210 2570 2429 2628 negare.
2457 2558 2635 2628 Atque
2659 2556 2785 2613 ideo
2808 2556 3096 2625 beatiores,
3129 2556 3225 2628 qui
3252 2556 3433 2614 valent
3452 2557 3584 2614 bea-

1979 2662 2031 2709 ta
2062 2650 2356 2709 testimonii
2393 2648 2736 2707 confessione
2762 2649 3053 2707 excedere.
3086 2650 3315 2707 Possum
3339 2649 3533 2720 ,dicere
3567 2668 3582 2707 :

1476 2770 1859 2832 LBCTIONES
1895 2743 2360 2845 uultures;

317 2883 405 3007 (1)
422 2884 755 2956 Pertractare,
782 2882 887 2935 alii.

348 2950 380 2997 2
433 2946 561 3003 Deo.
586 2942 691 2997 alii.

348 2942 405 3003 2)
433 2946 561 3003 Deo.
586 2942 691 2997 alii.

343 3008 400 3077 .5)
428 3009 494 3077 iit
516 3008 831 3077 seminarium
854 3009 1057 3077 generis
1078 3009 1294 3077 humani,
1307 3008 1500 3077 _Rigatt.

346 3070 400 3139 i)
428 3072 608 3139 Figura
631 3072 750 3121 Jun.
779 3070 1404 3139 Frun._ﬁguraliter,ltig.'
1427 3096 1433 3102 ο

343 3132 399 3201 5)
426 3134 483 3201 l_n
496 3132 747 3201 synagoga
773 3132 980 3201 ecclesia
996 3132 1365 3201 intercesSeri't,
1392 3135 1500 3201 Βία.

345 3194 401 3263 ρ)
427 3194 603 3263 Eidem
629 3194 972 3263 Fian._Pai'is.
992 3194 1129 3263 item
1146 3196 1255 3263 Rig.

344 3254 402 3369 ἐξ
505 3255 673 3369 «figat;
695 3255 969 3318 abolendis,
988 3254 1166 3321 Rigalt.

454 3332 486 3367 ll
509 3331 613 3369 am.
660 3360 664 3364 ι

347 3380 405 3446 9)
419 3444 426 3446 _
440 3380 833 3446 computatione,
854 3381 968 3446 Itig.

350 3440 437 3510 ιο)
462 3440 739 3496 Ξεάἐεηιι.
768 3440 1084 3508 ιεορ.ὀιπὶα.
1101 3441 1206 3494 alii.

2035 2885 2155 2951 (H_)_
2181 2887 2263 2936 Ita
2299 2879 2497 2951 omissis
2515 2895 2589 2934 vv.
2619 2897 2684 2934 ex
2710 2944 2722 2951 _
2745 2883 3007 2951 permissu,
3032 2882 3150 2951 _co_d.
3185 2881 3339 2951 Agob.
3365 2883 3577 2951 prmbuit

1973 2944 2203 3014 Μρειὶξρ,
2225 2944 2310 3011 qui
2330 2954 2491 2998 tamen
2524 2944 2782 3014 reposuig';
2808 2954 2957 3009 atque
2980 2946 3078 2996 isto
3092 2944 3376 3006 beatiores,
3388 2949 3471 3010 qui
3493 3010 3505 3014 _
3518 2973 3579 2985 _.

1972 3009 2284 3061 confessione
2308 3022 2406 3058 non
2430 3009 2685 3060 excidere.
2712 3009 2969 3061 Rhenanus
2999 3020 3032 3071 :_
3043 3021 3377 3071 compressum
3400 3009 3454 3059 et
3475 3010 3580 3061 dis-

1973 3080 2156 3123 tortum
2179 3083 2386 3135 negare,
2424 3080 2572 3135 atque
2598 3073 2693 3122 isto
2713 3071 2869 3135 beata
2883 3077 2976 3120 est.
2996 3069 3209 3135 .idemve
3234 3069 3366 3135 quid,
3389 3080 3582 3133 negent

1974 3134 2114 3187 beati
2136 3129 2423 3193 testimonii,
2445 3129 2683 3185 eicidere
2706 3140 2807 3189 cet.
2831 3129 3082 3183 Pamelius
3110 3145 3127 3182 :
3152 3139 3203 3184 at
3221 3129 3334 3195 quae
3357 3134 3448 3195 ista
3460 3129 3587 3185 bea-

1899 3195 1944 3261 Ε
1979 3195 2382 3261 titas_est._i_deo
2420 3209 2485 3243 nc
2518 3198 2601 3261 qui
2625 3202 2799 3257 neget,
2826 3196 2958 3244 beati
2984 3194 3251 3261 testimonii
3274 3194 3585 3261 confessione

1980 3257 2257 3308 excidere?
2278 3256 2485 3320 Possum
2508 3256 2558 3320 αξ.
2582 3269 2667 3320 qu.
2687 3256 2841 3318 perm.
2868 3268 2968 3307 non
2992 3264 3070 3320 est
3080 3257 3291 3320 bonum._
3307 3256 3436 3316 Quid
3448 3260 3582 3310 enim

1978 3332 2090 3370 nec.
2116 3319 2417 3431 mgmmibi?
2435 3319 2479 3368 si
2503 3318 2642 3382 ploro
2664 3320 2844 3370 bonum
2869 3324 2949 3370 est
2974 3333 2987 3369 :
3010 3319 3053 3371 si
3073 3319 3245 3374 timeo.
3263 3318 3405 3381 Quod
3420 3332 3581 3386 perm.

1979 3409 2041 3419 —
2064 3395 2118 3433 ca
2287 3418 2299 3432 .

1631 3547 2194 3617 COMMENTARIUS.

254 3670 494 3744 optime
514 3668 876 3744 constituitur,
927 3668 1003 3744 Ει
1024 3669 1130 3726 erit
1159 3680 1338 3744 operat
1362 3666 1594 3744 pretium
1621 3665 1868 3744 pluscula

257 3739 432 3801 eiiam
463 3741 533 3798 de
560 3739 908 3811 sequentibus
938 3739 1004 3796 ad
1029 3740 1272 3797 eamdem
1303 3739 1555 3811 incudem
1582 3739 1865 3810 reﬁngere,

255 3831 384 3884 quae
438 3828 561 3869 cum
606 3810 842 3884 editione
888 3811 1110 3884 Pamelii
1157 3813 1202 3868 si
1249 3810 1615 3884 conferantur,
1671 3811 1868 3884 oppido

256 3882 516 3948 meliora,
549 3882 711 3939 etiam
738 3897 827 3939 me
848 3882 1119 3949 indicente
1144 3884 1499 3951 apparebunt.
1531 3883 1652 3941 Bm.

330 3953 699 4082 (a)RFasminw
725 3953 793 4009 ad
815 3952 981 4009 Deum
1003 3952 1292 4024 pertinenti.
1343 3954 1455 4011 Hoc
1470 3966 1573 4024 est,
1600 3952 1865 4013 Christia-

330 4045 367 4082 ξ.
455 4042 526 4082 te.

256 4043 367 4084 nm.
404 4042 526 4083 HIC.

329 4099 491 4155 CAP.
525 4096 590 4153 Π.
616 4127 688 4140 -
708 4096 790 4170 (b)
813 4096 1091 4170 Licentiam
1115 4094 1391 4168 passivam.
1418 4094 1641 4167 Nuptias
1679 4096 1865 4155 multi-

256 4169 450 4242 plices,
486 4172 685 4242 passim
721 4168 1035 4242 concessas.
1063 4168 1184 4226 Rto.

327 4240 608 4298 CAR—Ill.
639 4242 789 4313 -—(c)
816 4240 1169 4313 Interica’tera
1207 4242 1591 4313 perversitatum
1632 4255 1862 4313 suarum.

252 4312 604 4383 blarcionitas
621 4310 788 4375 notat;
810 4312 949 4383 apud
970 4310 1289 4370 Marciouem
1309 4317 1469 4381 enim,
1493 4310 1798 4383 utscribitl.
1825 4328 1863 4378 ι,

253 4386 308 4441 iu
357 4381 642 4458 eumdem,
671 4381 1184 4458 nuntiiigiturcaro,
1210 4387 1310 4441 nisi
1336 4388 1508 4458 virgo,
1534 4384 1646 4458 nisi
1675 4382 1861 4452 vidua,

252 4457 361 4513 nisi
393 4454 616 4514 caelebs.
642 4454 744 4509 nisi
769 4453 1002 4509 divortio
1031 4453 1294 4521 baptisma
1324 4453 1582 4515 mercata.
1612 4453 1788 4511 Busa.

328 4526 413 4610 (tl)
443 4525 782 4610 formidante
796 4525 999 4610 quidem
1021 4526 1226 4610 nubere.
1255 4527 1866 4610 Nuptimpertnitiuntur

252 4595 346 4655 oh'
375 4595 774 4663 inﬁrmitatem,
806 4595 901 4650 sed
952 4595 1017 4650 iis
1045 4595 1366 4667 abstinentia
1398 4595 1571 4667 potior
1613 4596 1862 4665 habetur,

254 4673 336 4727 sic
360 4668 507 4739 apud
535 4668 593 4724 S.
615 4667 980 4739 Ambrosium,
997 4666 1087 4739 (lib.
1115 4665 1169 4733 Ι,
1189 4668 1253 4724 de
1278 4665 1572 4739 Virgi,qua:
1593 4669 1733 4725 nubit
1760 4685 1863 4725 non

254 4737 649 4812 reprelienditur
666 4757 696 4812 ἓξ
735 4754 849 4812 quia
876 4737 1091 4812 abstinet
1108 4737 1480 4812 laudaturfEt’
1503 4739 1571 4812 B.
1596 4739 1863 4812 Hierony-

255 4809 380 4867 mus
409 4814 465 4868 in
480 4826 543 4868 ea
570 4810 730 4867 verba
759 4809 1002 4881 Apostoli
1026 4826 1041 4865 :
1074 4811 1119 4867 si
1142 4815 1325 4878 ζααιεηι
1347 4810 1600 4881 acceperis
1626 4809 1858 4877 uxorem,

262 4898 367 4938 non
400 4883 666 4955 peccasti:
691 4880 849 4955 Aliud
904 4891 989 4955 est
1034 4882 1202 4949 enim,
1230 4881 1422 4955 inquit,
1464 4880 1571 4938 non
1613 4894 1859 4951 peccare,

255 4952 411 5011 aliud
439 4955 577 5011 bene
602 4953 797 5011 facere.
824 4953 903 5010 Ls.
931 4952 1030 5009 Pn.
1306 4952 1321 4955 ⁷
1752 4958 1765 4962 ·

328 5024 408 5099 (e)
437 5023 610 5099 Etiam
644 5026 702 5099 in
728 5025 1157 5094 persecationibus
1185 5026 1363 5083 melius
1397 5033 1471 5082 εει
1507 5041 1570 5083 ea:
1594 5025 1859 5099 permissu

258 5096 438 5171 fugere
462 5096 931 5171 degppido._quant
972 5098 1390 5171 comprehensum
1432 5115 1637 5171 negare.
1680 5097 1860 5171 Notis-

256 5168 394 5223 sima
425 5179 509 5225 est
534 5168 683 5225 Pauli
698 5169 765 5225 ad
781 5168 1089 5226 Corinthios
1108 5170 1391 5226 scribentis
1407 5168 1674 5227 sententia
1700 5188 1713 5227 :
1739 5168 1795 5224 Μ
1800 5183 1857 5224 ε-

258 5238 357 5312 tius
385 5255 495 5295 εεεε
509 5240 694 5312 nubere
707 5256 861 5312 quam
877 5242 977 5295 uri.
1000 5240 1359 5298 Tertullianus
1374 5241 1612 5310 disputat
1627 5252 1855 5297 conten-

255 5309 466 5384 ditque,
494 5311 662 5368 multo
686 5309 880 5369 melius
905 5327 1026 5368 esse
1052 5328 1152 5368 nec
1177 5313 1397 5380 nubere,
1431 5309 1530 5369 nec
1558 5314 1639 5369 uri
1666 5355 1680 5378 ,
1710 5312 1856 5384 quod

257 5390 319 5436 ut
338 5382 570 5451 evincat,
599 5385 999 5453 comparatione
1024 5384 1187 5439 utitur
1211 5385 1427 5440 alterius
1451 5382 1855 5453 sententiaequa

255 5453 514 5526 docetur,
570 5455 763 5526 melius
787 5468 907 5511 esse
945 5453 1252 5511 Christiano
1292 5456 1344 5510 in
1396 5454 1856 5526 persecutionibus

257 5522 463 5597 iugere,
502 5540 665 5597 quam
700 5524 975 5597 Christum
1004 5541 1228 5596 negare;
1270 5526 1357 5582 cui
1390 5522 1568 5582 statim
1600 5525 1813 5597 subjicit
1833 5568 1850 5594 ,

254 5594 416 5669 ionge
442 5594 633 5669 melius
668 5612 789 5655 esse
826 5612 925 5653 nec
951 5594 1155 5669 fugere,
1181 5612 1295 5655 .nec
1329 5612 1542 5669 negare.
1574 5596 1677 5669 Qui
1700 5594 1853 5655 locus

259 5668 310 5722 in
341 5668 733 5741 exemplaribus
759 5669 919 5726 editis
936 5669 1079 5741 adeo
1098 5668 1425 5741 depravatae
1452 5668 1847 5738 circumfertur,

257 5748 318 5824 ξι
334 5740 922 5824 νίεθᾳιςξζιιεὶηειιιίχηὶιιυξ
935 5740 1205 5799 intellecta
1216 5740 1843 5824 ilaccescereuvideatur.

256 5808 348 5867 Sic
368 5808 532 5869 edidit
556 5813 822 5873 Pamelius
848 5832 863 5870 :
892 5811 962 5869 In
997 5813 1429 5886 persecutionibus
1455 5813 1636 5869 melius
1681 5822 1755 5871 est
1779 5829 1846 5870 es

1977 3667 2430 3744 permissufugere
2450 3668 2517 3723 de
2541 3667 2730 3740 oppido
2758 3669 2814 3723 in
2841 3668 3111 3744 oppidum,
3144 3685 3298 3744 quam
3321 3685 3581 3744 compres-

1973 3754 2088 3799 sum
2126 3748 2174 3812 ει
2199 3739 2468 3812 diuertunt
2495 3756 2711 3812 negare:
2740 3750 2794 3795 at
2817 3756 2931 3811 quae
2950 3742 3049 3796 ista
3076 3739 3291 3798 beatitas
3316 3754 3389 3800 εει
3421 3739 3446 3800 ε’
3467 3746 3582 3804 ideo

1973 3828 2038 3868 ne
2059 3811 2146 3883 qui
2171 3820 2335 3883 neget,
2358 3810 2491 3866 beati
2514 3810 2790 3867 testimonii
2814 3810 3128 3881 Confessionc
3147 3815 3376 3871 excidere
3393 3816 3419 3870 ?
3447 3815 3583 3875 Pos-

1971 3881 2084 3940 sum
2109 3881 2309 3939 dicere:
2332 3884 2470 3955 quod
2492 3883 2801 3955 permittitur
2825 3900 2928 3939 non
2952 3896 3027 3940 est
3055 3885 3256 3940 bonum.
3294 3887 3429 3953 Quid
3448 3891 3583 3946 enim

1971 3972 2174 4012 necesse
2216 3958 2347 4011 mori
2397 3954 2564 4010 mihi?
2609 3955 2654 4010 si
2708 3956 2874 4024 ploro,
2921 3957 3107 4011 bonum
3152 3967 3272 4015 est:
3312 3959 3358 4012 si
3405 3960 3576 4017 timeo.

1977 4027 2130 4097 Quod
2176 4027 2501 4099 permittitur,
2558 4036 2844 4099 suspectam
2888 4025 3037 4099 liabet
3081 4029 3426 4097 permiseionis
3471 4048 3582 4091 sua:

1972 4096 2227 4156 caussam.
2270 4096 2401 4154 Miro
2442 4098 2600 4154 torsit
2643 4096 2961 4154 Rhenanam
2991 4096 3269 4168 hiclocus,
3307 4110 3365 4156 et
3403 4112 3485 4159 est
3512 4106 3580 4161 ab

1970 4184 2037 4224 eo
2074 4170 2249 4229 editus
2291 4168 2394 4225 hoc
2435 4178 2621 4226 tenore
2651 4168 2937 4226 verborum
2967 4188 2981 4226 :
3008 4177 3169 4240 atque
3204 4180 3262 4227 ut
3285 4172 3580 4233 verisimile

1970 4249 2073 4310 est,
2129 4240 2506 4310 manuscriptis
2550 4241 2619 4295 ita
2649 4242 3234 4299 commonstrautihus:
3273 4244 3460 4301 Helius
3505 4258 3580 4304 est

1968 4327 2034 4368 ea:
2059 4312 2512 4384 permissufugere
2550 4312 2614 4367 de
2646 4313 2838 4383 oppido
2866 4313 3205 4384 iuoppidam,
3247 4332 3399 4384 quam
3440 4334 3580 4374 com-

1970 4382 2203 4455 pressum
2217 4392 2262 4438 et
2285 4382 2555 4456 distortum
2582 4399 2786 4455 negare,
2813 4392 2963 4456 atque
2988 4382 3085 4440 isto
3111 4382 3372 4443 beata'est.
3404 4384 3577 4446 Idem-

1969 4472 2028 4527 ue
2054 4456 2177 4523 quid
2215 4465 2397 4527 negent
2442 4455 2577 4527 beati
2630 4455 2906 4510 testimonii
2957 4458 3275 4525 confessione
3320 4459 3571 4518 excidere.

1890 4563 1943 4627 Β
1972 4525 2192 4611 Possum
2217 4525 2401 4591 dicere,
2427 4525 2579 4627 Quod
2602 4527 2918 4627 permittitur
2941 4543 3044 4627 'nou
3072 4538 3145 4627 εει
3191 4529 3400 4627 bonum.
3433 4530 3576 4617 Quid

1972 4600 2104 4655 enim
2144 4615 2342 4653 necesse
2386 4610 2457 4653 cst
2483 4599 2614 4652 mori
2656 4600 2803 4662 mihi,
2831 4600 2875 4653 si
2897 4600 3045 4670 ploro
3075 4600 3263 4654 bonum
3291 4611 3363 4655 εει
3387 4616 3406 4655 :
3427 4603 3472 4656 si
3503 4604 3573 4658 ti-

1967 4686 2100 4725 meo.
2136 4670 2285 4737 Quod
2330 4670 2651 4739 permittitur,
2707 4681 2995 4737 suspectam
3040 4670 3195 4729 habet
3228 4673 3574 4741 permissiouis

1967 4757 2078 4796 sua:
2104 4758 2330 4814 causam.
2361 4742 2492 4811 Quae
2521 4741 2706 4812 procul
2732 4742 2896 4814 dubio
2935 4741 3079 4814 boui
3108 4757 3299 4814 sensus
3329 4746 3575 4814 expertia

1966 4822 2110 4867 sunt.
2139 4813 2431 4869 Videamus
2451 4828 2520 4869 an
2566 4813 2889 4885 exemplaris
2915 4813 3083 4868 nostri
3125 4813 3575 4885 beneﬁcio’mens

1966 4886 2214 4957 Auctoris
2241 4885 2423 4940 reduci
2454 4883 2811 4957 queat.iln'eo
2825 4884 3070 4957 legitur:
3113 4883 3175 4938 In
3206 4888 3573 4956 persecutioni-

1964 4955 2059 5010 bus
2094 4956 2281 5029 melius
2305 4966 2384 5013 εει
2408 4955 2583 5029 fugere
2625 4955 2688 5011 de
2713 4955 2925 5029 oppido,
2966 4972 3121 5029 quam
3144 4958 3571 5028 comprehensum

1963 5036 2013 5101 ει
2066 5027 2336 5083 distortum
2380 5025 2599 5101 negare;
2622 5036 2773 5101 atque
2824 5026 2937 5080 ideo
2955 5025 3208 5101 beatiores
3261 5025 3347 5099 qui
3400 5032 3570 5101 ualent

1960 5097 2109 5173 beata
2147 5099 2419 5155 testimonii
2443 5097 2770 5173 confessione
2808 5099 3076 5173 excedere,
3108 5097 3329 5157 Possum
3374 5100 3564 5173 dicere,

1961 5171 2097 5242 quod
2120 5173 2434 5243 permittitur
2454 5171 2646 5243 bonum
2684 5187 2787 5226 non
2816 5179 2907 5226 εει.
2936 5170 3077 5243 Quid
3113 5173 3247 5228 enim
3273 5187 3472 5230 necesse
3494 5170 3571 5231 est

1962 5240 2092 5298 mori
2119 5240 2263 5311 mihi,
2294 5244 2339 5299 si
2379 5241 2524 5313 ploro
2562 5240 2751 5296 bonum
2796 5250 2888 5299 εει.
2942 5242 3095 5308 Quod
3141 5244 3187 5299 si
3242 5245 3393 5300 timeo
3430 5247 3570 5313 quod

1961 5317 2286 5384 permittitur,
2310 5322 2598 5385 suspectam
2623 5313 2772 5369 habet
2811 5315 3157 5383 permissionis
3172 5330 3280 5385 sua:
3308 5331 3563 5374 caussam.

1962 5378 2304 5461 ita__omnino
2328 5378 2422 5442 ille
2458 5385 2734 5461 ﬁgebardi
2759 5378 2919 5461 liber,
2951 5388 3041 5459 qui
3069 5378 3231 5461 etiam
3254 5401 3369 5461 ope
3390 5389 3568 5461 aliqua

1960 5456 2182 5528 indiget,
2215 5472 2401 5513 verum
2458 5456 2750 5526 levissima,
2800 5459 2920 5524 hac,
2970 5456 3187 5528 ‘opinor
3241 5456 3568 5519 :Etiam'iti

1956 5528 2385 5603 persecutionibus
2431 5528 2613 5603 melius
2650 5540 2724 5587 εει
2768 5545 2832 5587 ea:
2881 5531 3132 5602 permissu
3174 5533 3367 5603 fugere,
3398 5531 3555 5602 quam

1953 5600 2371 5674 comprehensum
2395 5610 2443 5656 et
2470 5600 2742 5657 distortum
2766 5600 2971 5674 negare,
3000 5613 3149 5674 atque
3177 5600 3275 5657 isto
3299 5600 3550 5662 beatiores

1951 5671 2042 5745 q_ui
2072 5670 2237 5745 ualent
2267 5670 2415 5728 beata
2442 5675 2717 5745 testimonii
2767 5670 3083 5745 confessione
3133 5691 3236 5729 non
3285 5674 3539 5731 excidere.

1953 5741 2401 5815 Possumidicere:
2429 5743 2580 5811 Quod
2601 5741 2926 5815 permittitur,
2959 5745 3145 5801 bonum
3166 5762 3267 5802 non
3287 5754 3379 5800 εει.
3402 5745 3542 5815 Quid

1951 5814 2123 5869 enim?
2172 5813 2391 5874 Νεεεεεε
2415 5827 2488 5875 εει
2516 5813 2662 5894 _mori
2709 5818 2855 5875 mihi.
2890 5817 2951 5875 Si
2999 5818 3165 5890 ploro,
3219 5813 3539 5880 bonum'est.
