4068 6352
511 336 654 400 {283

1922 329 2108 390 TERT
2113 326 2365 393 ULLIAN
2371 329 2389 388 ι

3685 329 3828 390 ηει

520 454 603 525 vis
635 473 649 510 :
679 461 736 510 ut
801 464 910 508 non
970 450 1101 508 satis
1126 447 1365 524 .babeam
1401 448 1487 523 (1)
1516 449 1682 506 semel
1727 448 1884 505 alicui
1925 463 2111 506 earum
2139 454 2192 518 Α
2219 452 2458 508 debitum
2487 450 2708 518 tollunt,
2763 449 3049 508 voluntarii
3078 450 3342 523 Spadones
3382 467 3482 524 pro
3524 451 3826 522 cupiditate

503 545 854 609 succubuisse
879 586 894 612 ,
937 551 993 600 et
1035 558 1144 598 uno
1183 543 1526 600 matrimonio
1559 557 1775 598 omnem
1815 543 2104 613 concupis-

503 638 735 694 centiam
775 635 1088 707 bujusmodi
1131 637 1400 706 espiasse.
1442 634 1716 690 Nubamus
1755 634 2014 704 quotidie,
2048 642 2103 689 et

504 732 772 788 nubentes
822 747 852 787 a
886 731 976 788 die
1017 731 1108 786 illo
1136 730 1219 802 (2)
1257 729 1760 802 deprehendamur,
1787 739 1846 784 ut
1869 729 2105 786 Sodoma

505 835 562 882 et
587 824 910 882 Gomorrba.
941 824 1075 880 Nam
1119 824 1226 880 illic
1255 840 1362 879 non
1392 825 1579 895 utique
1619 823 1831 893 nuptias
1867 831 1922 877 et
1964 837 2106 877 mer-

511 921 742 979 cimonia
771 920 1114 976 solummodo
1139 919 1371 990 agebant
1407 935 1422 973 :
1461 917 1557 974 sed
1593 932 1716 973 cum
1753 916 1905 984 dicit,
1944 917 2105 970 nube-

503 1014 622 1068 bant
658 1021 706 1068 et
732 1012 960 1068 emebant
989 1009 1094 1085 (a),
1126 1009 1418 1082 insigniora
1457 1008 1573 1080 ipsa
1612 1007 1792 1064 carnis
1827 1017 1882 1063 et
1919 1006 2107 1062 saeculi

503 1109 633 1166 vitia
676 1107 754 1177 (5)
810 1106 1052 1172 denotat,
1081 1121 1201 1176 quae
1223 1120 1252 1158 a
1275 1103 1471 1160 divinis
1490 1101 1787 1173 disciplinis
1819 1089 2106 1172 plurimum

504 1208 769 1257 avocent:
803 1197 1035 1254 alterum
1076 1213 1172 1268 per
1214 1195 1527 1252 lasciviendi
1563 1195 1927 1264 voluptatem;
1977 1195 2110 1248 alte-

504 1307 624 1348 rum
657 1306 752 1362 per
792 1288 1102 1362 acquirendi
1133 1288 1219 1362 (4)
1261 1290 1605 1344 voluntatem.
1635 1287 1846 1343 Etenim
1897 1286 1977 1358 (5)
2022 1285 2110 1341 illa

508 1393 632 1442 tunc
671 1384 884 1440 eiecitas
927 1383 1087 1454 longe
1129 1398 1158 1436 a
1207 1381 1402 1438 ﬁnibus
1431 1381 1614 1437 sazculi
1654 1381 1949 1437 habebatur
1998 1380 2107 1452 (b).

505 1475 645 1544 Quid
672 1491 802 1547 ergo
839 1476 971 1543 ﬁet,
1011 1476 1058 1531 si
1095 1491 1219 1546 qua:
1255 1475 1384 1531 olim
1415 1474 1752 1530 detestabilia
1793 1482 1921 1529 sunt
1946 1487 2111 1544 penes

505 1569 816 1637 Dominum,
844 1570 914 1625 ab
953 1569 1037 1624 bis
1074 1584 1174 1624 nos
1212 1581 1357 1624 nunc
1384 1568 1609 1626 arcent?
1637 1567 1879 1639 Tempus,
1914 1567 2110 1638 inquit,

506 1667 558 1719 in
585 1663 797 1720 collecto
825 1674 935 1730 est;
989 1671 1237 1735 superest,
1281 1674 1336 1718 ut
1388 1662 1475 1734 qui
1524 1662 1848 1716 matrimonia
1903 1660 2110 1727 habent,

505 1768 748 1830 tanquam
776 1774 879 1814 non
921 1753 1388 1829 habentesragantf

1131 1847 1359 1906 CAPUT
1399 1847 1485 1903 VI.

2214 547 2365 617 regni
2395 546 2656 603 caelestis.
2688 544 2843 614 Quod
2867 547 2911 601 si
2939 545 3088 602 salvo
3115 545 3459 603 matrimonio
3491 547 3822 604 abstinentia

2211 643 2502 709 toleratur,
2539 649 2739 711 quanto
2764 641 2934 711 magis
2966 638 3262 712 adempto!
3292 638 3468 697 Credo
3500 643 3649 698 enim
3681 639 3824 696 ditii-

2209 733 2364 789 cilius
2393 734 2610 800 salvum
2627 732 2948 804 derelinqui,
2973 748 3135 806 quam
3164 735 3420 791 amissum
3455 750 3566 791 non
3600 735 3823 792 deside-

2210 828 2337 883 rari.
2374 827 2574 884 Durum
2611 827 2768 899 plane
2806 837 2863 884 et
2888 827 3115 884 arduum
3140 831 3273 885 satis
3303 829 3638 886 continentia
3663 846 3829 887 sanc—

2211 931 2278 978 ta:
2306 922 2532 980 fterninaa
2557 923 2672 996 (12)
2721 931 2844 995 post
2877 923 2976 979 viri
3015 939 3295 981 excessum
3322 925 3417 980 Dei
3457 939 3669 991 caussa,
3696 940 3826 980 cum

2210 1018 2436 1088 gentiles
2463 1017 2676 1074 Satanae
2704 1031 2802 1072 suo
2823 1026 2876 1072 et
2901 1017 3223 1088 virginitatis
3262 1028 3317 1075 et
3342 1017 3616 1075 viduitatis
3643 1033 3829 1074 sacer-

2211 1108 2360 1164 dotio
2388 1107 2698 1179 perferant?
2729 1108 2917 1164 Romae
2945 1107 3194 1179 quidem,
3238 1125 3358 1180 qua:
3392 1109 3532 1180 ignis
3559 1108 3707 1164 illius
3735 1108 3825 1162 in-

2211 1201 2580 1274 extinguibilis
2612 1202 2902 1273 imaginem
2943 1207 3206 1267 tractant,
3235 1202 3470 1274 auspicia
3506 1217 3680 1272 poena:
3712 1216 3829 1258 sua:

2214 1311 2334 1351 cum
2359 1297 2476 1368 ipso
2544 1296 2780 1354 dracone
2830 1295 2948 1372 (15)
3005 1297 3075 1371 (ε)
3114 1307 3387 1364 curantes,
3432 1297 3499 1352 de
3517 1297 3834 1368 virginitate

2213 1398 2520 1445 censentur.
2551 1390 2764 1446 Achaeae
2804 1391 2874 1466 (Ῑ)
2901 1394 3016 1467 (14)
3041 1392 3236 1449 Junoni
3261 1389 3404 1459 apud
3429 1387 3649 1460 )Egium
3671 1387 3833 1459 oppi-

2215 1483 2343 1538 dum
2369 1485 2521 1554 virgo
2546 1485 2769 1540 sortitur
2799 1503 2814 1542 :
2847 1495 2903 1542 et
2931 1501 3052 1558 qua:
3094 1481 3316 1556 Delphis
3357 1481 3673 1547 insaniunt,
3722 1495 3833 1534 nu-

2217 1575 2345 1631 bere
2381 1577 2647 1632 nesciunt.
2679 1578 2947 1635 Cancrum
2971 1578 3156 1634 viduas
3201 1575 3469 1632 Africanae
3507 1573 3693 1630 Cereri
3733 1570 3832 1627 ad-

2219 1669 2410 1724 sistere
2438 1669 2658 1734 scimus,
2692 1669 2981 1726 durissima
3009 1671 3223 1743 quidem
3252 1668 3528 1724 oblivione
3561 1682 3592 1721 a
3633 1666 3832 1721 matri-

2224 1760 2408 1816 monio
2439 1761 2556 1834 (15)
2590 1762 2832 1818 allectos.
2873 1762 3010 1819 Nam
3040 1761 3378 1819 manentibus
3418 1753 3540 1831 (16)
3584 1761 3639 1814 in
3665 1768 3833 1814 aeter-

2232 1867 2358 1907 num
2391 1849 2509 1926 (17)
2539 1853 2670 1909 viris
2694 1870 2799 1910 non
2828 1855 2989 1912 modo
3014 1853 3132 1929 (l8)
3155 1854 3313 1910 thoro
3338 1851 3629 1916 decedunt,
3653 1848 3756 1906 sed
3777 1859 3835 1906 et

574 1942 730 2011 Quod
775 1941 822 1999 si
880 1941 1083 1998 habent
1108 1941 1211 2012 (6),
1237 1940 1550 1998 oblitterare
1593 1939 1794 1996 debent
1832 1936 1977 2010 quod
2017 1937 2112 1992 11³·-
2140 1931 2188 1992 Β
2216 1943 2348 2000 alias
2368 1945 2445 2000 eis
2468 1947 2651 2017 utique
2671 1946 2969 2004 ridentibus
2991 1948 3110 2004 loco
3131 1962 3230 2003 suo
3249 1948 3546 2013 insinuant,
3569 1943 3832 2016 adempto

506 2036 636 2092 bent
659 2052 674 2092 :
697 2044 900 2106 quanto
926 2035 1098 2106 magis
1120 2048 1228 2089 non
1259 2033 1542 2100 habentes,
1566 2033 1923 2105 prohibentur
1954 2046 2112 2102 repe-

505 2139 641 2197 tere,
673 2130 820 2201 quod
863 2146 970 2186 non
1015 2128 1237 2195 habent;
1292 2136 1350 2184 ut
1380 2127 1536 2199 cujus
1575 2126 1801 2182 maritus
1840 2124 1910 2181 de
1950 2124 2114 2181 rebus

502 2225 634 2279 abiit
665 2224 780 2296 (7),
809 2223 1001 2280 exinde
1051 2224 1291 2294 quietem
1330 2222 1483 2279 sexui
1543 2237 1642 2278 suo
1680 2219 1916 2277 nubendi
1952 2221 2117 2276 absti-

503 2320 685 2373 nentia
741 2318 983 2388 injungat
1027 2316 1107 2390 (8)
1139 2334 1151 2371 :
1183 2332 1343 2388 quam
1398 2315 1481 2388 (9)
1516 2317 1789 2389 pleraeque
1838 2315 2115 2386 gentilium

504 2410 578 2482 (ε)
623 2409 970 2466 laminarum
1023 2409 1298 2465 memoria:
1351 2409 1754 2465 carissimorum
1803 2409 2118 2463 maritorum

507 2513 793 2574 parentant
817 2504 952 2574 (10).
973 2502 1105 2558 Cum
1119 2502 1244 2574 quid
1255 2502 1601 2574 dilﬁcl'le(li)
1618 2498 2118 2568 videtur,dil‘licilio-

2220 2039 2364 2093 omni
2388 2048 2639 2095 contactu
2668 2055 2837 2112 usque
2873 2040 2940 2096 ad
2967 2040 3212 2097 osculum
3244 2040 3477 2096 liliorum
3503 2079 3520 2107 ,
3547 2047 3605 2095 et
3644 2047 3832 2094 tamen

2219 2131 2450 2187 durante
2476 2147 2574 2188 usu
2603 2143 2954 2204 perseverant
2983 2134 3035 2190 in
3076 2133 3167 2188 tali
3191 2132 3466 2189 viduitatis
3495 2130 3788 2202 disciplina
3812 2172 3830 2199 ,

2219 2238 2342 2294 qum
2373 2225 2586 2295 pietatis
2621 2225 2784 2280 etiam
2815 2235 3016 2281 sanctae
3044 2224 3169 2297 (19)
3193 2225 3382 2280 solatia
3416 2223 3674 2280 excludit.
3699 2221 3836 2278 Haec

2222 2316 2468 2372 diabolus
2499 2317 2617 2390 (20)
2642 2319 2906 2390 praecipit,
2929 2328 2983 2375 et
3007 2317 3258 2374 auditur:
3289 2325 3548 2390 provocat
3572 2316 3833 2371 nimirum

2223 2409 2322 2464 Dei
2353 2424 2540 2465 servos
2562 2411 2890 2466 continentia
2930 2425 3187 2478 suorum,
3218 2410 3374 2482 quasi
3416 2424 3482 2464 ex
3519 2421 3675 2478 tequo
3705 2405 3834 2480 (21)

2225 2502 2537 2558 contineant
2564 2505 2726 2559 etiam
2748 2503 3012 2574 gebenna:
3039 2502 3350 2559 sacerdotes
3378 2499 3480 2576 (g).
3513 2499 3648 2555 Nam
3677 2500 3831 2554 inve—

511 2613 572 2654 ra
635 2598 773 2654 alios
833 2599 1094 2656 obeuntes
1146 2613 1546 2656 recenseamus.
1603 2597 1747 2665 Quot
1799 2597 1942 2652 enim
1991 2605 2122 2652 sunt
2221 2599 2612 2671 nit,quomodo
2638 2599 2883 2657 homines
2914 2600 3075 2655 etiam
3103 2595 3403 2670 bonis(22)
3435 2593 3830 2652 sectationibns

503 2694 597 2762 qui
643 2695 824 2749 statim
863 2710 893 2748 a
929 2694 1146 2753 lavacro
1175 2693 1259 2769 (ά)
1297 2709 1518 2750 carnem
1572 2709 1726 2750 suam
1785 2692 2109 2764 obsignantl

505 2786 648 2854 Quot
671 2787 799 2844 item
824 2830 840 2855 ,
870 2789 963 2859 qui
1002 2802 1273 2845 consensu
1309 2789 1424 2860 pari
1472 2788 1615 2845 inter
1664 2803 1726 2844 se
1779 2786 2112 2844 matrimonii

2218 2690 2490 2762 perderet;
2523 2700 2578 2748 et
2613 2691 2745 2747 nihil
2811 2690 2953 2763 apud
3006 2705 3131 2750 eum
3173 2689 3369 2757 refert,
3411 2687 3549 2746 alios
3589 2687 3830 2758 luxuria,

2218 2786 2354 2843 alios
2381 2787 2715 2843 continentia
2754 2787 3026 2843 occidere.

1767 2900 2156 2959 LECTIONES
2186 2900 2611 2958 VARIANTES.

601 2995 646 3060 1)
669 2995 952 3060 Habeamus
978 2998 1084 3060 Lat.

593 3059 642 3122 ἐ)
667 3059 1014 3122 'l‘imorisadd.
1044 3059 1152 3122 Rig.

592 3120 644 3247 ὅ)
669 3120 970 3173 Detinontes
990 3120 1134 3172 Semt.

594 3186 620 3233 4
670 3183 993 3247 CUpiditatem
1021 3185 1130 3247 Rig.

594 3183 644 3247 4)
670 3183 993 3247 CUpiditatem
1021 3185 1130 3247 Rig.

596 3245 647 3311 ᾗ)
666 3245 920 3311 Lit—tamen
944 3245 1125 3311 Rigalt.

589 3308 643 3374 6)
666 3308 922 3374 Habentes
941 3308 1216 3360 obliterare
1245 3310 1400 3374 Eran.
1427 3309 1595 3361 Paris.

567 3370 744 3437 (7)1)c
767 3375 920 3422 rebus
941 3374 1114 3425 habuit
1153 3370 1305 3424 Seml.
1332 3374 1453 3424 abiit
1477 3383 1626 3424 Frun.
1664 3373 1789 3423 Par.
1809 3371 1921 3437 Εἰς.
1945 3383 2114 3437 porro,

512 3436 695 3498 exinde
723 3438 971 3498 requiem.

591 3497 643 3564 8)
667 3497 1030 3564 Abstinendum
1048 3499 1225 3564 jungat
1246 3508 1397 3550 Fran.

593 3560 831 3625 D)_Qttum
853 3563 954 3613 Lat.

600 3623 675 3685 l0)
701 3623 925 3674 Parcant.
949 3623 1102 3675 Seml.

605 3687 681 3750 ll)
707 3685 842 3744 Quod
869 3689 985 3750 quia
1008 3686 1206 3738 difﬁcile
1230 3689 1337 3750 Lat.

606 3749 680 3802 12)
705 3749 898 3800 Sanctae
915 3753 1107 3800 semina
1130 3749 1272 3802 Semt.

2145 3006 2191 3069 ρ
2287 2995 2395 3132 ξίό)
2431 2996 2659 3048 Dracone
2681 3010 2785 3048 cur.
2811 2995 2941 3049 abest
2962 3002 3015 3048 ut
3038 3007 3073 3047 .4

2254 3120 2284 3132 __
2315 3060 2393 3125 14)
2414 3061 2611 3110 Achzea:
2649 3058 2794 3110 seml.
2838 3061 3030 3110 Achaeae
3071 3104 3073 3109 .

3167 2993 3360 3046 ardino.

2249 3054 2393 3174 “(15)
2414 3061 2611 3110 Acbzea:
2649 3058 2794 3110 sentt.
2838 3061 3030 3110 Achaeae
3071 3054 3472 3124 Franqu’aris.
3497 3057 3623 3108 Jun.
3647 3054 3835 3109 Am

2311 3187 2386 3248 ιδ)
2410 3185 2700 3236 Matrimonii
2722 3183 2891 3236 Paris.
2917 3186 3340 3248 matrimoniorum
3362 3185 3484 3248 Jun.

2311 3246 2388 3314 l6)
2413 3251 2910 3314 g‘orterannuentibus
2933 3250 3037 3302 Lat.
3062 3249 3216 3301 invita
3237 3247 3355 3299 viris
3371 3246 3484 3314 Big.

2313 3311 2389 3371 17)
2419 3311 2622 3360 [nterim
2648 3313 2752 3361 Lat.

2315 3375 2392 3436 18)
2416 3377 2454 3424 .4
2465 3374 2563 3423 best
2589 3375 2730 3424 thoro
2755 3373 2866 3438 Rig.

2316 3439 2388 3502 l9)
2414 3438 2738 3502 SanctaJun.

2415 3499 2531 3569 §uis
2547 3495 2735 3569 _Rigalt.

2266 3557 2391 3629 (21')
2411 3563 2560 3629 Quasi
2586 3557 2651 3613 ei
2676 3576 2828 3629 aeun
2858 3563 3213 3629 continentium
3243 3562 3493 3629 gehennae
3517 3557 3836 3629 sacerdotum

2223 3621 2519 3689 Rhenfquasi
2539 3640 2603 3675 ex
2623 3621 2780 3689 tequo.
2795 3625 3062 3677 Continent
3084 3627 3232 3678 etiam
3246 3621 3504 3689 'gehem
3521 3621 3836 3684 sacerdotes,

2224 3687 2335 3739 Βία.
2354 3697 2397 3739 et
2429 3688 2677 3739 Aaobard.

2325 3697 2397 3752 .th
2429 3697 2677 3752 Agobartt.

2224 3691 2284 3740 Ri
2325 3697 2397 3739 .ct
2429 3691 2677 3752 Agobard.

2285 3701 2392 3817 ἵέξξ)
2416 3752 2542 3803 Boni
2565 3753 2689 3802 Jun.
2715 3749 2820 3814 alii,
2844 3753 2898 3802 in
2921 3751 3081 3802 bonis.
3105 3777 3123 3786 —

1867 3831 2427 3895 COMMENTARIUS.

510 3943 513 3948 '
585 3931 663 4005 (τι)
692 3931 963 3988 Nubebant
981 3944 1025 3988 et
1049 3931 1585 4005 emebant.Pamelius
1609 3941 1662 3987 et
1690 3929 1766 3985 La
1791 3927 1963 4005 Cerda
1991 3947 2110 4005 me-

509 4003 696 4058 mori-.e
721 4005 928 4073 lapsum
959 4005 1045 4060 hic
1067 4014 1316 4075 arguunt.
1352 4005 1425 4059 De
1449 4004 1749 4059 Gomorrha
1763 4003 1918 4075 enim
1942 4013 1997 4058 et
2015 4003 2118 4075 So-

511 4075 667 4147 doma
698 4072 905 4147 scribit,
952 4077 1092 4146 quod
1133 4072 1204 4147 de
1244 4075 1359 4131 Noe
1383 4076 1714 4147 temporibus
1750 4072 1998 4147 Christus
2020 4074 2115 4130 Je-

511 4159 604 4201 Slls
631 4146 764 4202 dixit
792 4145 981 4202 Matth;
1004 4145 1192 4203 XXIV.
1226 4145 1525 4203 Sicutenim
1554 4156 1700 4201 erant
1729 4147 1782 4200 in
1806 4145 1981 4202 diebus
2001 4155 2122 4201 ante

511 4218 757 4271 diluvium
777 4221 1111 4283 comedentes.
1141 4229 1186 4272 et
1211 4221 1452 4285 bibentes,
1473 4229 1521 4274 et
1545 4219 1725 4288 nuptui
1753 4218 2027 4273 tradentes.
2053 4218 2114 4273 In

515 4305 622 4360 quo
650 4305 860 4344 errasse
885 4291 951 4346 ab
976 4291 1168 4347 iisdem
1195 4291 1586 4346 etiamdicitur
1613 4292 1700 4347 hic
1727 4293 1956 4358 Auctor,
1991 4305 2116 4344 nam

512 4375 687 4488 111mm,:
716 4376 894 4488 εει·Ἐο
909 4375 1004 4489 Iest
1026 4366 1316 4419 ementium
1345 4365 1413 4435 .in
1441 4363 1728 4435 Evangelio
1758 4361 1826 4418 de
1856 4363 2114 4433 tempori-

557 4449 615 4486 us
644 4469 662 4487 ι
694 4450 775 4487 oc.
856 4451 886 4489 ε
952 4451 1004 4489 n.

557 4449 615 4486 llS
644 4449 775 4487 1‘00.
810 4449 886 4489 LE
909 4449 1004 4490 ΓΚ.

513 4577 654 4648 quod
687 4578 813 4634 alibi
853 4579 1228 4646 observamus,
1276 4579 1609 4634 Christianas
1651 4595 1767 4633 (evo
1799 4577 2118 4634 Tertulliani

516 4648 812 4720 credidisse
839 4650 998 4705 linem
1025 4652 1208 4706 saeculi
1239 4651 1290 4705 in
1319 4652 1561 4720 proximo
1587 4666 1727 4706 esse.
1759 4650 1880 4705 th.

585 4719 737 4775 CAP.
779 4719 959 4795 Vl.-e-
1004 4721 1083 4795 (ο)
1130 4719 1399 4795 Plerteque
1444 4721 1720 4795 Gentilium
1754 4722 1950 4792 {minim
2004 4720 2120 4776 Hoc

513 4802 831 4865 argmnento
851 4794 917 4849 ad
938 4811 1049 4849 rem
1065 4793 1308 4850 eamdem
1329 4793 1493 4848 utitur
1513 4793 1868 4865 Hieronymus
1887 4795 1937 4847 in
1957 4795 2117 4862 epist.

514 4863 580 4918 ad
632 4863 898 4919 Salvinam
948 4866 1177 4921 adducto
1217 4865 1465 4936 exetnplo
1507 4863 1728 4936 reginae
1759 4864 2118 4936 Carthaginis,

517 4951 636 5006 qua:
667 4938 837 4992 semel
868 4936 1023 4993 vidua
1055 4935 1540 5007 testiticatur’apud
1567 4935 1822 5007 magnum
1845 4935 2066 4992 Poetam
2102 4951 2118 4988 :

673 5029 762 5096 Ille
783 5045 923 5081 meos
946 5033 1149 5096 primus,
1169 5034 1253 5096 qui
1277 5045 1359 5082 me
1382 5032 1475 5081 sibi
1493 5031 1680 5092 iunxit,
1707 5043 1901 5096 amores

669 5094 904 5157 Abstulit,
926 5093 1009 5144 ille
1027 5093 1206 5146 haheai
1235 5109 1407 5146 secum
1428 5102 1700 5158 servetque
1724 5093 1973 5156 sepulcro.

515 5176 582 5233 Et
627 5178 682 5233 in
727 5179 886 5248 epist.
929 5179 994 5232 ad
1030 5178 1269 5236 Furiam.
1314 5177 1460 5234 Idem
1507 5186 1880 5248 argumentum
1927 5183 2118 5232 tractat

514 5251 672 5319 epist.
696 5253 761 5305 ad
795 5250 1144 5316 Gerontiam;
1179 5252 1273 5306 ubi
1323 5251 1524 5320 reginae
1562 5249 1899 5320 Carthaginis
1927 5249 2119 5318 adjun-

513 5324 591 5392 git
619 5338 838 5378 uxorem
873 5322 1187 5377 Asdrubalis
1215 5319 1429 5377 viduam
1453 5363 1466 5386 ,
1509 5338 1624 5390 qua:
1655 5340 1710 5376 se
1735 5319 1787 5376 in
1827 5319 2118 5392 incendium

516 5390 872 5464 praecipitavit,
902 5411 963 5448 ne
1009 5394 1272 5462 pudicitia:
1299 5393 1490 5448 damna
1518 5395 1743 5448 sentiret.
1796 5393 1874 5448 De
1916 5390 2118 5448 Gentili

513 5466 803 5534 Calpurnia
831 5467 1131 5521 Trebellius
1157 5468 1208 5520 in
1233 5466 1305 5521 50
1333 5466 1596 5537 tyrannis.
1627 5464 1757 5522 Lac.

589 5538 670 5611 (d)
706 5537 848 5611 Quot
862 5539 992 5611 enim
1020 5547 1135 5611 sunt
1159 5538 1244 5608 qui
1263 5539 1441 5611 statim
1469 5552 1500 5589 a
1521 5537 1721 5592 lavacro
1741 5551 1944 5611 carnem
1965 5551 2110 5611 suam

516 5608 805 5682 obsignant.
826 5608 915 5682 Sic
937 5609 1030 5663 lib.
1061 5609 1102 5662 ll
1149 5611 1217 5663 de
1245 5609 1397 5682 cultu
1422 5609 1686 5682 iteminar.
1732 5608 1873 5682 Nan_
1895 5609 2026 5662 attint
2063 5615 2112 5662 et

515 5680 663 5735 mulli
689 5683 760 5735 ita
789 5681 1004 5750 faciunt,
1036 5691 1082 5733 et
1103 5696 1156 5734 se
1184 5680 1491 5750 spadonatui
1513 5681 1823 5750 obsignant?
1846 5680 1966 5737 RIG.

589 5753 668 5828 (e)
688 5753 958 5828 LAuspicia
998 5767 1158 5828 paena:
1189 5768 1296 5828 sua:
1329 5768 1444 5828 eum
1469 5753 1580 5821 ipso
1605 5754 1827 5828 dracone
1852 5761 2111 5828 curantes.

499 5825 578 5894 .l'n
600 5823 785 5881 cudicc
812 5823 1080 5896 Agobardi
1108 5823 1301 5895 legitur
1321 5865 1336 5891 ,
1373 5823 1547 5879 (lonia:
1577 5823 1811 5894 quidem,
1841 5839 1952 5892 qua:
1980 5823 2115 5895 ignis

585 4501 666 4630 (υ)
701 4503 874 4587 Longe
899 4525 930 4560 a
978 4507 1122 4577 ﬁnib.
1155 4507 1329 4563 saculi
1369 4506 1664 4589 nutriebatur.
1705 4506 1844 4562 Hinc
1872 4506 2116 4589 ﬁrmatur
2141 4540 2196 4602 Β

590 4596 636 4630 0t
687 4580 813 4630 alibi
853 4579 1228 4630 observamus-
1276 4579 1609 4630 ChrtsttnnOs
1651 4595 1767 4630 (nvo
1799 4577 2118 4630 Tertulliani

2216 3932 2356 3989 illius
2399 3934 2747 4005 extinguibilis
2789 3934 3062 4005 imaginem
3098 3942 3359 4000 tractant,
3392 3931 3625 4005 auspicia
3671 3943 3836 4005 pana;

2217 4021 2466 4078 sacceum
2495 3999 2627 4078 ipso,
2658 4007 2721 4060 de
2746 3999 3343 4078 virginitatecensentur.
3375 3999 3532 4074 Quod
3573 3999 3838 4078 explicari

2220 4077 2436 4148 quidem
2477 4074 2669 4148 possit,
2719 4086 2777 4131 ut
2818 4074 2993 4147 ignem
3017 4075 3198 4133 Vestae
3243 4078 3485 4146 auspicia
3532 4090 3650 4132 esse
3689 4074 3837 4148 dicat

2223 4145 2539 4220 pinnarum,
2573 4165 2693 4220 quae
2735 4145 2964 4204 miseras
3010 4158 3228 4205 manent
3257 4145 3491 4205 vestales
3516 4190 3530 4214 ,
3563 4161 3684 4220 cum
3712 4145 3834 4214 ipso

2215 4217 2465 4276 videlicet
2509 4217 2632 4292 igne
2677 4220 3108 4293 inextinguibili,
3152 4236 3310 4293 quem
3361 4221 3514 4293 Deus,
3563 4217 3831 4293 idolorum

2217 4293 2516 4349 cultoribus
2531 4287 2768 4362 'paravit.
2795 4287 2994 4349 Verum
3024 4307 3090 4348 ne
3121 4287 3245 4362 quid
3273 4291 3632 4362 dissimulem,
3661 4287 3834 4362 magis

2220 4363 2395 4434 placet
2420 4358 2586 4420 editio
2619 4364 2861 4428 Pamelii,
2894 4380 3012 4434 qua:
3044 4358 3215 4419 fuerat
3243 4374 3398 4419 antea
3427 4361 3674 4418 Rhenani
3694 4401 3712 4434 ,
3738 4358 3832 4428 qui

2217 4433 2273 4490 et
2318 4437 2532 4493 codices
2580 4433 2976 4506 manuscriptos
3026 4435 3165 4490 bona
3213 4435 3318 4489 llde
3371 4433 3834 4506 reprzcsentabat:

2223 4508 2466 4579 Auspicia
2497 4524 2658 4578 pana:
2683 4524 2790 4564 sua:
2817 4503 2931 4563 cum
2962 4509 3074 4576 ipso
3103 4509 3322 4579 dracone
3351 4503 3587 4559 curantes
3602 4545 3631 4579 Α,
3665 4503 3835 4579 utin-

2228 4574 2536 4650 telli‘gantnr
2566 4581 2804 4636 veStales
2851 4574 3027 4650 ignem
3061 4580 3209 4634 illum
3235 4577 3418 4650 rVesue
3452 4574 3831 4650 inextinguibi-

2225 4651 2329 4706 lem
2349 4648 2632 4719 curantes,
2657 4668 2775 4707 cum
2805 4648 2922 4722 ipso
2949 4651 3202 4716 dracone,
3231 4649 3332 4704 hoc
3363 4657 3465 4711 est,
3492 4648 3690 4722 Satana
3717 4659 3835 4722 car-

2224 4724 2364 4778 ceris
2393 4728 2569 4794 ignem
2597 4715 2987 4794 sempiternum
3015 4715 3286 4777 vomentis
3327 4721 3574 4794 custode.
3619 4718 3711 4773 Sic
3739 4715 3829 4794 lib.

2225 4795 2288 4848 de
2311 4788 2602 4850 idololatria
2621 4811 2640 4849 :
2676 4788 2966 4850 Accendant
2996 4794 3150 4864 igitur
3173 4793 3396 4863 quotidie
3431 4792 3689 4857 lucernas,
3720 4788 3833 4864 qui-

2225 4865 2314 4920 bus
2342 4867 2431 4921 lux
2455 4868 2598 4922 nulla
2627 4877 2720 4922 est.
2756 4868 2985 4939 Affigant
3015 4859 3252 4939 postibus
3294 4865 3465 4919 lauros
3513 4859 3833 4939 postmodum

2225 4953 2453 5006 arsuras,
2482 4940 2659 5009 quibus
2687 4931 3132 5008 ignes—imminent.
3163 4931 3280 4990 Illis
3307 4943 3598 5009 competunt
3625 4943 3671 4987 et
3697 4932 3832 4986 testi-

2226 5011 2398 5064 monia
2423 5005 2737 5065 tenebrarum
2765 5021 2810 5063 et
2839 5009 3068 5076 auspicia
3093 5023 3378 5079 poenarum.
3412 5005 3614 5079 Eodem
3645 5019 3829 5079 sensu,

2223 5082 2311 5134 lib.
2344 5081 2408 5148 ll,
2441 5083 2504 5136 de
2533 5083 2682 5136 Cultu
2712 5084 2851 5152 [ωηι.
2888 5079 3028 5134 Male
3051 5077 3112 5134 ac
3141 5080 3372 5151 pessime,
3397 5078 3590 5149 inquit,
3619 5077 3719 5131 sibi
3741 5091 3832 5129 ati-

2221 5155 2481 5224 spicantnr
2509 5155 2743 5224 ﬂammeo
2771 5154 2954 5224 capite.

2305 5224 2372 5297 (f)
2401 5217 2600 5297 Achivae
2642 5217 2862 5297 lunoni.
2900 5221 3006 5297 Nos
3050 5220 3367 5297 scripsimus
3413 5218 3649 5297 Achzese.
3698 5217 3826 5297 Nam

2223 5291 2419 5367 Egion
2446 5295 2700 5367 oppidum
2735 5305 2816 5350 est
2841 5293 3085 5367 Achaia),
3111 5291 3202 5348 ubi
3234 5294 3507 5367 colebatur
3530 5291 3692 5367 Juno.
3709 5293 3826 5367 ⁸Λιξ-

2223 5361 2342 5424 cto'r
2379 5361 2582 5424 Plinius
2621 5378 2676 5422 et
2708 5367 2818 5422 alii.
2863 5366 3030 5436 Hujus
3059 5364 3286 5421 Iunonis
3315 5379 3380 5436 ex
3425 5363 3536 5436 hoc
3558 5363 3677 5418 loco
3704 5361 3822 5436 facit

2225 5442 2553 5496 mentionem
2600 5430 2958 5510 Hieronymus
3005 5436 3282 5510 epistgad
3319 5435 3654 5510 Cerontiam,
3685 5430 3822 5510 apud

2214 5527 2372 5583 quem
2419 5513 2613 5638 legitur
2656 5511 2710 5566 in
2749 5506 3078 5582 pervulgatis
3116 5508 3478 5575 editionibus,
3505 5506 3820 5575 Junonisque

2214 5583 2440 5638 Achiva.
2522 5598 2648 5638 aen.

2261 5598 2440 5639 cmva'.
2472 5598 2648 5640 ΙΠῙΕΝ.

2288 5676 2368 5761 (g)
2400 5676 2683 5761 Continent.
2705 5675 3134 5761 etiamngeltennaf
3171 5677 3486 5761 sacerdotes.
3517 5671 3818 5761 gic‘emetl-

2215 5743 2458 5806 davii'nus
2483 5765 2548 5821 ex
2577 5750 2811 5821 antiquis
2838 5743 2942 5805 illis
2969 5748 3296 5821 membranis
3319 5747 3496 5820 Agob.
3525 5743 3816 5812 Cebenna,

2216 5821 2320 5880 hoc
2348 5832 2452 5891 est,
2483 5819 2722 5890 Satanae,
2752 5819 3090 5879 idololatriae.
3121 5819 3241 5875 th.
