  <div class='ocr_page' id='page_1' title='image "/cluster/home/n/w/nwhite01/storage/ocr_20150623/1/hvd.32044015466733/669.png"; bbox 0 0 4068 6352; ppageno 0'>
   <div class='ocr_carea' id='block_1_1' title="bbox 527 297 666 357">
    <p class='ocr_par' dir='ltr' id='par_1_1' title="bbox 527 297 666 357">
     <span class='ocr_line' id='line_1_1' title="bbox 527 297 666 357; baseline 0 -1"><span class='ocrx_word' id='word_1_1' title='bbox 527 297 666 357; x_wconf 68' lang='grc' dir='ltr'><strong>1ί87</strong></span> 
     </span>
    </p>
   </div>
   <div class='ocr_carea' id='block_1_2' title="bbox 1947 303 2411 365">
    <p class='ocr_par' dir='ltr' id='par_1_2' title="bbox 1947 303 2411 365">
     <span class='ocr_line' id='line_1_2' title="bbox 1947 303 2411 365; baseline 0.009 -5"><span class='ocrx_word' id='word_1_2' title='bbox 1947 303 2411 365; x_wconf 78' lang='lat' dir='ltr'><strong>TERTULLIANI</strong></span> 
     </span>
    </p>
   </div>
   <div class='ocr_carea' id='block_1_3' title="bbox 3690 320 3828 378">
    <p class='ocr_par' dir='ltr' id='par_1_3' title="bbox 3690 320 3828 378">
     <span class='ocr_line' id='line_1_3' title="bbox 3690 320 3828 378; baseline 0.014 -2"><span class='ocrx_word' id='word_1_3' title='bbox 3690 320 3828 378; x_wconf 70' lang='grc'><strong>1288</strong></span> 
     </span>
    </p>
   </div>
   <div class='ocr_carea' id='block_1_4' title="bbox 534 411 3823 496">
    <p class='ocr_par' dir='ltr' id='par_1_4' title="bbox 534 411 3823 496">
     <span class='ocr_line' id='line_1_4' title="bbox 534 411 3823 496; baseline 0.008 -27"><span class='ocrx_word' id='word_1_4' title='bbox 534 413 676 486; x_wconf 89' lang='lat' dir='ltr'><strong>apud</strong></span> <span class='ocrx_word' id='word_1_5' title='bbox 709 414 956 470; x_wconf 86' lang='lat' dir='ltr'><strong>nationes</strong></span> <span class='ocrx_word' id='word_1_6' title='bbox 978 427 1133 484; x_wconf 84' lang='lat' dir='ltr'><strong>,,pro</strong></span> <span class='ocrx_word' id='word_1_7' title='bbox 1169 411 1368 470; x_wconf 87' lang='lat' dir='ltr'><strong>diaboli</strong></span> <span class='ocrx_word' id='word_1_8' title='bbox 1394 413 1602 494; x_wconf 74' lang='lat' dir='ltr'><strong>scilicet</strong></span> <span class='ocrx_word' id='word_1_9' title='bbox 1626 415 1994 475; x_wconf 66' lang='lat' dir='ltr'><strong>aemulatione.</strong></span> <span class='ocrx_word' id='word_1_10' title='bbox 2026 419 2132 476; x_wconf 84' lang='lat' dir='ltr'><strong>Re-</strong></span> <span class='ocrx_word' id='word_1_11' title='bbox 2157 423 2212 484; x_wconf 78' lang='grc' dir='ltr'><strong>Α</strong></span> <span class='ocrx_word' id='word_1_12' title='bbox 2234 422 2408 479; x_wconf 87' lang='lat' dir='ltr'><strong>virtus</strong></span> <span class='ocrx_word' id='word_1_13' title='bbox 2439 432 2746 482; x_wconf 83' lang='lat' dir='ltr'><strong>coronatur.</strong></span> <span class='ocrx_word' id='word_1_14' title='bbox 2779 425 3035 496; x_wconf 67' lang='lat' dir='ltr'><strong>Quaedam</strong></span> <span class='ocrx_word' id='word_1_15' title='bbox 3062 429 3209 486; x_wconf 89' lang='lat' dir='ltr'><strong>enim</strong></span> <span class='ocrx_word' id='word_1_16' title='bbox 3239 439 3366 488; x_wconf 92' lang='lat' dir='ltr'><strong>sunt</strong></span> <span class='ocrx_word' id='word_1_17' title='bbox 3392 432 3590 493; x_wconf 67' lang='lat' dir='ltr'><strong>divinae</strong></span> <span class='ocrx_word' id='word_1_18' title='bbox 3615 436 3823 494; x_wconf 86' lang='lat' dir='ltr'><strong>libera-</strong></span> 
     </span>
    </p>
   </div>
   <div class='ocr_carea' id='block_1_5' title="bbox 528 505 2125 580">
    <p class='ocr_par' dir='ltr' id='par_1_5' title="bbox 528 505 2125 580">
     <span class='ocr_line' id='line_1_5' title="bbox 528 505 2125 580; baseline 0.004 -19"><span class='ocrx_word' id='word_1_19' title='bbox 528 516 650 578; x_wconf 78' lang='lat' dir='ltr'><strong>gem</strong></span> <span class='ocrx_word' id='word_1_20' title='bbox 674 506 876 570; x_wconf 62' lang='lat' dir='ltr'><strong>saeculi,</strong></span> <span class='ocrx_word' id='word_1_21' title='bbox 906 505 1211 576; x_wconf 83' lang='lat' dir='ltr'><strong>pontificem</strong></span> <span class='ocrx_word' id='word_1_22' title='bbox 1235 506 1526 562; x_wconf 80' lang='lat' dir='ltr'><strong>maximum</strong></span> <span class='ocrx_word' id='word_1_23' title='bbox 1561 507 1661 580; x_wconf 77' lang='grc' dir='ltr'><strong>(α),</strong></span> <span class='ocrx_word' id='word_1_24' title='bbox 1683 525 1872 566; x_wconf 86' lang='lat' dir='ltr'><strong>rursus</strong></span> <span class='ocrx_word' id='word_1_25' title='bbox 1921 511 2125 568; x_wconf 90' lang='lat' dir='ltr'><strong>nubere</strong></span> 
     </span>
    </p>
   </div>
   <div class='ocr_carea' id='block_1_6' title="bbox 2235 517 3824 597">
    <p class='ocr_par' dir='ltr' id='par_1_6' title="bbox 2235 517 3824 597">
     <span class='ocr_line' id='line_1_6' title="bbox 2235 517 3824 597; baseline 0.011 -26"><span class='ocrx_word' id='word_1_26' title='bbox 2235 517 2420 585; x_wconf 92' lang='lat' dir='ltr'><strong>litatis,</strong></span> <span class='ocrx_word' id='word_1_27' title='bbox 2463 519 2707 590; x_wconf 74' lang='lat' dir='ltr'><strong>qumdam</strong></span> <span class='ocrx_word' id='word_1_28' title='bbox 2744 529 2944 578; x_wconf 63' lang='lat' dir='ltr'><strong>nostra:</strong></span> <span class='ocrx_word' id='word_1_29' title='bbox 2983 525 3336 594; x_wconf 77' lang='lat' dir='ltr'><strong>operationis.</strong></span> <span class='ocrx_word' id='word_1_30' title='bbox 3363 527 3497 597; x_wconf 69' lang='lat' dir='ltr'><strong>Quae</strong></span> <span class='ocrx_word' id='word_1_31' title='bbox 3535 544 3566 585; x_wconf 88' lang='lat' dir='ltr'><strong>a</strong></span> <span class='ocrx_word' id='word_1_32' title='bbox 3595 531 3824 587; x_wconf 87' lang='lat' dir='ltr'><strong>Domino</strong></span> 
     </span>
    </p>
   </div>
   <div class='ocr_carea' id='block_1_7' title="bbox 530 598 3825 696">
    <p class='ocr_par' dir='ltr' id='par_1_7' title="bbox 530 598 3825 696">
     <span class='ocr_line' id='line_1_7' title="bbox 530 598 3825 696; baseline 0.005 -43"><span class='ocrx_word' id='word_1_33' title='bbox 530 598 680 653; x_wconf 86' lang='lat' dir='ltr'><strong>nefas</strong></span> <span class='ocrx_word' id='word_1_34' title='bbox 707 607 831 653; x_wconf 91' lang='lat' dir='ltr'><strong>est:</strong></span> <span class='ocrx_word' id='word_1_35' title='bbox 868 607 1128 696; x_wconf 67' lang='lat' dir='ltr'><strong>quantum</strong></span> <span class='ocrx_word' id='word_1_36' title='bbox 1166 598 1276 654; x_wconf 89' lang='lat' dir='ltr'><strong>Deo</strong></span> <span class='ocrx_word' id='word_1_37' title='bbox 1307 599 1567 656; x_wconf 78' lang='lat' dir='ltr'><strong>sanctitas</strong></span> <span class='ocrx_word' id='word_1_38' title='bbox 1599 600 1792 669; x_wconf 89' lang='lat' dir='ltr'><strong>placet,</strong></span> <span class='ocrx_word' id='word_1_39' title='bbox 1820 617 1943 658; x_wconf 90' lang='lat' dir='ltr'><strong>cum</strong></span> <span class='ocrx_word' id='word_1_40' title='bbox 1975 603 2120 659; x_wconf 87' lang='lat' dir='ltr'><strong>illam</strong></span> <span class='ocrx_word' id='word_1_41' title='bbox 2227 611 2590 685; x_wconf 76' lang='lat' dir='ltr'><strong>indulgentur,</strong></span> <span class='ocrx_word' id='word_1_42' title='bbox 2639 629 2734 671; x_wconf 92' lang='lat' dir='ltr'><strong>sua</strong></span> <span class='ocrx_word' id='word_1_43' title='bbox 2783 619 2952 688; x_wconf 82' lang='lat' dir='ltr'><strong>gratia</strong></span> <span class='ocrx_word' id='word_1_44' title='bbox 2999 619 3410 692; x_wconf 69' lang='lat' dir='ltr'><strong>gubernantur;</strong></span> <span class='ocrx_word' id='word_1_45' title='bbox 3462 641 3586 696; x_wconf 65' lang='lat' dir='ltr'><strong>qua:</strong></span> <span class='ocrx_word' id='word_1_46' title='bbox 3614 626 3686 682; x_wconf 76' lang='lat' dir='ltr'><strong>ab</strong></span> <span class='ocrx_word' id='word_1_47' title='bbox 3726 627 3825 683; x_wconf 77' lang='lat' dir='ltr'><strong>ho.</strong></span> 
     </span>
    </p>
   </div>
   <div class='ocr_carea' id='block_1_8' title="bbox 533 687 2124 764">
    <p class='ocr_par' dir='ltr' id='par_1_8' title="bbox 533 687 2124 764">
     <span class='ocr_line' id='line_1_8' title="bbox 533 687 2124 764; baseline 0.004 -20"><span class='ocrx_word' id='word_1_48' title='bbox 533 688 695 744; x_wconf 89' lang='lat' dir='ltr'><strong>etiam</strong></span> <span class='ocrx_word' id='word_1_49' title='bbox 741 688 990 744; x_wconf 89' lang='lat' dir='ltr'><strong>inimicus</strong></span> <span class='ocrx_word' id='word_1_50' title='bbox 1018 687 1253 754; x_wconf 86' lang='lat' dir='ltr'><strong>affectat,</strong></span> <span class='ocrx_word' id='word_1_51' title='bbox 1311 705 1416 745; x_wconf 91' lang='lat' dir='ltr'><strong>non</strong></span> <span class='ocrx_word' id='word_1_52' title='bbox 1443 691 1625 762; x_wconf 85' lang='lat' dir='ltr'><strong>utique</strong></span> <span class='ocrx_word' id='word_1_53' title='bbox 1657 692 1959 764; x_wconf 80' lang='lat' dir='ltr'><strong>utalicujus</strong></span> <span class='ocrx_word' id='word_1_54' title='bbox 1997 695 2124 751; x_wconf 89' lang='lat' dir='ltr'><strong>boni</strong></span> 
     </span>
    </p>
   </div>
   <div class='ocr_carea' id='block_1_9' title="bbox 527 778 2125 855">
    <p class='ocr_par' dir='ltr' id='par_1_9' title="bbox 527 778 2125 855">
     <span class='ocr_line' id='line_1_9' title="bbox 527 778 2125 855; baseline 0.006 -21"><span class='ocrx_word' id='word_1_55' title='bbox 527 778 727 847; x_wconf 85' lang='lat' dir='ltr'><strong>affinis,</strong></span> <span class='ocrx_word' id='word_1_56' title='bbox 759 780 857 836; x_wconf 90' lang='lat' dir='ltr'><strong>sed</strong></span> <span class='ocrx_word' id='word_1_57' title='bbox 897 789 956 836; x_wconf 90' lang='lat' dir='ltr'><strong>ut</strong></span> <span class='ocrx_word' id='word_1_58' title='bbox 997 780 1092 837; x_wconf 90' lang='lat' dir='ltr'><strong>Dei</strong></span> <span class='ocrx_word' id='word_1_59' title='bbox 1135 781 1345 838; x_wconf 87' lang='lat' dir='ltr'><strong>Domini</strong></span> <span class='ocrx_word' id='word_1_60' title='bbox 1393 783 1586 855; x_wconf 90' lang='lat' dir='ltr'><strong>placita</strong></span> <span class='ocrx_word' id='word_1_61' title='bbox 1635 800 1757 841; x_wconf 91' lang='lat' dir='ltr'><strong>cum</strong></span> <span class='ocrx_word' id='word_1_62' title='bbox 1797 789 2125 844; x_wconf 83' lang='lat' dir='ltr'><strong>contumelia</strong></span> 
     </span>
    </p>
   </div>
   <div class='ocr_carea' id='block_1_10' title="bbox 527 873 823 930">
    <p class='ocr_par' dir='ltr' id='par_1_10' title="bbox 527 873 823 930">
     <span class='ocr_line' id='line_1_10' title="bbox 527 873 823 930; baseline -0.003 0"><span class='ocrx_word' id='word_1_63' title='bbox 527 873 789 930; x_wconf 79' lang='lat' dir='ltr'><strong>affectans</strong></span> <span class='ocrx_word' id='word_1_64' title='bbox 809 875 823 929; x_wconf 90' lang='lat'><strong>!</strong></span> 
     </span>
    </p>
   </div>
   <div class='ocr_carea' id='block_1_11' title="bbox 1123 967 1526 1028">
    <p class='ocr_par' dir='ltr' id='par_1_11' title="bbox 1123 967 1526 1028">
     <span class='ocr_line' id='line_1_11' title="bbox 1123 967 1526 1028; baseline -0.005 -2"><span class='ocrx_word' id='word_1_65' title='bbox 1123 967 1352 1026; x_wconf 80' lang='lat' dir='ltr'><strong>CAPUT</strong></span> <span class='ocrx_word' id='word_1_66' title='bbox 1390 968 1526 1028; x_wconf 82' lang='lat' dir='ltr'><strong>Vill.</strong></span> 
     </span>
    </p>
   </div>
   <div class='ocr_carea' id='block_1_12' title="bbox 612 1060 2128 1136">
    <p class='ocr_par' dir='ltr' id='par_1_12' title="bbox 612 1060 2128 1136">
     <span class='ocr_line' id='line_1_12' title="bbox 612 1060 2128 1136; baseline 0.003 -19"><span class='ocrx_word' id='word_1_67' title='bbox 612 1060 747 1118; x_wconf 83' lang='lat' dir='ltr'><strong>Nam</strong></span> <span class='ocrx_word' id='word_1_68' title='bbox 794 1061 862 1118; x_wconf 92' lang='lat' dir='ltr'><strong>de</strong></span> <span class='ocrx_word' id='word_1_69' title='bbox 894 1061 974 1133; x_wconf 82' lang='grc' dir='ltr'><strong>(Ι)</strong></span> <span class='ocrx_word' id='word_1_70' title='bbox 1005 1061 1277 1118; x_wconf 87' lang='lat' dir='ltr'><strong>viduitatis</strong></span> <span class='ocrx_word' id='word_1_71' title='bbox 1335 1064 1629 1119; x_wconf 87' lang='lat' dir='ltr'><strong>honoribus</strong></span> <span class='ocrx_word' id='word_1_72' title='bbox 1665 1065 1803 1136; x_wconf 87' lang='lat' dir='ltr'><strong>apud</strong></span> <span class='ocrx_word' id='word_1_73' title='bbox 1845 1064 2128 1122; x_wconf 91' lang='lat' dir='ltr'><strong>Dominum</strong></span> 
     </span>
    </p>
   </div>
   <div class='ocr_carea' id='block_1_13' title="bbox 530 1155 2130 1229">
    <p class='ocr_par' dir='ltr' id='par_1_13' title="bbox 530 1155 2130 1229">
     <span class='ocr_line' id='line_1_13' title="bbox 530 1155 2130 1229; baseline 0.003 -19"><span class='ocrx_word' id='word_1_74' title='bbox 530 1170 638 1210; x_wconf 89' lang='lat' dir='ltr'><strong>uno</strong></span> <span class='ocrx_word' id='word_1_75' title='bbox 665 1155 808 1211; x_wconf 89' lang='lat' dir='ltr'><strong>dicto</strong></span> <span class='ocrx_word' id='word_1_76' title='bbox 831 1157 947 1227; x_wconf 90' lang='lat' dir='ltr'><strong>ejus</strong></span> <span class='ocrx_word' id='word_1_77' title='bbox 973 1172 1067 1226; x_wconf 91' lang='lat' dir='ltr'><strong>per</strong></span> <span class='ocrx_word' id='word_1_78' title='bbox 1093 1156 1414 1227; x_wconf 84' lang='lat' dir='ltr'><strong>Prophetam</strong></span> <span class='ocrx_word' id='word_1_79' title='bbox 1457 1158 1771 1229; x_wconf 84' lang='lat' dir='ltr'><strong>expeditum</strong></span> <span class='ocrx_word' id='word_1_80' title='bbox 1808 1169 1891 1215; x_wconf 90' lang='lat' dir='ltr'><strong>est</strong></span> <span class='ocrx_word' id='word_1_81' title='bbox 1924 1178 1936 1213; x_wconf 95' lang='lat'>:</span> <span class='ocrx_word' id='word_1_82' title='bbox 1980 1161 2130 1215; x_wconf 83' lang='lat' dir='ltr'><strong>Jusle</strong></span> 
     </span>
    </p>
   </div>
   <div class='ocr_carea' id='block_1_14' title="bbox 531 1245 2130 1322">
    <p class='ocr_par' dir='ltr' id='par_1_14' title="bbox 531 1245 2130 1322">
     <span class='ocr_line' id='line_1_14' title="bbox 531 1245 2130 1322; baseline 0.005 -22"><span class='ocrx_word' id='word_1_83' title='bbox 531 1247 686 1318; x_wconf 77' lang='lat' dir='ltr'><strong>facite</strong></span> <span class='ocrx_word' id='word_1_84' title='bbox 713 1245 794 1318; x_wconf 70' lang='lat'><strong>(2)</strong></span> <span class='ocrx_word' id='word_1_85' title='bbox 857 1249 1024 1303; x_wconf 72' lang='lat' dir='ltr'><strong>vidua:</strong></span> <span class='ocrx_word' id='word_1_86' title='bbox 1051 1257 1097 1302; x_wconf 88' lang='lat' dir='ltr'><strong>et</strong></span> <span class='ocrx_word' id='word_1_87' title='bbox 1127 1249 1344 1320; x_wconf 87' lang='lat' dir='ltr'><strong>pupillo,</strong></span> <span class='ocrx_word' id='word_1_88' title='bbox 1380 1262 1426 1304; x_wconf 81' lang='lat' dir='ltr'><strong>et</strong></span> <span class='ocrx_word' id='word_1_89' title='bbox 1456 1252 1617 1306; x_wconf 80' lang='lat' dir='ltr'><strong>venite</strong></span> <span class='ocrx_word' id='word_1_90' title='bbox 1644 1251 1975 1322; x_wconf 72' lang='lat' dir='ltr'><strong>disputemus,</strong></span> <span class='ocrx_word' id='word_1_91' title='bbox 2007 1254 2130 1308; x_wconf 88' lang='lat' dir='ltr'><strong>dicit</strong></span> 
     </span>
    </p>
   </div>
   <div class='ocr_carea' id='block_1_15' title="bbox 537 1338 2130 1418">
    <p class='ocr_par' dir='ltr' id='par_1_15' title="bbox 537 1338 2130 1418">
     <span class='ocr_line' id='line_1_15' title="bbox 537 1338 2130 1418; baseline 0.006 -24"><span class='ocrx_word' id='word_1_92' title='bbox 537 1338 809 1396; x_wconf 78' lang='lat' dir='ltr'><strong>Dominus.</strong></span> <span class='ocrx_word' id='word_1_93' title='bbox 861 1340 974 1397; x_wconf 91' lang='lat' dir='ltr'><strong>Duo</strong></span> <span class='ocrx_word' id='word_1_94' title='bbox 1035 1342 1134 1398; x_wconf 89' lang='lat' dir='ltr'><strong>ista</strong></span> <span class='ocrx_word' id='word_1_95' title='bbox 1204 1344 1422 1398; x_wconf 89' lang='lat' dir='ltr'><strong>nomina</strong></span> <span class='ocrx_word' id='word_1_96' title='bbox 1491 1345 1544 1400; x_wconf 88' lang='lat' dir='ltr'><strong>in</strong></span> <span class='ocrx_word' id='word_1_97' title='bbox 1613 1353 1873 1416; x_wconf 89' lang='lat' dir='ltr'><strong>quantum</strong></span> <span class='ocrx_word' id='word_1_98' title='bbox 1907 1346 2130 1418; x_wconf 87' lang='lat' dir='ltr'><strong>despec-</strong></span> 
     </span>
    </p>
   </div>
   <div class='ocr_carea' id='block_1_16' title="bbox 537 1430 2130 1502">
    <p class='ocr_par' dir='ltr' id='par_1_16' title="bbox 537 1430 2130 1502">
     <span class='ocr_line' id='line_1_16' title="bbox 537 1430 2130 1502; baseline 0.005 -17"><span class='ocrx_word' id='word_1_99' title='bbox 537 1432 612 1486; x_wconf 88' lang='lat' dir='ltr'><strong>tui</strong></span> <span class='ocrx_word' id='word_1_100' title='bbox 649 1430 733 1502; x_wconf 82' lang='grc'>(5)</span> <span class='ocrx_word' id='word_1_101' title='bbox 782 1430 1051 1497; x_wconf 90' lang='lat' dir='ltr'><strong>humano,</strong></span> <span class='ocrx_word' id='word_1_102' title='bbox 1099 1433 1152 1488; x_wconf 92' lang='lat' dir='ltr'><strong>in</strong></span> <span class='ocrx_word' id='word_1_103' title='bbox 1214 1442 1416 1489; x_wconf 88' lang='lat' dir='ltr'><strong>tantum</strong></span> <span class='ocrx_word' id='word_1_104' title='bbox 1482 1435 1676 1490; x_wconf 74' lang='lat' dir='ltr'><strong>divina:</strong></span> <span class='ocrx_word' id='word_1_105' title='bbox 1744 1437 2130 1493; x_wconf 86' lang='lat' dir='ltr'><strong>misericordiae</strong></span> 
     </span>
    </p>
   </div>
   <div class='ocr_carea' id='block_1_17' title="bbox 532 1525 2130 1602">
    <p class='ocr_par' dir='ltr' id='par_1_17' title="bbox 532 1525 2130 1602">
     <span class='ocr_line' id='line_1_17' title="bbox 532 1525 2130 1602; baseline 0.004 -23"><span class='ocrx_word' id='word_1_106' title='bbox 532 1525 772 1594; x_wconf 77' lang='lat' dir='ltr'><strong>exposita</strong></span> <span class='ocrx_word' id='word_1_107' title='bbox 805 1564 820 1591; x_wconf 90' lang='lat'><strong>,</strong></span> <span class='ocrx_word' id='word_1_108' title='bbox 876 1525 1116 1597; x_wconf 84' lang='lat' dir='ltr'><strong>suscepit</strong></span> <span class='ocrx_word' id='word_1_109' title='bbox 1169 1527 1303 1582; x_wconf 92' lang='lat' dir='ltr'><strong>tueri</strong></span> <span class='ocrx_word' id='word_1_110' title='bbox 1367 1526 1527 1582; x_wconf 89' lang='lat' dir='ltr'><strong>Pater</strong></span> <span class='ocrx_word' id='word_1_111' title='bbox 1568 1527 1806 1584; x_wconf 89' lang='lat' dir='ltr'><strong>omnium</strong></span> <span class='ocrx_word' id='word_1_112' title='bbox 1849 1530 1947 1602; x_wconf 78' lang='grc'><strong>(4).</strong></span> <span class='ocrx_word' id='word_1_113' title='bbox 1995 1529 2130 1586; x_wconf 75' lang='lat' dir='ltr'><strong>Vide</strong></span> 
     </span>
    </p>
   </div>
   <div class='ocr_carea' id='block_1_18' title="bbox 532 1617 2128 1693">
    <p class='ocr_par' dir='ltr' id='par_1_18' title="bbox 532 1617 2128 1693">
     <span class='ocr_line' id='line_1_18' title="bbox 532 1617 2128 1693; baseline 0.004 -22"><span class='ocrx_word' id='word_1_114' title='bbox 532 1632 690 1688; x_wconf 83' lang='lat' dir='ltr'><strong>quam</strong></span> <span class='ocrx_word' id='word_1_115' title='bbox 715 1633 779 1673; x_wconf 80' lang='lat' dir='ltr'><strong>ex</strong></span> <span class='ocrx_word' id='word_1_116' title='bbox 803 1632 958 1689; x_wconf 67' lang='lat' dir='ltr'><strong>sequo</strong></span> <span class='ocrx_word' id='word_1_117' title='bbox 979 1617 1208 1674; x_wconf 85' lang='lat' dir='ltr'><strong>habetur</strong></span> <span class='ocrx_word' id='word_1_118' title='bbox 1228 1619 1319 1690; x_wconf 87' lang='lat' dir='ltr'><strong>qui</strong></span> <span class='ocrx_word' id='word_1_119' title='bbox 1343 1619 1514 1675; x_wconf 75' lang='lat' dir='ltr'><strong>vidua:</strong></span> <span class='ocrx_word' id='word_1_120' title='bbox 1538 1620 1865 1678; x_wconf 87' lang='lat' dir='ltr'><strong>benefecerit</strong></span> <span class='ocrx_word' id='word_1_121' title='bbox 1884 1663 1900 1690; x_wconf 90' lang='lat'><strong>,</strong></span> <span class='ocrx_word' id='word_1_122' title='bbox 1946 1623 2128 1693; x_wconf 89' lang='lat' dir='ltr'><strong>quanti</strong></span> 
     </span>
    </p>
   </div>
   <div class='ocr_carea' id='block_1_19' title="bbox 533 1708 2132 1787">
    <p class='ocr_par' dir='ltr' id='par_1_19' title="bbox 533 1708 2132 1787">
     <span class='ocr_line' id='line_1_19' title="bbox 533 1708 2132 1787; baseline 0.002 -21"><span class='ocrx_word' id='word_1_123' title='bbox 533 1718 618 1766; x_wconf 89' lang='lat' dir='ltr'><strong>est</strong></span> <span class='ocrx_word' id='word_1_124' title='bbox 646 1708 801 1765; x_wconf 89' lang='lat' dir='ltr'><strong>vidua</strong></span> <span class='ocrx_word' id='word_1_125' title='bbox 828 1709 965 1780; x_wconf 88' lang='lat' dir='ltr'><strong>ipsa,</strong></span> <span class='ocrx_word' id='word_1_126' title='bbox 995 1712 1148 1781; x_wconf 85' lang='lat' dir='ltr'><strong>cujus</strong></span> <span class='ocrx_word' id='word_1_127' title='bbox 1170 1721 1408 1767; x_wconf 84' lang='lat' dir='ltr'><strong>assertor</strong></span> <span class='ocrx_word' id='word_1_128' title='bbox 1430 1727 1550 1767; x_wconf 91' lang='lat' dir='ltr'><strong>eum</strong></span> <span class='ocrx_word' id='word_1_129' title='bbox 1584 1712 1812 1769; x_wconf 92' lang='lat' dir='ltr'><strong>Domino</strong></span> <span class='ocrx_word' id='word_1_130' title='bbox 1847 1714 1920 1787; x_wconf 88' lang='lat' dir='ltr'><strong>(b)</strong></span> <span class='ocrx_word' id='word_1_131' title='bbox 1948 1714 2132 1785; x_wconf 84' lang='lat' dir='ltr'><strong>dispu-</strong></span> 
     </span>
    </p>
   </div>
   <div class='ocr_carea' id='block_1_20' title="bbox 537 1799 2132 1878">
    <p class='ocr_par' dir='ltr' id='par_1_20' title="bbox 537 1799 2132 1878">
     <span class='ocr_line' id='line_1_20' title="bbox 537 1799 2132 1878; baseline 0.003 -19"><span class='ocrx_word' id='word_1_132' title='bbox 537 1805 669 1859; x_wconf 86' lang='lat' dir='ltr'><strong>tavit</strong></span> <span class='ocrx_word' id='word_1_133' title='bbox 699 1804 813 1877; x_wconf 82' lang='lat'><strong>(5)!</strong></span> <span class='ocrx_word' id='word_1_134' title='bbox 840 1799 972 1860; x_wconf 69' lang='lat' dir='ltr'><strong>Non&#39;</strong></span> <span class='ocrx_word' id='word_1_135' title='bbox 1003 1813 1210 1861; x_wconf 87' lang='lat' dir='ltr'><strong>tantum</strong></span> <span class='ocrx_word' id='word_1_136' title='bbox 1263 1806 1559 1877; x_wconf 82' lang='lat' dir='ltr'><strong>virginibus</strong></span> <span class='ocrx_word' id='word_1_137' title='bbox 1617 1808 1800 1864; x_wconf 89' lang='lat' dir='ltr'><strong>datum</strong></span> <span class='ocrx_word' id='word_1_138' title='bbox 1832 1809 2044 1878; x_wconf 90' lang='lat' dir='ltr'><strong>opinor,</strong></span> <span class='ocrx_word' id='word_1_139' title='bbox 2069 1809 2132 1863; x_wconf 83' lang='lat' dir='ltr'><strong>li-</strong></span> 
     </span>
    </p>
   </div>
   <div class='ocr_carea' id='block_1_21' title="bbox 529 1895 2130 1968">
    <p class='ocr_par' dir='ltr' id='par_1_21' title="bbox 529 1895 2130 1968">
     <span class='ocr_line' id='line_1_21' title="bbox 529 1895 2130 1968; baseline 0.002 -17"><span class='ocrx_word' id='word_1_140' title='bbox 529 1904 618 1951; x_wconf 90' lang='lat' dir='ltr'><strong>cet</strong></span> <span class='ocrx_word' id='word_1_141' title='bbox 669 1895 721 1950; x_wconf 92' lang='lat' dir='ltr'><strong>in</strong></span> <span class='ocrx_word' id='word_1_142' title='bbox 777 1895 883 1951; x_wconf 92' lang='lat' dir='ltr'><strong>illis</strong></span> <span class='ocrx_word' id='word_1_143' title='bbox 933 1896 1211 1968; x_wconf 78' lang='lat' dir='ltr'><strong>integritas</strong></span> <span class='ocrx_word' id='word_1_144' title='bbox 1269 1897 1440 1952; x_wconf 90' lang='lat' dir='ltr'><strong>solida</strong></span> <span class='ocrx_word' id='word_1_145' title='bbox 1495 1905 1549 1952; x_wconf 91' lang='lat' dir='ltr'><strong>ct</strong></span> <span class='ocrx_word' id='word_1_146' title='bbox 1597 1906 1708 1953; x_wconf 90' lang='lat' dir='ltr'><strong>tota</strong></span> <span class='ocrx_word' id='word_1_147' title='bbox 1755 1899 2015 1955; x_wconf 89' lang='lat' dir='ltr'><strong>sanctitas</strong></span> <span class='ocrx_word' id='word_1_148' title='bbox 2062 1899 2130 1956; x_wconf 90' lang='lat' dir='ltr'><strong>de</strong></span> 
     </span>
    </p>
   </div>
   <div class='ocr_carea' id='block_1_22' title="bbox 530 1987 2131 2058">
    <p class='ocr_par' dir='ltr' id='par_1_22' title="bbox 530 1987 2131 2058">
     <span class='ocr_line' id='line_1_22' title="bbox 530 1987 2131 2058; baseline 0.004 -16"><span class='ocrx_word' id='word_1_149' title='bbox 530 1988 782 2058; x_wconf 67' lang='lat' dir='ltr'><strong>proximo</strong></span> <span class='ocrx_word' id='word_1_150' title='bbox 825 1989 1001 2044; x_wconf 88' lang='lat' dir='ltr'><strong>visura</strong></span> <span class='ocrx_word' id='word_1_151' title='bbox 1049 1989 1117 2044; x_wconf 90' lang='lat' dir='ltr'><strong>sit</strong></span> <span class='ocrx_word' id='word_1_152' title='bbox 1158 1987 1349 2044; x_wconf 89' lang='lat' dir='ltr'><strong>faciem</strong></span> <span class='ocrx_word' id='word_1_153' title='bbox 1380 1989 1496 2044; x_wconf 91' lang='lat' dir='ltr'><strong>Dei.</strong></span> <span class='ocrx_word' id='word_1_154' title='bbox 1529 1989 1734 2046; x_wconf 86' lang='lat' dir='ltr'><strong>Tamen</strong></span> <span class='ocrx_word' id='word_1_155' title='bbox 1783 1989 1937 2045; x_wconf 87' lang='lat' dir='ltr'><strong>vidua</strong></span> <span class='ocrx_word' id='word_1_156' title='bbox 1967 1991 2131 2048; x_wconf 84' lang='lat' dir='ltr'><strong>habet</strong></span> 
     </span>
    </p>
   </div>
   <div class='ocr_carea' id='block_1_23' title="bbox 2159 2045 2207 2105">
    <p class='ocr_par' dir='ltr' id='par_1_23' title="bbox 2159 2045 2207 2105">
     <span class='ocr_line' id='line_1_23' title="bbox 2159 2045 2207 2105; baseline 0 0"><span class='ocrx_word' id='word_1_157' title='bbox 2159 2045 2207 2105; x_wconf 83' lang='lat' dir='ltr'><strong>B</strong></span> 
     </span>
    </p>
   </div>
   <div class='ocr_carea' id='block_1_24' title="bbox 2231 704 3824 789">
    <p class='ocr_par' dir='ltr' id='par_1_24' title="bbox 2231 704 3824 789">
     <span class='ocr_line' id='line_1_24' title="bbox 2231 704 3824 789; baseline 0.01 -31"><span class='ocrx_word' id='word_1_158' title='bbox 2231 704 2376 759; x_wconf 90' lang='lat' dir='ltr'><strong>mine</strong></span> <span class='ocrx_word' id='word_1_159' title='bbox 2401 714 2709 777; x_wconf 88' lang='lat' dir='ltr'><strong>captantur,</strong></span> <span class='ocrx_word' id='word_1_160' title='bbox 2737 708 2916 765; x_wconf 88' lang='lat' dir='ltr'><strong>studio</strong></span> <span class='ocrx_word' id='word_1_161' title='bbox 2947 721 3348 782; x_wconf 84' lang='lat' dir='ltr'><strong>perpetrantur.</strong></span> <span class='ocrx_word' id='word_1_162' title='bbox 3375 714 3544 772; x_wconf 90' lang='lat' dir='ltr'><strong>Stude</strong></span> <span class='ocrx_word' id='word_1_163' title='bbox 3571 716 3734 789; x_wconf 75' lang='lat' dir='ltr'><strong>igitur</strong></span> <span class='ocrx_word' id='word_1_164' title='bbox 3759 718 3824 774; x_wconf 92' lang='lat' dir='ltr'><strong>ad</strong></span> 
     </span>
    </p>
   </div>
   <div class='ocr_carea' id='block_1_25' title="bbox 2232 797 3825 882">
    <p class='ocr_par' dir='ltr' id='par_1_25' title="bbox 2232 797 3825 882">
     <span class='ocr_line' id='line_1_25' title="bbox 2232 797 3825 882; baseline 0.01 -31"><span class='ocrx_word' id='word_1_165' title='bbox 2232 797 2483 854; x_wconf 88' lang='lat' dir='ltr'><strong>virtutem</strong></span> <span class='ocrx_word' id='word_1_166' title='bbox 2546 800 2894 857; x_wconf 77' lang='lat' dir='ltr'><strong>continentia:</strong></span> <span class='ocrx_word' id='word_1_167' title='bbox 2928 801 3232 875; x_wconf 66' lang='lat' dir='ltr'><strong>[modestiae</strong></span> <span class='ocrx_word' id='word_1_168' title='bbox 3279 806 3382 880; x_wconf 83' lang='lat'><strong>(6)]</strong></span> <span class='ocrx_word' id='word_1_169' title='bbox 3411 843 3434 876; x_wconf 61' lang='grc' dir='ltr'><em>ς</em></span> <span class='ocrx_word' id='word_1_170' title='bbox 3475 824 3596 881; x_wconf 62' lang='lat' dir='ltr'><strong>quae</strong></span> <span class='ocrx_word' id='word_1_171' title='bbox 3638 811 3825 882; x_wconf 88' lang='lat' dir='ltr'><strong>pudori</strong></span> 
     </span>
    </p>
   </div>
   <div class='ocr_carea' id='block_1_26' title="bbox 2233 891 3826 973">
    <p class='ocr_par' dir='ltr' id='par_1_26' title="bbox 2233 891 3826 973">
     <span class='ocr_line' id='line_1_26' title="bbox 2233 891 3826 973; baseline 0.009 -29"><span class='ocrx_word' id='word_1_172' title='bbox 2233 901 2486 960; x_wconf 87' lang='lat' dir='ltr'><strong>procurat</strong></span> <span class='ocrx_word' id='word_1_173' title='bbox 2517 907 2538 957; x_wconf 79' lang='lat'><strong>&#39;,</strong></span> <span class='ocrx_word' id='word_1_174' title='bbox 2565 891 2837 948; x_wconf 90' lang='lat' dir='ltr'><strong>sedulitati</strong></span> <span class='ocrx_word' id='word_1_175' title='bbox 2864 936 2879 960; x_wconf 89' lang='lat'><strong>,</strong></span> <span class='ocrx_word' id='word_1_176' title='bbox 2912 910 3034 966; x_wconf 76' lang='lat' dir='ltr'><strong>qua:</strong></span> <span class='ocrx_word' id='word_1_177' title='bbox 3065 911 3236 968; x_wconf 77' lang='lat' dir='ltr'><strong>nugas</strong></span> <span class='ocrx_word' id='word_1_178' title='bbox 3263 914 3370 954; x_wconf 93' lang='lat' dir='ltr'><strong>non</strong></span> <span class='ocrx_word' id='word_1_179' title='bbox 3400 900 3534 956; x_wconf 87' lang='lat' dir='ltr'><strong>facit</strong></span> <span class='ocrx_word' id='word_1_180' title='bbox 3562 919 3577 968; x_wconf 91' lang='lat'><strong>;</strong></span> <span class='ocrx_word' id='word_1_181' title='bbox 3608 901 3826 973; x_wconf 78' lang='lat' dir='ltr'><strong>frugali-</strong></span> 
     </span>
    </p>
   </div>
   <div class='ocr_carea' id='block_1_27' title="bbox 2231 983 3825 1066">
    <p class='ocr_par' dir='ltr' id='par_1_27' title="bbox 2231 983 3825 1066">
     <span class='ocr_line' id='line_1_27' title="bbox 2231 983 3825 1066; baseline 0.009 -30"><span class='ocrx_word' id='word_1_182' title='bbox 2231 983 2346 1050; x_wconf 88' lang='lat' dir='ltr'><strong>tati,</strong></span> <span class='ocrx_word' id='word_1_183' title='bbox 2367 998 2485 1053; x_wconf 81' lang='lat' dir='ltr'><strong>quae</strong></span> <span class='ocrx_word' id='word_1_184' title='bbox 2511 986 2767 1040; x_wconf 55' lang='lat' dir='ltr'><strong>saeculum</strong></span> <span class='ocrx_word' id='word_1_185' title='bbox 2796 984 2879 1058; x_wconf 92' lang='lat'><strong>(7)</strong></span> <span class='ocrx_word' id='word_1_186' title='bbox 2917 988 3142 1058; x_wconf 85' lang='lat' dir='ltr'><strong>spernit.</strong></span> <span class='ocrx_word' id='word_1_187' title='bbox 3197 989 3512 1049; x_wconf 87' lang='lat' dir='ltr'><strong>Convictum</strong></span> <span class='ocrx_word' id='word_1_188' title='bbox 3541 992 3624 1066; x_wconf 87' lang='lat'><strong>(8)</strong></span> <span class='ocrx_word' id='word_1_189' title='bbox 3669 1004 3825 1066; x_wconf 84' lang='lat' dir='ltr'><strong>atque</strong></span> 
     </span>
    </p>
   </div>
   <div class='ocr_carea' id='block_1_28' title="bbox 2231 1071 3821 1155">
    <p class='ocr_par' dir='ltr' id='par_1_28' title="bbox 2231 1071 3821 1155">
     <span class='ocr_line' id='line_1_28' title="bbox 2231 1071 3821 1155; baseline 0.01 -26"><span class='ocrx_word' id='word_1_190' title='bbox 2231 1078 2555 1132; x_wconf 88' lang='lat' dir='ltr'><strong>commercia</strong></span> <span class='ocrx_word' id='word_1_191' title='bbox 2584 1079 2692 1134; x_wconf 89' lang='lat' dir='ltr'><strong>Deo</strong></span> <span class='ocrx_word' id='word_1_192' title='bbox 2713 1071 2872 1152; x_wconf 61' lang='lat' dir='ltr'><strong>digna</strong></span> <span class='ocrx_word' id='word_1_193' title='bbox 2896 1090 3124 1152; x_wconf 85' lang='lat' dir='ltr'><strong>sectare,</strong></span> <span class='ocrx_word' id='word_1_194' title='bbox 3147 1099 3356 1142; x_wconf 90' lang='lat' dir='ltr'><strong>memor</strong></span> <span class='ocrx_word' id='word_1_195' title='bbox 3381 1086 3529 1143; x_wconf 89' lang='lat' dir='ltr'><strong>illius</strong></span> <span class='ocrx_word' id='word_1_196' title='bbox 3555 1088 3821 1155; x_wconf 80' lang='lat' dir='ltr'><strong>versiculi,</strong></span> 
     </span>
    </p>
   </div>
   <div class='ocr_carea' id='block_1_29' title="bbox 2233 1170 3058 1242">
    <p class='ocr_par' dir='ltr' id='par_1_29' title="bbox 2233 1170 3058 1242">
     <span class='ocr_line' id='line_1_29' title="bbox 2233 1170 3058 1242; baseline 0.008 -19"><span class='ocrx_word' id='word_1_197' title='bbox 2233 1170 2548 1224; x_wconf 86' lang='lat' dir='ltr'><strong>sanetiticati</strong></span> <span class='ocrx_word' id='word_1_198' title='bbox 2578 1186 2676 1242; x_wconf 90' lang='lat' dir='ltr'><strong>per</strong></span> <span class='ocrx_word' id='word_1_199' title='bbox 2701 1173 3058 1241; x_wconf 87' lang='lat' dir='ltr'><strong>Apostolum:</strong></span> 
     </span>
    </p>
   </div>
   <div class='ocr_carea' id='block_1_30' title="bbox 2325 1259 3491 1330">
    <p class='ocr_par' dir='ltr' id='par_1_30' title="bbox 2325 1259 3491 1330">
     <span class='ocr_line' id='line_1_30' title="bbox 2325 1259 3491 1330; baseline 0.01 -20"><span class='ocrx_word' id='word_1_200' title='bbox 2325 1259 2488 1311; x_wconf 89' lang='lat' dir='ltr'><strong>Bonos</strong></span> <span class='ocrx_word' id='word_1_201' title='bbox 2507 1268 2826 1326; x_wconf 86' lang='lat' dir='ltr'><strong>corrumpunt</strong></span> <span class='ocrx_word' id='word_1_202' title='bbox 2846 1277 3013 1315; x_wconf 85' lang='lat' dir='ltr'><strong>mores</strong></span> <span class='ocrx_word' id='word_1_203' title='bbox 3033 1277 3332 1330; x_wconf 77' lang='lat' dir='ltr'><strong>congressus</strong></span> <span class='ocrx_word' id='word_1_204' title='bbox 3354 1269 3491 1322; x_wconf 89' lang='lat' dir='ltr'><strong>mali.</strong></span> 
     </span>
    </p>
   </div>
   <div class='ocr_carea' id='block_1_31' title="bbox 2851 1350 3204 1408">
    <p class='ocr_par' dir='ltr' id='par_1_31' title="bbox 2851 1350 3204 1408">
     <span class='ocr_line' id='line_1_31' title="bbox 2851 1350 3204 1408; baseline 0.006 -2"><span class='ocrx_word' id='word_1_205' title='bbox 2851 1350 3079 1408; x_wconf 81' lang='lat' dir='ltr'><strong>CAPUT</strong></span> <span class='ocrx_word' id='word_1_206' title='bbox 3108 1352 3204 1408; x_wconf 82' lang='lat' dir='ltr'><strong>1X.</strong></span> 
     </span>
    </p>
   </div>
   <div class='ocr_carea' id='block_1_32' title="bbox 2305 1439 3824 1516">
    <p class='ocr_par' dir='ltr' id='par_1_32' title="bbox 2305 1439 3824 1516">
     <span class='ocr_line' id='line_1_32' title="bbox 2305 1439 3824 1516; baseline 0.007 -21"><span class='ocrx_word' id='word_1_207' title='bbox 2305 1439 2602 1512; x_wconf 86' lang='lat' dir='ltr'><strong>Loquaces,</strong></span> <span class='ocrx_word' id='word_1_208' title='bbox 2644 1443 2855 1509; x_wconf 73' lang='lat' dir='ltr'><strong>otiosm,</strong></span> <span class='ocrx_word' id='word_1_209' title='bbox 2883 1442 3108 1512; x_wconf 74' lang='lat' dir='ltr'><strong>vinoszc,</strong></span> <span class='ocrx_word' id='word_1_210' title='bbox 3136 1447 3366 1504; x_wconf 67' lang='lat' dir='ltr'><strong>curiosa:</strong></span> <span class='ocrx_word' id='word_1_211' title='bbox 3389 1448 3824 1516; x_wconf 82' lang='lat' dir='ltr'><strong>contubernales,</strong></span> 
     </span>
    </p>
   </div>
   <div class='ocr_carea' id='block_1_33' title="bbox 2231 1533 3826 1614">
    <p class='ocr_par' dir='ltr' id='par_1_33' title="bbox 2231 1533 3826 1614">
     <span class='ocr_line' id='line_1_33' title="bbox 2231 1533 3826 1614; baseline 0.008 -27"><span class='ocrx_word' id='word_1_212' title='bbox 2231 1533 2315 1589; x_wconf 90' lang='lat' dir='ltr'><strong>vel</strong></span> <span class='ocrx_word' id='word_1_213' title='bbox 2334 1534 2568 1590; x_wconf 80' lang='lat' dir='ltr'><strong>maxime</strong></span> <span class='ocrx_word' id='word_1_214' title='bbox 2587 1536 2863 1606; x_wconf 91' lang='lat' dir='ltr'><strong>proposito</strong></span> <span class='ocrx_word' id='word_1_215' title='bbox 2877 1537 3152 1594; x_wconf 89' lang='lat' dir='ltr'><strong>viduitatis</strong></span> <span class='ocrx_word' id='word_1_216' title='bbox 3164 1539 3434 1597; x_wconf 81' lang='lat' dir='ltr'><strong>ofﬁciunt.</strong></span> <span class='ocrx_word' id='word_1_217' title='bbox 3466 1541 3571 1598; x_wconf 84' lang='lat' dir='ltr'><strong>Per</strong></span> <span class='ocrx_word' id='word_1_218' title='bbox 3591 1543 3826 1614; x_wconf 80' lang='lat' dir='ltr'><strong>loquaci-</strong></span> 
     </span>
    </p>
   </div>
   <div class='ocr_carea' id='block_1_34' title="bbox 2234 1623 3826 1708">
    <p class='ocr_par' dir='ltr' id='par_1_34' title="bbox 2234 1623 3826 1708">
     <span class='ocr_line' id='line_1_34' title="bbox 2234 1623 3826 1708; baseline 0.007 -28"><span class='ocrx_word' id='word_1_219' title='bbox 2234 1635 2399 1682; x_wconf 89' lang='lat' dir='ltr'><strong>tatem</strong></span> <span class='ocrx_word' id='word_1_220' title='bbox 2446 1623 2692 1700; x_wconf 89' lang='lat' dir='ltr'><strong>irrepunt</strong></span> <span class='ocrx_word' id='word_1_221' title='bbox 2718 1629 2880 1686; x_wconf 87' lang='lat' dir='ltr'><strong>verba</strong></span> <span class='ocrx_word' id='word_1_222' title='bbox 2927 1630 3148 1702; x_wconf 88' lang='lat' dir='ltr'><strong>pudoris</strong></span> <span class='ocrx_word' id='word_1_223' title='bbox 3178 1633 3411 1702; x_wconf 84' lang='lat' dir='ltr'><strong>inimica</strong></span> <span class='ocrx_word' id='word_1_224' title='bbox 3441 1651 3457 1701; x_wconf 91' lang='lat'><strong>;</strong></span> <span class='ocrx_word' id='word_1_225' title='bbox 3482 1652 3579 1708; x_wconf 90' lang='lat' dir='ltr'><strong>per</strong></span> <span class='ocrx_word' id='word_1_226' title='bbox 3604 1637 3769 1692; x_wconf 88' lang='lat' dir='ltr'><strong>otium</strong></span> <span class='ocrx_word' id='word_1_227' title='bbox 3797 1652 3826 1691; x_wconf 87' lang='lat' dir='ltr'><strong>a</strong></span> 
     </span>
    </p>
   </div>
   <div class='ocr_carea' id='block_1_35' title="bbox 2231 1719 3827 1798">
    <p class='ocr_par' dir='ltr' id='par_1_35' title="bbox 2231 1719 3827 1798">
     <span class='ocr_line' id='line_1_35' title="bbox 2231 1719 3827 1798; baseline 0.004 -22"><span class='ocrx_word' id='word_1_228' title='bbox 2231 1720 2516 1776; x_wconf 81' lang='lat' dir='ltr'><strong>severitate</strong></span> <span class='ocrx_word' id='word_1_229' title='bbox 2553 1719 2632 1793; x_wconf 90' lang='lat'><strong>(9)</strong></span> <span class='ocrx_word' id='word_1_230' title='bbox 2684 1721 2996 1790; x_wconf 90' lang='lat' dir='ltr'><strong>deducunt;</strong></span> <span class='ocrx_word' id='word_1_231' title='bbox 3051 1739 3150 1795; x_wconf 90' lang='lat' dir='ltr'><strong>per</strong></span> <span class='ocrx_word' id='word_1_232' title='bbox 3208 1726 3562 1782; x_wconf 86' lang='lat' dir='ltr'><strong>vinolentiam</strong></span> <span class='ocrx_word' id='word_1_233' title='bbox 3621 1727 3827 1798; x_wconf 78' lang='lat' dir='ltr'><strong>quidvis</strong></span> 
     </span>
    </p>
   </div>
   <div class='ocr_carea' id='block_1_36' title="bbox 2232 1813 3830 1886">
    <p class='ocr_par' dir='ltr' id='par_1_36' title="bbox 2232 1813 3830 1886">
     <span class='ocr_line' id='line_1_36' title="bbox 2232 1813 3830 1886; baseline 0.005 -18"><span class='ocrx_word' id='word_1_234' title='bbox 2232 1813 2358 1868; x_wconf 90' lang='lat' dir='ltr'><strong>mali</strong></span> <span class='ocrx_word' id='word_1_235' title='bbox 2381 1814 2652 1869; x_wconf 88' lang='lat' dir='ltr'><strong>insinuant</strong></span> <span class='ocrx_word' id='word_1_236' title='bbox 2675 1831 2690 1882; x_wconf 93' lang='lat'><strong>;</strong></span> <span class='ocrx_word' id='word_1_237' title='bbox 2716 1830 2814 1886; x_wconf 91' lang='lat' dir='ltr'><strong>per</strong></span> <span class='ocrx_word' id='word_1_238' title='bbox 2833 1817 3201 1874; x_wconf 88' lang='lat' dir='ltr'><strong>curiositatem</strong></span> <span class='ocrx_word' id='word_1_239' title='bbox 3229 1820 3633 1877; x_wconf 68' lang='lat' dir='ltr'><strong>aemulationem</strong></span> <span class='ocrx_word' id='word_1_240' title='bbox 3655 1820 3830 1876; x_wconf 83' lang='lat' dir='ltr'><strong>libidi-</strong></span> 
     </span>
    </p>
   </div>
   <div class='ocr_carea' id='block_1_37' title="bbox 2233 1905 3828 1980">
    <p class='ocr_par' dir='ltr' id='par_1_37' title="bbox 2233 1905 3828 1980">
     <span class='ocr_line' id='line_1_37' title="bbox 2233 1905 3828 1980; baseline 0.005 -20"><span class='ocrx_word' id='word_1_241' title='bbox 2233 1906 2317 1960; x_wconf 90' lang='lat' dir='ltr'><strong>nis</strong></span> <span class='ocrx_word' id='word_1_242' title='bbox 2341 1905 2671 1962; x_wconf 88' lang='lat' dir='ltr'><strong>convebunt.</strong></span> <span class='ocrx_word' id='word_1_243' title='bbox 2702 1906 2856 1963; x_wconf 86' lang='lat' dir='ltr'><strong>Nulla</strong></span> <span class='ocrx_word' id='word_1_244' title='bbox 2880 1907 3187 1980; x_wconf 88' lang='lat' dir='ltr'><strong>hujusmodi</strong></span> <span class='ocrx_word' id='word_1_245' title='bbox 3223 1912 3567 1968; x_wconf 69' lang='lat' dir='ltr'><strong>faeminarum</strong></span> <span class='ocrx_word' id='word_1_246' title='bbox 3596 1911 3665 1968; x_wconf 89' lang='lat' dir='ltr'><strong>de</strong></span> <span class='ocrx_word' id='word_1_247' title='bbox 3693 1913 3828 1968; x_wconf 91' lang='lat' dir='ltr'><strong>bono</strong></span> 
     </span>
    </p>
   </div>
   <div class='ocr_carea' id='block_1_38' title="bbox 2235 1999 3832 2078">
    <p class='ocr_par' dir='ltr' id='par_1_38' title="bbox 2235 1999 3832 2078">
     <span class='ocr_line' id='line_1_38' title="bbox 2235 1999 3832 2078; baseline 0.004 -24"><span class='ocrx_word' id='word_1_248' title='bbox 2235 1999 2532 2055; x_wconf 89' lang='lat' dir='ltr'><strong>uuiviratus</strong></span> <span class='ocrx_word' id='word_1_249' title='bbox 2562 2001 2707 2073; x_wconf 90' lang='lat' dir='ltr'><strong>loqui</strong></span> <span class='ocrx_word' id='word_1_250' title='bbox 2752 2002 2868 2074; x_wconf 81' lang='grc'><strong>(10)</strong></span> <span class='ocrx_word' id='word_1_251' title='bbox 2913 2005 3062 2061; x_wconf 84' lang='lat' dir='ltr'><strong>novit</strong></span> <span class='ocrx_word' id='word_1_252' title='bbox 3107 2025 3121 2059; x_wconf 87' lang='lat'><strong>:</strong></span> <span class='ocrx_word' id='word_1_253' title='bbox 3165 2006 3305 2061; x_wconf 84' lang='lat' dir='ltr'><strong>Deus</strong></span> <span class='ocrx_word' id='word_1_254' title='bbox 3345 2006 3489 2062; x_wconf 90' lang='lat' dir='ltr'><strong>enim</strong></span> <span class='ocrx_word' id='word_1_255' title='bbox 3519 2007 3625 2062; x_wconf 87' lang='lat' dir='ltr'><strong>illis</strong></span> <span class='ocrx_word' id='word_1_256' title='bbox 3652 2007 3732 2078; x_wconf 90' lang='lat' dir='ltr'><strong>(ut</strong></span> <span class='ocrx_word' id='word_1_257' title='bbox 3759 2007 3832 2061; x_wconf 86' lang='lat' dir='ltr'><strong>ait</strong></span> 
     </span>
    </p>
   </div>
   <div class='ocr_carea' id='block_1_39' title="bbox 528 2081 3824 2172">
    <p class='ocr_par' dir='ltr' id='par_1_39' title="bbox 528 2081 3824 2172">
     <span class='ocr_line' id='line_1_39' title="bbox 528 2081 3824 2172; baseline 0.006 -36"><span class='ocrx_word' id='word_1_258' title='bbox 528 2081 732 2152; x_wconf 89' lang='lat' dir='ltr'><strong>aliquid</strong></span> <span class='ocrx_word' id='word_1_259' title='bbox 763 2082 1045 2152; x_wconf 88' lang='lat' dir='ltr'><strong>operosius</strong></span> <span class='ocrx_word' id='word_1_260' title='bbox 1076 2100 1089 2137; x_wconf 92' lang='lat'>:</span> <span class='ocrx_word' id='word_1_261' title='bbox 1115 2083 1238 2158; x_wconf 86' lang='lat' dir='ltr'><strong>quia</strong></span> <span class='ocrx_word' id='word_1_262' title='bbox 1267 2082 1422 2139; x_wconf 89' lang='lat' dir='ltr'><strong>facile</strong></span> <span class='ocrx_word' id='word_1_263' title='bbox 1448 2093 1530 2139; x_wconf 91' lang='lat' dir='ltr'><strong>est</strong></span> <span class='ocrx_word' id='word_1_264' title='bbox 1555 2099 1664 2138; x_wconf 89' lang='lat' dir='ltr'><strong>non</strong></span> <span class='ocrx_word' id='word_1_265' title='bbox 1691 2094 1950 2155; x_wconf 88' lang='lat' dir='ltr'><strong>appetere</strong></span> <span class='ocrx_word' id='word_1_266' title='bbox 1986 2086 2130 2156; x_wconf 91' lang='lat' dir='ltr'><strong>quod</strong></span> <span class='ocrx_word' id='word_1_267' title='bbox 2161 2081 2207 2105; x_wconf 87' lang='lat'>&quot;</span> <span class='ocrx_word' id='word_1_268' title='bbox 2235 2094 2549 2166; x_wconf 78' lang='lat' dir='ltr'><strong>Apostolus)</strong></span> <span class='ocrx_word' id='word_1_269' title='bbox 2577 2107 2745 2150; x_wconf 83' lang='lat' dir='ltr'><strong>venter</strong></span> <span class='ocrx_word' id='word_1_270' title='bbox 2765 2106 2837 2152; x_wconf 88' lang='lat' dir='ltr'><strong>est</strong></span> <span class='ocrx_word' id='word_1_271' title='bbox 2859 2097 3052 2169; x_wconf 83' lang='lat' dir='ltr'><strong>(Phil.,</strong></span> <span class='ocrx_word' id='word_1_272' title='bbox 3079 2099 3167 2165; x_wconf 88' lang='lat' dir='ltr'><strong>lll,</strong></span> <span class='ocrx_word' id='word_1_273' title='bbox 3203 2098 3326 2172; x_wconf 79' lang='lat' dir='ltr'><strong>l9),</strong></span> <span class='ocrx_word' id='word_1_274' title='bbox 3359 2101 3435 2156; x_wconf 88' lang='lat' dir='ltr'><strong>ita</strong></span> <span class='ocrx_word' id='word_1_275' title='bbox 3462 2109 3517 2157; x_wconf 89' lang='lat' dir='ltr'><strong>et</strong></span> <span class='ocrx_word' id='word_1_276' title='bbox 3546 2116 3669 2172; x_wconf 65' lang='lat' dir='ltr'><strong>qua</strong></span> <span class='ocrx_word' id='word_1_277' title='bbox 3693 2116 3824 2156; x_wconf 79' lang='lat' dir='ltr'><strong>ven-</strong></span> 
     </span>
    </p>
   </div>
   <div class='ocr_carea' id='block_1_40' title="bbox 529 2174 2127 2248">
    <p class='ocr_par' dir='ltr' id='par_1_40' title="bbox 529 2174 2127 2248">
     <span class='ocr_line' id='line_1_40' title="bbox 529 2174 2127 2248; baseline 0.001 -19"><span class='ocrx_word' id='word_1_278' title='bbox 529 2174 745 2229; x_wconf 84' lang='lat' dir='ltr'><strong>nescias</strong></span> <span class='ocrx_word' id='word_1_279' title='bbox 780 2216 796 2241; x_wconf 91' lang='lat'><strong>,</strong></span> <span class='ocrx_word' id='word_1_280' title='bbox 839 2184 892 2231; x_wconf 90' lang='lat' dir='ltr'><strong>et</strong></span> <span class='ocrx_word' id='word_1_281' title='bbox 933 2175 1171 2231; x_wconf 85' lang='lat' dir='ltr'><strong>aversari</strong></span> <span class='ocrx_word' id='word_1_282' title='bbox 1208 2175 1351 2247; x_wconf 89' lang='lat' dir='ltr'><strong>quod</strong></span> <span class='ocrx_word' id='word_1_283' title='bbox 1396 2175 1788 2232; x_wconf 87' lang='lat' dir='ltr'><strong>desideraveris</strong></span> <span class='ocrx_word' id='word_1_284' title='bbox 1831 2194 2127 2248; x_wconf 90' lang='lat' dir='ltr'><strong>nunquam.</strong></span> 
     </span>
    </p>
   </div>
   <div class='ocr_carea' id='block_1_41' title="bbox 527 2266 2130 2342">
    <p class='ocr_par' dir='ltr' id='par_1_41' title="bbox 527 2266 2130 2342">
     <span class='ocr_line' id='line_1_41' title="bbox 527 2266 2130 2342; baseline 0.002 -19"><span class='ocrx_word' id='word_1_285' title='bbox 527 2266 828 2324; x_wconf 84' lang='lat' dir='ltr'><strong>Gloriosior</strong></span> <span class='ocrx_word' id='word_1_286' title='bbox 869 2267 1196 2325; x_wconf 84' lang='lat' dir='ltr'><strong>continentia</strong></span> <span class='ocrx_word' id='word_1_287' title='bbox 1218 2312 1233 2336; x_wconf 91' lang='lat'><strong>,</strong></span> <span class='ocrx_word' id='word_1_288' title='bbox 1266 2285 1386 2339; x_wconf 80' lang='lat' dir='ltr'><strong>quae</strong></span> <span class='ocrx_word' id='word_1_289' title='bbox 1432 2269 1521 2339; x_wconf 88' lang='lat' dir='ltr'><strong>jus</strong></span> <span class='ocrx_word' id='word_1_290' title='bbox 1563 2284 1719 2325; x_wconf 91' lang='lat' dir='ltr'><strong>suum</strong></span> <span class='ocrx_word' id='word_1_291' title='bbox 1768 2271 1931 2326; x_wconf 91' lang='lat' dir='ltr'><strong>sentit</strong></span> <span class='ocrx_word' id='word_1_292' title='bbox 1961 2288 1976 2336; x_wconf 92' lang='lat'><strong>;</strong></span> <span class='ocrx_word' id='word_1_293' title='bbox 2009 2286 2130 2342; x_wconf 75' lang='lat' dir='ltr'><strong>qua:</strong></span> 
     </span>
    </p>
   </div>
   <div class='ocr_carea' id='block_1_42' title="bbox 525 2361 2131 2436">
    <p class='ocr_par' dir='ltr' id='par_1_42' title="bbox 525 2361 2131 2436">
     <span class='ocr_line' id='line_1_42' title="bbox 525 2361 2131 2436; baseline 0.002 -20"><span class='ocrx_word' id='word_1_294' title='bbox 525 2361 654 2434; x_wconf 92' lang='lat' dir='ltr'><strong>quid</strong></span> <span class='ocrx_word' id='word_1_295' title='bbox 681 2361 908 2431; x_wconf 88' lang='lat' dir='ltr'><strong>viderit,</strong></span> <span class='ocrx_word' id='word_1_296' title='bbox 953 2365 1120 2418; x_wconf 93' lang='lat' dir='ltr'><strong>novit.</strong></span> <span class='ocrx_word' id='word_1_297' title='bbox 1157 2363 1363 2419; x_wconf 86' lang='lat' dir='ltr'><strong>Poterit</strong></span> <span class='ocrx_word' id='word_1_298' title='bbox 1391 2364 1542 2436; x_wconf 82' lang='lat' dir='ltr'><strong>virgo</strong></span> <span class='ocrx_word' id='word_1_299' title='bbox 1567 2363 1779 2421; x_wconf 89' lang='lat' dir='ltr'><strong>felicior</strong></span> <span class='ocrx_word' id='word_1_300' title='bbox 1805 2365 1994 2421; x_wconf 88' lang='lat' dir='ltr'><strong>haberi</strong></span> <span class='ocrx_word' id='word_1_301' title='bbox 2025 2405 2040 2432; x_wconf 89' lang='lat'><strong>,</strong></span> <span class='ocrx_word' id='word_1_302' title='bbox 2075 2374 2131 2420; x_wconf 90' lang='lat' dir='ltr'><strong>at</strong></span> 
     </span>
    </p>
   </div>
   <div class='ocr_carea' id='block_1_43' title="bbox 524 2453 2125 2528">
    <p class='ocr_par' dir='ltr' id='par_1_43' title="bbox 524 2453 2125 2528">
     <span class='ocr_line' id='line_1_43' title="bbox 524 2453 2125 2528; baseline 0.001 -19"><span class='ocrx_word' id='word_1_303' title='bbox 524 2453 682 2510; x_wconf 90' lang='lat' dir='ltr'><strong>vidua</strong></span> <span class='ocrx_word' id='word_1_304' title='bbox 711 2455 1031 2511; x_wconf 89' lang='lat' dir='ltr'><strong>laboriosior</strong></span> <span class='ocrx_word' id='word_1_305' title='bbox 1058 2473 1071 2511; x_wconf 92' lang='lat'><strong>:</strong></span> <span class='ocrx_word' id='word_1_306' title='bbox 1097 2455 1211 2523; x_wconf 90' lang='lat' dir='ltr'><strong>illa,</strong></span> <span class='ocrx_word' id='word_1_307' title='bbox 1255 2457 1399 2528; x_wconf 89' lang='lat' dir='ltr'><strong>quod</strong></span> <span class='ocrx_word' id='word_1_308' title='bbox 1430 2455 1630 2513; x_wconf 90' lang='lat' dir='ltr'><strong>bonum</strong></span> <span class='ocrx_word' id='word_1_309' title='bbox 1671 2472 1888 2528; x_wconf 87' lang='lat' dir='ltr'><strong>semper</strong></span> <span class='ocrx_word' id='word_1_310' title='bbox 1917 2456 2125 2523; x_wconf 88' lang='lat' dir='ltr'><strong>habuit;</strong></span> 
     </span>
    </p>
   </div>
   <div class='ocr_carea' id='block_1_44' title="bbox 525 2545 2126 2622">
    <p class='ocr_par' dir='ltr' id='par_1_44' title="bbox 525 2545 2126 2622">
     <span class='ocr_line' id='line_1_44' title="bbox 525 2545 2126 2622; baseline 0.002 -20"><span class='ocrx_word' id='word_1_311' title='bbox 525 2545 649 2614; x_wconf 89' lang='lat' dir='ltr'><strong>ista,</strong></span> <span class='ocrx_word' id='word_1_312' title='bbox 683 2547 825 2620; x_wconf 89' lang='lat' dir='ltr'><strong>quod</strong></span> <span class='ocrx_word' id='word_1_313' title='bbox 852 2547 1052 2604; x_wconf 90' lang='lat' dir='ltr'><strong>bonum</strong></span> <span class='ocrx_word' id='word_1_314' title='bbox 1093 2548 1196 2605; x_wconf 88' lang='lat' dir='ltr'><strong>sibi</strong></span> <span class='ocrx_word' id='word_1_315' title='bbox 1235 2548 1459 2606; x_wconf 87' lang='lat' dir='ltr'><strong>invenit.</strong></span> <span class='ocrx_word' id='word_1_316' title='bbox 1490 2547 1550 2606; x_wconf 88' lang='lat' dir='ltr'><strong>In</strong></span> <span class='ocrx_word' id='word_1_317' title='bbox 1593 2549 1679 2606; x_wconf 87' lang='lat' dir='ltr'><strong>illa</strong></span> <span class='ocrx_word' id='word_1_318' title='bbox 1709 2550 1914 2622; x_wconf 77' lang='lat' dir='ltr'><strong>gratia,</strong></span> <span class='ocrx_word' id='word_1_319' title='bbox 1947 2549 1997 2604; x_wconf 93' lang='lat' dir='ltr'><strong>in</strong></span> <span class='ocrx_word' id='word_1_320' title='bbox 2024 2550 2126 2606; x_wconf 88' lang='lat' dir='ltr'><strong>ista</strong></span> 
     </span>
    </p>
   </div>
   <div class='ocr_carea' id='block_1_45' title="bbox 2236 2186 3829 2260">
    <p class='ocr_par' dir='ltr' id='par_1_45' title="bbox 2236 2186 3829 2260">
     <span class='ocr_line' id='line_1_45' title="bbox 2236 2186 3829 2260; baseline 0.006 -21"><span class='ocrx_word' id='word_1_321' title='bbox 2236 2186 2300 2240; x_wconf 92' lang='lat' dir='ltr'><strong>tri</strong></span> <span class='ocrx_word' id='word_1_322' title='bbox 2332 2187 2648 2258; x_wconf 84' lang='lat' dir='ltr'><strong>prOpiuqua.</strong></span> <span class='ocrx_word' id='word_1_323' title='bbox 2683 2187 2809 2244; x_wconf 72' lang='lat' dir='ltr'><strong>Hmc</strong></span> <span class='ocrx_word' id='word_1_324' title='bbox 2855 2191 2949 2246; x_wconf 91' lang='lat' dir='ltr'><strong>tibi</strong></span> <span class='ocrx_word' id='word_1_325' title='bbox 2989 2191 3099 2260; x_wconf 87' lang='lat' dir='ltr'><strong>jam</strong></span> <span class='ocrx_word' id='word_1_326' title='bbox 3145 2191 3270 2247; x_wconf 90' lang='lat' dir='ltr'><strong>hinc</strong></span> <span class='ocrx_word' id='word_1_327' title='bbox 3308 2193 3658 2260; x_wconf 87' lang='lat' dir='ltr'><strong>commendo,</strong></span> <span class='ocrx_word' id='word_1_328' title='bbox 3697 2208 3829 2248; x_wconf 89' lang='lat' dir='ltr'><strong>con-</strong></span> 
     </span>
    </p>
   </div>
   <div class='ocr_carea' id='block_1_46' title="bbox 2233 2283 3832 2358">
    <p class='ocr_par' dir='ltr' id='par_1_46' title="bbox 2233 2283 3832 2358">
     <span class='ocr_line' id='line_1_46' title="bbox 2233 2283 3832 2358; baseline 0.004 -22"><span class='ocrx_word' id='word_1_329' title='bbox 2233 2296 2388 2336; x_wconf 83' lang='lat' dir='ltr'><strong>serva</strong></span> <span class='ocrx_word' id='word_1_330' title='bbox 2431 2283 2731 2351; x_wconf 89' lang='lat' dir='ltr'><strong>carissima,</strong></span> <span class='ocrx_word' id='word_1_331' title='bbox 2775 2296 2896 2355; x_wconf 90' lang='lat' dir='ltr'><strong>post</strong></span> <span class='ocrx_word' id='word_1_332' title='bbox 2930 2287 3249 2356; x_wconf 87' lang='lat' dir='ltr'><strong>Apostolum</strong></span> <span class='ocrx_word' id='word_1_333' title='bbox 3299 2287 3516 2358; x_wconf 84' lang='lat' dir='ltr'><strong>quidem</strong></span> <span class='ocrx_word' id='word_1_334' title='bbox 3563 2303 3630 2343; x_wconf 73' lang='lat' dir='ltr'><strong>ex</strong></span> <span class='ocrx_word' id='word_1_335' title='bbox 3666 2288 3832 2342; x_wconf 86' lang='lat' dir='ltr'><strong>abun-</strong></span> 
     </span>
    </p>
   </div>
   <div class='ocr_carea' id='block_1_47' title="bbox 2234 2373 3830 2450">
    <p class='ocr_par' dir='ltr' id='par_1_47' title="bbox 2234 2373 3830 2450">
     <span class='ocr_line' id='line_1_47' title="bbox 2234 2373 3830 2450; baseline 0.003 -20"><span class='ocrx_word' id='word_1_336' title='bbox 2234 2373 2378 2430; x_wconf 88' lang='lat' dir='ltr'><strong>danti</strong></span> <span class='ocrx_word' id='word_1_337' title='bbox 2410 2386 2719 2444; x_wconf 87' lang='lat' dir='ltr'><strong>retractata,</strong></span> <span class='ocrx_word' id='word_1_338' title='bbox 2762 2378 2856 2434; x_wconf 85' lang='lat' dir='ltr'><strong>sed</strong></span> <span class='ocrx_word' id='word_1_339' title='bbox 2899 2379 2994 2433; x_wconf 89' lang='lat' dir='ltr'><strong>tibi</strong></span> <span class='ocrx_word' id='word_1_340' title='bbox 3022 2379 3186 2435; x_wconf 87' lang='lat' dir='ltr'><strong>etiam</strong></span> <span class='ocrx_word' id='word_1_341' title='bbox 3226 2380 3421 2437; x_wconf 88' lang='lat' dir='ltr'><strong>solatio</strong></span> <span class='ocrx_word' id='word_1_342' title='bbox 3450 2378 3659 2445; x_wconf 84' lang='lat' dir='ltr'><strong>futura,</strong></span> <span class='ocrx_word' id='word_1_343' title='bbox 3691 2378 3830 2450; x_wconf 90' lang='lat' dir='ltr'><strong>quod</strong></span> 
     </span>
    </p>
   </div>
   <div class='ocr_carea' id='block_1_48' title="bbox 2231 2470 3831 2546">
    <p class='ocr_par' dir='ltr' id='par_1_48' title="bbox 2231 2470 3831 2546">
     <span class='ocr_line' id='line_1_48' title="bbox 2231 2470 3831 2546; baseline 0.004 -22"><span class='ocrx_word' id='word_1_344' title='bbox 2231 2484 2409 2527; x_wconf 88' lang='lat' dir='ltr'><strong>meam</strong></span> <span class='ocrx_word' id='word_1_345' title='bbox 2437 2470 2752 2528; x_wconf 88' lang='lat' dir='ltr'><strong>memoriam</strong></span> <span class='ocrx_word' id='word_1_346' title='bbox 2778 2514 2793 2541; x_wconf 94' lang='lat'><strong>,</strong></span> <span class='ocrx_word' id='word_1_347' title='bbox 2835 2471 2880 2527; x_wconf 92' lang='lat' dir='ltr'><strong>si</strong></span> <span class='ocrx_word' id='word_1_348' title='bbox 2924 2473 2996 2528; x_wconf 91' lang='lat' dir='ltr'><strong>ita</strong></span> <span class='ocrx_word' id='word_1_349' title='bbox 3034 2475 3314 2543; x_wconf 87' lang='lat' dir='ltr'><strong>evenerit,</strong></span> <span class='ocrx_word' id='word_1_350' title='bbox 3343 2475 3396 2530; x_wconf 91' lang='lat' dir='ltr'><strong>in</strong></span> <span class='ocrx_word' id='word_1_351' title='bbox 3433 2475 3546 2532; x_wconf 91' lang='lat' dir='ltr'><strong>illis</strong></span> <span class='ocrx_word' id='word_1_352' title='bbox 3575 2474 3831 2546; x_wconf 84' lang='lat' dir='ltr'><strong>frequen-</strong></span> 
     </span>
    </p>
   </div>
   <div class='ocr_carea' id='block_1_49' title="bbox 2233 2563 2389 2622">
    <p class='ocr_par' dir='ltr' id='par_1_49' title="bbox 2233 2563 2389 2622">
     <span class='ocr_line' id='line_1_49' title="bbox 2233 2563 2389 2622; baseline 0.026 -4"><span class='ocrx_word' id='word_1_353' title='bbox 2233 2563 2389 2622; x_wconf 88' lang='lat' dir='ltr'><strong>tabis.</strong></span> 
     </span>
    </p>
   </div>
   <div class='ocr_carea' id='block_1_50' title="bbox 1782 2681 2616 2744">
    <p class='ocr_par' dir='ltr' id='par_1_50' title="bbox 1782 2681 2616 2744">
     <span class='ocr_line' id='line_1_50' title="bbox 1782 2681 2616 2744; baseline -0.006 -2"><span class='ocrx_word' id='word_1_354' title='bbox 1782 2683 2161 2744; x_wconf 84' lang='lat' dir='ltr'><strong>LECTIONES</strong></span> <span class='ocrx_word' id='word_1_355' title='bbox 2196 2681 2616 2742; x_wconf 75' lang='lat' dir='ltr'><strong>VARIANTES.</strong></span> 
     </span>
    </p>
   </div>
   <div class='ocr_carea' id='block_1_51' title="bbox 613 2801 634 2850">
    <p class='ocr_par' dir='ltr' id='par_1_51' title="bbox 613 2801 634 2850">
     <span class='ocr_line' id='line_1_51' title="bbox 613 2801 634 2850; baseline 0 0"><span class='ocrx_word' id='word_1_356' title='bbox 613 2801 634 2850; x_wconf 82' lang='grc'>1</span> 
     </span>
    </p>
   </div>
   <div class='ocr_carea' id='block_1_52' title="bbox 613 2927 642 2974">
    <p class='ocr_par' dir='ltr' id='par_1_52' title="bbox 613 2927 642 2974">
     <span class='ocr_line' id='line_1_52' title="bbox 613 2927 642 2974; baseline 0 0"><span class='ocrx_word' id='word_1_357' title='bbox 613 2927 642 2974; x_wconf 78' lang='lat'><strong>5</strong></span> 
     </span>
    </p>
   </div>
   <div class='ocr_carea' id='block_1_53' title="bbox 688 2799 1215 2853">
    <p class='ocr_par' dir='ltr' id='par_1_53' title="bbox 688 2799 1215 2853">
     <span class='ocr_line' id='line_1_53' title="bbox 688 2799 1215 2853; baseline 0.004 -5"><span class='ocrx_word' id='word_1_358' title='bbox 688 2799 991 2851; x_wconf 80' lang='lat' dir='ltr'><strong>Viduitatum</strong></span> <span class='ocrx_word' id='word_1_359' title='bbox 1013 2799 1215 2853; x_wconf 79' lang='lat' dir='ltr'><strong>semier.</strong></span> 
     </span>
    </p>
   </div>
   <div class='ocr_carea' id='block_1_54' title="bbox 690 2863 1016 2914">
    <p class='ocr_par' dir='ltr' id='par_1_54' title="bbox 690 2863 1016 2914">
     <span class='ocr_line' id='line_1_54' title="bbox 690 2863 1016 2914; baseline -0.009 -2"><span class='ocrx_word' id='word_1_360' title='bbox 690 2863 858 2913; x_wconf 87' lang='lat' dir='ltr'><strong>Facito</strong></span> <span class='ocrx_word' id='word_1_361' title='bbox 873 2863 1016 2914; x_wconf 78' lang='lat' dir='ltr'><strong>senii.</strong></span> 
     </span>
    </p>
   </div>
   <div class='ocr_carea' id='block_1_55' title="bbox 692 2924 1448 2989">
    <p class='ocr_par' dir='ltr' id='par_1_55' title="bbox 692 2924 1448 2989">
     <span class='ocr_line' id='line_1_55' title="bbox 692 2924 1448 2989; baseline 0.003 -15"><span class='ocrx_word' id='word_1_362' title='bbox 692 2924 956 2989; x_wconf 68' lang='lat' dir='ltr'><strong>Destitutze</strong></span> <span class='ocrx_word' id='word_1_363' title='bbox 977 2925 1159 2975; x_wconf 83' lang='lat' dir='ltr'><strong>auxilio</strong></span> <span class='ocrx_word' id='word_1_364' title='bbox 1180 2926 1318 2976; x_wconf 88' lang='lat' dir='ltr'><strong>hum.</strong></span> 
     </span>
    </p>
   </div>
   <div class='ocr_carea' id='block_1_56' title="bbox 619 2979 1614 3047">
    <p class='ocr_par' dir='ltr' id='par_1_56' title="bbox 619 2979 1614 3047">
     <span class='ocr_line' id='line_1_56' title="bbox 619 2979 1614 3047; baseline 0.001 -11"><span class='ocrx_word' id='word_1_365' title='bbox 619 2979 669 3047; x_wconf 66' lang='grc' dir='ltr'><strong>ι’)</strong></span> <span class='ocrx_word' id='word_1_366' title='bbox 694 2985 866 3037; x_wconf 78' lang='lat' dir='ltr'><strong>Tueri.</strong></span> <span class='ocrx_word' id='word_1_367' title='bbox 891 2987 1040 3040; x_wconf 83' lang='lat' dir='ltr'><strong>Pater</strong></span> <span class='ocrx_word' id='word_1_368' title='bbox 1062 2990 1308 3047; x_wconf 87' lang='lat' dir='ltr'><strong>omnium;</strong></span> <span class='ocrx_word' id='word_1_369' title='bbox 1335 2979 1448 3038; x_wconf 64' lang='lat' dir='ltr'><strong>vid&#39;e</strong></span> <span class='ocrx_word' id='word_1_370' title='bbox 1471 2986 1614 3039; x_wconf 82' lang='lat' dir='ltr'><strong>Seml.</strong></span> 
     </span>
    </p>
   </div>
   <div class='ocr_carea' id='block_1_57' title="bbox 527 3047 2110 3164">
    <p class='ocr_par' dir='ltr' id='par_1_57' title="bbox 527 3047 2110 3164">
     <span class='ocr_line' id='line_1_57' title="bbox 527 3047 2110 3164; baseline 0 -64"><span class='ocrx_word' id='word_1_371' title='bbox 527 3047 971 3164; x_wconf 46' lang='lat' dir='ltr'><strong>mgﬁtDisputabit</strong></span> <span class='ocrx_word' id='word_1_372' title='bbox 1016 3059 1226 3116; x_wconf 77' lang='lat' dir='ltr'><strong>Franeq.</strong></span> <span class='ocrx_word' id='word_1_373' title='bbox 1250 3049 1468 3103; x_wconf 84' lang='lat' dir='ltr'><strong>Parisin.</strong></span> <span class='ocrx_word' id='word_1_374' title='bbox 1494 3064 1604 3104; x_wconf 90' lang='lat' dir='ltr'><strong>cum</strong></span> <span class='ocrx_word' id='word_1_375' title='bbox 1613 3050 1824 3103; x_wconf 89' lang='lat' dir='ltr'><strong>Domino</strong></span> <span class='ocrx_word' id='word_1_376' title='bbox 1846 3049 2110 3116; x_wconf 83' lang='lat' dir='ltr'><strong>disputabit</strong></span> 
     </span>
    </p>
   </div>
   <div class='ocr_carea' id='block_1_58' title="bbox 587 2798 614 3113">
    <p class='ocr_par' dir='ltr' id='par_1_58' title="bbox 587 2798 614 3113">
     <span class='ocr_line' id='line_1_58' title="bbox 587 2798 614 3113; baseline 0 -41"><span class='ocrx_word' id='word_1_377' title='bbox 587 2798 614 3113; x_wconf 57' lang='grc' dir='ltr'><strong>ᾖ</strong></span> 
     </span>
    </p>
   </div>
   <div class='ocr_carea' id='block_1_59' title="bbox 645 2797 669 3113">
    <p class='ocr_par' dir='ltr' id='par_1_59' title="bbox 645 2797 669 3113">
     <span class='ocr_line' id='line_1_59' title="bbox 645 2797 669 3113; baseline 0 0"><span class='ocrx_word' id='word_1_378' title='bbox 645 2797 669 3113; x_wconf 64' lang='grc' dir='ltr'><strong>ἒ</strong></span> 
     </span>
    </p>
   </div>
   <div class='ocr_carea' id='block_1_60' title="bbox 2291 2795 2942 2928">
    <p class='ocr_par' dir='ltr' id='par_1_60' title="bbox 2291 2795 2942 2928">
     <span class='ocr_line' id='line_1_60' title="bbox 2291 2795 2942 2864; baseline -0.006 -12"><span class='ocrx_word' id='word_1_379' title='bbox 2291 2801 2346 2857; x_wconf 89' lang='grc'><strong>(6</strong></span> <span class='ocrx_word' id='word_1_380' title='bbox 2391 2799 2536 2850; x_wconf 77' lang='lat' dir='ltr'><strong>Abest</strong></span> <span class='ocrx_word' id='word_1_381' title='bbox 2556 2799 2810 2848; x_wconf 68' lang='lat' dir='ltr'><strong>modestia:</strong></span> <span class='ocrx_word' id='word_1_382' title='bbox 2830 2795 2942 2864; x_wconf 84' lang='lat' dir='ltr'><strong>Rig.</strong></span> 
     </span>
     <span class='ocr_line' id='line_1_61' title="bbox 2293 2799 2935 2928; baseline -0.003 -16"><span class='ocrx_word' id='word_1_383' title='bbox 2293 2799 2371 2928; x_wconf 41' lang='lat'><strong>(7;</strong></span> <span class='ocrx_word' id='word_1_384' title='bbox 2401 2861 2670 2928; x_wconf 72' lang='lat' dir='ltr'><strong>Speculum</strong></span> <span class='ocrx_word' id='word_1_385' title='bbox 2695 2858 2805 2926; x_wconf 85' lang='lat' dir='ltr'><strong>Rig.</strong></span> <span class='ocrx_word' id='word_1_386' title='bbox 2904 2922 2935 2928; x_wconf 89' lang='lat'><strong>__</strong></span> 
     </span>
    </p>
   </div>
   <div class='ocr_carea' id='block_1_61' title="bbox 2318 2861 3215 2933">
    <p class='ocr_par' dir='ltr' id='par_1_61' title="bbox 2318 2861 3215 2933">
     <span class='ocr_line' id='line_1_62' title="bbox 2318 2861 3215 2933; baseline 0 0"><span class='ocrx_word' id='word_1_387' title='bbox 2318 2861 2670 2933; x_wconf 61' lang='lat' dir='ltr'><strong>Zl§Pectllum</strong></span> <span class='ocrx_word' id='word_1_388' title='bbox 2695 2861 2805 2933; x_wconf 59' lang='lat' dir='ltr'><strong>nia.</strong></span> <span class='ocrx_word' id='word_1_389' title='bbox 2894 2861 2935 2933; x_wconf 75' lang='lat'><strong>1.</strong></span> <span class='ocrx_word' id='word_1_390' title='bbox 3045 2924 3055 2933; x_wconf 89' lang='lat'><strong>.</strong></span> 
     </span>
    </p>
   </div>
   <div class='ocr_carea' id='block_1_62' title="bbox 2291 2861 3789 3053">
    <p class='ocr_par' dir='ltr' id='par_1_62' title="bbox 2291 2861 3789 3053">
     <span class='ocr_line' id='line_1_63' title="bbox 2318 2861 3215 2928; baseline -0.002 -16"><span class='ocrx_word' id='word_1_391' title='bbox 2318 2861 2371 2928; x_wconf 85' lang='lat'><strong>7)</strong></span> <span class='ocrx_word' id='word_1_392' title='bbox 2404 2861 2670 2924; x_wconf 89' lang='lat' dir='ltr'><strong>Speculum</strong></span> <span class='ocrx_word' id='word_1_393' title='bbox 2695 2861 2805 2926; x_wconf 85' lang='lat' dir='ltr'><strong>Rig.</strong></span> <span class='ocrx_word' id='word_1_394' title='bbox 2894 2861 2911 2864; x_wconf 79' lang='grc'><strong><em>“</em></strong></span> <span class='ocrx_word' id='word_1_395' title='bbox 3203 2902 3215 2910; x_wconf 82' lang='grc'>.</span> 
     </span>
     <span class='ocr_line' id='line_1_64' title="bbox 2291 2861 3477 3053; baseline 0 -77"><span class='ocrx_word' id='word_1_396' title='bbox 2291 2861 2367 3053; x_wconf 45' lang='grc' dir='ltr'><strong>ἑΒ)</strong></span> <span class='ocrx_word' id='word_1_397' title='bbox 2392 2924 2656 2997; x_wconf 75' lang='lat' dir='ltr'><strong>Convictus</strong></span> <span class='ocrx_word' id='word_1_398' title='bbox 2675 2932 2822 2986; x_wconf 83' lang='lat' dir='ltr'><strong>atque</strong></span> <span class='ocrx_word' id='word_1_399' title='bbox 2845 2922 3089 2986; x_wconf 89' lang='lat' dir='ltr'><strong>colloquia</strong></span> <span class='ocrx_word' id='word_1_400' title='bbox 3116 2922 3226 2992; x_wconf 85' lang='lat' dir='ltr'><strong>Rig.</strong></span> <span class='ocrx_word' id='word_1_401' title='bbox 3280 2990 3290 2999; x_wconf 41' lang='lat'>.</span> <span class='ocrx_word' id='word_1_402' title='bbox 3468 2993 3477 3004; x_wconf 43' lang='lat'><em>.</em></span> 
     </span>
     <span class='ocr_line' id='line_1_65' title="bbox 2317 2985 3789 3053; baseline 0.005 -16"><span class='ocrx_word' id='word_1_403' title='bbox 2317 2989 2370 3053; x_wconf 76' lang='lat'><strong>9)</strong></span> <span class='ocrx_word' id='word_1_404' title='bbox 2394 2988 2461 3039; x_wconf 92' lang='lat' dir='ltr'><strong>Se</strong></span> <span class='ocrx_word' id='word_1_405' title='bbox 2482 2992 2691 3038; x_wconf 83' lang='lat' dir='ltr'><strong>veritate</strong></span> <span class='ocrx_word' id='word_1_406' title='bbox 2701 2985 2951 3036; x_wconf 87' lang='lat' dir='ltr'><strong>deducunt</strong></span> <span class='ocrx_word' id='word_1_407' title='bbox 2965 2995 3114 3038; x_wconf 79' lang='lat' dir='ltr'><strong>Fran.</strong></span> <span class='ocrx_word' id='word_1_408' title='bbox 3127 2994 3446 3042; x_wconf 81' lang='lat' dir='ltr'><strong>securitatem</strong></span> <span class='ocrx_word' id='word_1_409' title='bbox 3465 2990 3702 3044; x_wconf 81' lang='lat' dir='ltr'><strong>inducunt</strong></span> <span class='ocrx_word' id='word_1_410' title='bbox 3713 2993 3749 3044; x_wconf 82' lang='grc'><strong>,1</strong></span> <span class='ocrx_word' id='word_1_411' title='bbox 3752 3007 3789 3044; x_wconf 72' lang='grc' dir='ltr'><strong><em>ω</em></strong></span> 
     </span>
    </p>
   </div>
   <div class='ocr_carea' id='block_1_63' title="bbox 2236 2994 3834 3102">
    <p class='ocr_par' dir='ltr' id='par_1_63' title="bbox 2236 2994 3834 3102">
     <span class='ocr_line' id='line_1_66' title="bbox 2236 2994 3834 3102; baseline 0.005 -65"><span class='ocrx_word' id='word_1_412' title='bbox 2236 3059 2275 3102; x_wconf 75' lang='grc' dir='ltr'>Ρ</span> <span class='ocrx_word' id='word_1_413' title='bbox 2295 2994 2370 3059; x_wconf 41' lang='grc'><strong>(9.)</strong></span> <span class='ocrx_word' id='word_1_414' title='bbox 2394 2994 2461 3039; x_wconf 83' lang='lat' dir='ltr'><strong>Se</strong></span> <span class='ocrx_word' id='word_1_415' title='bbox 2482 2994 2691 3038; x_wconf 87' lang='lat' dir='ltr'><strong>veritate</strong></span> <span class='ocrx_word' id='word_1_416' title='bbox 2701 2994 2951 3036; x_wconf 84' lang='lat' dir='ltr'><strong>deducunt</strong></span> <span class='ocrx_word' id='word_1_417' title='bbox 2965 2995 3114 3038; x_wconf 79' lang='lat' dir='ltr'><strong>Fran.</strong></span> <span class='ocrx_word' id='word_1_418' title='bbox 3127 2994 3446 3042; x_wconf 81' lang='lat' dir='ltr'><strong>securitatem</strong></span> <span class='ocrx_word' id='word_1_419' title='bbox 3465 2994 3702 3044; x_wconf 86' lang='lat' dir='ltr'><strong>inducunt</strong></span> <span class='ocrx_word' id='word_1_420' title='bbox 3713 2994 3834 3045; x_wconf 82' lang='grc'><strong>,1.</strong></span> 
     </span>
     <span class='ocr_line' id='line_1_67' title="bbox 2275 3063 2396 3101; baseline -0.008 0"><span class='ocrx_word' id='word_1_421' title='bbox 2275 3063 2396 3101; x_wconf 80' lang='lat' dir='ltr'><strong>arts.</strong></span> 
     </span>
    </p>
   </div>
   <div class='ocr_carea' id='block_1_64' title="bbox 2115 3089 2902 3178">
    <p class='ocr_par' dir='ltr' id='par_1_64' title="bbox 2115 3089 2902 3178">
     <span class='ocr_line' id='line_1_68' title="bbox 2115 3089 2902 3178; baseline 0.006 -21"><span class='ocrx_word' id='word_1_422' title='bbox 2115 3089 2204 3157; x_wconf 89' lang='lat' dir='ltr'><strong>’C</strong></span> <span class='ocrx_word' id='word_1_423' title='bbox 2236 3089 2407 3178; x_wconf 74' lang='lat' dir='ltr'><strong>&quot;&quot;(i&#39;ii)</strong></span> <span class='ocrx_word' id='word_1_424' title='bbox 2432 3102 2602 3164; x_wconf 79' lang='lat' dir='ltr'><strong>Noluit</strong></span> <span class='ocrx_word' id='word_1_425' title='bbox 2621 3108 2730 3175; x_wconf 80' lang='lat' dir='ltr'><strong>mg.</strong></span> <span class='ocrx_word' id='word_1_426' title='bbox 2756 3109 2902 3164; x_wconf 87' lang='lat' dir='ltr'><strong>male.</strong></span> 
     </span>
    </p>
   </div>
   <div class='ocr_carea' id='block_1_65' title="bbox 1880 3219 2443 3279">
    <p class='ocr_par' dir='ltr' id='par_1_65' title="bbox 1880 3219 2443 3279">
     <span class='ocr_line' id='line_1_69' title="bbox 1880 3219 2443 3279; baseline -0.004 -1"><span class='ocrx_word' id='word_1_427' title='bbox 1880 3219 2443 3279; x_wconf 78' lang='lat' dir='ltr'><strong>COMMENTARIUS.</strong></span> 
     </span>
    </p>
   </div>
   <div class='ocr_carea' id='block_1_66' title="bbox 529 3334 3829 3412">
    <p class='ocr_par' dir='ltr' id='par_1_66' title="bbox 529 3334 3829 3412">
     <span class='ocr_line' id='line_1_70' title="bbox 529 3334 3829 3412; baseline 0.003 -23"><span class='ocrx_word' id='word_1_428' title='bbox 529 3334 594 3412; x_wconf 73' lang='lat' dir='ltr'><strong>de</strong></span> <span class='ocrx_word' id='word_1_429' title='bbox 620 3335 818 3412; x_wconf 85' lang='lat' dir='ltr'><strong>nu_meri</strong></span> <span class='ocrx_word' id='word_1_430' title='bbox 840 3336 1206 3412; x_wconf 70' lang='lat' dir='ltr'><strong>multitudine:</strong></span> <span class='ocrx_word' id='word_1_431' title='bbox 1229 3339 1471 3412; x_wconf 83' lang='lat' dir='ltr'><strong>candida,</strong></span> <span class='ocrx_word' id='word_1_432' title='bbox 1501 3338 1564 3412; x_wconf 80' lang='lat' dir='ltr'><strong>de</strong></span> <span class='ocrx_word' id='word_1_433' title='bbox 1593 3355 1788 3395; x_wconf 65' lang='lat' dir='ltr'><strong>caussae</strong></span> <span class='ocrx_word' id='word_1_434' title='bbox 1807 3336 2125 3412; x_wconf 74' lang='lat' dir='ltr'><strong>fulgore.Sic</strong></span> <span class='ocrx_word' id='word_1_435' title='bbox 2227 3339 2468 3412; x_wconf 71' lang='lat' dir='ltr'><strong>cabatur,</strong></span> <span class='ocrx_word' id='word_1_436' title='bbox 2497 3338 2591 3395; x_wconf 91' lang='lat' dir='ltr'><strong>sed</strong></span> <span class='ocrx_word' id='word_1_437' title='bbox 2608 3339 2777 3412; x_wconf 81' lang='lat' dir='ltr'><strong>etiam</strong></span> <span class='ocrx_word' id='word_1_438' title='bbox 2803 3353 2918 3412; x_wconf 75' lang='lat' dir='ltr'><strong>rex,</strong></span> <span class='ocrx_word' id='word_1_439' title='bbox 2946 3339 3068 3412; x_wconf 90' lang='lat' dir='ltr'><strong>quia</strong></span> <span class='ocrx_word' id='word_1_440' title='bbox 3097 3339 3298 3397; x_wconf 87' lang='lat' dir='ltr'><strong>arbiter</strong></span> <span class='ocrx_word' id='word_1_441' title='bbox 3323 3357 3502 3399; x_wconf 88' lang='lat' dir='ltr'><strong>rerum</strong></span> <span class='ocrx_word' id='word_1_442' title='bbox 3528 3343 3829 3399; x_wconf 83' lang='lat' dir='ltr'><strong>divinarum</strong></span> 
     </span>
    </p>
   </div>
   <div class='ocr_carea' id='block_1_67' title="bbox 531 3405 2119 3474">
    <p class='ocr_par' dir='ltr' id='par_1_67' title="bbox 531 3405 2119 3474">
     <span class='ocr_line' id='line_1_71' title="bbox 531 3405 2119 3474; baseline 0 -12"><span class='ocrx_word' id='word_1_443' title='bbox 531 3407 649 3474; x_wconf 89' lang='lat' dir='ltr'><strong>ipse</strong></span> <span class='ocrx_word' id='word_1_444' title='bbox 673 3405 1032 3464; x_wconf 76' lang='lat' dir='ltr'><strong>Tertullianus</strong></span> <span class='ocrx_word' id='word_1_445' title='bbox 1059 3409 1197 3464; x_wconf 88' lang='lat' dir='ltr'><strong>libro</strong></span> <span class='ocrx_word' id='word_1_446' title='bbox 1225 3410 1482 3466; x_wconf 90' lang='lat' dir='ltr'><strong>adversus</strong></span> <span class='ocrx_word' id='word_1_447' title='bbox 1507 3405 1832 3467; x_wconf 82' lang='lat' dir='ltr'><strong>Marcionem</strong></span> <span class='ocrx_word' id='word_1_448' title='bbox 1865 3405 1953 3474; x_wconf 74' lang='lat' dir='ltr'><strong>IV,</strong></span> <span class='ocrx_word' id='word_1_449' title='bbox 1983 3410 2119 3464; x_wconf 86' lang='lat' dir='ltr'><strong>Can-</strong></span> 
     </span>
    </p>
   </div>
   <div class='ocr_carea' id='block_1_68' title="bbox 574 3479 2127 3551">
    <p class='ocr_par' dir='ltr' id='par_1_68' title="bbox 574 3479 2127 3551">
     <span class='ocr_line' id='line_1_72' title="bbox 574 3479 2127 3551; baseline 0.003 -21"><span class='ocrx_word' id='word_1_450' title='bbox 574 3479 712 3531; x_wconf 84' lang='lat' dir='ltr'><strong>idam</strong></span> <span class='ocrx_word' id='word_1_451' title='bbox 756 3479 958 3551; x_wconf 87' lang='lat' dir='ltr'><strong>salutis,</strong></span> <span class='ocrx_word' id='word_1_452' title='bbox 1006 3495 1105 3550; x_wconf 82' lang='lat' dir='ltr'><strong>pro</strong></span> <span class='ocrx_word' id='word_1_453' title='bbox 1153 3483 1322 3551; x_wconf 81' lang='lat' dir='ltr'><strong>gloria</strong></span> <span class='ocrx_word' id='word_1_454' title='bbox 1359 3481 1584 3548; x_wconf 82' lang='lat' dir='ltr'><strong>salutis;</strong></span> <span class='ocrx_word' id='word_1_455' title='bbox 1623 3491 1678 3538; x_wconf 89' lang='lat' dir='ltr'><strong>et</strong></span> <span class='ocrx_word' id='word_1_456' title='bbox 1704 3482 1798 3538; x_wconf 90' lang='lat' dir='ltr'><strong>lib.</strong></span> <span class='ocrx_word' id='word_1_457' title='bbox 1834 3480 1898 3548; x_wconf 84' lang='lat' dir='ltr'><strong>V,</strong></span> <span class='ocrx_word' id='word_1_458' title='bbox 1931 3479 2127 3535; x_wconf 84' lang='lat' dir='ltr'><strong>Phari-</strong></span> 
     </span>
    </p>
   </div>
   <div class='ocr_carea' id='block_1_69' title="bbox 530 3550 2122 3682">
    <p class='ocr_par' dir='ltr' id='par_1_69' title="bbox 530 3550 2122 3682">
     <span class='ocr_line' id='line_1_73' title="bbox 530 3550 2122 3679; baseline 0 -73"><span class='ocrx_word' id='word_1_459' title='bbox 530 3565 686 3606; x_wconf 76' lang='lat' dir='ltr'><strong>steam</strong></span> <span class='ocrx_word' id='word_1_460' title='bbox 712 3550 1008 3620; x_wconf 86' lang='lat' dir='ltr'><strong>candidam,</strong></span> <span class='ocrx_word' id='word_1_461' title='bbox 1038 3567 1137 3624; x_wconf 87' lang='lat' dir='ltr'><strong>pro</strong></span> <span class='ocrx_word' id='word_1_462' title='bbox 1157 3550 1298 3610; x_wconf 77' lang='lat' dir='ltr'><strong>fastu</strong></span> <span class='ocrx_word' id='word_1_463' title='bbox 1343 3563 1397 3610; x_wconf 88' lang='lat' dir='ltr'><strong>et</strong></span> <span class='ocrx_word' id='word_1_464' title='bbox 1428 3554 1679 3625; x_wconf 85' lang='lat' dir='ltr'><strong>superbia</strong></span> <span class='ocrx_word' id='word_1_465' title='bbox 1684 3553 2122 3679; x_wconf 57' lang='lat' dir='ltr'><strong>1{’harismorum.</strong></span> 
     </span>
     <span class='ocr_line' id='line_1_74' title="bbox 1732 3641 1806 3682; baseline 0 -1"><span class='ocrx_word' id='word_1_466' title='bbox 1732 3641 1806 3682; x_wconf 73' lang='grc' dir='ltr'><strong>ιο.</strong></span> 
     </span>
    </p>
   </div>
   <div class='ocr_carea' id='block_1_70' title="bbox 2226 3409 3835 3536">
    <p class='ocr_par' dir='ltr' id='par_1_70' title="bbox 2226 3409 3835 3536">
     <span class='ocr_line' id='line_1_75' title="bbox 2226 3409 3835 3536; baseline 0.002 -70"><span class='ocrx_word' id='word_1_467' title='bbox 2226 3419 2281 3466; x_wconf 88' lang='lat' dir='ltr'><strong>et</strong></span> <span class='ocrx_word' id='word_1_468' title='bbox 2307 3411 2682 3536; x_wconf 51' lang='lat' dir='ltr'><strong>humanalrum.</strong></span> <span class='ocrx_word' id='word_1_469' title='bbox 2711 3409 3023 3468; x_wconf 80' lang='lat' dir='ltr'><strong>Tertullian.</strong></span> <span class='ocrx_word' id='word_1_470' title='bbox 3063 3412 3116 3467; x_wconf 91' lang='lat' dir='ltr'><strong>in</strong></span> <span class='ocrx_word' id='word_1_471' title='bbox 3142 3413 3354 3469; x_wconf 79' lang='lat' dir='ltr'><strong>exhort.</strong></span> <span class='ocrx_word' id='word_1_472' title='bbox 3397 3415 3466 3470; x_wconf 87' lang='lat' dir='ltr'><strong>ad</strong></span> <span class='ocrx_word' id='word_1_473' title='bbox 3493 3414 3835 3471; x_wconf 82' lang='lat' dir='ltr'><strong>Castitatcm.</strong></span> 
     </span>
     <span class='ocr_line' id='line_1_76' title="bbox 2227 3495 2656 3536; baseline -0.005 0"><span class='ocrx_word' id='word_1_474' title='bbox 2227 3495 2344 3536; x_wconf 89' lang='lat' dir='ltr'><strong>can.</strong></span> <span class='ocrx_word' id='word_1_475' title='bbox 2395 3499 2425 3536; x_wconf 91' lang='lat' dir='ltr'><strong>u</strong></span> <span class='ocrx_word' id='word_1_476' title='bbox 2478 3521 2491 3534; x_wconf 96' lang='lat'><strong>.</strong></span> <span class='ocrx_word' id='word_1_477' title='bbox 2570 3498 2656 3536; x_wconf 63' lang='lat' dir='ltr'><strong>sc.</strong></span> 
     </span>
    </p>
   </div>
   <div class='ocr_carea' id='block_1_71' title="bbox 2227 3495 2656 3553">
    <p class='ocr_par' dir='ltr' id='par_1_71' title="bbox 2227 3495 2656 3553">
     <span class='ocr_line' id='line_1_77' title="bbox 2227 3495 2656 3553; baseline -0.007 -16"><span class='ocrx_word' id='word_1_478' title='bbox 2227 3495 2344 3553; x_wconf 89' lang='lat' dir='ltr'><strong>cap.</strong></span> <span class='ocrx_word' id='word_1_479' title='bbox 2395 3495 2491 3553; x_wconf 83' lang='lat' dir='ltr'><strong>ull.</strong></span> <span class='ocrx_word' id='word_1_480' title='bbox 2525 3495 2656 3538; x_wconf 69' lang='grc' dir='ltr'><strong>ωε.</strong></span> 
     </span>
    </p>
   </div>
   <div class='ocr_carea' id='block_1_72' title="bbox 2303 3552 3838 3627">
    <p class='ocr_par' dir='ltr' id='par_1_72' title="bbox 2303 3552 3838 3627">
     <span class='ocr_line' id='line_1_78' title="bbox 2303 3552 3838 3627; baseline 0.005 -20"><span class='ocrx_word' id='word_1_481' title='bbox 2303 3552 2385 3627; x_wconf 65' lang='lat' dir='ltr'><strong>th)</strong></span> <span class='ocrx_word' id='word_1_482' title='bbox 2408 3552 2565 3627; x_wconf 78' lang='lat' dir='ltr'><strong>Cujus</strong></span> <span class='ocrx_word' id='word_1_483' title='bbox 2587 3562 2807 3627; x_wconf 75' lang='lat' dir='ltr'><strong>assertor</strong></span> <span class='ocrx_word' id='word_1_484' title='bbox 2826 3570 2942 3627; x_wconf 84' lang='lat' dir='ltr'><strong>cum</strong></span> <span class='ocrx_word' id='word_1_485' title='bbox 2968 3553 3206 3610; x_wconf 87' lang='lat' dir='ltr'><strong>Domino.</strong></span> <span class='ocrx_word' id='word_1_486' title='bbox 3237 3556 3490 3613; x_wconf 82' lang='lat' dir='ltr'><strong>Assertor</strong></span> <span class='ocrx_word' id='word_1_487' title='bbox 3511 3557 3704 3613; x_wconf 77' lang='lat' dir='ltr'><strong>vindex</strong></span> <span class='ocrx_word' id='word_1_488' title='bbox 3725 3569 3838 3627; x_wconf 87' lang='lat' dir='ltr'><strong>est,</strong></span> 
     </span>
    </p>
   </div>
   <div class='ocr_carea' id='block_1_73' title="bbox 2232 3625 3843 3702">
    <p class='ocr_par' dir='ltr' id='par_1_73' title="bbox 2232 3625 3843 3702">
     <span class='ocr_line' id='line_1_79' title="bbox 2232 3625 3843 3702; baseline 0.004 -22"><span class='ocrx_word' id='word_1_489' title='bbox 2232 3625 2324 3702; x_wconf 77' lang='lat' dir='ltr'><strong>qui</strong></span> <span class='ocrx_word' id='word_1_490' title='bbox 2351 3626 2584 3702; x_wconf 78' lang='lat' dir='ltr'><strong>aliquem</strong></span> <span class='ocrx_word' id='word_1_491' title='bbox 2623 3625 2857 3702; x_wconf 81' lang='lat' dir='ltr'><strong>vindicat</strong></span> <span class='ocrx_word' id='word_1_492' title='bbox 2887 3625 2938 3679; x_wconf 91' lang='lat' dir='ltr'><strong>in</strong></span> <span class='ocrx_word' id='word_1_493' title='bbox 2969 3627 3272 3702; x_wconf 66' lang='lat' dir='ltr'><strong>libertatein</strong></span> <span class='ocrx_word' id='word_1_494' title='bbox 3299 3669 3315 3691; x_wconf 90' lang='lat'><strong>,</strong></span> <span class='ocrx_word' id='word_1_495' title='bbox 3345 3629 3430 3684; x_wconf 90' lang='lat' dir='ltr'><strong>hic</strong></span> <span class='ocrx_word' id='word_1_496' title='bbox 3459 3643 3558 3701; x_wconf 91' lang='lat' dir='ltr'><strong>pro</strong></span> <span class='ocrx_word' id='word_1_497' title='bbox 3602 3625 3843 3702; x_wconf 81' lang='lat' dir='ltr'><strong>patrono</strong></span> 
     </span>
    </p>
   </div>
   <div class='ocr_carea' id='block_1_74' title="bbox 605 3691 3388 3778">
    <p class='ocr_par' dir='ltr' id='par_1_74' title="bbox 605 3691 3388 3778">
     <span class='ocr_line' id='line_1_80' title="bbox 605 3691 3388 3778; baseline 0.001 -30"><span class='ocrx_word' id='word_1_498' title='bbox 605 3691 762 3776; x_wconf 75' lang='grc' dir='ltr'><strong>ΟᾼΡ.</strong></span> <span class='ocrx_word' id='word_1_499' title='bbox 791 3691 932 3778; x_wconf 56' lang='lat' dir='ltr'><strong>Vill.</strong></span> <span class='ocrx_word' id='word_1_500' title='bbox 956 3722 1029 3736; x_wconf 89' lang='lat'><strong>--</strong></span> <span class='ocrx_word' id='word_1_501' title='bbox 1071 3694 1150 3778; x_wconf 67' lang='grc' dir='ltr'><strong>(δ)</strong></span> <span class='ocrx_word' id='word_1_502' title='bbox 1190 3694 1498 3778; x_wconf 66' lang='lat' dir='ltr'><strong>Ponti/ieeur</strong></span> <span class='ocrx_word' id='word_1_503' title='bbox 1531 3697 1835 3778; x_wconf 51' lang='lat' dir='ltr'><strong>munimina.</strong></span> <span class='ocrx_word' id='word_1_504' title='bbox 1874 3694 2132 3778; x_wconf 64' lang='lat' dir='ltr'><strong>intelligit</strong></span> <span class='ocrx_word' id='word_1_505' title='bbox 2233 3691 2325 3768; x_wconf 83' lang='lat' dir='ltr'><strong>qui</strong></span> <span class='ocrx_word' id='word_1_506' title='bbox 2357 3691 2626 3752; x_wconf 76' lang='lat' dir='ltr'><strong>hominem</strong></span> <span class='ocrx_word' id='word_1_507' title='bbox 2655 3696 2909 3753; x_wconf 88' lang='lat' dir='ltr'><strong>tuendum</strong></span> <span class='ocrx_word' id='word_1_508' title='bbox 2937 3699 3180 3768; x_wconf 89' lang='lat' dir='ltr'><strong>suscipit.</strong></span> <span class='ocrx_word' id='word_1_509' title='bbox 3211 3697 3388 3755; x_wconf 61' lang='lat' dir='ltr'><strong>lines.</strong></span> 
     </span>
    </p>
   </div>
   <div class='ocr_carea' id='block_1_75' title="bbox 533 3763 2130 3840">
    <p class='ocr_par' dir='ltr' id='par_1_75' title="bbox 533 3763 2130 3840">
     <span class='ocr_line' id='line_1_81' title="bbox 533 3763 2130 3840; baseline 0.001 -20"><span class='ocrx_word' id='word_1_510' title='bbox 533 3763 808 3820; x_wconf 83' lang='lat' dir='ltr'><strong>ﬂaminem</strong></span> <span class='ocrx_word' id='word_1_511' title='bbox 829 3763 1143 3838; x_wconf 83' lang='lat' dir='ltr'><strong>dialem,qui</strong></span> <span class='ocrx_word' id='word_1_512' title='bbox 1168 3783 1275 3823; x_wconf 91' lang='lat' dir='ltr'><strong>non</strong></span> <span class='ocrx_word' id='word_1_513' title='bbox 1295 3763 1472 3826; x_wconf 84' lang='lat' dir='ltr'><strong>solum</strong></span> <span class='ocrx_word' id='word_1_514' title='bbox 1495 3767 1734 3840; x_wconf 79' lang='lat' dir='ltr'><strong>pontifex</strong></span> <span class='ocrx_word' id='word_1_515' title='bbox 1755 3767 2023 3824; x_wconf 80' lang='lat' dir='ltr'><strong>maximus</strong></span> <span class='ocrx_word' id='word_1_516' title='bbox 2042 3763 2130 3822; x_wconf 81' lang='lat' dir='ltr'><strong>di-</strong></span> 
     </span>
    </p>
   </div>
   <div class='ocr_carea' id='block_1_76' title="bbox 531 3877 3837 3916">
    <p class='ocr_par' dir='ltr' id='par_1_76' title="bbox 531 3877 3837 3916">
     <span class='ocr_line' id='line_1_82' title="bbox 531 3877 3837 3916; baseline 0.003 -12"><span class='ocrx_word' id='word_1_517' title='bbox 531 3877 3837 3916; x_wconf 49' lang='lat' dir='ltr'><strong>mw</strong></span> 
     </span>
    </p>
   </div>
   <div class='ocr_carea' id='block_1_77' title="bbox 1480 3967 2876 4125">
    <p class='ocr_par' dir='ltr' id='par_1_77' title="bbox 1480 3967 2876 4125">
     <span class='ocr_line' id='line_1_83' title="bbox 1480 3967 2876 4125; baseline -0.009 -37"><span class='ocrx_word' id='word_1_518' title='bbox 1480 3975 1957 4088; x_wconf 80' lang='lat' dir='ltr'><strong>LIBER</strong></span> <span class='ocrx_word' id='word_1_519' title='bbox 2035 3971 2326 4125; x_wconf 58' lang='lat' dir='ltr'><strong>SE6:</strong></span> <span class='ocrx_word' id='word_1_520' title='bbox 2341 3967 2652 4077; x_wconf 90' lang='lat' dir='ltr'><strong>UND</strong></span> <span class='ocrx_word' id='word_1_521' title='bbox 2665 3967 2876 4078; x_wconf 89' lang='lat' dir='ltr'><strong>US.</strong></span> 
     </span>
    </p>
   </div>
   <div class='ocr_carea' id='block_1_78' title="bbox 1822 4186 2542 4241">
    <p class='ocr_par' dir='ltr' id='par_1_78' title="bbox 1822 4186 2542 4241">
     <span class='ocr_line' id='line_1_84' title="bbox 1822 4186 2542 4241; baseline -0.006 -1"><span class='ocrx_word' id='word_1_522' title='bbox 1822 4186 2542 4241; x_wconf 64' lang='lat' dir='ltr'><strong>-—-—-—&lt;m—-——-</strong></span> 
     </span>
    </p>
   </div>
   <div class='ocr_carea' id='block_1_79' title="bbox 543 4305 2136 4380">
    <p class='ocr_par' dir='ltr' id='par_1_79' title="bbox 543 4305 2136 4380">
     <span class='ocr_line' id='line_1_85' title="bbox 543 4305 2136 4380; baseline -0.001 -15"><span class='ocrx_word' id='word_1_523' title='bbox 543 4309 941 4366; x_wconf 74' lang='lat' dir='ltr'><strong>Anconsnruu.</strong></span> <span class='ocrx_word' id='word_1_524' title='bbox 991 4337 1062 4349; x_wconf 89' lang='lat'><strong>-—</strong></span> <span class='ocrx_word' id='word_1_525' title='bbox 1108 4305 1353 4376; x_wconf 83' lang='lat' dir='ltr'><strong>Ejusdem</strong></span> <span class='ocrx_word' id='word_1_526' title='bbox 1393 4308 1502 4379; x_wconf 76' lang='lat' dir='ltr'><strong>fere</strong></span> <span class='ocrx_word' id='word_1_527' title='bbox 1551 4310 1835 4380; x_wconf 84' lang='lat' dir='ltr'><strong>argumenti</strong></span> <span class='ocrx_word' id='word_1_528' title='bbox 1881 4310 1963 4365; x_wconf 83' lang='lat' dir='ltr'><strong>hic</strong></span> <span class='ocrx_word' id='word_1_529' title='bbox 2011 4310 2136 4364; x_wconf 86' lang='lat' dir='ltr'><strong>liber</strong></span> 
     </span>
    </p>
   </div>
   <div class='ocr_carea' id='block_1_80' title="bbox 2319 4305 3850 4379">
    <p class='ocr_par' dir='ltr' id='par_1_80' title="bbox 2319 4305 3850 4379">
     <span class='ocr_line' id='line_1_86' title="bbox 2319 4305 3850 4379; baseline 0.001 -18"><span class='ocrx_word' id='word_1_530' title='bbox 2319 4306 2590 4379; x_wconf 81' lang='lat' dir='ltr'><strong>gentilibus</strong></span> <span class='ocrx_word' id='word_1_531' title='bbox 2644 4305 2914 4374; x_wconf 79' lang='lat' dir='ltr'><strong>abstineat,</strong></span> <span class='ocrx_word' id='word_1_532' title='bbox 2955 4314 3130 4375; x_wconf 86' lang='lat' dir='ltr'><strong>utpote</strong></span> <span class='ocrx_word' id='word_1_533' title='bbox 3178 4306 3384 4375; x_wconf 88' lang='lat' dir='ltr'><strong>illicito,</strong></span> <span class='ocrx_word' id='word_1_534' title='bbox 3423 4315 3607 4378; x_wconf 88' lang='lat' dir='ltr'><strong>stupro</strong></span> <span class='ocrx_word' id='word_1_535' title='bbox 3644 4307 3800 4362; x_wconf 78' lang='lat' dir='ltr'><strong>simili</strong></span> <span class='ocrx_word' id='word_1_536' title='bbox 3831 4349 3850 4375; x_wconf 91' lang='lat'><strong>,</strong></span> 
     </span>
    </p>
   </div>
   <div class='ocr_carea' id='block_1_81' title="bbox 613 4393 3854 4476">
    <p class='ocr_par' dir='ltr' id='par_1_81' title="bbox 613 4393 3854 4476">
     <span class='ocr_line' id='line_1_87' title="bbox 613 4393 3854 4476; baseline -0.001 -20"><span class='ocrx_word' id='word_1_537' title='bbox 613 4419 729 4456; x_wconf 87' lang='lat' dir='ltr'><strong>cum</strong></span> <span class='ocrx_word' id='word_1_538' title='bbox 778 4401 1057 4473; x_wconf 76' lang='lat' dir='ltr'><strong>superiore,</strong></span> <span class='ocrx_word' id='word_1_539' title='bbox 1094 4401 1193 4456; x_wconf 85' lang='lat' dir='ltr'><strong>nisi</strong></span> <span class='ocrx_word' id='word_1_540' title='bbox 1229 4403 1386 4473; x_wconf 88' lang='lat' dir='ltr'><strong>quod,</strong></span> <span class='ocrx_word' id='word_1_541' title='bbox 1429 4403 1666 4458; x_wconf 69' lang='lat' dir='ltr'><strong>humanm</strong></span> <span class='ocrx_word' id='word_1_542' title='bbox 1699 4405 1997 4476; x_wconf 79' lang='lat' dir='ltr'><strong>fragilitatis</strong></span> <span class='ocrx_word' id='word_1_543' title='bbox 2040 4421 2146 4458; x_wconf 88' lang='lat' dir='ltr'><strong>me-</strong></span> <span class='ocrx_word' id='word_1_544' title='bbox 2169 4393 2223 4453; x_wconf 88' lang='lat' dir='ltr'><strong>D</strong></span> <span class='ocrx_word' id='word_1_545' title='bbox 2321 4400 2444 4469; x_wconf 79' lang='lat' dir='ltr'><strong>fidei</strong></span> <span class='ocrx_word' id='word_1_546' title='bbox 2481 4398 2700 4468; x_wconf 87' lang='lat' dir='ltr'><strong>nocido,</strong></span> <span class='ocrx_word' id='word_1_547' title='bbox 2746 4399 2816 4453; x_wconf 87' lang='lat' dir='ltr'><strong>ad</strong></span> <span class='ocrx_word' id='word_1_548' title='bbox 2861 4399 3215 4474; x_wconf 81' lang='lat' dir='ltr'><strong>inﬁdelitatem</strong></span> <span class='ocrx_word' id='word_1_549' title='bbox 3257 4415 3440 4471; x_wconf 87' lang='lat' dir='ltr'><strong>prono,</strong></span> <span class='ocrx_word' id='word_1_550' title='bbox 3482 4401 3746 4471; x_wconf 84' lang='lat' dir='ltr'><strong>alienoque</strong></span> <span class='ocrx_word' id='word_1_551' title='bbox 3787 4399 3854 4453; x_wconf 75' lang='lat' dir='ltr'><strong>ab</strong></span> 
     </span>
    </p>
   </div>
   <div class='ocr_carea' id='block_1_82' title="bbox 613 4493 2145 4561">
    <p class='ocr_par' dir='ltr' id='par_1_82' title="bbox 613 4493 2145 4561">
     <span class='ocr_line' id='line_1_88' title="bbox 613 4493 2145 4561; baseline 0.002 -13"><span class='ocrx_word' id='word_1_552' title='bbox 613 4511 741 4560; x_wconf 80' lang='lat' dir='ltr'><strong>inor,</strong></span> <span class='ocrx_word' id='word_1_553' title='bbox 787 4510 999 4550; x_wconf 69' lang='lat' dir='ltr'><strong>uxorem</strong></span> <span class='ocrx_word' id='word_1_554' title='bbox 1061 4495 1253 4548; x_wconf 81' lang='lat' dir='ltr'><strong>Auctor</strong></span> <span class='ocrx_word' id='word_1_555' title='bbox 1309 4493 1656 4561; x_wconf 82' lang='lat' dir='ltr'><strong>adhortatur,</strong></span> <span class='ocrx_word' id='word_1_556' title='bbox 1705 4505 1760 4550; x_wconf 90' lang='lat' dir='ltr'><strong>ut</strong></span> <span class='ocrx_word' id='word_1_557' title='bbox 1803 4497 1848 4551; x_wconf 89' lang='lat' dir='ltr'><strong>si</strong></span> <span class='ocrx_word' id='word_1_558' title='bbox 1895 4495 2145 4551; x_wconf 85' lang='lat' dir='ltr'><strong>secundas</strong></span> 
     </span>
    </p>
   </div>
   <div class='ocr_carea' id='block_1_83' title="bbox 614 4585 2146 4661">
    <p class='ocr_par' dir='ltr' id='par_1_83' title="bbox 614 4585 2146 4661">
     <span class='ocr_line' id='line_1_89' title="bbox 614 4585 2146 4661; baseline 0.001 -18"><span class='ocrx_word' id='word_1_559' title='bbox 614 4589 818 4661; x_wconf 88' lang='lat' dir='ltr'><strong>nuptias</strong></span> <span class='ocrx_word' id='word_1_560' title='bbox 859 4585 1138 4658; x_wconf 86' lang='lat' dir='ltr'><strong>aliquando</strong></span> <span class='ocrx_word' id='word_1_561' title='bbox 1193 4587 1520 4659; x_wconf 82' lang='lat' dir='ltr'><strong>cogitaverit,</strong></span> <span class='ocrx_word' id='word_1_562' title='bbox 1570 4604 1605 4641; x_wconf 90' lang='lat' dir='ltr'><strong>a</strong></span> <span class='ocrx_word' id='word_1_563' title='bbox 1653 4587 1976 4645; x_wconf 86' lang='lat' dir='ltr'><strong>matrimonio</strong></span> <span class='ocrx_word' id='word_1_564' title='bbox 2029 4605 2146 4644; x_wconf 85' lang='lat' dir='ltr'><strong>cum</strong></span> 
     </span>
    </p>
   </div>
   <div class='ocr_carea' id='block_1_84' title="bbox 915 4721 1694 4794">
    <p class='ocr_par' dir='ltr' id='par_1_84' title="bbox 915 4721 1694 4794">
     <span class='ocr_line' id='line_1_90' title="bbox 915 4721 1694 4794; baseline -0.008 -13"><span class='ocrx_word' id='word_1_565' title='bbox 915 4723 1127 4781; x_wconf 87' lang='lat' dir='ltr'><strong>Primus</strong></span> <span class='ocrx_word' id='word_1_566' title='bbox 1156 4721 1314 4794; x_wconf 85' lang='lat' dir='ltr'><strong>igitur</strong></span> <span class='ocrx_word' id='word_1_567' title='bbox 1341 4723 1498 4779; x_wconf 90' lang='lat' dir='ltr'><strong>docet</strong></span> <span class='ocrx_word' id='word_1_568' title='bbox 1520 4721 1694 4779; x_wconf 89' lang='lat' dir='ltr'><strong>liber:</strong></span> 
     </span>
    </p>
   </div>
   <div class='ocr_carea' id='block_1_85' title="bbox 617 4813 2143 4884">
    <p class='ocr_par' dir='ltr' id='par_1_85' title="bbox 617 4813 2143 4884">
     <span class='ocr_line' id='line_1_91' title="bbox 617 4813 2143 4884; baseline -0.001 -12"><span class='ocrx_word' id='word_1_569' title='bbox 617 4819 658 4874; x_wconf 86' lang='grc' dir='ltr'><strong>Ι.</strong></span> <span class='ocrx_word' id='word_1_570' title='bbox 684 4817 1069 4873; x_wconf 79' lang='lat' dir='ltr'><strong>Matrimonium</strong></span> <span class='ocrx_word' id='word_1_571' title='bbox 1095 4832 1126 4869; x_wconf 89' lang='lat' dir='ltr'><strong>a</strong></span> <span class='ocrx_word' id='word_1_572' title='bbox 1144 4813 1254 4870; x_wconf 88' lang='lat' dir='ltr'><strong>Deo</strong></span> <span class='ocrx_word' id='word_1_573' title='bbox 1282 4815 1588 4882; x_wconf 87' lang='lat' dir='ltr'><strong>institutum,</strong></span> <span class='ocrx_word' id='word_1_574' title='bbox 1611 4831 1768 4870; x_wconf 86' lang='lat' dir='ltr'><strong>unum</strong></span> <span class='ocrx_word' id='word_1_575' title='bbox 1787 4831 1914 4882; x_wconf 88' lang='lat' dir='ltr'><strong>esse,</strong></span> <span class='ocrx_word' id='word_1_576' title='bbox 1944 4832 1988 4871; x_wconf 90' lang='lat' dir='ltr'><strong>c.</strong></span> <span class='ocrx_word' id='word_1_577' title='bbox 2010 4816 2063 4884; x_wconf 74' lang='grc'><strong>1,</strong></span> <span class='ocrx_word' id='word_1_578' title='bbox 2087 4816 2143 4872; x_wconf 74' lang='lat'><strong>2.</strong></span> 
     </span>
    </p>
   </div>
   <div class='ocr_carea' id='block_1_86' title="bbox 543 4907 2146 4980">
    <p class='ocr_par' dir='ltr' id='par_1_86' title="bbox 543 4907 2146 4980">
     <span class='ocr_line' id='line_1_92' title="bbox 543 4907 2146 4980; baseline -0.003 -12"><span class='ocrx_word' id='word_1_579' title='bbox 543 4912 610 4968; x_wconf 84' lang='lat' dir='ltr'><strong>Il.</strong></span> <span class='ocrx_word' id='word_1_580' title='bbox 637 4909 1341 4967; x_wconf 82' lang='lat' dir='ltr'><strong>Abstinentiammatrimonio</strong></span> <span class='ocrx_word' id='word_1_581' title='bbox 1369 4908 1647 4980; x_wconf 73' lang='lat' dir='ltr'><strong>meliorem,</strong></span> <span class='ocrx_word' id='word_1_582' title='bbox 1678 4924 1727 4963; x_wconf 91' lang='lat' dir='ltr'><strong>c.</strong></span> <span class='ocrx_word' id='word_1_583' title='bbox 1759 4909 1814 4965; x_wconf 78' lang='lat'><strong>5.</strong></span> <span class='ocrx_word' id='word_1_584' title='bbox 1849 4907 2146 4963; x_wconf 79' lang='lat' dir='ltr'><strong>lll.Ea;em-</strong></span> 
     </span>
    </p>
   </div>
   <div class='ocr_carea' id='block_1_87' title="bbox 545 4993 2147 5077">
    <p class='ocr_par' dir='ltr' id='par_1_87' title="bbox 545 4993 2147 5077">
     <span class='ocr_line' id='line_1_93' title="bbox 545 4993 2147 5077; baseline -0.002 -17"><span class='ocrx_word' id='word_1_585' title='bbox 545 5007 632 5077; x_wconf 85' lang='lat' dir='ltr'><strong>pla</strong></span> <span class='ocrx_word' id='word_1_586' title='bbox 657 5003 1019 5060; x_wconf 87' lang='lat' dir='ltr'><strong>continentium</strong></span> <span class='ocrx_word' id='word_1_587' title='bbox 1043 5002 1333 5067; x_wconf 82' lang='lat' dir='ltr'><strong>viduarum,</strong></span> <span class='ocrx_word' id='word_1_588' title='bbox 1361 5017 1410 5056; x_wconf 89' lang='lat' dir='ltr'><strong>c.</strong></span> <span class='ocrx_word' id='word_1_589' title='bbox 1441 5001 1495 5055; x_wconf 74' lang='grc'><strong>4.</strong></span> <span class='ocrx_word' id='word_1_590' title='bbox 1528 4999 1614 5055; x_wconf 75' lang='grc' dir='ltr'><strong>ΙῪ.</strong></span> <span class='ocrx_word' id='word_1_591' title='bbox 1659 5001 1924 5057; x_wconf 80' lang='lat' dir='ltr'><strong>Secundus</strong></span> <span class='ocrx_word' id='word_1_592' title='bbox 1942 4993 2147 5070; x_wconf 80' lang='lat' dir='ltr'><strong>nuptias</strong></span> 
     </span>
    </p>
   </div>
   <div class='ocr_carea' id='block_1_88' title="bbox 545 5095 2148 5167">
    <p class='ocr_par' dir='ltr' id='par_1_88' title="bbox 545 5095 2148 5167">
     <span class='ocr_line' id='line_1_94' title="bbox 545 5095 2148 5167; baseline -0.003 -12"><span class='ocrx_word' id='word_1_593' title='bbox 545 5101 607 5156; x_wconf 93' lang='lat' dir='ltr'><strong>ob</strong></span> <span class='ocrx_word' id='word_1_594' title='bbox 637 5099 818 5155; x_wconf 89' lang='lat' dir='ltr'><strong>liberos</strong></span> <span class='ocrx_word' id='word_1_595' title='bbox 839 5097 1189 5164; x_wconf 85' lang='lat' dir='ltr'><strong>suscipiendos</strong></span> <span class='ocrx_word' id='word_1_596' title='bbox 1210 5112 1310 5150; x_wconf 87' lang='lat' dir='ltr'><strong>non</strong></span> <span class='ocrx_word' id='word_1_597' title='bbox 1340 5095 1596 5167; x_wconf 73' lang='lat' dir='ltr'><strong>expedire,</strong></span> <span class='ocrx_word' id='word_1_598' title='bbox 1615 5111 1661 5149; x_wconf 84' lang='lat' dir='ltr'><strong>c.</strong></span> <span class='ocrx_word' id='word_1_599' title='bbox 1697 5095 1749 5151; x_wconf 86' lang='lat'><strong>5.</strong></span> <span class='ocrx_word' id='word_1_600' title='bbox 1784 5096 1848 5152; x_wconf 83' lang='lat' dir='ltr'><strong>V.</strong></span> <span class='ocrx_word' id='word_1_601' title='bbox 1891 5095 2148 5166; x_wconf 72' lang='lat' dir='ltr'><strong>Exempla</strong></span> 
     </span>
    </p>
   </div>
   <div class='ocr_carea' id='block_1_89' title="bbox 545 5188 2147 5261">
    <p class='ocr_par' dir='ltr' id='par_1_89' title="bbox 545 5188 2147 5261">
     <span class='ocr_line' id='line_1_95' title="bbox 545 5188 2147 5261; baseline -0.001 -13"><span class='ocrx_word' id='word_1_602' title='bbox 545 5211 578 5248; x_wconf 91' lang='lat' dir='ltr'><strong>a</strong></span> <span class='ocrx_word' id='word_1_603' title='bbox 608 5192 929 5248; x_wconf 88' lang='lat' dir='ltr'><strong>matrimonio</strong></span> <span class='ocrx_word' id='word_1_604' title='bbox 947 5189 1325 5256; x_wconf 79' lang='lat' dir='ltr'><strong>abstinentiam,</strong></span> <span class='ocrx_word' id='word_1_605' title='bbox 1358 5206 1405 5245; x_wconf 87' lang='lat' dir='ltr'><strong>c.</strong></span> <span class='ocrx_word' id='word_1_606' title='bbox 1440 5189 1494 5246; x_wconf 88' lang='grc'><strong>6.</strong></span> <span class='ocrx_word' id='word_1_607' title='bbox 1529 5188 1618 5247; x_wconf 77' lang='lat' dir='ltr'><strong>Vl.</strong></span> <span class='ocrx_word' id='word_1_608' title='bbox 1644 5188 1870 5261; x_wconf 86' lang='lat' dir='ltr'><strong>Nuptias</strong></span> <span class='ocrx_word' id='word_1_609' title='bbox 1898 5191 2147 5246; x_wconf 85' lang='lat' dir='ltr'><strong>secundas</strong></span> 
     </span>
    </p>
   </div>
   <div class='ocr_carea' id='block_1_90' title="bbox 547 5279 2144 5357">
    <p class='ocr_par' dir='ltr' id='par_1_90' title="bbox 547 5279 2144 5357">
     <span class='ocr_line' id='line_1_96' title="bbox 547 5279 2144 5357; baseline -0.003 -16"><span class='ocrx_word' id='word_1_610' title='bbox 547 5286 658 5342; x_wconf 83' lang='lat' dir='ltr'><strong>Deo</strong></span> <span class='ocrx_word' id='word_1_611' title='bbox 679 5286 844 5341; x_wconf 88' lang='lat' dir='ltr'><strong>minus</strong></span> <span class='ocrx_word' id='word_1_612' title='bbox 873 5285 1092 5357; x_wconf 87' lang='lat' dir='ltr'><strong>placere,</strong></span> <span class='ocrx_word' id='word_1_613' title='bbox 1137 5300 1184 5339; x_wconf 88' lang='lat' dir='ltr'><strong>c.</strong></span> <span class='ocrx_word' id='word_1_614' title='bbox 1226 5283 1280 5338; x_wconf 91' lang='lat'><strong>7.</strong></span> <span class='ocrx_word' id='word_1_615' title='bbox 1313 5279 1424 5339; x_wconf 81' lang='lat' dir='ltr'><strong>Vl].</strong></span> <span class='ocrx_word' id='word_1_616' title='bbox 1469 5280 1568 5337; x_wconf 78' lang='lat' dir='ltr'><strong>His</strong></span> <span class='ocrx_word' id='word_1_617' title='bbox 1593 5281 1746 5352; x_wconf 85' lang='lat' dir='ltr'><strong>ﬁnem</strong></span> <span class='ocrx_word' id='word_1_618' title='bbox 1771 5282 1950 5353; x_wconf 88' lang='lat' dir='ltr'><strong>adjicit</strong></span> <span class='ocrx_word' id='word_1_619' title='bbox 1976 5283 2144 5338; x_wconf 81' lang='lat' dir='ltr'><strong>vidui-</strong></span> 
     </span>
    </p>
   </div>
   <div class='ocr_carea' id='block_1_91' title="bbox 549 5382 997 5439">
    <p class='ocr_par' dir='ltr' id='par_1_91' title="bbox 549 5382 997 5439">
     <span class='ocr_line' id='line_1_97' title="bbox 549 5382 997 5439; baseline -0.009 0"><span class='ocrx_word' id='word_1_620' title='bbox 549 5383 666 5439; x_wconf 83' lang='lat' dir='ltr'><strong>tatis</strong></span> <span class='ocrx_word' id='word_1_621' title='bbox 694 5382 997 5438; x_wconf 89' lang='lat' dir='ltr'><strong>encomium.</strong></span> 
     </span>
    </p>
   </div>
   <div class='ocr_carea' id='block_1_92' title="bbox 1049 5493 1599 5554">
    <p class='ocr_par' dir='ltr' id='par_1_92' title="bbox 1049 5493 1599 5554">
     <span class='ocr_line' id='line_1_98' title="bbox 1049 5493 1599 5554; baseline -0.011 0"><span class='ocrx_word' id='word_1_622' title='bbox 1049 5495 1279 5554; x_wconf 86' lang='lat' dir='ltr'><strong>CAPUT</strong></span> <span class='ocrx_word' id='word_1_623' title='bbox 1317 5493 1599 5552; x_wconf 81' lang='lat' dir='ltr'><strong>PRIMUM.</strong></span> 
     </span>
    </p>
   </div>
   <div class='ocr_carea' id='block_1_93' title="bbox 622 5588 2139 5661">
    <p class='ocr_par' dir='ltr' id='par_1_93' title="bbox 622 5588 2139 5661">
     <span class='ocr_line' id='line_1_99' title="bbox 622 5588 2139 5661; baseline -0.003 -11"><span class='ocrx_word' id='word_1_624' title='bbox 622 5597 674 5651; x_wconf 83' lang='lat' dir='ltr'><strong>l.</strong></span> <span class='ocrx_word' id='word_1_625' title='bbox 704 5594 953 5652; x_wconf 76' lang='lat' dir='ltr'><strong>Proxime</strong></span> <span class='ocrx_word' id='word_1_626' title='bbox 981 5591 1096 5661; x_wconf 90' lang='lat' dir='ltr'><strong>tibi,</strong></span> <span class='ocrx_word' id='word_1_627' title='bbox 1133 5589 1482 5649; x_wconf 86' lang='lat' dir='ltr'><strong>dilectissima</strong></span> <span class='ocrx_word' id='word_1_628' title='bbox 1515 5590 1568 5646; x_wconf 91' lang='lat' dir='ltr'><strong>in</strong></span> <span class='ocrx_word' id='word_1_629' title='bbox 1593 5588 1815 5647; x_wconf 87' lang='lat' dir='ltr'><strong>domino</strong></span> <span class='ocrx_word' id='word_1_630' title='bbox 1856 5604 2139 5657; x_wconf 84' lang='lat' dir='ltr'><strong>conserva,</strong></span> 
     </span>
    </p>
   </div>
   <div class='ocr_carea' id='block_1_94' title="bbox 2321 4490 3856 4563">
    <p class='ocr_par' dir='ltr' id='par_1_94' title="bbox 2321 4490 3856 4563">
     <span class='ocr_line' id='line_1_100' title="bbox 2321 4490 3856 4563; baseline -0.001 -18"><span class='ocrx_word' id='word_1_631' title='bbox 2321 4490 2571 4547; x_wconf 71' lang='lat' dir='ltr'><strong>Ecclesia:</strong></span> <span class='ocrx_word' id='word_1_632' title='bbox 2613 4499 2931 4548; x_wconf 86' lang='lat' dir='ltr'><strong>sacramento</strong></span> <span class='ocrx_word' id='word_1_633' title='bbox 2982 4493 3332 4562; x_wconf 87' lang='lat' dir='ltr'><strong>matrimonii,</strong></span> <span class='ocrx_word' id='word_1_634' title='bbox 3392 4493 3530 4562; x_wconf 81' lang='lat' dir='ltr'><strong>quod</strong></span> <span class='ocrx_word' id='word_1_635' title='bbox 3581 4491 3856 4563; x_wconf 80' lang='lat' dir='ltr'><strong>magniﬁce</strong></span> 
     </span>
    </p>
   </div>
   <div class='ocr_carea' id='block_1_95' title="bbox 2321 4585 3781 4643">
    <p class='ocr_par' dir='ltr' id='par_1_95' title="bbox 2321 4585 3781 4643">
     <span class='ocr_line' id='line_1_101' title="bbox 2321 4585 3781 4643; baseline 0 -3"><span class='ocrx_word' id='word_1_636' title='bbox 2321 4586 2643 4643; x_wconf 84' lang='lat' dir='ltr'><strong>describitur.</strong></span> <span class='ocrx_word' id='word_1_637' title='bbox 3642 4585 3781 4642; x_wconf 76' lang='lat' dir='ltr'><strong>Enn.</strong></span> 
     </span>
    </p>
   </div>
   <div class='ocr_carea' id='block_1_96' title="bbox 2638 4720 3497 4794">
    <p class='ocr_par' dir='ltr' id='par_1_96' title="bbox 2638 4720 3497 4794">
     <span class='ocr_line' id='line_1_102' title="bbox 2638 4720 3497 4794; baseline 0 -18"><span class='ocrx_word' id='word_1_638' title='bbox 2638 4720 2708 4786; x_wconf 27' lang='lat' dir='ltr'><strong>.ln</strong></span> <span class='ocrx_word' id='word_1_639' title='bbox 2733 4723 3015 4794; x_wconf 89' lang='lat' dir='ltr'><strong>posteriori</strong></span> <span class='ocrx_word' id='word_1_640' title='bbox 3049 4721 3186 4779; x_wconf 88' lang='lat' dir='ltr'><strong>libro</strong></span> <span class='ocrx_word' id='word_1_641' title='bbox 3204 4722 3456 4780; x_wconf 88' lang='lat' dir='ltr'><strong>statuitur</strong></span> <span class='ocrx_word' id='word_1_642' title='bbox 3483 4739 3497 4776; x_wconf 89' lang='lat'><strong>:</strong></span> 
     </span>
    </p>
   </div>
   <div class='ocr_carea' id='block_1_97' title="bbox 2329 4812 3857 4886">
    <p class='ocr_par' dir='ltr' id='par_1_97' title="bbox 2329 4812 3857 4886">
     <span class='ocr_line' id='line_1_103' title="bbox 2329 4812 3857 4886; baseline -0.001 -17"><span class='ocrx_word' id='word_1_643' title='bbox 2329 4814 2369 4869; x_wconf 91' lang='lat' dir='ltr'><strong>l.</strong></span> <span class='ocrx_word' id='word_1_644' title='bbox 2412 4814 2800 4871; x_wconf 79' lang='lat' dir='ltr'><strong>Matrimonium</strong></span> <span class='ocrx_word' id='word_1_645' title='bbox 2820 4832 2935 4870; x_wconf 86' lang='lat' dir='ltr'><strong>cum</strong></span> <span class='ocrx_word' id='word_1_646' title='bbox 2959 4816 3136 4886; x_wconf 85' lang='lat' dir='ltr'><strong>gentili</strong></span> <span class='ocrx_word' id='word_1_647' title='bbox 3165 4817 3391 4885; x_wconf 81' lang='lat' dir='ltr'><strong>vetitum,</strong></span> <span class='ocrx_word' id='word_1_648' title='bbox 3420 4818 3536 4884; x_wconf 60' lang='grc' dir='ltr'><strong>αἱ,</strong></span> <span class='ocrx_word' id='word_1_649' title='bbox 3565 4815 3623 4871; x_wconf 75' lang='lat'><strong>2.</strong></span> <span class='ocrx_word' id='word_1_650' title='bbox 3653 4814 3717 4872; x_wconf 81' lang='grc' dir='ltr'><strong>ΙΙ.</strong></span> <span class='ocrx_word' id='word_1_651' title='bbox 3741 4812 3857 4869; x_wconf 79' lang='lat' dir='ltr'><strong>Int-</strong></span> 
     </span>
    </p>
   </div>
   <div class='ocr_carea' id='block_1_98' title="bbox 2252 4907 3859 4981">
    <p class='ocr_par' dir='ltr' id='par_1_98' title="bbox 2252 4907 3859 4981">
     <span class='ocr_line' id='line_1_104' title="bbox 2252 4907 3859 4981; baseline -0.001 -19"><span class='ocrx_word' id='word_1_652' title='bbox 2252 4910 2520 4976; x_wconf 88' lang='lat' dir='ltr'><strong>mundum,</strong></span> <span class='ocrx_word' id='word_1_653' title='bbox 2544 4919 2598 4964; x_wconf 92' lang='lat' dir='ltr'><strong>ut</strong></span> <span class='ocrx_word' id='word_1_654' title='bbox 2618 4919 2869 4981; x_wconf 87' lang='lat' dir='ltr'><strong>stuprum,</strong></span> <span class='ocrx_word' id='word_1_655' title='bbox 2888 4926 2935 4964; x_wconf 93' lang='lat' dir='ltr'><strong>c.</strong></span> <span class='ocrx_word' id='word_1_656' title='bbox 2955 4908 3108 4965; x_wconf 79' lang='lat'><strong>5.1&quot;.</strong></span> <span class='ocrx_word' id='word_1_657' title='bbox 3129 4907 3268 4972; x_wconf 74' lang='lat' dir='ltr'><strong>Vera:</strong></span> <span class='ocrx_word' id='word_1_658' title='bbox 3286 4910 3546 4981; x_wconf 84' lang='lat' dir='ltr'><strong>religionis</strong></span> <span class='ocrx_word' id='word_1_659' title='bbox 3567 4910 3740 4980; x_wconf 67' lang='lat' dir='ltr'><strong>ofﬁciis</strong></span> <span class='ocrx_word' id='word_1_660' title='bbox 3759 4910 3859 4962; x_wconf 79' lang='lat' dir='ltr'><strong>ins-</strong></span> 
     </span>
    </p>
   </div>
   <div class='ocr_carea' id='block_1_99' title="bbox 2252 5001 3857 5072">
    <p class='ocr_par' dir='ltr' id='par_1_99' title="bbox 2252 5001 3857 5072">
     <span class='ocr_line' id='line_1_105' title="bbox 2252 5001 3857 5072; baseline 0 -16"><span class='ocrx_word' id='word_1_661' title='bbox 2252 5012 2544 5072; x_wconf 87' lang='lat' dir='ltr'><strong>portunum,</strong></span> <span class='ocrx_word' id='word_1_662' title='bbox 2565 5019 2612 5057; x_wconf 91' lang='lat' dir='ltr'><strong>c.</strong></span> <span class='ocrx_word' id='word_1_663' title='bbox 2635 5003 2688 5058; x_wconf 74' lang='grc'><strong>4.</strong></span> <span class='ocrx_word' id='word_1_664' title='bbox 2715 5001 2805 5058; x_wconf 85' lang='lat' dir='ltr'><strong>IV.</strong></span> <span class='ocrx_word' id='word_1_665' title='bbox 2822 5002 3098 5058; x_wconf 85' lang='lat' dir='ltr'><strong>Gentilium</strong></span> <span class='ocrx_word' id='word_1_666' title='bbox 3121 5003 3190 5056; x_wconf 92' lang='lat' dir='ltr'><strong>ad</strong></span> <span class='ocrx_word' id='word_1_667' title='bbox 3218 5004 3347 5058; x_wconf 86' lang='lat' dir='ltr'><strong>ritus</strong></span> <span class='ocrx_word' id='word_1_668' title='bbox 3374 5005 3781 5072; x_wconf 70' lang='lat' dir='ltr'><strong>excitativum,c.</strong></span> <span class='ocrx_word' id='word_1_669' title='bbox 3800 5001 3857 5057; x_wconf 75' lang='grc' dir='ltr'><strong>ὃ.</strong></span> 
     </span>
    </p>
   </div>
   <div class='ocr_carea' id='block_1_100' title="bbox 2253 5094 3860 5169">
    <p class='ocr_par' dir='ltr' id='par_1_100' title="bbox 2253 5094 3860 5169">
     <span class='ocr_line' id='line_1_106' title="bbox 2253 5094 3860 5169; baseline -0.001 -19"><span class='ocrx_word' id='word_1_670' title='bbox 2253 5094 2318 5150; x_wconf 75' lang='grc' dir='ltr'><strong>γ.</strong></span> <span class='ocrx_word' id='word_1_671' title='bbox 2360 5094 2612 5169; x_wconf 79' lang='lat' dir='ltr'><strong>Magnum</strong></span> <span class='ocrx_word' id='word_1_672' title='bbox 2640 5113 2757 5153; x_wconf 83' lang='lat' dir='ltr'><strong>vero</strong></span> <span class='ocrx_word' id='word_1_673' title='bbox 2782 5114 2841 5151; x_wconf 89' lang='lat' dir='ltr'><strong>ac</strong></span> <span class='ocrx_word' id='word_1_674' title='bbox 2861 5106 3092 5153; x_wconf 87' lang='lat' dir='ltr'><strong>sanctum</strong></span> <span class='ocrx_word' id='word_1_675' title='bbox 3135 5097 3189 5151; x_wconf 87' lang='lat' dir='ltr'><strong>in</strong></span> <span class='ocrx_word' id='word_1_676' title='bbox 3228 5095 3461 5153; x_wconf 85' lang='lat' dir='ltr'><strong>Ecclesia</strong></span> <span class='ocrx_word' id='word_1_677' title='bbox 3484 5109 3860 5154; x_wconf 77' lang='lat' dir='ltr'><strong>sacramentum</strong></span> 
     </span>
    </p>
   </div>
   <div class='ocr_carea' id='block_1_101' title="bbox 2251 5188 3861 5262">
    <p class='ocr_par' dir='ltr' id='par_1_101' title="bbox 2251 5188 3861 5262">
     <span class='ocr_line' id='line_1_107' title="bbox 2251 5188 3861 5262; baseline -0.001 -16"><span class='ocrx_word' id='word_1_678' title='bbox 2251 5206 2358 5246; x_wconf 87' lang='lat' dir='ltr'><strong>esse</strong></span> <span class='ocrx_word' id='word_1_679' title='bbox 2386 5191 2764 5246; x_wconf 87' lang='lat' dir='ltr'><strong>matrimonium</strong></span> <span class='ocrx_word' id='word_1_680' title='bbox 2794 5193 2931 5262; x_wconf 81' lang='lat' dir='ltr'><strong>quod</strong></span> <span class='ocrx_word' id='word_1_681' title='bbox 2964 5188 3196 5247; x_wconf 88' lang='lat' dir='ltr'><strong>Ecclesia</strong></span> <span class='ocrx_word' id='word_1_682' title='bbox 3225 5191 3483 5257; x_wconf 87' lang='lat' dir='ltr'><strong>conciliat,</strong></span> <span class='ocrx_word' id='word_1_683' title='bbox 3507 5200 3557 5247; x_wconf 90' lang='lat' dir='ltr'><strong>et</strong></span> <span class='ocrx_word' id='word_1_684' title='bbox 3589 5191 3861 5258; x_wconf 78' lang='lat' dir='ltr'><strong>conﬁrmat</strong></span> 
     </span>
    </p>
   </div>
   <div class='ocr_carea' id='block_1_102' title="bbox 2251 5286 3858 5358">
    <p class='ocr_par' dir='ltr' id='par_1_102' title="bbox 2251 5286 3858 5358">
     <span class='ocr_line' id='line_1_108' title="bbox 2251 5286 3858 5358; baseline 0 -18"><span class='ocrx_word' id='word_1_685' title='bbox 2251 5286 2476 5354; x_wconf 86' lang='lat' dir='ltr'><strong>oblatio,</strong></span> <span class='ocrx_word' id='word_1_686' title='bbox 2526 5297 2573 5341; x_wconf 90' lang='lat' dir='ltr'><strong>et</strong></span> <span class='ocrx_word' id='word_1_687' title='bbox 2641 5287 2869 5358; x_wconf 81' lang='lat' dir='ltr'><strong>obsignat</strong></span> <span class='ocrx_word' id='word_1_688' title='bbox 2923 5286 3236 5354; x_wconf 86' lang='lat' dir='ltr'><strong>benedictio,</strong></span> <span class='ocrx_word' id='word_1_689' title='bbox 3290 5287 3463 5358; x_wconf 86' lang='lat' dir='ltr'><strong>angeli</strong></span> <span class='ocrx_word' id='word_1_690' title='bbox 3515 5288 3813 5343; x_wconf 77' lang='lat' dir='ltr'><strong>renuntiant</strong></span> <span class='ocrx_word' id='word_1_691' title='bbox 3842 5325 3858 5353; x_wconf 89' lang='lat'><strong>,</strong></span> 
     </span>
    </p>
   </div>
   <div class='ocr_carea' id='block_1_103' title="bbox 2253 5377 3531 5452">
    <p class='ocr_par' dir='ltr' id='par_1_103' title="bbox 2253 5377 3531 5452">
     <span class='ocr_line' id='line_1_109' title="bbox 2253 5377 3531 5452; baseline 0.003 -18"><span class='ocrx_word' id='word_1_692' title='bbox 2253 5377 2415 5434; x_wconf 87' lang='lat' dir='ltr'><strong>Pater</strong></span> <span class='ocrx_word' id='word_1_693' title='bbox 2433 5389 2544 5434; x_wconf 87' lang='lat' dir='ltr'><strong>rato</strong></span> <span class='ocrx_word' id='word_1_694' title='bbox 2582 5378 2822 5452; x_wconf 78' lang='lat' dir='ltr'><strong>habet,c.</strong></span> <span class='ocrx_word' id='word_1_695' title='bbox 2853 5379 2908 5435; x_wconf 90' lang='lat'><strong>8.</strong></span> <span class='ocrx_word' id='word_1_696' title='bbox 2950 5379 3085 5436; x_wconf 81' lang='lat' dir='ltr'><strong>Enn.</strong></span> <span class='ocrx_word' id='word_1_697' title='bbox 3127 5395 3160 5437; x_wconf 89' lang='lat' dir='ltr'><strong>e</strong></span> <span class='ocrx_word' id='word_1_698' title='bbox 3198 5380 3261 5436; x_wconf 95' lang='lat' dir='ltr'><strong>D.</strong></span> <span class='ocrx_word' id='word_1_699' title='bbox 3284 5378 3531 5446; x_wconf 71' lang='grc' dir='ltr'><strong>δοιιιωι.</strong></span> 
     </span>
    </p>
   </div>
   <div class='ocr_carea' id='block_1_104' title="bbox 2245 5588 3864 5664">
    <p class='ocr_par' dir='ltr' id='par_1_104' title="bbox 2245 5588 3864 5664">
     <span class='ocr_line' id='line_1_110' title="bbox 2245 5588 3864 5664; baseline -0.002 -19"><span class='ocrx_word' id='word_1_700' title='bbox 2245 5588 2372 5662; x_wconf 85' lang='lat' dir='ltr'><strong>quid</strong></span> <span class='ocrx_word' id='word_1_701' title='bbox 2428 5588 2662 5652; x_wconf 67' lang='lat' dir='ltr'><strong>heminae</strong></span> <span class='ocrx_word' id='word_1_702' title='bbox 2718 5597 2920 5646; x_wconf 81' lang='lat' dir='ltr'><strong>sancta:</strong></span> <span class='ocrx_word' id='word_1_703' title='bbox 2977 5588 3095 5664; x_wconf 83' lang='grc' dir='ltr'><strong>(η),</strong></span> <span class='ocrx_word' id='word_1_704' title='bbox 3145 5589 3492 5648; x_wconf 87' lang='lat' dir='ltr'><strong>matrimonio</strong></span> <span class='ocrx_word' id='word_1_705' title='bbox 3540 5600 3864 5664; x_wconf 82' lang='lat' dir='ltr'><strong>quacunque</strong></span> 
     </span>
    </p>
   </div>
   <div class='ocr_carea' id='block_1_105' title="bbox 1905 5707 2470 5768">
    <p class='ocr_par' dir='ltr' id='par_1_105' title="bbox 1905 5707 2470 5768">
     <span class='ocr_line' id='line_1_111' title="bbox 1905 5707 2470 5768; baseline 0.005 -4"><span class='ocrx_word' id='word_1_706' title='bbox 1905 5707 2470 5768; x_wconf 79' lang='lat' dir='ltr'><strong>COMMENTARIUS.</strong></span> 
     </span>
    </p>
   </div>
   <div class='ocr_carea' id='block_1_106' title="bbox 624 5821 3863 5905">
    <p class='ocr_par' dir='ltr' id='par_1_106' title="bbox 624 5821 3863 5905">
     <span class='ocr_line' id='line_1_112' title="bbox 624 5821 3863 5905; baseline 0 -20"><span class='ocrx_word' id='word_1_707' title='bbox 624 5827 704 5904; x_wconf 65' lang='grc' dir='ltr'><strong>(α)</strong></span> <span class='ocrx_word' id='word_1_708' title='bbox 741 5827 987 5886; x_wconf 71' lang='lat' dir='ltr'><strong>Faenum</strong></span> <span class='ocrx_word' id='word_1_709' title='bbox 1023 5835 1233 5887; x_wconf 73' lang='lat' dir='ltr'><strong>sancite.</strong></span> <span class='ocrx_word' id='word_1_710' title='bbox 1275 5825 1491 5898; x_wconf 88' lang='lat' dir='ltr'><strong>Optime</strong></span> <span class='ocrx_word' id='word_1_711' title='bbox 1536 5824 1812 5885; x_wconf 83' lang='lat' dir='ltr'><strong>adnotavit</strong></span> <span class='ocrx_word' id='word_1_712' title='bbox 1862 5823 2156 5886; x_wconf 83' lang='lat' dir='ltr'><strong>Rhenanus</strong></span> <span class='ocrx_word' id='word_1_713' title='bbox 2259 5841 2359 5902; x_wconf 84' lang='lat' dir='ltr'><strong>per</strong></span> <span class='ocrx_word' id='word_1_714' title='bbox 2388 5825 3337 5905; x_wconf 78' lang='lat' dir='ltr'><strong>faeminassanctashicchristianas</strong></span> <span class='ocrx_word' id='word_1_715' title='bbox 3361 5821 3633 5904; x_wconf 70' lang='lat' dir='ltr'><strong>intelligi;</strong></span> <span class='ocrx_word' id='word_1_716' title='bbox 3662 5826 3863 5902; x_wconf 71' lang='lat' dir='ltr'><strong>pluria</strong></span> 
     </span>
    </p>
   </div>
  </div>
