4068 6352
199 361 338 426 ηεξ)

1457 341 1658 401 LIBER
1698 339 1745 398 ll
1793 337 1888 398 AD
1925 330 2237 396 UXOREM.

3357 307 3500 372 i290

203 488 345 539 sorte
381 473 652 546 adempto,
703 465 1016 527 sectandum
1045 465 1136 532 sit,
1183 470 1244 520 ut
1282 460 1428 534 pomi
1467 467 1788 532 prosecutus
1814 459 1869 519 Α
1893 471 2006 510 rare
2045 452 2088 525 (ι
2114 444 2377 518 Cor.,VII,
2401 445 2481 517 7).
2504 443 2576 501 De
2610 437 2862 499 nubendo
2882 449 3012 496 vero
3033 437 3083 492 in
3101 434 3350 546 Domino,
3370 448 3494 489 cum

199 589 338 632 sum.
359 568 512 626 Nunc
537 565 604 621 ad
623 561 857 622 secunda
873 559 1098 618 consilia
1119 564 1517 619 convertamur,
1547 559 1796 622 respectu

201 666 448 723 humanae
465 655 809 724 inﬁrmitatis,
832 651 1184 728 quarumdam
1215 647 1478 720 exemplis
1499 644 1796 701 admonen-

202 759 365 825 tibus,
411 769 530 826 qute
570 750 802 809 divortio
853 747 932 822 (ιι)
984 746 1071 803 vel
1110 743 1283 801 mariti
1326 755 1570 808 excessu,
1619 737 1798 793 oblata

203 848 548 908 continentia:
579 845 880 910 occasione,
913 856 1019 898 non
1057 838 1218 895 modo
1261 836 1575 908 abjecerunt
1599 846 1799 904 Oppor-

199 945 482 1002 tunitatem
513 940 643 996 tanti
670 937 820 1002 boni,
848 935 943 992 sed
988 950 1056 991 ne
1083 934 1138 988 in
1186 929 1436 987 nubendo
1463 929 1540 1000 (b)
1585 925 1802 998 quidem

199 1052 417 1096 rursum
435 1032 734 1105 disciplina:
756 1029 1070 1088 meminisse
1091 1026 1396 1092 voluerunt,
1422 1031 1480 1078 ut
1507 1023 1560 1077 in
1582 1019 1805 1076 Domino

200 1129 526 1204 potissimum
565 1125 810 1181 nubercnt
857 1122 878 1196 (
909 1121 935 1180 i
963 1119 1110 1189 Cor.,
1134 1117 1244 1185 VII,
1277 1116 1346 1174 39
1375 1115 1412 1188 ).
1448 1113 1630 1185 Itaque
1677 1110 1808 1167 mihi

197 1223 461 1282 confusus
489 1230 575 1278 est
601 1219 833 1286 animus,
863 1231 931 1272 ne
959 1215 1052 1286 qui
1093 1227 1266 1284 nuper
1299 1220 1352 1267 te
1398 1209 1464 1266 ad
1511 1207 1811 1264 univiratus

199 1329 257 1376 et
284 1314 561 1374 viduitatis
588 1308 1040 1385 perseverantiam
1069 1309 1313 1363 hortatus
1339 1319 1480 1369 sum,
1497 1315 1639 1358 nunc
1657 1315 1813 1356 men-

201 1416 348 1486 tione
374 1409 453 1482 (c)
486 1407 812 1480 nuptiarum,
832 1403 1162 1478 proclivium
1192 1401 1286 1457 tibi
1319 1396 1532 1454 labendi
1557 1396 1626 1452 ab
1654 1393 1811 1454 altio-

200 1507 356 1564 ribus
388 1504 602 1559 faciam.
627 1499 780 1569 Quod
808 1501 853 1554 si
884 1500 1090 1570 integre
1115 1495 1260 1567 sapis
1289 1493 1395 1566 (d),
1423 1500 1572 1549 certe
1616 1492 1721 1546 scis
1761 1486 1816 1543 id

199 1595 531 1668 servandum
587 1593 678 1648 tibi
733 1606 874 1659 esse,
908 1589 1050 1662 quod
1103 1589 1175 1644 sit
1219 1586 1426 1642 utilius.
1485 1582 1638 1652 Quod
1687 1595 1816 1637 vero

200 1689 428 1749 difﬁcile
472 1672 575 1753 est,
628 1695 684 1742 et
713 1700 819 1741 non
845 1685 963 1740 sine
993 1680 1404 1740 necessitatibus
1431 1687 1486 1735 et
1511 1678 1614 1734 hoc
1644 1676 1818 1732 maxi-

204 1799 352 1841 mum
375 1779 712 1853 propositum
739 1779 863 1833 vita:
889 1775 1126 1847 supremi
1146 1772 1380 1846 prarsidii
1424 1773 1526 1847 (l).
1549 1771 1660 1828 Nec
1686 1769 1818 1826 mihi

205 1878 276 1935 de
306 1877 415 1933 isto
446 1887 661 1945 quoque
689 1869 958 1929 referendi
1001 1869 1070 1925 ad
1105 1879 1158 1925 te
1185 1883 1393 1924 caussa:
1433 1865 1679 1932 fuissent,
1714 1863 1817 1918 nisi
1847 1858 1894 1918 B
1923 1857 2162 1926 inquam,

205 1968 524 2044 graviorem
573 1979 750 2022 meam
797 1961 882 2036 (ἓ)
923 1960 1339 2019 sollicitudinem
1378 1956 1821 2029 comprehendis-

208 2078 349 2119 scm.
383 2059 524 2116 Nam
551 2066 751 2130 quanto
775 2055 992 2128 grandis
1012 2063 1098 2111 est
1121 2054 1454 2111 continentia
1482 2052 1683 2118 carnis,
1702 2065 1822 2121 quae

210 2156 536 2212 viduitatem
595 2152 909 2214 ministrat,
966 2157 1155 2216 tanto,
1212 2149 1257 2203 si
1309 2163 1416 2202 non
1472 2145 1821 2211 sustineatur,

213 2246 559 2322 ignoscibilis
583 2244 751 2300 videri
777 2251 985 2314 potest;
1017 2240 1314 2297 difﬁcilium
1364 2238 1508 2294 enim
1545 2236 1718 2292 facilis
1745 2245 1828 2291 est

223 2341 404 2397 venia.
435 2338 651 2408 Quanto
679 2344 858 2391 autem
895 2333 1098 2390 nubere
1127 2332 1180 2388 in
1212 2331 1439 2388 Domino
1466 2326 1826 2400 perpetrabile

217 2440 327 2501 est,
376 2430 460 2486 uti
510 2436 710 2484 nostrae
741 2425 1042 2498 potestatis,
1076 2432 1226 2480 tanto
1265 2421 1584 2493 culpabilius
1613 2428 1697 2476 est
1721 2433 1829 2474 non

221 2525 518 2581 observare
545 2520 688 2594 quod
715 2520 909 2592 possis.
938 2519 1016 2574 Eo
1045 2517 1251 2574 accedit
1279 2515 1423 2588 quod
1446 2514 1736 2586 Apostolus
1764 2511 1832 2568 de

224 2617 406 2674 viduis
433 2613 653 2686 quidem
681 2621 736 2669 et
757 2612 1016 2682 innuptis,
1051 2619 1108 2666 ut
1129 2611 1200 2665 ita
1222 2617 1592 2679 permaneant,
1619 2604 1831 2672 suadet,

227 2723 354 2767 cum
383 2707 520 2764 dicit
551 2724 566 2762 :
597 2703 762 2776 Cupio
791 2712 960 2759 autent
989 2717 1162 2758 omnes
1200 2717 1310 2755 meo
1349 2698 1580 2769 exemplo
1610 2711 1837 2767 perseve-

1900 549 2028 606 dicit
2051 563 2065 602 :
2086 555 2281 601 tantum
2296 543 2348 597 in
2371 539 2613 604 Domino,
2635 537 2744 609 jam
2773 549 2879 590 non
2897 531 3081 588 suadet
3109 572 3124 599 ,
3148 527 3244 585 sed
3273 537 3491 583 exserte

1898 643 2068 716 jubet.
2096 640 2258 712 Igitur
2287 637 2342 692 in
2368 637 2466 692 ista
2493 631 2731 690 maxime
2761 629 2962 700 specie,
2998 626 3100 681 nisi
3129 621 3497 693 obsequimnr,

1903 735 2294 810 periclitamur,
2324 730 2445 802 quia
2464 741 2679 784 suasum
2698 725 2914 794 impune
2933 718 3058 790 quid
3080 717 3503 788 negligas,quam

1901 807 2111 904 jussum
2144 828 2248 901 (5),
2280 824 2421 898 quod
2440 822 2571 880 illud
2597 821 2666 877 de
2688 817 2913 875 consilio
2940 813 3123 871 veniat
3161 820 3217 869 et
3243 807 3506 867 voluntati

1909 902 2258 997 proponatur,
2301 919 2405 974 hoc
2449 927 2628 972 autem
2684 912 2751 969 de
2793 917 3058 982 potestate
3103 902 3396 962 descendat
3450 909 3507 957 et

1909 994 2216 1074 necessitati
2261 1012 2550 1082 obligetur,
2597 1007 2708 1064 illic
2746 1004 2986 1072 libertas,
3035 1000 3125 1057 hic
3171 994 3509 1056 contumacia

1912 1112 2225 1184 delinquere
2250 1107 2514 1165 videatur.

2551 1236 2780 1298 CAPUT
2820 1235 2888 1292 II.

1991 1384 2157 1458 Igitur
2197 1397 2321 1440 cum
2375 1379 2620 1454 quaedam
2669 1377 2786 1433 istis
2815 1373 3003 1431 diebus
3035 1371 3245 1443 nuptias
3279 1383 3403 1426 suas
3428 1366 3497 1424 de

1921 1479 2163 1537 Ecclesia
2193 1477 2427 1543 tolleret,
2459 1473 2511 1529 id
2538 1481 2639 1540 est,
2667 1469 2854 1542 gentili
2879 1467 3317 1538 conjungeretur,
3347 1465 3510 1533 idque

1921 1573 1988 1629 ab
2015 1573 2132 1628 aliis
2158 1578 2304 1626 retro
2331 1567 2526 1623 factum
2555 1563 2891 1630 recordarer,
2916 1561 3139 1616 miratus
3159 1568 3252 1613 aut
3279 1559 3522 1629 ipsarum

1923 1666 2272 1740 petulantiam
2290 1670 2383 1718 aut
2396 1659 2827 1718 consiliariorum
2848 1654 3364 1728 praevaricationem,
3377 1649 3524 1722 quod

1923 1762 2064 1818 nulla
2094 1759 2357 1830 scriptura
2385 1757 2503 1827 ejus
2524 1753 2652 1810 facti
2675 1751 2942 1808 licentiam
2971 1747 3192 1830 profert.
3221 1743 3516 1816 Numquid,

2209 1823 2278 1908 de
2307 1851 2397 1906 illo
2416 1823 2654 1918 capitulo
2696 1847 2797 1902 sibi
2834 1823 3179 1900 blandiuntur
3235 1838 3425 1911 prima:
3450 1836 3522 1894 ad

1923 1949 2232 2008 Corinthios
2258 1939 2896 2017 (ICor.,VII,12-M),ubi
2912 1939 3168 2010 scriptum
3193 1945 3306 1993 est:
3332 1934 3394 1991 Si
3415 1933 3528 2005 quis

1929 2046 2086 2118 frater
2115 2042 2192 2114 (4)
2222 2040 2484 2110 inﬁdelem
2528 2035 2672 2091 habet
2715 2051 2946 2102 uxorem,
2977 2041 3020 2087 et
3061 2031 3155 2086 illa
3194 2029 3520 2085 matrimonio

1927 2137 2193 2202 consentit,
2242 2151 2304 2189 ne
2353 2134 2571 2187 dimittat
2625 2146 2769 2196 eam;
2820 2127 3052 2184 similiter
3095 2124 3278 2179 mulier
3325 2123 3518 2194 ﬁdelis,

1928 2230 2130 2301 inﬁdeli
2165 2236 2344 2299 nupta,
2372 2225 2416 2281 si
2443 2231 2834 2279 consentaneum
2873 2219 2951 2292 (5)
2979 2220 3216 2273 maritum
3242 2217 3522 2288 experitur,

1930 2340 1993 2380 ne
2021 2321 2268 2378 dimiserit
2294 2334 2432 2384 eum;
2460 2316 2811 2386 sanctiﬁcatur
2835 2314 2967 2368 enim
2986 2311 3207 2382 inﬁdelis
3227 2312 3300 2365 vir
3325 2327 3358 2364 a
3382 2309 3526 2379 ﬁdeli

1933 2432 2091 2473 uxore
2144 2424 2190 2471 et
2241 2412 2464 2483 inﬁdelis
2525 2425 2656 2465 uxor
2706 2424 2739 2462 a
2797 2406 2938 2477 ﬁdeli
3005 2403 3226 2470 marito;
3283 2413 3526 2460 steterunt

1934 2508 2187 2566 immundi
2244 2514 2404 2562 essent
2455 2504 2551 2574 ﬁlii
2603 2500 2774 2558 vestri.
2833 2499 2981 2554 Hanc
3042 2497 3393 2555 monitionem
3445 2496 3529 2569 (6)

1936 2602 2048 2658 fors
2094 2601 2162 2656 de
2206 2598 2451 2654 fidelibus
2481 2596 2684 2668 junctis
2733 2592 2812 2667 (7)
2873 2592 3186 2662 simpliciter
3223 2591 3529 2662 intelligen-

1939 2693 2010 2751 do
2077 2691 2156 2765 (8)
2216 2699 2403 2764 putent
2436 2689 2514 2763 (9)
2568 2690 2731 2747 etiam
2783 2687 3087 2746 infidelibus
3155 2684 3358 2742 nubere
3400 2683 3534 2739 lice-

1437 2809 1817 2869 LECTIONES
1855 2806 2270 2866 VABIANTES.
2314 2833 2317 2836 -

293 2912 370 2978 (1)
397 2915 573 2978 Locum
593 2916 873 2978 corruptum
894 2921 922 2960 e
943 2908 1066 2978 cod.
1095 2906 1351 2978 Agobardi
1371 2903 1450 2978 sic
1459 2901 1727 2978 restituisse
1742 2901 1832 2955 sibi

474 2967 753 3049 μξθαιιίιωέ
777 2973 917 3049 Nam
939 2976 1092 3049 neat.-
1112 2967 1278 3049 ρῖξριον
1321 2967 1604 3049 υτο9¹ίνίξ¹¹¹ξ
1637 2968 1728 3017 “b‘
1754 2981 1835 3017 (⁵³·

233 3029 385 3091 vendi
407 3029 704 3090 ablutionem
730 3036 917 3086 faciam.
944 3035 1082 3095 Quod
1105 3034 1147 3082 si
1172 3029 1207 3083 i'.
1227 3029 1292 3095 δέ,
1315 3029 1454 3083 certe
1476 3029 1608 3095 istud
1631 3043 1838 3080 servan-

235 3102 353 3152 dum
371 3102 441 3152 ibi
465 3113 596 3163 esse,
634 3099 766 3163 quod
787 3102 850 3149 sit
871 3092 1058 3151 utilius.
1080 3095 1220 3157 Quod
1255 3092 1318 3133 -'-
1341 3107 1539 3146 necess.
1584 3092 1677 3144 hoc
1706 3106 1838 3144 max.

238 3177 380 3228 prop.
414 3166 549 3228 vitaz,
568 3162 848 3214 subresedi.

303 3226 380 3291 t2)
406 3226 652 3291 meum
678 3237 756 3275 ea.

304 3277 381 3348 (5)
409 3277 555 3340 0071.7
580 3283 826 3348 Woumeri
857 3297 875 3336 :
902 3286 1017 3348 quia
1051 3289 1152 3334 tam
1187 3293 1384 3333 suasum
1409 3289 1507 3348 etc.
1534 3277 1645 3348 Rig.
1687 3293 1706 3331 :
1730 3282 1844 3348 quia

240 3343 377 3404 suas:
420 3351 538 3414 imp.
563 3352 676 3414 quis
711 3343 952 3412 negligat",
981 3354 1078 3398 etc.
1107 3351 1332 3398 Fortasse
1351 3343 1664 3397 scribendum
1692 3356 1709 3394 :
1733 3343 1849 3406 quia

1874 3322 1920 3384 C

1935 2913 2022 3013 sui
2031 2898 2644 3013 (qutldzﬁtlnunnegligas,
2669 2899 2956 2964 neutiquam
2982 2899 3196 2962 jussum.

2031 2965 2058 3012 4
2107 2961 2216 3028 Πὶρζ
2243 2961 2487 3012 ῑιτιιηιωξ
2545 2961 2560 2963 ἡ
2630 2961 2636 2963 ⁷
2827 2961 2842 2964 ⁷
2987 2961 2996 2962 ί

2031 2961 2086 3154 Si
2102 3025 2221 3099 Ιίὶθ.⁸
2237 3033 2282 3076 et
2314 3028 2454 3077 Pam.
2479 3032 2883 3085 consentaneum,
2908 3025 3051 3075 seml.
3070 3029 3420 3075 consentanea.

2031 3090 2065 3149 6
2112 3090 2375 3154 Mottonem
2397 3086 2477 3154 ed.
2499 3091 2546 3154 ιε
2571 3086 2732 3154 Rhea.
2967 3151 3001 3154 _

2035 3086 2086 3139 6)
2112 3086 2375 3139 Motionem
2397 3086 2477 3138 ed.
2499 3091 2546 3138 1.
2571 3086 2724 3138 Rhen.

2033 3149 2088 3214 7)
2114 3152 2332 3214 inventis
2354 3149 2506 3200 Rhen.
2531 3151 2761 3214 injunctis
2781 3159 2933 3202 Fran.
2960 3151 3084 3200 Par.

2037 3209 2088 3276 8)
2109 3212 2491 3276 Intelligendum
2513 3209 2658 3262 senti.

2038 3215 2090 3340 8;
2109 3215 2491 3276 Intelligendum
2513 3215 2658 3262 Seml.

2038 3277 2068 3325 9
2114 3276 2489 3339 Intelligendam
2513 3282 2690 3340 putent
2712 3283 2862 3327 Fran.
2887 3272 3053 3327 Paris.

1605 3426 2164 3486 COMMENTARIUS.

245 3531 394 3588 enim
424 3528 564 3602 apud
594 3526 732 3602 hunc
758 3534 1032 3602 auctorem
1068 3522 1209 3602 hanc
1232 3536 1419 3602 vocem
1450 3535 1517 3602 eo
1543 3535 1709 3602 sensu
1749 3536 1836 3577 re-

248 3593 633 3672 periesfPrimi
657 3599 818 3672 etiam
835 3595 1124 3672 Christiani
1149 3595 1323 3672 sancti
1338 3593 1672 3672 dicebantur,
1691 3593 1840 3672 juxta

251 3664 383 3729 illud
413 3672 653 3745 Apostoli
678 3670 700 3725 Ι
725 3667 996 3745 (ἔθνη-Ἧι
1025 3683 1038 3721 :
1069 3665 1261 3745 nlioqui
1288 3665 1390 3745 ﬁ_lii
1419 3665 1566 3745 vestri
1592 3664 1842 3745 irmnundi

251 3755 435 3810 essent,
457 3734 592 3799 nunc
607 3741 721 3798 vero
737 3734 897 3796 sancti
913 3749 1048 3792 sunt.
1066 3734 1296 3794 Sanctus
1311 3737 1480 3810 Lucas
1498 3735 1635 3804 (Act.
1653 3734 1842 3810 IX,52)

255 3816 396 3872 idem
422 3808 588 3871 ihabet
610 3831 629 3870 :
648 3811 829 3868 Petrus
850 3811 972 3864 dum
1004 3810 1328 3879 pertransiret
1353 3808 1628 3879 uniuersos,
1653 3808 1848 3879 devenit

253 3888 322 3940 ad
343 3899 544 3942 sanctos
563 3888 646 3956 qui
662 3878 1182 3956 ltabitabantjayddw,
1197 3879 1327 3956 et
1345 3878 1540 3956 Paulus
1562 3880 1777 3943 iterum;
1808 3878 1849 3956 |_I

254 3959 324 4013 ad
350 3949 668 4016 Thessalon.
698 3970 818 4025 cap.
850 3954 868 4008 I
897 3971 910 4007 :
937 3949 1296 4025 Omnibusqui
1318 3961 1434 4025 sunt
1457 3949 1634 4004 Romae
1661 3951 1849 4025 vocatis

255 4033 464 4086 sanctis.
510 4022 842 4086 Sattctissiini
880 4040 1093 4096 quoque
1133 4023 1260 4096 olim
1299 4022 1613 4096 dicebantur
1653 4023 1852 4090 promi-

257 4115 387 4156 scue
426 4101 700 4173 Episcopi,
740 4093 926 4154 verum
969 4093 1106 4151 hanc
1142 4094 1242 4173 sibi
1281 4109 1348 4173 en
1386 4093 1699 4173 antiquitate
1737 4109 1853 4148 ser-

256 4174 404 4228 vavit
433 4164 842 4244 appellationem
878 4183 1119 4223 summus
1146 4164 1389 4221 Pontifex
1417 4165 1584 4244 solus.
1615 4164 1692 4219 Le
1720 4181 1803 4220 Ρη.

334 4244 416 4315 (a)
461 4237 713 4300 Divortio.
779 4241 917 4315 Ergo
979 4253 1360 4315 nonnunquam
1417 4237 1590 4315 etiam
1653 4253 1848 4293 uxores

257 4308 593 4380 citristianm,
633 4308 880 4383 conjugio
909 4327 1002 4382 per
1035 4311 1323 4383 divortium
1353 4308 1563 4383 solutae,
1606 4323 1711 4383 non
1749 4325 1848 4364 ex-

259 4396 508 4455 spectato
538 4379 714 4441 mariti
735 4379 988 4447 exceSSu,
1019 4382 1175 4436 alteri
1207 4389 1429 4455 nuptum
1474 4379 1638 4434 ibant.
1669 4381 1851 4455 Itaque

258 4451 368 4510 non
414 4469 572 4512 erant
610 4455 765 4510 unius
804 4455 900 4507 viri
947 4467 1163 4508 uxores.
1205 4451 1313 4507 Sed
1361 4465 1459 4506 nec
1501 4462 1654 4504 erant
1693 4453 1850 4507 unius

259 4529 447 4583 uxoris
473 4530 598 4594 viri,
624 4526 716 4597 qui
754 4524 1028 4597 repudiata
1061 4523 1288 4597 conjuge
1317 4522 1540 4597 alteram
1565 4521 1849 4597 duxerant.

261 4593 860 4677 Iittjtl§ln0di¥pbr80llilt
904 4611 974 4677 ex
1007 4594 1248 4676 npostqli
1277 4594 1541 4677 sententia
1579 4593 1857 4677 ordinibus
1882 4617 1936 4677 D

261 4663 377 4725 sive
408 4663 706 4727 honoribus
742 4663 1118 4723 ecclesiasticis
1139 4665 1316 4720 minus
1342 4663 1546 4719 habiles
1567 4664 1862 4719 censeban-

265 4749 392 4809 tur,
426 4754 489 4798 ut
535 4740 766 4809 exempli
815 4754 920 4792 non
950 4739 1080 4792 satis
1111 4737 1300 4805 integri
1346 4750 1447 4791 nec
1491 4736 1857 4809 temperantis.

262 4808 424 4881 Nam,
440 4815 543 4869 etsi
573 4807 776 4883 legibus
797 4809 955 4865 vetita
979 4825 1082 4863 non
1106 4818 1288 4863 essent
1310 4807 1656 4883 ea‘conjugia,
1677 4818 1858 4883 tamen

265 4877 510 4952 expertia
555 4877 736 4955 probri
786 4897 891 4936 non
943 4877 1859 4955 erant,_nec__l'cliciterecclesiam

268 4949 517 5012 recturus
548 4949 853 5018 videbatur,
885 4951 968 5006 cui
1003 4960 1112 5005 tam
1143 4949 1325 5004 infelix
1353 4949 1658 5019 conjugium
1685 4964 1862 5004 cesse-

266 5033 346 5099 rat
377 5043 392 5099 :_
415 5038 510 5082 aut
552 5043 736 5099 parum
781 5025 922 5096 plebi
950 5021 1255 5099 christiana:
1285 5032 1598 5078 servaturos
1624 5023 1860 5099 benevo-

267 5091 448 5152 lentia:
480 5091 661 5164 fidem,
685 5091 841 5169 quam
863 5094 1074 5169 conjugi
1102 5093 1320 5169 minime
1345 5103 1668 5169 servaverat.
1691 5091 1868 5169 Chry-

268 5172 498 5248 sostomi
526 5164 858 5248 verbafsunt,
894 5164 1042 5222 Pauli
1068 5166 1135 5248 ad
1157 5164 1336 5248 'l‘itnm
1370 5164 1665 5248 Epistulam
1698 5165 1864 5218 inter-

269 5243 533 5302 pretantis
557 5261 571 5296 :
596 5239 637 5296 ὁ
658 5246 751 5313 γὰρ
779 5250 890 5309 πρὸς
940 5249 1027 5294 τὶν
1065 5242 1357 5292 ἀπελθοῦσιν
1398 5239 1634 5313 μηᾷιμίαν
1660 5242 1866 5313 φυλάξῃς

269 5313 470 5391 abnatat»,
506 5331 602 5374 πῶς
631 5310 686 5366 at
717 5310 846 5371 iam
881 5319 1056 5391 γένσήιτο
1090 5315 1352 5379 προστάτης
1381 5310 1548 5372 κιλὸςς
1574 5320 1684 5364 τίνα
1717 5312 1763 5361 δὲ
1791 5312 1869 5362 οὐκ

269 5375 327 5426 ἀν
357 5386 596 5449 {Inoa-retin
624 5394 944 5454 κατηγορίαν;
973 5371 1075 5436 in:
1097 5386 1190 5452 γὰρ
1219 5383 1452 5445 ἅπαντες,
1485 5386 1583 5435 ἴστε
1607 5387 1682 5436 ὅτι
1718 5383 1759 5433 εὶ
1798 5390 1871 5446 μή

271 5457 532 5527 εσλώλυται
559 5462 693 5527 παρὰ.
714 5452 810 5511 rei???
826 5457 974 5522 νόμων
997 5461 1051 5508 τὸ
1079 5457 1305 5522 δευτέροις
1329 5458 1506 5521 ὁμιλεῖν
1536 5459 1708 5523 γάμοις
1724 5493 1738 5518 ,
1770 5452 1875 5506 ἀλλ’

272 5516 395 5596 δμῦξε
412 5530 609 5596 nulla;
629 5516 732 5596 ὶχιι
750 5536 802 5582 τὸ
828 5516 1027 5595 «rqu
1049 5516 1362 5596 κατηγξρίᾳςξ
1388 5524 1464 5596 LE
1493 5516 1589 5578 Ρίι.

347 5585 431 5666 (b)
461 5593 568 5647 Sed
591 5585 736 5652 ne"in
765 5585 998 5652 nub'en'do
1037 5585 1239 5666 quidem
1281 5595 1564 5666 disciplina:
1590 5596 1876 5666 meminisse

275 5657 562 5735 voluerunt.
588 5666 704 5721 Non
726 5677 940 5721 accusat
955 5657 1356 5735 eas'disciplinre
1375 5657 1601 5731 violatur,
1622 5682 1687 5722 eo
1710 5665 1872 5736 quod,

277 5737 394 5808 γης)
419 5747 448 5784 a
479 5752 587 5806 quo
615 5738 853 5794 dimissae
881 5737 1090 5793 fuerant
1118 5738 1349 5804 vivente,
1369 5737 1522 5793 alteri
1554 5749 1875 5808 nupserant;

278 5797 405 5886 ξξῇ
426 5797 679 5886 eq'quod
719 5810 933 5886 ethnieo
973 5818 1267 5886 nnpserant
1289 5851 1305 5878 ,
1336 5797 1552 5879 nuptias
1579 5797 1703 5866 sdas
1731 5797 1880 5867 extra

279 5861 597 5938 Ecclesiarii
609 5861 864 5939 idem:
881 5861 1101 5934 Lara:

649 5976 1184 6060 Tnnwnuaaql.

2014 3520 2094 3594 (ο)
2124 3519 2228 3594 Ne
2254 3537 2395 3594 nunc
2449 3521 2702 3576 mentione
2751 3523 3046 3593 nuptiarum
3098 3524 3396 3594 proclivium
3449 3525 3540 3582 tibi

1942 3593 2150 3676 cavendi
2178 3593 2482 3676 ablatiqnem
2523 3594 2730 3664 faciam.
2763 3594 2864 3676 Qui
2901 3593 3178 3676 superiore
3209 3596 3345 3652 libro
3373 3601 3529 3655 uxori

1945 3665 2226 3748 consilium
2256 3664 2477 3748 dederat
2499 3674 2556 3720 ut
2581 3666 2832 3748 secundts
2861 3664 3060 3748 nuptiis
3085 3669 3534 3732 abstineret,dic-

1951 3745 2103 3820 turus
2129 3737 2238 3820 jam
2267 3736 2334 3820 de
2372 3736 2562 3819 iisdem
2613 3739 2993 3820 nuptii_s,.si.in
3024 3754 3208 3820 earum
3239 3743 3532 3820 necessita-

1953 3807 2546 3892 tettrincidathnonnisi
2571 3823 2700 3892 cunt
2741 3808 3037 3892 christiano
3065 3809 3344 3877 faciendis,
3367 3815 3544 3869 vereri

1953 3881 2126 3962 scait,
2151 3896 2218 3936 ne
2245 3880 2397 3962 istius
2422 3881 2753 3962 secundaria:
2772 3881 3162 3962 adhortationis
3189 3883 3541 3954 indulgentia,

1955 3952 2148 4034 prioris
2187 3952 2550 4034 austeritatem
2577 3951 2901 4034 deseruisse,
2941 3962 3031 4034 aut
3066 3953 3134 4010 de
3162 3970 3224 4010 ea
3254 3951 3542 4023 plurimum

1953 4024 2226 4094 remisisse
2253 4023 2528 4089 videatur,
2557 4039 2716 4094 quam
2757 4023 3106 4080 nihilominus
3136 4028 3410 4082 observari
3445 4044 3542 4084 ve-

1956 4093 2238 4178 hetnenter
2281 4095 2478 4178 cupiat.
2523 4093 2706 4166 Itaque
2743 4095 2872 4178 mihi
2903 4095 3158 4178 confusus
3196 4108 3280 4153 est
3313 4099 3548 4178 animus,

1956 4167 2146 4236 inquit,
2195 4182 2262 4221 ne
2300 4167 2392 4248 qui
2434 4175 2493 4248 te
2540 4183 2710 4248 nuper
2755 4167 2824 4222 ad
2863 4167 3254 4248 univiratuset
3281 4170 3550 4227 viduitatis

1951 4238 2404 4316 perseverantiam
2434 4237 2674 4316 hortatus
2695 4254 2834 4316 sum,
2853 4255 3005 4316 nunc
3033 4242 3304 4316 mentione
3339 4245 3551 4314 nuptia-

1953 4325 2072 4365 rum
2120 4309 2418 4381 proclivium
2457 4309 2546 4362 tibi
2585 4309 2784 4364 labendi
2813 4311 2874 4364 ab
2913 4310 3179 4367 altioribus
3221 4309 3427 4381 faciam;
3459 4317 3551 4372 Sic

1955 4381 2220 4436 editiones
2240 4380 2489 4454 _lihen_ani
2523 4390 2575 4435 et
2603 4381 2844 4454 Pamelii.
2887 4384 2954 4436 At
2981 4383 3115 4438 liber
3146 4380 3412 4454 Ag’obardi
3457 4403 3554 4442 ex-

1957 4463 2179 4508 tremam
2199 4451 2498 4532 .clansulatn
2526 4453 2950 4532 exhibet-verbis
2979 4457 3044 4509 ad
3073 4451 3386 4510 Tertulliani
3428 4472 3552 4513 sen-

1958 4539 2076 4604 sum
2105 4522 2430 4604 aptioribus,
2461 4539 2524 4577 ne
2551 4524 2848 4604 proclivium
2877 4525 2979 4604 tibi
3004 4527 3214 4580 cavendi
3242 4528 3548 4582 oblationem

1963 4595 2169 4676 faciam.
2204 4595 2304 4676 hoc
2331 4603 2434 4659 est,
2464 4610 2530 4676 ne
2559 4596 2754 4676 ablatio
2780 4597 3001 4676 cavendi
3032 4601 3099 4676 sit
3127 4597 3217 4651 tibi
3248 4600 3396 4676 velut
3426 4615 3551 4669 pro-

1963 4666 2200 4746 clivium.
2238 4665 2436 4746 Vereor
2451 4708 2470 4746 ,_
2495 4666 2683 4746 inquit.
2711 4681 2786 4746 ne
2805 4669 3016 4746 mentio
3051 4669 3148 4722 ista
3190 4665 3547 4726 secundarum

1964 4737 2266 4809 nuptiarum
2297 4737 2365 4809 sit
2389 4737 2583 4792 ablatio
2612 4738 3004 4808 prohibitionis,
3027 4751 3184 4809 atque
3213 4740 3335 4794 inde
3363 4740 3428 4796 ad
3460 4758 3552 4796 se-

1963 4807 2171 4889 cundas
2217 4808 2428 4889 nuptias
2472 4809 2574 4864 iter
2613 4807 2975 4889 ’in_proclivi.
3025 4807 3341 4889 l’roeliviutn
3393 4811 3544 4882 dicit,

1964 4879 2190 4961 labendi
2224 4879 2538 4961 periculum,
2578 4879 2722 4952 quod
2758 4895 2887 4935 sane
2921 4881 3216 4961 promptius
3245 4893 3326 4961 est
3349 4887 3399 4937 in
3428 4879 3552 4952 pro;

1962 4951 2106 5005 clivi.
2153 4951 2395 5006 Proclive
2423 4951 2618 5018 autem,
2662 4966 2758 5007 seu
2802 4951 3135 5021 proclivinm,
3181 4951 3295 5008 ﬁeri
3344 4951 3556 5011 videtur

1963 5023 2232 5103 ablatione
2277 5022 2541 5089 cavendi,
2595 5024 2805 5103 quoties
2867 5021 3181 5103 auferuntur
3231 5024 3411 5080 obices
3463 5036 3556 5082 aut

1967 5094 2330 5220 ἓέῗξῗιὲυιξιιυιθ
2351 5107 2526 5160 ansae,
2551 5095 2745 5164 quibus
2773 5093 3120 5164 apprehensis
3145 5097 3320 5153 caveri
3350 5100 3558 5168 potuis-

2057 5206 2068 5218 .
2231 5182 2284 5220 ιι.

1969 5175 2068 5221 8οῑ-
2091 5175 2166 5220 LE
2190 5175 2284 5221 ΡΒ.

2048 5237 2125 5308 (d)
2161 5237 2310 5304 Quod
2333 5238 2378 5290 si
2405 5237 2596 5308 integre
2624 5236 2783 5306 sapis,
2811 5246 2942 5308 certe
2977 5237 3131 5303 istud,
3161 5242 3465 5295 servandum
3493 5243 3565 5298 ibi

1975 5307 2260 5381 esse,'quod
2275 5310 2338 5362 sit
2357 5307 2528 5381 utilius
2550 5307 2719 5377 (juxta
2745 5307 2868 5363 lect.
2883 5307 3052 5381 van).
3073 5308 3168 5366 Hic
3185 5313 3348 5366 multa
3377 5328 3563 5370 emen-

1977 5379 2238 5446 davitnus,
2266 5380 2529 5449 Agobardi
2549 5381 2684 5434 libro
2704 5381 2780 5434 sic
2797 5379 3075 5436 suadente.
3101 5383 3188 5436 Ait
3207 5382 3567 5442 Tertullianus

1979 5451 2046 5506 ad
2064 5467 2284 5507 uxorem
2302 5469 2314 5503 :
2334 5451 2390 5505 Si
2407 5451 2611 5523 integre
2634 5466 2696 5506 ac
2713 5453 2948 5521 perfecte
2971 5454 3134 5522 sapis,
3156 5454 3248 5518 ibi,
3269 5455 3368 5510 hoc
3390 5467 3491 5523 est,
3517 5459 3572 5514 in

1979 5525 2252 5579 mentione
2271 5522 2570 5596 nuptiarum
2584 5523 2894 5596 sectandum
2913 5537 3032 5596 esse
3045 5525 3187 5594 quod
3205 5527 3275 5580 sit
3293 5522 3496 5596 utilius,
3511 5538 3571 5584 ut

1981 5610 2175 5676 nempe
2197 5594 2448 5676 secundis
2463 5595 2660 5663 nuptiis
2685 5594 3114 5676 abstineas.Quia
3131 5611 3256 5650 vero
3271 5594 3495 5656 arduum
3509 5617 3572 5656 ac

1982 5665 2200 5747 diiticile
2231 5665 2465 5747 hoevitae
2485 5667 2813 5735 propositum
2841 5681 2961 5747 esse
2985 5670 3117 5733 scio,
3146 5667 3485 5726 subresidere
3513 5689 3579 5727 ac

1982 5738 2279 5811 subsistere
2289 5736 2508 5811 placuit,
2524 5746 2578 5791 et
2599 5752 2815 5811 pausam
2841 5739 3073 5811 aliquam
3091 5740 3360 5795 scribendi
3380 5745 3579 5811 facere,

1985 5809 2111 5889 dum
2132 5825 2216 5863 me
2237 5807 2660 5889 ad‘subscquens
2682 5809 2821 5889 istud
2847 5809 3373 5889 cons-iliutnucoiligo,
3409 5807 3583 5884 neque

1988 5882 2055 5938 de
2077 5881 2179 5938 isto
2201 5878 2414 5952 quidem
2432 5881 2498 5936 ad
2519 5890 2568 5938 te
2587 5881 2908 5946 retulissem,
2928 5882 3028 5936 nisi
3058 5878 3421 5939 difficultatem
3444 5878 3562 5943 com
3585 5932 3612 5950 ,

2685 5975 3030 6059 (Quarante
3052 5985 3108 6041 et
3139 5979 3308 6058 nne.)
