4068 6352
595 297 736 364 ⁸1ἳ91

2026 293 2488 364 τεκτιιιιωα

3718 301 3823 376 uti

600 438 662 480 re
695 421 796 493 (l).
840 417 938 489 Qui
978 416 1051 475 ita
1091 415 1499 488 interpretatur,
1546 410 1687 472 absit
1725 421 1788 472 ut
1811 411 1990 472 sciens
2011 430 2070 472 se
2089 415 2198 472 cir-
2225 421 2274 479 A
2303 418 2566 485 minatur;
2595 415 2838 476 districta
2873 416 2968 492 (ε).
3011 417 3260 491 expedita
3291 413 3711 483 sententiaestet
3739 429 3821 501 ipsa

603 513 950 571 cumscribat.
1010 510 1277 568 Caeterum
1339 508 1683 566 manifestum
1736 517 1821 566 est
1877 509 2196 580 scripturam

602 607 762 662 istam
785 619 879 661 eos
901 602 1084 659 ﬁdeles
1111 601 1416 674 designare,
1446 600 1536 674 qui
1569 601 1622 656 in
1647 601 1988 656 matrimonio
2013 600 2200 671 gentili

605 700 808 756 inventi
857 712 886 752 a
912 695 1006 751 Dei
1051 695 1219 767 gratia
1262 692 1487 764 fuerint,
1532 694 1829 750 secundum
1859 693 2020 749 verba
2047 694 2197 765 ipsa:

608 792 672 850 Si
711 792 845 865 quis,
875 790 1066 863 inquit,
1095 789 1264 860 ﬁdelis
1304 805 1515 844 uxorem
1565 789 1714 844 habet
1761 789 2040 859 inﬁdelem.
2083 789 2202 846 Non

608 888 769 944 dicit:
796 907 814 940 ‹
839 900 1059 942 uxorem
1083 884 1227 940 ducit
1254 883 1578 940 inﬁdelem.»
1604 884 1849 940 Ostendit
1871 885 1982 956 jam
2010 888 2064 941 in
2091 901 2204 942 ma-

607 985 862 1039 trimonio
903 992 1148 1053 agentem
1200 980 1443 1036 mulieris
1473 981 1722 1049 inﬁdelis,
1755 997 1880 1038 mox
1911 983 2078 1054 gratia
2109 983 2205 1040 Dei

607 1091 951 1143 conversum,
986 1088 1332 1146 perseverare
1377 1089 1499 1129 cum
1539 1090 1708 1131 uxore
1754 1074 1971 1143 debere,
2002 1077 2206 1134 scilicet

607 1178 924 1241 propterea,
969 1183 1037 1222 ne
1089 1167 1206 1237 quis
1261 1165 1420 1221 ﬁdem
1474 1177 1794 1224 consecutus
1843 1178 2054 1239 putaret
2101 1169 2205 1226 sibi

605 1261 990 1318 devertendum
1019 1275 1140 1316 esse
1160 1259 1226 1315 ab
1251 1259 1422 1315 aliena
1437 1260 1548 1330 jam
1576 1268 1631 1318 et
1656 1271 1908 1318 extranea
1939 1263 2204 1334 quodam-

607 1355 772 1428 modo
800 1353 1036 1410 lmmina.
1066 1352 1216 1408 Adeo
1240 1362 1294 1408 et
1313 1352 1573 1408 rationem
1605 1354 1839 1425 subjicit,
1870 1354 1922 1409 in
1955 1370 2083 1426 pace
2112 1370 2210 1412 nos

613 1450 795 1505 vocari
818 1464 848 1503 a
877 1449 1102 1504 Domino
1132 1446 1235 1520 (2),
1267 1458 1321 1504 et
1367 1463 1524 1519 posse
1550 1449 1818 1505 inlldelem
1872 1466 1902 1506 a
1932 1449 2075 1506 ﬁdeli
2116 1465 2211 1521 per

2302 511 2385 566 sui
2409 511 2665 568 brevitate
2692 509 2940 568 facunda.
2968 511 3059 568 Sic
3087 513 3228 571 solet
3247 512 3427 570 divina
3457 531 3573 584 vox,
3610 529 3663 574 ut
3677 525 3821 581 statim

2303 605 2584 678 intelligas,
2621 606 2800 662 statim
2828 607 3086 665 observes
3113 608 3217 681 (6).
3241 609 3377 678 Quis
3402 611 3540 667 enim
3577 627 3674 670 non
3711 617 3826 673 intel.

2304 702 2472 774 ligere
2503 701 2922 773 possitperioula
2951 703 3117 758 multa
3141 713 3199 761 et
3243 704 3461 762 vulnera
3481 705 3598 762 ﬁdei
3624 708 3670 764 in
3690 708 3826 780 hujus-

2309 795 2454 851 modi
2486 795 2706 866 nuptiis,
2749 810 2882 866 quas
2911 796 3190 868 prohibet,
3225 799 3532 869 Apostolum
3569 803 3826 876 providisse,

2307 899 2361 946 et
2390 890 2563 961 primo
2579 889 2795 961 quidem
2817 890 2999 945 carnis
3014 898 3214 947 sanctm
3240 893 3293 947 in
3321 907 3480 949 carne
3506 895 3671 965 gentili
3695 897 3830 969 inqui-

2307 992 2618 1038 namentum
2657 983 3017 1053 praecavisse?
3057 983 3169 1039 Hoc
3201 983 3322 1040 loco
3339 985 3477 1046 dicet
3507 987 3703 1058 aliquis:
3728 990 3830 1058 Quid

2309 1090 2438 1147 ergo
2466 1075 2632 1131 refert
2673 1075 2814 1132 inter
2838 1091 2961 1132 eum
2989 1077 3079 1148 qui
3121 1078 3178 1132 in
3227 1079 3570 1135 matrimonio
3613 1083 3831 1151 gentilisa

2313 1169 2542 1225 Domino
2559 1169 2826 1241 allegitur,
2845 1179 2899 1226 et
2915 1171 3068 1237 olim,
3097 1170 3148 1226 id
3167 1181 3249 1226 est
3277 1181 3404 1226 ante
3433 1173 3629 1242 nuptias
3651 1173 3830 1244 ﬁdelem,

2311 1271 2368 1318 ut
2393 1276 2497 1317 non
2519 1263 2743 1332 proinde
2766 1263 2916 1318 carni
2945 1279 3060 1319 suae
3079 1271 3327 1331 caveant,
3356 1280 3475 1320 eum
3496 1267 3623 1321 alter
3640 1281 3664 1320 a
3689 1270 3835 1338 nuptiis

2316 1354 2547 1411 inﬁdelis
2585 1364 2853 1422 arceatur,
2881 1357 3022 1412 alter
3052 1357 3105 1412 in
3136 1357 3202 1412 iis
3228 1372 3575 1429 perseverare
3614 1359 3835 1429 iubeatur?

2313 1451 2424 1507 Cur
2474 1451 2518 1506 si
2568 1467 2597 1506 a
2637 1453 2820 1522 gentili
2877 1451 3241 1522 inquinamur,
3274 1466 3381 1507 non
3425 1452 3512 1508 ille
3558 1452 3834 1526 disiungitur,

611 1558 770 1601 usum
797 1542 1122 1598 matrimonii
1144 1541 1417 1599 lucriﬁeri.
1438 1541 1553 1614 Ipsa
1577 1541 1738 1599 etiam
1755 1542 1992 1598 clausula
2013 1542 2116 1599 hoc
2136 1543 2208 1600 ita
2315 1543 2767 1614 quemadmodum
2793 1543 2898 1600 iste
2933 1558 3039 1601 non
3069 1544 3375 1616 obligatur?
3418 1545 3760 1616 Respondebo:
3797 1550 3836 1605 Si

613 1635 1018 1708 intelligendum
1045 1650 1164 1691 esse
1187 1636 1492 1702 conﬁrmat,
1527 1646 1582 1690 at
1619 1636 1849 1708 quisque,
1879 1636 1972 1703 ait,
2005 1647 2213 1692 vocatur
2317 1637 2539 1707 spiritus
2560 1637 2790 1704 dederit,
2820 1645 2947 1694 ante
2971 1637 3152 1694 omnia
3181 1637 3424 1710 allegans
3446 1639 3706 1696 Dominum
3719 1644 3838 1713 magis

612 1751 642 1787 α
669 1732 889 1787 Domino
919 1731 990 1785 ita
1021 1741 1295 1802 perseveret
1329 1730 1378 1801 (l
1411 1730 1528 1786 Cor.
1559 1728 1671 1796 VII,
1698 1730 1914 1801 15-17).
1939 1730 2213 1787 Vocantur
2241 1798 2285 1807 _
2317 1739 2494 1787 ratum
2544 1731 2746 1788 habere
2804 1732 3206 1790 matrimonium
3264 1745 3376 1789 non
3423 1733 3685 1802 contrahi,
3724 1751 3838 1807 quam

609 1838 788 1885 autem
807 1798 1381 1899 geiitiles,opiiior,non
1405 1825 1766 1894 ﬁdeles.Quod
1791 1798 1914 1884 side
1932 1827 2212 1886 ﬁdeliante
2241 1798 2290 1861 Β
2318 1825 2539 1880 omnino
2576 1823 2842 1897 disiungi:
2885 1825 3119 1896 deuincta
3160 1825 3450 1882 divortium
3495 1798 3751 1899 prohibet;
3772 1830 3840 1886 nisi

609 1921 1012 1988 matrimonium
1064 1927 1468 1991 pronuntiasset
1534 1920 1824 1988 absolute,
1888 1923 2210 1994 permiserat

609 2016 811 2072 sanctis
838 2014 999 2085 vulgo
1025 2013 1259 2081 nubere;
1287 2013 1333 2070 si
1370 2029 1499 2070 vero
1546 2015 1886 2085 permiserat,
1935 2034 2208 2091 nunquam

611 2119 721 2165 tam
751 2109 1016 2164 diversam
1065 2115 1225 2177 atque
1258 2108 1582 2162 contrariam
1606 2108 1893 2178 permissui
1941 2127 2041 2166 suo
2079 2127 2207 2182 pro-

612 2201 1006 2258 nuntiationem
1051 2197 1413 2265 subdidisset,
1465 2197 1650 2256 dicens
1689 2219 1702 2256 :
1745 2199 1942 2258 Mulier
1971 2203 2211 2274 defuncto

614 2297 725 2352 viro
753 2294 832 2368 (a)
869 2294 1028 2349 libera
1054 2301 1138 2358 est
1167 2309 1180 2346 :
1211 2292 1291 2346 cui
1319 2293 1423 2347 uult
1453 2293 1633 2362 nubat,
1667 2303 1865 2349 tantum
1888 2291 1952 2350 in’
1971 2295 2214 2352 Domino.

615 2393 715 2448 llic
730 2399 877 2447 certe
902 2389 1034 2445 nihil
1059 2387 1458 2446 retractandum
1489 2399 1602 2456 est;
1631 2405 1752 2448 nam
1781 2391 1848 2448 de
1874 2408 1982 2464 quo
2011 2407 2215 2451 retrac-

617 2485 720 2542 tari
748 2484 828 2558 (5)
858 2483 1141 2554 potuisset,
1167 2483 1457 2553 Apostolus
1487 2484 1568 2555 (4)
1595 2485 1817 2541 cecinit:
1848 2502 1916 2542 ne
1935 2487 2079 2558 quod
2122 2489 2216 2555 ait,

617 2579 702 2634 cui
744 2578 861 2632 velit
891 2577 1070 2641 nubat,
1120 2575 1262 2631 male
1313 2585 1608 2646 uteremur,
1657 2577 1892 2648 adjecit,
1929 2589 2128 2634 tantum
2165 2581 2220 2636 in

617 2671 864 2737 Domino,
895 2668 948 2725 id
973 2669 1122 2724 estin
1151 2669 1366 2726 nomine
1385 2669 1764 2742 Domini,quod
1793 2682 1875 2728 est
1901 2674 2219 2743 indubitate,

618 2762 935 2818 christiano.
975 2760 1069 2816 Ille
1110 2761 1270 2831 igitur
1313 2763 1587 2831 apostolus
1637 2764 1719 2834 (5)
1756 2775 1993 2833 sanctus,
2025 2768 2114 2838 qui
2140 2770 2220 2824 vi-

617 2857 753 2914 duas
779 2864 836 2912 et
861 2856 1117 2933 innuptas
1145 2854 1439 2926 integritati
1475 2857 1549 2930 (ὸ)
1593 2872 1944 2928 perseverare
1995 2864 2220 2934 mavult,

620 2951 711 3024 qui
751 2965 849 3006 nos
877 2948 944 3005 ad
994 2948 1299 3018 exemplum
1344 2949 1426 3004 sui
1479 2939 1744 3016 hortatur,
1806 2954 2007 3009 nullam
2063 2956 2222 3012 aliam

623 3045 850 3100 formam
902 3039 1323 3112 repetundarum
1385 3041 1692 3110 nuptiarum
1737 3044 1840 3100 nisi
1887 3043 1945 3102 in
1992 3046 2224 3105 Domino

623 3135 940 3210 praescribit,
1003 3133 1128 3189 huic
1168 3133 1271 3190 soli
1322 3133 1615 3190 conditioni
1654 3137 2006 3194 continentia:
2055 3142 2223 3196 detri-
2253 3173 2298 3238 ρ

624 3239 802 3289 menta
863 3227 1154 3284 concedit:
1204 3224 1461 3292 Tantum,
1513 3225 1689 3310 inquit
1738 3229 1841 3300 (c),
1886 3230 1940 3284 in
1980 3227 2223 3290 Domino.

625 3325 838 3397 Adjecit
859 3322 1070 3396 pondus
1098 3319 1202 3391 legi
1235 3334 1346 3375 suae
1373 3328 1598 3376 tantum.
1641 3321 1759 3390 Quo
1797 3337 1933 3379 sono
1963 3334 2019 3380 et
2065 3327 2228 3383 modo

628 3416 987 3478 cnuntiaveris
1009 3415 1209 3472 dictum
1252 3414 1412 3480 istud,
1437 3428 1724 3470 onerosum
1755 3425 1870 3483 est;
1912 3428 1968 3473 et
1992 3417 2147 3489 jubet
2175 3429 2229 3476 et

629 3513 842 3582 suadet,
873 3519 922 3568 et
951 3507 1215 3581 precipit,
1243 3515 1298 3563 et
1339 3505 1584 3563 hortatur
1607 3507 1706 3579 (ά),
1739 3516 1794 3564 et
1817 3519 1969 3581 rogat
1997 3521 2056 3566 et
2079 3525 2230 3568 com-

2316 1919 2489 1988 stupri
2516 1933 2732 1986 caussa,
2762 1918 3149 1974 continentiam
3180 1933 3311 1974 vero
3345 1921 3686 1975 commendat.
3721 1919 3842 1976 liabet

2315 2012 2479 2083 igitur
2510 2011 2600 2068 ille
2625 2011 3006 2082 perseverandi
3033 2013 3434 2079 necessitatem,
3468 2013 3552 2068 hic
3573 2028 3713 2085 porro
3728 2016 3841 2071 etiam

2315 2123 2422 2163 non
2450 2107 2682 2163 nubendi
2709 2114 3054 2178 potestatem.
3084 2107 3235 2162 Tunc
3282 2109 3328 2163 si
3362 2109 3640 2164 secundum
3663 2111 3842 2180 Scriptu-

2316 2215 2431 2255 ram
2465 2199 2556 2270 qui
2588 2199 2640 2254 in
2669 2199 3013 2254 matrimonio
3031 2201 3216 2270 gentili
3246 2215 3277 2255 a
3302 2200 3410 2256 ﬁde
3429 2201 3841 2272 deprehenduntur,

2321 2304 2604 2365 propterea
2629 2309 2737 2350 non
2760 2293 3129 2365 inquinamur,
3157 2295 3279 2366 quia
3303 2311 3428 2351 cum
3457 2297 3583 2367 ipsis
3601 2297 3675 2351 alii
3691 2312 3844 2366 quoque

2320 2387 2756 2444 sanctiﬁcantur:
2788 2389 2905 2443 sine
2932 2387 3097 2444 dubio
3115 2388 3222 2454 isti,
3257 2387 3494 2460 quiante
3523 2390 3711 2460 nuptias
3733 2404 3843 2444 sanc-

2325 2480 2508 2538 tiﬁcati
2550 2490 2695 2547 sunt,
2719 2481 2766 2537 si
2789 2490 3062 2538 extranea:
3083 2482 3235 2537 carni
3271 2482 3718 2548 commisceantur,
3740 2498 3845 2538 sanc-

2325 2575 2528 2630 tiﬁcare
2549 2590 2668 2630 eam
2689 2589 2793 2630 non
2817 2583 3060 2645 possunt,
3085 2575 3137 2630 in
3155 2589 3260 2646 qua
3291 2590 3403 2632 non
3433 2585 3556 2632 sunt
3577 2573 3844 2648 deprehensi.

2329 2668 2424 2724 Dei
2446 2678 2622 2724 autem
2649 2669 2822 2739 gratia
2867 2668 2999 2724 illud
3041 2667 3367 2735 sanctiﬁcat,
3417 2668 3556 2741 quod
3581 2670 3766 2725 invenit.
3798 2667 3846 2722 lla

2328 2761 2472 2832 quod
2503 2760 2826 2818 sanctiﬁcari
2872 2778 2979 2818 non
3018 2763 3212 2835 potuit,
3262 2763 3596 2819 immundum
3633 2760 3848 2834 est;un

2315 2855 2662 2912 immundum
2709 2864 2812 2922 est,
2869 2871 2992 2912 eum
3024 2866 3213 2912 sancto
3242 2871 3353 2913 non
3383 2858 3544 2914 habet
3569 2865 3759 2930 partem,
3781 2853 3848 2910 nisi

2331 2957 2390 3006 ut
2411 2949 2480 3006 de
2500 2964 2600 3006 suo
2625 2948 2868 3021 inquinet
2893 2958 2947 3006 et
2971 2949 3201 3005 occidat.

2900 3043 3131 3099 CAPUT
3159 3043 3252 3098 111.

2406 3137 2531 3193 litec
2558 3151 2678 3193 cum
2707 3138 2778 3193 ita
2809 3137 2931 3203 sint,
2963 3135 3150 3192 ﬁdeles
3177 3135 3462 3207 gentilium
3491 3133 3853 3192 matrimoniasu-

2337 3231 2566 3287 beuntes
2589 3231 2758 3300 stupri
2790 3244 2912 3285 reos
2936 3243 3058 3285 esse
3085 3239 3302 3285 constat
3327 3240 3386 3285 et
3407 3229 3661 3286 arcendos
3681 3227 3738 3282 ab
3753 3222 3854 3280 omni

2334 3324 2818 3381 communicatione
2835 3323 3273 3391 fraternitatis,“
3289 3325 3489 3380 litteris
3504 3328 3542 3379 A
3552 3323 3716 3395 postoﬁ
3728 3320 3854 3375 dicen-

2338 3421 2425 3487 tis,
2454 3435 2567 3474 cum
2591 3418 2842 3487 ejusmodi
2867 3434 2957 3472 nec
2984 3419 3150 3472 cibum
3174 3419 3484 3473 sumendum
3524 3417 3568 3491 (l
3592 3413 3780 3481 (λοι-ην,
3797 3411 3854 3482 Il).

2337 3515 2446 3568 Aut
2490 3508 2750 3583 numquid
2781 3510 2989 3567 tabulas
3038 3510 3306 3582 nuptiales
3335 3511 3410 3585 (Ι)
3439 3511 3506 3569 de
3533 3510 3618 3567 illo
3641 3506 3756 3580 apud
3794 3501 3856 3559 tri-

1867 3625 2161 3685 LECTION
2167 3628 2252 3687 ES
2290 3627 2705 3686 VARIANTES.

687 3751 767 3816 (l)
801 3750 884 3816 Ita
904 3745 954 3816 It.
975 3744 1010 3795 ι.
1251 3737 1432 3816 Rigalt.
1474 3737 1615 3816 415i;
1634 3738 1733 3816 {eis
1755 3739 1985 3816 ﬁdelibus
2007 3744 2234 3816 invinctls

627 3802 718 3892 ςειῖ
747 3802 994 3892 iniunctis,
1016 3802 1343 3892 al.‘.inventis')
1366 3802 1524 3892 simpl.
1553 3802 1929 3892 intelligendam
1955 3813 2146 3869 putent,
2162 3813 2232 3858 et.

631 3867 666 3931 ἰ,
693 3891 742 3926 n.
767 3867 944 3933 licere,
977 3867 1059 3934 Qui
1079 3867 1576 3934 itainterp'retantur.
1602 3867 1764 3929 Absit,
1795 3874 1889 3917 etc.

695 3939 775 4071 iii

799 3935 906 4002 Εἰς.
929 3929 1277 4002 ’θᾱᾙριιιξιιμῐῐι
1302 3929 1485 4002 deum.

803 3990 996 4053 water
1020 3991 1288 4062 Rigaltt'um
1320 3990 1503 4054 cwteri,
1530 3990 1593 4042 de
1620 4006 1682 4043 eo
1725 3993 1857 4056 quod
1893 3996 2090 4046 tractari
2133 4000 2236 4060 pot.

2401 3736 2534 3819 μείς)
2562 3744 2774 3808 Utroque
2795 3740 2846 3794 in
2869 3742 2974 3794 loco
2994 3741 3148 3795 Rhen.
3161 3717 3213 3795 in
3236 3746 3371 3796 Mss.
3397 3741 3549 3811 legit:
3571 3742 3770 3798 etiam.
3786 3737 3860 3804 Εἰς.

2341 3807 2652 3935 ερξὲιῖἳίῗεη.
2672 3875 2719 3921 et
2746 3871 2892 3935 fam.
2917 3881 2934 3935 ς
2958 3869 3228 3935 detractam
3254 3879 3316 3935 ct_
3327 3877 3507 3921 exerta
3523 3869 3811 3935 sentenlla_e5t
3825 3870 3861 3935 et

2346 3927 2449 3998 ipsa
2466 3927 2548 3982 'sui
2571 3935 2712 3998 brev.
2738 3932 2978 3998 iracunda.
3005 3932 3087 3982 Sic
3103 3933 3246 3998 solet.
3287 3933 3489 3994 Divina,
3523 3945 3638 3998 uxor
3653 3932 3785 3998 statim
3802 3927 3860 3976 ob-

2346 3993 2534 4048 serves.
2559 3996 2680 4056 Quis
2694 3997 2825 4048 enim
2847 3995 2972 4049 alius
2992 3997 3146 4059 possit
3160 4024 3222 4033 —
3239 3993 3494 4061 apostolus
3509 3993 3780 4062 providisset

1988 4101 2550 4160 COMMENTARIUS.

637 4207 893 4282 perirem,
927 4199 1184 4282 majorem
1227 4211 1287 4282 ea
1317 4211 1474 4282 quam
1505 4209 1756 4278 sermone
1800 4197 2084 4282 superiore.
2119 4213 2242 4266 pro-

639 4267 942 4352 spexeram.
959 4267 1172 4352 Δρὲὶιιιξίι
1198 4268 1432 4325 ostendit
1457 4267 1669 4352 gravius
1698 4267 1922 4352 peccare
1944 4269 2239 4352 imminent,

642 4339 791 4425 q'uod
827 4345 1011 4425 gentili
1051 4343 1213 4425 nub_a_t
1242 4383 1255 4405 ,
1284 4339 1614 4425 quamiquod
1653 4339 1915 4425 secundas
1951 4355 2018 4425 ac
2056 4342 2243 4425 tertias

643 4412 857 4493 nuptias
911 4414 1272 4493 subeat.__Mox
1299 4413 1366 4466 de
1413 4412 1916 4493 clrtristianisnextra
1947 4412 2241 4493 Eeclesiam

644 4483 860 4568 nuptias
884 4487 1251 4564 quaerentibus
1280 4483 1492 4548 asserit,
1519 4493 1571 4538 et
1592 4483 1826 4554 graviter
1851 4484 2237 4610 stlonghatur.

1941 4571 1972 4610 ε
2047 4571 2099 4610 a.

1941 4571 1972 4610 Ε
2004 4571 2099 4610 I'R.

717 4638 873 4695 CAP.
906 4635 1045 4692 Il.——
1073 4628 1151 4702 (a)
1187 4628 1373 4702 Mulier
1401 4626 1634 4702 defuncto
1660 4627 1784 4702 uiro.
1823 4627 1918 4681 llic
1950 4625 2244 4702 paraphra-

647 4712 814 4769 sticOs
842 4698 1095 4764 transfert
1124 4698 1374 4774 defringit,
1395 4713 1495 4774 pro
1523 4698 1777 4774 dormire,
1791 4709 1844 4752 et
1869 4714 2045 4774 griece
2084 4698 2246 4774 etla-

648 4787 760 4840 tine
784 4792 865 4838 est
886 4769 1377 4852 :ipttd__l\pt)§lplilitl
1395 4771 1476 4852 his
1499 4769 1677 4824 verbis
1698 4787 1717 4852 ί
1739 4769 1889 4852 Quod
1903 4770 1962 4852 ἐξ
1987 4771 2249 4824 dormierit

646 4858 723 4912 uir
750 4857 879 4924 ejus,
912 4841 1322 4924 familiarissima
1345 4842 1639 4924 scriptura;
1669 4841 1870 4924 phrasi.
1902 4841 2040 4924 Pan,

723 4912 805 5000 (li)
852 4912 1108 5000 nnuptas
1145 4914 1437 5000 integritati.
1463 4912 1740 5000 Ablativus
1761 4921 1988 5000 esu-non
2016 4912 2245 4969 dativus.

639 4984 833 5068 itaque
859 4995 945 5048 hic
967 4984 1125 5068 casus
1148 4989 1199 5042 in
1227 4984 1480 5068 omnibus
1508 4984 1810 5068 nominibus
1836 4994 2250 5068 utramquesor-

653 5055 783 5125 titu'r
805 5063 1252 5123 terminationem.
1285 5056 1498 5112 Etenim
1530 5065 1682 5124 caput
1711 5057 1763 5110 in
1794 5055 2069 5111 auferendi
2100 5056 2247 5124 facit,

653 5141 837 5214 capite,
865 5136 996 5193 nihil
1027 5133 1244 5198 clarius,
1277 5140 1330 5184 et
1362 5136 1542 5183 tamen
1570 5125 1826 5198 Virgilius
1857 5125 1990 5182 dixit
2019 5146 2032 5182 :

900 5228 1053 5292 Capiti
1081 5223 1247 5275 tremit
1271 5232 1405 5270 aerea
1425 5221 1592 5270 cassis.

654 5319 723 5376 Et
797 5280 930 5370 tatus
951 5280 1112 5368 mittit
1142 5309 1299 5362 latere
1325 5347 1339 5372 ,
1390 5312 1446 5360 et
1497 5313 1675 5360 tamen
1707 5301 1846 5361 idem
1873 5321 1887 5359 :

904 5405 1164 5472 lncludunt
1183 5412 1314 5450 caeco
1337 5395 1501 5448 lateri.

654 5494 758 5552 Ubi
788 5491 943 5562 capiti
969 5498 1023 5544 et
1050 5486 1194 5542 lateri
1243 5481 1376 5538 dixit
1410 5495 1505 5550 pro
1547 5483 1711 5562 capite
1734 5482 1996 5562 et_latere.
2027 5478 2116 5537 Sic
2146 5481 2254 5536 ruri

657 5579 709 5623 et
737 5552 928 5635 vesperi
956 5576 1053 5632 pro
1081 5573 1198 5635 rure
1227 5564 1280 5635 et
1309 5568 1512 5635 vespere
1538 5552 1758 5635 passim].
1790 5552 1921 5635 Lac.

732 5623 1085 5711 (c)'ATan'tuni
1123 5625 1396 5711 inquittin‘
1436 5623 2017 5711 Dontino.‘_Septimlius
2064 5631 2251 5711 noster

654 5695 804 5767 adeo,
825 5705 1021 5777 rigidus
1052 5695 1494 5777 luiteliristiante
1523 5695 1819 5777 disciplinae
1849 5695 2060 5777 cultor,
2091 5705 2149 5750 ut
2195 5696 2249 5750 in

635 5766 968 5850 quibusdam
1014 5769 1278 5850 nimia,_si
1323 5766 1514 5850 dicere.
1540 5767 1618 5823 las
1666 5776 1767 5832 est,
1801 5769 2084 5850 sanctitate
2124 5781 2250 5850 pec:

646 5839 706 5906 ea
719 5865 806 5907 sse
833 5849 1109 5912 videatur;
1136 5842 1284 5913 cujus
1316 5839 1517 5907 peccati
1546 5847 1918 5908 argumentum
1945 5839 2067 5907 erit,
2100 5839 2244 5909 quod

2346 4197 2400 4270 i_n
2445 4197 2758 4270 explicanda
2789 4197 2960 4270 zPauli
3011 4197 3401 4264 admonitione,
3447 4213 3548 4270 qua
3587 4197 3786 4258 docetur,
3818 4190 3864 4270 ri-

2347 4261 2590 4324 duam'in
2615 4284 2678 4324 ea
2719 4261 2840 4324 esse
2865 4269 3114 4325 libertate
3135 4311 3148 4335 ,
3183 4279 3237 4325 ut
3276 4261 3558 4326 nubat'cui
3590 4271 3726 4329 velit,
3753 4261 3864 4320 modo

2348 4340 2512 4416 nubat
2556 4341 2606 4395 in
2658 4341 2905 4416 Domino,
2952 4348 3167 4414 ιλενθέρκ
3205 4348 3376 4416 (me,
3404 4347 3441 4414 ᾧ
3480 4351 3598 4398 etin
3642 4341 3864 4416 ’δαμηθίηξι

2346 4415 2484 4484 giras
2524 4419 2569 4469 tv
2608 4419 2810 4484 Κυρίῳε
2843 4414 3003 4468 libera
3045 4425 3138 4481 est,
3167 4415 3251 4467 cui
3289 4415 3396 4468 vult
3452 4416 3622 4476 nubat,
3651 4421 3801 4484 tantur:
3824 4414 3865 4484 tu

2350 4478 2592 4539 Domino.
2627 4478 2922 4540 Taxatione
2971 4485 3081 4549 illa,
3126 4478 3334 4540 tantum
3380 4486 3436 4540 in
3466 4486 3700 4546 Domino,
3725 4478 3867 4534 indubi-

2271 4563 2325 4623 D
2352 4564 2454 4610 tate
2497 4566 2602 4623 est,
2646 4557 2851 4625 inquit,
2878 4556 3179 4612 christiano.
3214 4557 3327 4612 lloc
3353 4558 3498 4612 enim
3527 4555 3717 4611 mollius
3736 4566 3784 4606 ac
3804 4549 3866 4625 bc:
3956 4555 3957 4564 ‘

2352 4617 2996 4700 nignius'interpretatus
3037 4639 3122 4684 est
3177 4628 3630 4700 Chrysostomus,
3673 4633 3721 4680 ut
3749 4617 3869 4700 (quod

2352 4698 2547 4754 dicitur
2574 4699 2626 4753 in
2661 4700 2907 4764 Domino,
2948 4701 3019 4754 Sil
3042 4705 3166 4768 μετὰ
3192 4698 3487 4771 ωρρρσῦνης
3514 4704 3596 4754 καὶ
3616 4699 3868 4765 negarint“:

2351 4774 2431 4826 ἐπὶ
2478 4775 2764 4826 παιδοποιτα
2804 4775 2884 4826 καὶ
2927 4783 3212 4841 προστασία,
3242 4785 3314 4841 pi»
3357 4777 3443 4827 διὸ.
3471 4781 3636 4831 πένθους
3670 4775 3870 4834 ἐπιθυμίην

2355 4841 2483 4916 Cum
2531 4845 2764 4897 castitate
2808 4853 2854 4916 et
2895 4847 3145 4898 munditia
3172 4887 3187 4912 ,
3220 4855 3428 4916 prapter
3482 4858 3729 4916 puerorum
3765 4847 3869 4916 θειξε·

2352 4915 2602 4968 rationem
2654 4925 2700 4968 et
2751 4905 3184 4985 gubernationem,
3220 4905 3340 4970 ’ποθὶ
3389 4905 3492 4984 ρεν’
3524 4905 3775 4985 passionem
3810 4905 3871 4958 ἀι·

2353 4985 2572 5058 siderii;
2613 4984 2962 5056 quze’omnia
3005 4991 3316 5058 contingere
3354 4984 3578 5056 possunt
3617 4984 3758 5058 etiam
3789 4986 3871 5032 cum

2355 5057 2560 5133 gentili,
2607 5053 2768 5133 modo
2826 5059 2896 5112 sit
2936 5059 3056 5112 vita:
3101 5053 3250 5133 extra
3294 5053 3605 5130 religionem
3642 5053 3870 5133 inculpata

2355 5132 2425 5254 at
2451 5128 2812 5185 Tertullianus
2845 5139 3029 5186 noster
3057 5131 3338 5202 praefracte
3362 5147 3376 5186 :
3399 5127 3612 5185 tantum
3649 5127 3872 5182 christiano.

2409 5215 2476 5254 te.
3175 5236 3178 5239 -

2409 5215 2476 5256 IG.
3175 5236 3178 5239 -

2430 5269 2516 5345 (d)
2544 5270 2618 5349 Et
2637 5282 2782 5344 rogat
2802 5281 2864 5349 _et
2903 5274 3266 5349 comminatur.
3297 5273 3469 5349 Instat
3507 5259 3874 5349 Tertullianusff

2359 5338 2548 5399 vocem
2597 5338 2836 5416 Aptistoli
2857 5384 2860 5386 -
2883 5344 3170 5416 diligenter
3209 5345 3464 5416 espendit
3489 5388 3505 5413 ,
3537 5347 3617 5400 cui
3653 5338 3875 5416 cauit-ml"?

2361 5425 2443 5471 est
2488 5407 2813 5486 Pazdagogus
2855 5407 3146 5474 Clementis
3193 5407 3502 5488 Aiexrcap:
3541 5415 3702 5488 8.»lib.
3731 5407 3874 5488 illi}:1

2359 5497 2444 5554 μὲν
2471 5482 2808 5560 «aptus-2:13:
2834 5491 2884 5542 δὲ
2920 5493 3182 5547 ὠνείδισας
3216 5490 3399 5561 partim
3423 5482 3621 5554 suadet,
3647 5483 3796 5556 parm“
3817 5482 3875 5525 (τ’

2359 5561 2581 5614 umbrat.
2615 5561 2692 5614 [ιε
2719 5559 2818 5614 Pn.

2395 5571 2581 5615 νοω-αι.
2615 5571 2692 5614 LE
2721 5571 2818 5614 ΡΩ.

2358 5577 2581 5629 provrat.
2615 5577 2692 5614 LE
2721 5577 2818 5614 re.

2358 5632 2503 5705 __(e)
2537 5631 3096 5705 Districta,_expcdita
3147 5633 3391 5688 sententia
3431 5637 3526 5682 est.
3555 5622 3760 5705 Legebat
3795 5623 3875 5705 tuo}

2355 5694 2618 5758 Rlienano
2655 5694 3237 5759 Pamelius'drtractata
3274 5713 3320 5758 et
3348 5709 3521 5755 exerta
3561 5694 3788 5756 scamnis,
3813 5694 3876 5756 pro

2353 5787 2460 5844 quo
2489 5776 2678 5829 melius
2704 5773 2968 5844 Rigaltius
2997 5787 3052 5831 et
3081 5776 3300 5831 clarius.
3329 5773 3404 5830 Ls
3433 5771 3528 5844 Pn.

2422 5819 2684 5902 éi'ri'iii.
2692 5819 3593 5919 2ΐῦ’ἃὶῖιᾷιὶξᾶἰ’ἑίὸιῖῶεῐῦιὶιῖἱιιεε
3607 5841 3682 5897 die
3697 5834 3771 5894 illa
3784 5819 3877 5900 am
