4068 6352
429 260 571 318 1505

1875 261 2336 323 TERTULLIANI

3591 271 3736 330 15οι

423 377 587 434 simul
609 376 811 450 jejuuia
836 376 1430 450 transigunt,alterutro
1456 379 1732 447 docentes,
1763 380 2026 439 alterutro
2053 390 2104 452 Α
2129 382 2465 448 benedictio;
2511 391 2704 439 sonant
2743 383 2884 441 inter
2931 383 3066 442 duos
3109 383 3298 457 psalmi
3343 393 3398 443 et
3437 386 3646 461 hymni,
3677 400 3732 446 et

426 468 724 538 hortantes,
777 471 1034 526 alterutro
1079 471 1406 528 sustinentes
1431 469 1530 544 (1).
1558 473 1616 528 ln
1644 473 1882 530 Ecclesia
1932 473 2028 530 Dei

424 567 628 635 pariter
672 565 908 635 utrique,
942 565 1143 635 pariter
1191 567 1242 621 in
1292 567 1536 622 convivio
1581 568 1697 634 Dei,
1745 569 1942 638 pariter
1973 569 2026 624 in

426 658 708 729 angustiis,
741 658 790 712 in
811 658 1294 728 persecutionibus,
1319 660 1371 714 in
1390 660 1677 731 refrigeriis
1699 661 1778 732 (2)
1800 679 1815 728 ;
1837 672 2029 719 neuter

424 751 652 806 alterum
681 752 843 820 celat,
869 761 1057 808 neuter
1077 753 1306 808 alterum
1330 753 1481 822 vitat,
1514 764 1705 810 neuter
1723 755 1874 811 alteri
1900 771 2025 826 gra-

426 843 511 898 vis
538 853 654 908 est;
683 842 849 898 libere
889 858 1031 915 aeger
1059 844 1305 899 visitatur
1325 886 1338 910 ,
1378 845 1624 916 indigens
1659 855 2021 915 sustentatur;

423 936 783 1008 eleemosyua:
814 937 930 993 sine
975 945 1243 992 tormento
1270 938 1370 1006 (a),
1410 937 1669 994 sacriﬁcia
1712 939 1829 995 sine
1868 954 2023 995 scru-

423 1029 552 1098 pulo
573 1027 670 1099 (b),
703 1028 1010 1099 quotidiana
1038 1028 1312 1099 diligentia
1343 1029 1459 1084 sine
1497 1029 1881 1100 impedimento
1911 1030 2024 1103 (c);

423 1135 530 1176 non
560 1121 755 1177 furtiva
779 1121 1024 1193 signatio,
1058 1137 1162 1178 non
1186 1121 1390 1192 trepida
1419 1121 1720 1192 gratulatio,
1750 1138 1855 1179 non
1879 1135 2023 1180 muta

2132 485 2317 531 mutuo
2345 486 2655 547 provocant,
2702 477 2822 547 quis
2863 477 3054 533 melius
3085 478 3195 534 Deo
3227 493 3326 533 suo
3349 487 3548 535 cantet.
3573 479 3724 535 Talia

2132 567 2378 625 Christus
2407 569 2596 626 videns
2640 578 2695 625 et
2733 571 2957 626 audiens
2986 571 3218 642 gaudet,
3251 571 3332 627 his
3363 588 3547 644 pacem
3573 588 3725 628 suam

2133 662 2329 729 mittit;
2361 662 2449 717 ubi
2477 663 2604 730 duo,
2632 663 2705 719 ibi
2733 674 2787 720 et
2810 664 2957 735 ipse;
2993 665 3080 720 ubi
3109 675 3159 720 et
3192 665 3328 736 ipse.
3362 666 3432 722 ibi
3462 676 3519 723 et
3555 668 3728 723 malus

2133 772 2240 812 non
2265 765 2366 813 est.
2399 756 2527 814 Haec
2550 765 2676 812 sunt
2703 773 2825 829 qua:
2853 759 3094 828 Apostoli
3135 773 3239 814 vox
3285 759 3373 815 illa
3403 759 3502 816 sub
3547 761 3725 816 brevi-

2133 856 2244 905 tate
2275 850 2355 920 (ὅ)
2387 849 2730 921 intelligenda
2760 850 2914 906 nobis
2937 850 3189 922 reliquit;
3217 851 3333 907 hzee
3357 851 3455 907 tibi
3478 867 3721 924 suggere,

2129 942 2174 996 si
2197 955 2332 1013 opus
2348 941 2540 1008 fuerit;
2563 942 2646 997 bis
2673 950 2727 998 te
2755 943 2823 999 ab
2849 944 3108 1014 exemplis
3128 943 3461 1014 quarundam
3489 945 3720 1000 rellectc.

2129 1035 2245 1091 Non
2274 1035 2400 1092 licet
2421 1037 2580 1092 aliter
2608 1036 2853 1094 ﬁdelibus
2879 1038 3080 1095 nubere
3099 1038 3204 1111 (ά),
3233 1048 3288 1096 et
3311 1039 3357 1096 si
3381 1040 3585 1108 liceret,
3617 1055 3718 1096 nou

2130 1127 2407 1196 expediret
2433 1128 2538 1199 (4).

1607 1237 1989 1297 LECTIONES
2031 1239 2441 1300 VARIANTES.

415 1353 680 1468 Egit;
721 1352 832 1421 Rig.
857 1367 874 1417 ;
918 1351 1057 1405 alii:
1095 1354 1178 1405 alt.
1223 1355 1485 1416 ducentes,
1511 1353 1595 1404 alt.
1641 1354 1915 1404 hortantes.
1963 1355 2021 1405 In

596 1455 811 1544 accepto
834 1475 1044 1546 Rigaltio
1066 1477 1186 1530 alii:
1209 1479 1264 1530 In
1282 1478 1412 1531 Eccl.
1431 1477 1527 1531 Dei
1553 1480 1755 1542 pariter,
1777 1480 1821 1528 in
1839 1493 2022 1530 conuu-

2122 1355 2460 1425 bio__l_)ei,_par.
2483 1360 2533 1425 in
2556 1372 2689 1423 ang.,
2716 1361 2768 1409 in
2789 1359 2963 1425 refrig.

2187 1421 2258 1485 (ᾖ)
2283 1421 2371 1485 Al.
2391 1421 2716 1485 benignitate.

2194 1484 2266 1547 (t)
2291 1484 2396 1549 Rig.
2423 1484 2532 1535 Fidi
2559 1487 2783 1537 nubere:
2805 1499 2901 1537 non
2926 1487 3150 1550 expedit.

1792 1585 2350 1647 COMMENTARIUS.

414 1704 623 1777 iejuniis
658 1703 822 1767 aridi,
850 1703 902 1756 in
945 1717 1092 1777 s_acco
1155 1711 1202 1756 et
1256 1701 1424 1757 cinere
1471 1699 1774 1766 uolutantes,
1818 1700 2015 1755 invidia
2119 1705 2394 1777 scrupulo,
2417 1704 2619 1775 absque
2645 1705 2968 1774 suspicione.
3003 1706 3120 1762 th.

416 1774 602 1831 caelum
654 1777 928 1829 tundimus.
959 1774 1080 1829 Rm.

489 1846 567 1920 (θ)
607 1846 960 1920 Eleemosynaz
1002 1847 1110 1920 sine
1137 1842 2015 1920 tormento._Christiantemaritus

414 1914 684 1984 ethnicus,
719 1919 806 1973 ubi
838 1914 905 1972 de
935 1916 1046 1971 suis
1077 1919 1237 1972 rebus
1263 1915 1460 1984 aliquid
1511 1915 1702 1969 abesse
1728 1914 1827 1969 sibi
1858 1924 2014 1969 nota-

416 2000 570 2045 verat
594 2031 608 2054 ,
640 1991 708 2044 ab
767 2003 932 2044 uxore
981 1989 1188 2043 fortean
1219 1990 1270 2043 in
1297 1987 1495 2042 Christi
1521 2000 1788 2057 pauperes
1808 1985 2013 2040 deliba-

417 2068 568 2128 tum,
617 2061 932 2130 plerumque
985 2059 1119 2114 adeo
1163 2060 1444 2123 sazviebat,
1488 2067 1568 2130 ut_
1599 2071 1795 2130 servos
1835 2057 2016 2113 uxoris

2194 1773 2268 1846 (c)
2294 1773 2627 1849 Quotidiana
2653 1773 2918 1848 diligentia
2944 1779 3053 1832 sine
3082 1777 3457 1848 impedimento.
3492 1777 3726 1849 Diligen-

2122 1844 2246 1900 tiam
2277 1846 2436 1921 dicit,
2470 1863 2631 1916 quam
2659 1851 2712 1921 in
2739 1844 2894 1920 Apol.
2924 1844 3380 1921 Diligettltssintant
3421 1844 3732 1921 religiosita-

2121 1927 2249 1982 tem,
2284 1919 2383 1973 hoc
2424 1929 2544 1984 est,
2569 1919 2804 1975 sedulam
2857 1930 2912 1975 et
2956 1919 3240 1976 Sollicitam
3293 1919 3596 1989 disciplinis:
3628 1937 3727 1976 seu

2121 1989 2393 2060 religionis
2421 1991 2834 2046 observantiam.
2859 1993 2946 2047 Sic
2973 1992 3067 2045 lib.
3102 1993 3170 2047 de
3197 1992 3504 2060 Prtescript.
3535 1992 3730 2045 bazrct.

2125 2053 2412 2134 Ubi-metus
2441 2064 2493 2116 in
2517 2062 2698 2134 Deum,
2729 2063 2798 2116 ibi
2842 2065 3062 2134 gravitas
3104 2066 3346 2129 honesta,
3377 2053 3442 2116 et.
3465 2064 3736 2134 diligentia

416 2125 657 2203 torqueri
707 2125 940 2200 juberet.
1000 2131 1068 2185 At
1117 2146 1240 2187 cum
1290 2130 1460 2203 ambo
1522 2127 1841 2194 christiani,
1891 2139 2016 2184 tunc
2047 2125 2490 2203 Battonim,etc.
2523 2133 2644 2190 Rto.

417 2201 778 2275 eleemosynm
796 2203 923 2275 rsinc
951 2211 1256 2275 tormento.
1289 2201 1408 2275 lito.

490 2271 574 2346 (b)
615 2270 889 2346 Sitcriﬁcia
914 2274 1022 2346 sine
1045 2273 1310 2344 scrupulo.
1359 2273 1455 2346 Vix
1491 2280 1608 2327 erat
1654 2279 1724 2346 ut_
1750 2270 1910 2346 etiam
1955 2271 2024 2326 de

417 2341 734 2401 melioribus
771 2341 1011 2402 ethnicis
1067 2341 1289 2400 maritus
1331 2343 1612 2414 conjugem
1678 2341 2024 2397 christianam

417 2417 486 2472 ad
519 2417 778 2472 sacriﬁcia
846 2415 1136 2470 christiana
1194 2416 1490 2470 dimitteret
1533 2416 1736 2485 absque
1785 2415 2021 2484 gemitu,

419 2488 626 2558 absque
655 2502 747 2543 sua
790 2488 1141 2558 SllSpiCiOlle,
1175 2488 1380 2555 absque
1407 2485 1779 2558 scrupulo,_ob
1826 2485 2023 2558 ﬂagitia

419 2559 515 2614 illa
539 2556 834 2614 'horreuda
872 2573 993 2628 qua:
1022 2558 1090 2611 de
1115 2557 1540 2614 Christianorum
1571 2556 1799 2612 cmtibus
1825 2557 2025 2611 ethnici

421 2630 906 2685 calumuiosissime
953 2628 1294 2684 diﬁ'erebant.
1347 2630 1436 2684 Sic
1466 2643 1585 2698 sup.
1645 2628 1772 2693 Quis
1813 2629 2028 2696 denique

420 2701 729 2755 solemnibus
751 2699 968 2754 Pascha:
988 2701 1338 2754 abnoctantem
1361 2717 1567 2754 securus
1579 2699 1880 2754 sustinebit?
1902 2700 2030 2766 Quis

422 2772 495 2826 ad
525 2773 808 2826 conuiuium
841 2771 971 2825 illud
997 2773 1340 2834 dominicum,
1387 2771 1521 2841 quod
1575 2772 1827 2839 infamant
1858 2810 1873 2835 ,
1923 2771 2032 2823 sine

424 2859 520 2896 sua
546 2843 837 2913 suspicione
861 2843 1066 2894 dimittit
1091 2842 1116 2895 ?
1143 2845 1211 2913 At
1236 2857 1356 2895 cum
1379 2842 1537 2894 ambo
1565 2841 1877 2913 christiani,
1907 2849 2032 2913 tunc

429 2915 587 2969 alteri
615 2911 843 2969 liberum
871 2913 1130 2968 sacriﬁcia
1179 2911 1522 2983 frequentare
1562 2911 1766 2982 absque
1814 2911 2036 2966 alterius

1323 3097 1471 3107 .———-

2203 2202 2282 2272 (ά)
2325 2202 2636 2277 Νοημηιὶιρι·
2690 2205 2804 2260 licet
2848 2205 3082 2273 ﬁdelibus
3122 2207 3336 2277 nubere,
3362 2221 3464 2260 non
3507 2208 3734 2277 expedit.

2129 2272 2335 2328 Cunon.
2362 2275 2664 2348 vrConcilii
2712 2272 3044 2331 Arelatensis
3085 2277 3100 2332 I
3137 2296 3149 2331 :
3183 2276 3264 2331 De
3293 2277 3474 2342 puellis
3495 2272 3736 2348 ﬁdelibus

2128 2360 2244 2417 qua?
2272 2347 2543 2418 gentilibus
2564 2348 2875 2418 junguntur,
2904 2348 3096 2417 placuit
3120 2359 3173 2402 ut
3213 2348 3477 2418 aliquanto
3507 2359 3738 2415 tempore

2127 2433 2160 2469 a
2190 2417 2543 2488 communione
2583 2417 2901 2488 separentur.
2931 2419 2996 2472 Et
3026 2420 3210 2474 (janon
3261 2435 3328 2474 xv
3353 2417 3522 2475 Cone.
3556 2421 3739 2474 Elibc-

2129 2487 2527 2561 rini,rPr0pter
2571 2487 2769 2559 copiam
2815 2491 3099 2560 puellarum
3125 2489 3394 2561 gentilibus
3445 2492 3652 2544 minime
3684 2493 3740 2544 in

2132 2560 2514 2633 matrimonium
2541 2561 2726 2616 danda:
2745 2572 2858 2615 sunt
2886 2563 3100 2633 uirgines
3121 2560 3431 2628 Christianw,
3456 2581 3517 2617 ne
3535 2572 3659 2618 tetas
3683 2565 3738 2617 in

2133 2631 2262 2699 flore
2305 2640 2534 2695 tumens,
2566 2634 2619 2687 in
2671 2634 2922 2687 adulterio
2960 2631 3145 2687 anima:
3187 2635 3491 2688 resolvatur.
3520 2633 3741 2689 Adulte-

2133 2702 2270 2756 rium
2313 2705 2506 2758 anima:
2534 2705 2695 2769 dicit,
2719 2703 2788 2758 de
2817 2719 2984 2758 uxore
3029 2703 3319 2760 christiana
3357 2720 3477 2771 qua:
3520 2719 3643 2759 suas
3682 2715 3740 2760 et

2137 2773 2350 2847 hortatu
2387 2776 2560 2847 mariti
2592 2776 2789 2830 ethnici
2817 2776 2964 2845 quasi
2995 2776 3259 2833 lenocinio
3287 2776 3514 2847 pellecta
3537 2777 3723 2831 divor-

2138 2843 2198 2898 tit
2232 2859 2260 2898 a
2296 2844 2507 2901 Christo
2537 2847 2601 2901 ad
2632 2843 2903 2904 Satanam.
2935 2847 3054 2903 th.

480 3070 485 3071 γ
496 3059 3663 3073 mw-

423 3050 3735 3114 ﬂ
496 3092 1763 3107 M___._—_—

893 3194 1273 3284 QUINTI
1302 3192 1795 3268 SEPTIMII
1851 3191 2462 3267 FLOBENTIS
2499 3189 3246 3270 TERTULLIANI

798 3321 802 3326 ’
869 3367 1119 3502 DE
1183 3363 1811 3503 CULTU
1887 3363 3132 3500 FOEMINARUM
3201 3349 3291 3431 (α)

1296 3595 1302 3602 ’
1441 3578 1927 3693 LIBER
2000 3574 2657 3687 PRIMUS.

1850 3772 2277 3829 «me»

423 3932 824 3987 Anouusurun.
854 3958 927 3972 --
952 3929 1083 3985 Cum
1127 3927 1404 3984 sarvissimd
1449 3924 1688 3979 adversus
1715 3919 2030 3976 Christianos
2057 3898 2102 3961 (ἶ
2139 3920 2268 3977 Tum
2297 3922 2350 3976 in
2380 3920 2647 3992 posteriori
2667 3920 2798 3975 libro
2820 3920 3005 3974 acriter
3023 3917 3201 3974 asserit
3223 3917 3479 3982 mulieres,
3503 3923 3742 3971 ornatum

495 4022 758 4079 Casurum
805 4023 970 4077 edicta
1012 4030 1226 4075 mortem
1256 4019 1360 4074 illis
1405 4016 1626 4089 quotidie
1656 4013 2025 4086 impendentem

496 4115 873 4181 minitarentur,
923 4113 1273 4169 Tertullianus
1299 4111 1367 4165 ad
1397 4109 1789 4163 montanismum
1810 4107 1919 4178 iam
1945 4106 2026 4160 in-

498 4209 715 4273 clinans,
743 4215 797 4260 ut
823 4207 1128 4261 christianos
1149 4206 1300 4260 etiam
1325 4203 1579 4266 mulieres,
1607 4217 1721 4272 qua:
1740 4199 1948 4271 gentiles
1973 4198 2026 4251 in

498 4299 640 4354 cultu
664 4299 894 4368 corporis
947 4306 993 4352 et
1024 4298 1152 4352 lurcu
1197 4297 1388 4350 imitari
1433 4311 1536 4349 non
1580 4293 1905 4357 verebantur,
1957 4290 2026 4344 ad

495 4391 803 4463 martyrium
853 4391 1150 4462 expeditius
1201 4397 1550 4463 praepararet,
1584 4387 1712 4442 duos
1764 4386 1917 4440 libros
1963 4384 2028 4438 de

501 4484 648 4540 cultu
700 4481 1044 4540 laminarum
1083 4483 1415 4550 conscripsit,
1455 4481 1509 4534 in
1560 4479 1741 4549 quibus
1810 4476 2027 4531 ostendit

496 4591 552 4631 se
578 4591 766 4646 corpus
791 4575 980 4641 colere,
1012 4575 1148 4646 quod
1172 4574 1404 4628 omnibus
1428 4571 1695 4626 momentis
1714 4585 1806 4640 pro
1826 4568 2026 4625 Christo

499 4669 756 4738 perditum
776 4668 902 4723 uelle
926 4667 1158 4722 debeant.
1198 4665 1348 4721 Unde
1375 4663 1614 4719 acerbum
1633 4664 1687 4718 in
1715 4662 1819 4717 illis
1839 4661 2022 4715 mulie-

496 4761 574 4815 bri
595 4761 787 4816 mundo
806 4760 1077 4830 repudium
1097 4758 1288 4814 scribit.

429 4851 699 4908 Nonnulla
748 4852 991 4923 praefatus
1031 4852 1094 4906 de
1121 4852 1270 4921 lapsu
1314 4850 1369 4902 in
1419 4845 1530 4902 Eva
1573 4845 1884 4914 mulierum,
1934 4845 2019 4899 in-

495 4947 658 5016 deque
722 4963 921 5000 summa
983 4946 1108 5016 ipsis
1157 4942 1476 4998 incumbente
1538 4941 1858 5008 humilitate,
1913 4940 2026 4994 cul-

495 5048 603 5093 tum
632 5037 928 5092 muliebrem
956 5037 1174 5092 ostendit
1195 5053 1227 5090 a
1251 5036 1482 5091 daemone
1504 5033 1850 5100 constitutum,
1877 5031 2024 5087 uani-

2205 4025 2454 4083 amantes,
2487 4015 2654 4069 odisse
2692 4014 3014 4076 castitatem;
3059 4028 3150 4066 nec
3195 4011 3355 4065 alium
3397 4009 3617 4063 ancillas
3644 4007 3744 4062 Dei

2201 4107 2379 4162 decere
2405 4108 2616 4173 cultum,
2641 4114 2824 4176 prazter
2851 4106 3131 4175 simplicem
3151 4103 3658 4172 munditiem;neque
3685 4102 3738 4154 in

2203 4216 2357 4254 carne
2380 4200 2726 4271 gloriandum,
2749 4199 2848 4254 nisi
2874 4214 2992 4252 cum
3018 4206 3226 4268 prapter
3253 4194 3511 4250 Christum
3539 4194 3738 4248 lacera-

2205 4305 2309 4362 tur,
2335 4295 2541 4348 omnino
2572 4293 2773 4348 demum
2801 4296 2912 4364 fore
2936 4291 3168 4346 vitandos
3210 4293 3354 4360 fucos
3379 4298 3426 4343 et
3457 4287 3737 4359 pigmenta,

2203 4388 2607 4458 capillorumque
2648 4386 2966 4440 calamistros
3007 4394 3053 4439 et
3091 4382 3396 4453 collyridas,
3421 4380 3628 4451 lapillos
3656 4395 3741 4432 ve-

2165 4471 2170 4474 .
2203 4481 2355 4536 stium
2380 4496 2442 4534 ac
2468 4480 2750 4551 uariegatos
2794 4479 3010 4542 colores,
3044 4493 3105 4530 ne
3132 4475 3330 4546 spatha:
3359 4474 3524 4528 ullum
3571 4474 3739 4527 locum

2203 4577 2287 4631 det
2329 4590 2513 4646 corpus
2558 4573 2972 4644 margaritarum,
3017 4571 3506 4642 smaragdorumque
3543 4566 3742 4638 laqueis

2205 4674 2504 4737 occupatum
2515 4709 2526 4720 .

2884 4758 3018 4813 Eoo.
3052 4773 3121 4812 ex
3164 4756 3227 4812 D.
3273 4756 3555 4814 SCHBAII.

2659 4883 2885 4975 CAPUT
2924 4915 3211 4973 PRIMUM.

2199 5037 2257 5096 Si
2289 5045 2432 5093 tanta
2465 5036 2516 5092 in
2548 5035 2704 5092 terris
2743 5041 3042 5090 moraretur
3081 5032 3248 5099 ﬁdes,
3281 5040 3476 5103 quanta
3532 5043 3741 5087 merces

424 5158 428 5166 ι
500 5141 754 5204 talemque
805 5132 1041 5187 describit
1089 5131 1234 5201 auri,
1287 5131 1483 5204 argenti
1525 5143 1940 5202 gemmarumque
1975 5126 2029 5180 in
2130 5132 2248 5203 eius
2269 5130 2674 5202 exspectaturin
2693 5129 2866 5196 cretis,
2891 5127 3036 5183 nulla
3059 5127 3282 5183 omnino
3308 5135 3742 5192 vestrum,soro—

502 5227 720 5284 vestibus
747 5227 1089 5283 rutilantium.

2052 5236 2108 5296 Ι)
2137 5240 2228 5281 res
2246 5224 2632 5293 dilectissime,
2655 5239 2720 5279 ex
2751 5236 2858 5294 quo
2886 5222 3053 5278 Deum
3081 5219 3266 5276 vivum
3296 5218 3656 5290 cognovisset,
3683 5223 3743 5272 et

1805 5360 2365 5419 COMMENTARIUS.

510 5506 589 5579 (a)
630 5505 709 5562 De
755 5507 896 5562 cultu
929 5506 1273 5579 fmminarum.
1306 5504 1574 5579 Hactenus
1608 5503 1871 5579 editiones
1888 5502 2031 5579 Ter-

431 5575 644 5635 tulliani
666 5618 683 5645 ,
722 5575 1106 5633 librum'nobis
1133 5592 1297 5631 unum
1325 5575 1392 5630 de
1430 5575 1623 5629 Habitu
1657 5576 1922 5640 muliebri,
1950 5575 2029 5629 al-

2134 5503 2331 5574 prioris
2361 5504 2482 5560 libri
2518 5513 2669 5576 parte
2699 5512 2905 5562 tantum
2955 5503 3197 5568 dimidia,
3232 5501 3499 5576 posterior
3527 5503 3741 5576 integer

2131 5578 2210 5647 sic
2235 5574 2550 5643 absolvitur,
2594 5576 2671 5631 De
2720 5577 2859 5647 cultu
2891 5577 3220 5647 {laminarum
3267 5575 3354 5629 lib.
3383 5574 3447 5640 ll,
3502 5575 3735 5642 explicit.

423 5660 600 5706 terum
626 5651 693 5706 de
711 5650 866 5704 Cultu
889 5648 1224 5706 heminarum
1249 5647 1594 5702 exhibebant.
1616 5647 1722 5700 Nos
1743 5656 2028 5717 utrumque
2132 5646 2286 5704 Unde
2332 5647 2674 5702 manifestum
2716 5646 2775 5703 ﬁt
2812 5647 2912 5703 sub
2948 5647 3138 5702 eodem
3191 5647 3343 5701 titulo
3390 5647 3737 5714 prtecessisse

424 5720 503 5776 De
523 5722 673 5778 Cultu
699 5722 1022 5793 [heminarum
1050 5720 1440 5790 inscripsimus,
1462 5717 1811 5793 vetustissimi
1838 5733 2026 5773 exem-

425 5793 592 5862 plaris
616 5789 943 5864 Agebardini
972 5789 1340 5847 auctoritatem
1362 5789 1556 5856 secuti,
1599 5790 1652 5843 in
1678 5803 1786 5857 quo
1809 5799 2023 5846 servata

2129 5719 2380 5791 primu_m.
2411 5719 2587 5788 Atque
2628 5719 2680 5772 in
2710 5720 2896 5774 libror.
2929 5719 3188 5791 catalogo
3228 5719 3307 5774 sic
3351 5718 3513 5773 ambo
3560 5717 3733 5774 citan-

2129 5799 2216 5843 tur
2243 5805 2259 5848 :
2288 5788 2366 5843 De
2384 5791 2522 5845 cultu
2554 5791 2896 5862 fwminarum.
2927 5789 3050 5847 th.
