4068 6352
254 324 393 384 1305

252 549 368 591 rem
405 522 680 602 habitum,
704 548 771 590 ne
799 532 972 589 dicam
1007 532 1379 604 gloriosiorcm
1417 531 1758 604 appetiisset,
1793 539 1852 587 ut

255 645 363 684 non
387 629 552 700 magis
579 628 632 683 in
660 627 908 683 sordibus
935 634 1140 697 ageret,
1167 634 1223 682 et
1246 625 1551 697 squalorem
1575 624 1752 696 potius
1779 623 1851 679 af-

252 721 502 788 fccmret,
538 721 705 792 ipsam
749 735 809 775 se
844 718 1229 775 circumferens
1276 718 1442 773 Evam
1488 719 1756 789 lugentem
1795 727 1852 774 et

251 821 634 893 pmoitcntem;
666 831 771 888 quo
789 815 994 887 plenius
1019 815 1071 871 id
1093 813 1236 886 quod
1265 813 1332 870 de
1353 815 1462 869 Eva
1491 813 1651 868 trahit
1674 813 1851 886 (igno-

252 915 469 972 miniam
491 913 612 968 dico
641 911 794 984 primi
819 911 1019 974 delicti,
1054 919 1108 965 et
1134 909 1384 964 invidiam
1405 907 1720 979 perditionis
1750 905 1851 962 hu-

252 1009 448 1079 mana!)
485 1006 631 1062 omni
678 1003 1060 1061 satisfactionis
1111 1001 1296 1057 habitu
1343 1002 1586 1072 expiaret
1613 999 1847 1072 (Genes.,

250 1101 344 1170 Ill,
365 1100 476 1172 l6).
496 1099 560 1154 In
577 1097 835 1172 doloribus
851 1105 897 1151 et
913 1096 1250 1151 anxietatiqu
1266 1094 1434 1165 paries
1455 1091 1558 1167 (i),
1577 1094 1778 1162 mulier,
1803 1101 1850 1150 et

249 1196 321 1250 ad
330 1168 505 1250 uirum
531 1168 673 1249 tuum
693 1192 951 1248 conversio
971 1200 1080 1257 tua;
1098 1201 1143 1245 et
1169 1191 1259 1245 ille
1277 1190 1620 1244 dominabitur
1638 1189 1721 1261 (Ξ)
1751 1188 1850 1253 lui;

251 1298 307 1345 et
342 1288 507 1345 Evam
545 1296 598 1344 te
639 1301 761 1343 esse
795 1285 1016 1342 nescis?
1059 1283 1202 1339 Vivit
1238 1285 1505 1340 sententia
1551 1283 1644 1339 Dei
1689 1297 1852 1352 super

250 1397 437 1439 sexum
465 1382 646 1446 istum,
679 1379 731 1435 in
757 1378 859 1434 hoc
887 1378 1124 1436 saeculo:
1155 1377 1299 1432 vivat
1325 1386 1380 1433 et
1409 1385 1590 1432 reatus
1617 1361 1850 1432 'neccsse

250 1483 357 1531 est.
389 1473 469 1528 Tu
515 1487 575 1528 es
601 1471 798 1528 diaboli
823 1470 1008 1540 janua,
1033 1479 1088 1526 tu
1109 1485 1169 1526 es
1197 1470 1405 1525 arboris
1433 1469 1575 1525 illius
1605 1470 1850 1540 resigna-

251 1566 356 1622 trix
377 1608 390 1630 ,
420 1575 473 1620 tu
516 1580 577 1622 es
603 1565 799 1620 divinas
837 1564 970 1636 legis
1007 1563 1176 1635 prima
1217 1563 1514 1630 descrtrix,
1557 1572 1609 1618 ιιι
1641 1577 1698 1617 es
1730 1579 1849 1634 quae

247 1673 371 1715 cum
401 1657 711 1728 persuasisti
763 1657 866 1729 (3),
895 1672 1054 1728 quem
1083 1654 1326 1712 diabolus
1361 1655 1578 1727 aggredi
1620 1672 1724 1712 non
1760 1671 1852 1712 va-

250 1749 369 1805 luit.
401 1749 480 1804 Tu
506 1749 794 1821 imaginem
829 1749 946 1815 Dei,
979 1749 1271 1812 hominem,
1298 1759 1407 1805 tam
1439 1749 1592 1807 facile
1613 1749 1803 1806 elisisti
1831 1767 1844 1804 :

1341 321 1549 380 LIBER
1588 321 1608 380 l
1639 319 1727 380 DE
1764 316 1993 380 CULTU
2033 317 2497 382 ΡίΕΜῐΝΑΒυΜ.

252 439 323 497 de
349 452 462 508 sua,
492 436 544 495 id
569 443 652 495 est
673 432 741 493 de
762 432 998 494 (nemina;
1017 434 1322 494 conditione
1351 435 1647 504 didicisset,
1677 437 1851 494 iretio-
1879 435 1928 497 Δ

3415 323 3556 384 I506

1959 435 2244 508 (siquidem
2287 449 2343 495 et
2387 437 2727 496 metallorum
2771 451 2935 512 opera
2975 439 3304 498 nudaverant
3356 440 3453 515 (b),
3500 450 3557 498 ct

1956 531 2241 588 herbarum
2276 534 2485 606 ingenia
2514 533 2585 607 (c)
2628 533 3006 602 traduxerant,
3036 543 3092 592 et
3135 536 3552 594 incantationum

1954 625 2100 682 vires
2114 627 2552 698 provulgaverant
2570 627 2732 698 (6),et
2749 627 3363 696 omnemgcuriositatem,
3383 643 3554 698 usque

1953 718 2021 773 ad
2080 719 2355 775 stellarum
2409 720 2903 790 interpretationem
2949 720 3052 792 (ά),
3097 720 3552 793 designaverant)

1954 814 2170 886 proprie
2199 824 2253 870 et
2284 815 2436 886 quasi
2488 815 2829 884 peculiariter
2860 814 3104 885 immittis
3132 816 3548 871 instrumentum

1955 908 2095 963 istud
2135 907 2412 964 muliebris
2439 908 2624 979 gloriae
2657 907 2730 980 (ε)
2759 909 3102 964 contulerunt
3148 908 3252 982 (f)
3287 927 3300 962 :
3353 910 3552 965 lumina

1953 1001 2254 1073 lapillorum
2286 1001 2362 1074 (g)
2393 1003 2586 1074 quibus
2610 1003 2830 1059 monilia
2878 1004 3154 1060 variantur
3188 1022 3200 1057 :
3244 1012 3296 1059 et
3322 1004 3553 1064 circulos

1953 1111 2018 1150 ex
2037 1110 2188 1162 auro,
2212 1095 2405 1166 quibus
2430 1079 2650 1150 brachia
2667 1105 2940 1152 arctantnr
2963 1105 3050 1152 :et
3077 1096 3467 1153 medicamenta
3484 1113 3549 1152 ex

1953 1187 2074 1244 luco
2103 1188 2205 1260 (h),
2233 1188 2426 1259 quibus
2455 1188 2592 1246 lana:
2627 1188 2706 1260 (7)
2745 1189 3053 1245 colorantur
3084 1199 3177 1246 :et
3202 1190 3346 1244 illum
3379 1189 3550 1260 ipsum

1953 1282 2162 1352 nigrum
2194 1280 2492 1351 pulverem,
2519 1296 2625 1352 quo
2655 1281 2932 1337 oculorum
2960 1281 3179 1338 exordia
3221 1282 3301 1354 (8)
3355 1281 3553 1352 produ-

1952 1382 2170 1428 cuntur.
2205 1373 2330 1428 [hec
2357 1373 2533 1444 qualia
2579 1373 2690 1428 sint
2741 1374 2844 1446 (9),
2888 1375 3099 1429 interim
3117 1374 3228 1444 jam
3261 1389 3328 1429 ex
3359 1373 3552 1429 docto-

1954 1487 2071 1526 rum
2113 1485 2330 1526 suorum
2359 1471 2610 1542 qualitate
2646 1480 2699 1527 et
2727 1469 3034 1551 conditipne
3062 1471 3393 1542 pronuntiari
3456 1485 3554 1540 po-

1956 1571 2077 1627 test,
2107 1562 2250 1635 quod
2279 1562 2411 1617 nihil
2438 1563 2504 1618 ad
2531 1563 2907 1634 integritatem
2938 1572 3246 1634 peccatores
3267 1604 3281 1629 ,
3313 1564 3443 1619 nihil
3482 1563 3549 1618 ad

1953 1658 2253 1713 castitatem
2276 1643 2658 1728 adamatoresl(
2669 1656 2778 1729 10),
2802 1656 2936 1712 nihil
2963 1656 3299 1712 ad‘limorem
3331 1657 3424 1713 Dei
3455 1657 3556 1712 de-

1953 1759 2190 1807 sertores
2234 1750 2488 1821 spiritus,
2516 1756 2610 1804 aut
2635 1757 2938 1804 monstrare
2978 1757 3267 1819 potuerunt
3295 1757 3386 1803 aut
3411 1763 3553 1819 pra?-

247 1855 468 1916 propter
496 1853 644 1899 tuum
683 1844 964 1911 meritum,
996 1843 1049 1898 id
1069 1854 1151 1900 est
1193 1852 1440 1909 mortem,
1479 1843 1639 1899 etiam
1683 1844 1849 1900 Filius
1877 1839 1925 1900 B
1955 1853 2117 1900 stare.
2157 1841 2214 1900 Si
2243 1841 2503 1923 doctrina:
2522 1841 2766 1898 dicenda:
2795 1849 2953 1907 sunt,
2979 1841 3104 1896 mali
3134 1841 3373 1914 magistri
3414 1843 3555 1898 male

251 1938 347 1993 Dei
401 1937 536 1991 mori
583 1936 810 2003 habuit;
867 1946 922 1992 et
972 1936 1225 1992 adornari
1273 1935 1366 1990 tibi
1424 1935 1475 1990 in
1533 1947 1714 1993 mente
1767 1945 1851 1991 cst

246 2043 410 2100 super
437 2029 687 2100 pelliceas
731 2038 855 2086 tuas
892 2028 1146 2086 tunicas?
1172 2030 1284 2100 Age
1323 2044 1497 2098 nunc,
1526 2030 1570 2084 si
1603 2029 1670 2084 ab
1700 2029 1850 2085 initio

246 2137 428 2179 rerum
455 2131 508 2177 et
530 2121 719 2178 Milesii
749 2137 879 2178 oves
907 2122 1214 2185 tonderent,
1245 2131 1300 2177 et
1323 2122 1482 2178 Seres
1509 2123 1730 2178 arbores
1756 2137 1850 2178 ne-

247 2224 398 2282 rent,
444 2225 498 2270 et
527 2215 672 2288 Tyrii
713 2217 1016 2287 tinguerent
1039 2256 1055 2280 ,
1091 2226 1145 2270 et
1183 2213 1420 2287 Phryges
1461 2216 1762 2281 insucrent,
1795 2223 1850 2271 et

246 2303 524 2378 Babylonii
553 2305 887 2373 intexerent,
919 2317 974 2362 et
1005 2306 1306 2378 margaritrc
1335 2304 1631 2362 canderent
1659 2315 1714 2361 et
1749 2321 1846 2364 ce-

245 2400 431 2454 raunia
470 2410 820 2456 coruscareut
858 2400 965 2472 (a),
995 2401 1039 2456 si
1068 2401 1241 2471 ipsum
1277 2415 1491 2472 quoque
1519 2416 1709 2456 aurum
1735 2400 1846 2470 jam

245 2490 314 2548 de
345 2499 484 2548 terra
521 2507 643 2549 eum
673 2492 962 2564 cupiditate
1001 2493 1306 2564 prodisset;
1351 2492 1398 2547 si
1425 2492 1533 2562 jam
1571 2501 1626 2548 et
1651 2507 1845 2563 specu-

245 2583 300 2638 lo
328 2582 409 2656 (4)
438 2593 641 2639 tantum
671 2584 882 2640 mentiri
911 2585 1130 2640 liceret:
1159 2593 1215 2641 et
1265 2584 1378 2640 haec
1420 2584 1528 2639 Eva
1561 2585 1848 2655 concupis-

244 2684 330 2732 set
357 2676 438 2746 (5)
485 2675 551 2731 de
603 2676 851 2747 paradiso
907 2677 1148 2748 expulsa,
1176 2677 1286 2748 jam
1345 2685 1576 2744 mortua,
1630 2678 1843 2748 opinor.

243 2765 388 2838 Ergo
409 2781 508 2822 nec
523 2783 663 2824 nunc
683 2778 934 2839 appetere
960 2769 1139 2836 debet,
1158 2779 1250 2824 aut
1274 2784 1454 2836 nosse,
1473 2771 1516 2825 si
1538 2771 1685 2842 cupit
1709 2771 1848 2826 revi-

243 2859 475 2926 viscere,
503 2876 622 2930 quzn
649 2876 746 2917 nec
765 2862 1040 2928 habuerat,
1074 2878 1172 2919 nec
1204 2872 1444 2930 noverat,
1468 2864 1683 2933 quando
1702 2865 1849 2920 vive-

246 2950 356 3006 bat.
378 2951 503 3008 Ideo
523 2954 700 3009 omnia
728 2955 826 3010 ista
855 2953 1119 3011 damnata:
1138 2965 1192 3010 et
1221 2964 1446 3011 mortua:
1477 2955 1718 3011 mulieris
1749 2955 1849 3011 im-

245 3041 548 3112 pedimenta
575 3053 719 3112 sunt,
743 3046 892 3116 quasi
914 3047 978 3098 ad
1007 3061 1254 3117 pompam
1296 3046 1498 3102 funeris
1537 3048 1842 3104 constituta.

879 3139 1108 3196 CAPUT
1146 3139 1215 3195 Il.

316 3226 450 3282 Nam
478 3238 531 3281 et
558 3229 628 3282 illi
660 3229 749 3299 qui
779 3245 840 3284 ea
882 3221 1278 3287 constituerunt
1301 3276 1316 3300 ,
1348 3233 1588 3288 damnati
1638 3235 1692 3290 in
1725 3249 1841 3306 pte-
1870 3209 1915 3273 C

244 3335 369 3376 nam
421 3322 608 3376 mortis
657 3321 979 3392 deputantur
1021 3342 1035 3378 :
1089 3325 1162 3380 illi
1227 3320 1430 3380 scilicet
1483 3325 1696 3395 angeli,
1753 3326 1844 3396 qui

243 3415 312 3470 ad
363 3415 498 3470 tilias
527 3415 804 3472 hominum
849 3418 916 3474 de
968 3421 1107 3475 caelo
1139 3431 1392 3487 ruerunt,
1449 3433 1507 3477 ut
1547 3423 1663 3478 btec
1707 3439 1844 3492 quo.

243 3525 350 3580 que
373 3511 658 3580 ignominia
679 3510 912 3567 ﬂemina:
938 3513 1176 3569 accedat.
1209 3514 1342 3570 Nam
1366 3529 1488 3570 cum
1513 3525 1568 3571 et
1594 3517 1846 3571 materias

247 3601 504 3672 quasdam
539 3602 673 3658 bene
709 3603 948 3659 occultas
967 3646 984 3671 ,
1013 3615 1067 3659 et
1091 3615 1234 3661 artes
1265 3607 1552 3678 plerasque
1579 3623 1684 3662 non
1710 3607 1848 3664 bene

1952 1935 2233 1990 docuerint
2261 1948 2484 1990 necesse
2507 1943 2608 1990 est.
2642 1933 2696 1989 Si
2726 1933 3002 1990 mercedes
3033 1949 3128 2004 pro
3155 1933 3407 2001 libidine,
3436 1934 3556 1988 nul-

1953 2027 2058 2082 lius
2097 2027 2172 2083 rei
2204 2026 2374 2097 turpis
2415 2040 2622 2082 merces
2648 2026 2841 2081 decora
2871 2036 2972 2082 est.
3013 2025 3152 2092 Quid
3196 2032 3374 2080 autem
3422 2025 3554 2080 tanti

1953 2121 2050 2177 fuit
2077 2122 2176 2177 ista
2207 2129 2508 2176 monstrare
2534 2121 2818 2193 sicut(ll)
2846 2119 3134 2177 conferre?
3165 2131 3412 2176 utrumne
3439 2136 3556 2176 mu-
3640 2196 3645 2202 ι

1952 2216 2112 2271 lieres
2132 2257 2147 2284 ,
2180 2215 2297 2270 sine
2337 2215 2576 2269 materiis
2613 2214 2952 2286 splendoris,
2982 2223 3037 2270 et
3063 2214 3180 2272 sine
3206 2213 3433 2286 ingeniis
3457 2213 3554 2268 dc-

1951 2307 2114 2370 coris,
2146 2307 2354 2377 placere
2379 2321 2484 2362 non
2513 2317 2731 2376 possent
2757 2307 3082 2371 hominibus,
3112 2322 3233 2378 qum
3255 2305 3433 2361 adhuc
3461 2305 3547 2360 in-

1952 2400 2111 2455 cultae
2141 2408 2195 2455 et
2240 2399 2607 2470 incompositae
2651 2407 2705 2455 et
2748 2400 2842 2472 (ιιι
2884 2401 2954 2454 ita
2993 2398 3254 2472 dixerim)
3281 2398 3461 2456 cruda:
3490 2415 3554 2454 ac

1952 2491 2114 2548 rudes
2133 2534 2148 2559 ,
2177 2492 2396 2563 angelos
2426 2492 2745 2548 moverant?
2774 2494 2927 2548 Anne
2970 2492 3088 2566 (l2)
3115 2491 3318 2548 sordidi
3339 2534 3354 2557 ,
3383 2501 3436 2547 et
3463 2507 3557 2562 per

1951 2585 2237 2656 gratuitum
2271 2600 2421 2639 usum
2453 2585 2826 2640 contumeliosi
2853 2595 3119 2640 amatores
3146 2584 3476 2650 viderentur,
3507 2584 3556 2639 si

1954 2677 2086 2732 nihil
2102 2676 2336 2733 heminis
2358 2678 2409 2733 in
2437 2678 2763 2732 connubium
2792 2677 3001 2732 allectis
3027 2676 3412 2732 contulissent?
3441 2674 3549 2730 Sed

1954 2769 2072 2825 haec
2101 2785 2205 2824 non
2233 2769 2375 2840 capit
2401 2771 2688 2834 :cstimarc,
2723 2770 2850 2824 nihil
2882 2771 3000 2838 plus
3021 2768 3087 2839 (i)
3117 2768 3427 2824 desiderare
3463 2783 3557 2838 po-

1953 2871 2149 2929 terant,
2171 2878 2289 2931 quw
2302 2863 2518 2932 angelos
2533 2861 2898 2934 possidebant,
2921 2877 3112 2932 magno
3135 2862 3342 2917 scilicet
3357 2879 3425 2916 nn
3435 2877 3528 2932 pse
3542 2893 3556 2902 -

1951 2969 2090 3013 rant.
2123 2957 2444 3024 Enimvero,
2475 2958 2565 3028 qui
2591 2956 2772 3027 utique
2794 2955 3058 3011 interdum
3084 2957 3389 3029 cogitabant
3414 2957 3556 3011 unde

1952 3049 2294 3119 cecidissent,
2323 3062 2374 3106 et
2406 3060 2526 3122 post
2553 3050 2831 3106 libidinum
2861 3061 3112 3122 vaporata
3142 3061 3412 3105 momenta
3440 3065 3554 3104 crn-

1953 3146 2065 3200 lum
2091 3144 2451 3215 suspirabant,
2485 3142 2618 3198 illud
2660 3142 2833 3213 ipsum
2866 3143 3062 3197 bonum
3096 3141 3437 3198 fretninarum
3463 3157 3556 3196 na-

1951 3240 2136 3295 turalis
2157 3238 2390 3305 decoris,
2421 3247 2478 3292 ut
2506 3251 2749 3292 caussam
2773 3236 2920 3302 mali,
2946 3236 3024 3290 sic
3050 3243 3553 3299 remunerarerunt,

1951 3348 2019 3387 ne
2047 3333 2126 3386 eis
2155 3331 2442 3401 profuisset
2471 3330 2698 3384 felicitas
2725 3343 2820 3383 sua
2841 3369 2854 3392 ,
2895 3326 2988 3384 scd
3018 3337 3077 3382 ut
3113 3328 3396 3384 derectum
3425 3326 3556 3399 (IS)

1952 3425 2019 3481 de
2060 3425 2405 3496 simplicitate
2439 3432 2494 3480 et
2523 3423 2834 3478 sinceritate
2859 3436 2961 3477 una
2989 3436 3110 3477 cum
3143 3421 3273 3492 ipsis
3308 3421 3360 3476 in
3389 3421 3561 3475 allen-

1953 3534 2067 3575 sam
2102 3519 2192 3574 Dei
2221 3518 2584 3589 pervenirent.
2615 3517 2756 3573 Certi
2787 3526 2940 3571 erant
2965 3531 3202 3582 manem,
3232 3523 3287 3570 et
3310 3515 3556 3586 gloriam,

1954 3621 2010 3666 et
2035 3610 2404 3679 ambitionem,
2424 3619 2477 3667 et
2497 3609 2890 3665 afl‘cctationem
2923 3625 3017 3679 per
3058 3623 3274 3663 Carnem
3312 3606 3562 3678 placendi

247 3693 534 3762 revelatas,
566 3695 764 3752 sacculo
787 3696 958 3754 multo
995 3697 1165 3771 magis
1203 3699 1452 3770 imperito
1479 3699 1842 3771 prodidissent
1947 3699 2599 3776 Deodisplice‘reJlisunt
2620 3717 2816 3775 nempe
2832 3700 3239 3775 angeli(j)quos
3263 3700 3555 3773 judicaturi

1461 3858 1846 3921 LECTIONES
1885 3862 1970 3920 VA
1980 3861 2297 3951 RIANTlSS.

341 3991 386 4177 1)
408 3994 548 4044 Paris
564 3992 763 4045 seinter.

341 4059 360 4104 2
410 4057 695 4107 Dominatur
720 4059 763 4106 Ρ

341 4121 362 4169 5
421 4119 624 4169 Suasisti
662 4121 763 4170 Sen.

334 4057 385 4108 Ξ)
410 4057 695 4107 Dominatur
720 4059 843 4108 Par.

333 4116 385 4170 5)
421 4119 624 4169 Suasisti
662 4116 814 4170 Seml.

311 4181 387 4305 (4)
421 4181 493 4231 Ex
515 4181 719 4245 speculo
733 4185 856 4234 Jun.

335 4246 388 4305 δ)
413 4244 626 4305 Liceret,
656 4246 759 4296 haec
783 4246 852 4297 Ev

335 4246 374 4356 :15i
374 4244 626 4356 )hgceret,
656 4246 759 4296 hinc
783 4246 884 4297 Eva
906 4248 1218 4311 concupisset
1236 4256 1387 4299 Fran.
1407 4249 1670 4315 concupiit.
1708 4249 1849 4301 Seml.

247 4317 312 4357 ωε
337 4317 484 4356 “lien.

309 4367 386 4434 (6)
409 4366 510 4419 Alii
531 4370 976 4434 promulgaverant,
994 4371 1123 4437 quod
1145 4373 1344 4439 praefert
1359 4375 1482 4425 Iun.

2027 3999 2102 4066 (7)
2125 4001 2280 4066 ﬂente
2316 4000 2440 4050 Jun.

2030 4063 2100 4127 (8)
2124 4063 2311 4114 Exodia
2336 4067 2460 4114 Jun.

2046 4125 2097 4188 9)
2123 4127 2248 4177 Sunt
2272 4127 2490 4184 interim,
2510 4125 2609 4187 jam
2631 4127 2753 4175 Jun.

2051 4190 2128 4249 10)
2152 4190 2408 4239 Amatores
2430 4191 2550 4239 Jun.

2052 4251 2128 4317 ll)
2153 4253 2270 4317 Sive
2295 4261 2508 4312 Francq.
2537 4249 2718 4317 ltigalt.

2025 4312 2132 4384 ς
2150 4316 2292 4384 anne
2319 4324 2464 4384 Fran.
2489 4312 2710 4384 Rig.'_Au.
2727 4314 2934 4384 negaui:

2021 4373 2127 4444 (15)
2151 4377 2389 4428 Devecta:
2410 4373 2570 4428 Han?
2586 4373 2751 4429 Paris.
2778 4376 2889 4442 Rig.
2905 4377 3113 4427 devicta
3145 4376 3388 4427 Wouwer.

1623 4498 2182 4558 COMMENTARIUS.

320 4634 687 4710 CAP._l._——(a)
710 4634 962 4710 Ceraunia
985 4646 1328 4692 coruscareut.
1358 4635 1622 4694 Ceraunia
1650 4653 1861 4710 gemma
1887 4641 1941 4702 D
1970 4647 2082 4693 tum
2109 4638 2301 4710 arguit,
2331 4651 2472 4709 qua),
2501 4637 2626 4692 licet
2665 4645 2848 4692 essent
2877 4636 3205 4710 christiana),
3236 4653 3341 4692 non
3389 4637 3566 4694 minus

247 4716 333 4764 est
352 4706 578 4760 candida
609 4706 675 4762 ct
696 4709 941 4774 rulilans,
966 4711 1043 4764 sic
1071 4710 1210 4765 dicta
1239 4712 1386 4778 quasi
1415 4725 1445 4764 a
1470 4706 1706 4770 tonitru;
1737 4726 1856 4765 nam

247 4779 838 4852 Κεραυνὸςῐιιιιῐιειιιεει.
861 4782 1083 4844 Plinius,
1119 4783 1208 4837 lib.
1240 4781 1504 4845 XXXVII,
1537 4797 1658 4852 cap.
1683 4780 1858 4836 9:15.51

248 4849 378 4905 inter
397 4849 641 4902 candidas
673 4860 718 4904 et
744 4867 856 4920 qua:
901 4853 1153 4906 Ceraunia
1180 4863 1405 4907 uocatur.
1440 4849 1638 4906 Dicitur
1665 4863 1718 4908 et
1753 4853 1859 4908 Cc-

248 4920 496 4997 rauttium
529 4921 581 4974 in
606 4931 832 4997 neutro;
988 4924 1054 4997 ad
1081 4923 1470 4997 Demetriadem
1495 4924 1556 4978 Β.
1590 4925 1855 4997 Hierony-

247 5008 372 5064 mus
396 4990 817 5064 :i(.'er_auniorum
840 4990 1082 5064 ﬂammis.
1116 4993 1193 5049 LE
1231 4995 1327 5050 Ριι.

321 5063 477 5135 CAP.
502 5061 724 5135 Il.-—-(b)
752 5061 1016 5133 Siquidem
1036 5077 1080 5118 et
1114 5066 1436 5119 metallorum
1460 5081 1613 5135 opera
1638 5067 1856 5122 nudave-

246 5144 387 5209 rant.
409 5133 472 5209 in
505 5133 786 5209 Escer-Qtis
815 5135 1031 5208 Georgii
1065 5135 1298 5209 Syncelli
1325 5179 1339 5202 ,
1376 5133 1500 5193 lure.
1534 5138 1800 5193 habentur
1828 5155 1860 5196 e

247 5152 384 5190 ram.
418 5152 472 5187 In
505 5152 675 5192 mcer
721 5152 786 5190 IIS
815 5152 1031 5208 ueorgn
1065 5152 1298 5209 Synceln
1325 5179 1339 5202 ,
1376 5152 1490 5193 Iure
1534 5152 1800 5193 nanentur
1828 5155 1860 5196 e

247 5206 343 5263 lib.
368 5205 388 5260 Ι
409 5204 593 5260 Enoch
627 5225 639 5261 :
666 5152 834 5274 rgat
852 5215 876 5262 ὁ
897 5213 1087 5273 δέχοιτςς
1113 5227 1202 5266 τῶν
1226 5213 1462 5278 oio-xiver
1478 5213 1687 5275 ἐδίδαξεν
1708 5215 1860 5265 ποιεῖν

245 5289 495 5350 μαχαίρας
520 5283 604 5332 καὶ
634 5288 846 5352 θώρακας
876 5286 957 5336 καὶ
987 5291 1080 5337 πᾶν
1100 5288 1259 5344 σκεῦος
1287 5290 1558 5349 πολεμικὸν,
1579 5286 1660 5336 καὶ
1686 5291 1751 5337 τὰ
1769 5291 1860 5352 μξο

246 5362 401 5408 rana
432 5364 514 5411 τίς
541 5365 648 5416 γῆς.
683 5351 802 5406 ΒΙΟ.

323 5421 399 5494 (c)
445 5418 744 5477 Herbarum
772 5423 979 5492 ingenia
1003 5465 1018 5490 ,
1058 5433 1106 5478 et
1139 5424 1544 5478 incantationum
1572 5426 1720 5481 uires.
1752 5428 1858 5483 lbi-

247 5495 370 5624 gem
397 5505 755 5561 εφαρμακετσς,
784 5499 1056 5563 inuisae,
1081 5508 1242 5566 σιφίσς
1269 5502 1351 5550 καὶ
1382 5502 1612 5552 laetatam:
1635 5509 1837 5570 )wr'ptet.

301 5585 372 5624 IG.
1085 5590 1090 5595 ”

301 5585 372 5626 IG.
1085 5590 1090 5595 “

320 5641 404 5713 (αἱ)
432 5634 712 5713 Stellarum
729 5637 1627 5713 interpretationem.‘ée:pmozt¢v.
1657 5642 1781 5700 th.

321 5711 396 5782 (e)
443 5710 846 5784 Iusti-amentum
913 5711 1174 5766 muliebris
1231 5710 1427 5784 gloriaz.
1483 5713 1700 5784 ’Κωμία
1747 5721 1854 5781 ταῖς

249 5793 484 5854 γυναιξίν.
516 5782 636 5838 RIG.

324 5853 386 5926 (ι’)
411 5854 673 5911 Muliebris
711 5853 909 5926 gloriae.
957 5854 1325 5912 Focminarum
1370 5857 1601 5916 nitorem
1629 5857 1852 5918 adcola-

1969 4719 2148 4766 tamen
2179 4709 2495 4780 Composita:
2523 4718 2579 4763 et
2623 4719 2825 4764 ornaue
2853 4709 3177 4764 incedebant
3204 4722 3362 4777 quam
3389 4710 3565 4764 ethni-

1964 4796 2080 4845 επις
2113 4793 2193 4835 est
2221 4784 2364 4835 enim
2415 4780 2544 4835 illud
2576 4781 2776 4836 animal
2805 4781 3033 4835 maxime
3065 4783 3349 4851 φιλόκοσμον
3396 4789 3450 4836 ct
3477 4795 3566 4835 su-

1965 4855 2208 4924 perbum.
2241 4854 2318 4908 Ls
2345 4853 2441 4908 Pn-

1959 4921 2110 5053 ἐς)
2160 4924 2378 4980 Lumina
2418 4925 2732 4995 lapillortmt.
2792 4921 2891 4976 Καὶ
2949 4930 3052 4986 ab;
3103 4930 3340 4988 ἐκλεκτοὺς
3390 4931 3562 4988 λίθους.

2012 5014 2082 5053 IG.

2012 5014 2082 5055 IG.

2036 5070 2116 5143 (h)
2142 5069 2506 5126 Medicamenta
2523 5084 2584 5124 ea:
2601 5069 2736 5140 fuco.
2753 5077 2807 5123 τὸ
2824 5072 3030 5125 στιλεεῐν
3045 5072 3129 5122 καὶ
3148 5079 3202 5126 τὸ
3223 5077 3562 5135 καλλωπιςοιν.

1963 5141 2082 5199 th.

2036 5214 2097 5284 (i)
2133 5213 2281 5268 Nihil
2307 5213 2443 5283 plus.
2495 5210 2583 5267 Sic
2627 5211 2760 5283 ipse.
2797 5210 3100 5268 Sacerdotes
3125 5212 3244 5266 'mei
3287 5228 3389 5267 non
3443 5211 3561 5285 plus

1963 5287 2179 5342 nubunt.
2212 5287 2328 5341 Βία.

2035 5355 2099 5428 (j)
2135 5357 2204 5410 lli
2251 5366 2369 5409 sunt
2397 5355 2606 5428 angeli,
2649 5365 2753 5411 etc.
2784 5355 2936 5411 Hunc
2962 5354 3320 5428 execrationis
3363 5355 3561 5422 ritum,

1963 5426 2087 5498 quo
2116 5426 2414 5498 ingressuri
2457 5427 2508 5480 in
2557 5442 2748 5497 aquam
2799 5427 3135 5498 baptismatis
3182 5427 3281 5498 sub
3309 5428 3566 5483 antistitis

1966 5497 2126 5554 manu
2159 5497 2600 5552 contestabantur
2625 5514 2684 5552 se
2712 5499 3020 5554 renuntiare
3037 5497 3270 5562 diabolo,
3293 5499 3567 5568 attingunt

1965 5587 2110 5642 sa-pe
2161 5571 2329 5624 sancti
2383 5569 2588 5623 Patres.
2638 5569 2801 5626 Basil.
2836 5569 2929 5623 lib.
2982 5569 3048 5624 dc
3095 5568 3257 5642 Spir.
3287 5576 3565 5642 sanat/ivra-

1962 5639 2215 5701 τᾶςξςσοαι
2237 5654 2300 5707 τῷ
2327 5648 2512 5709 σαι-αινᾷ
2536 5648 2617 5694 καὶ
2646 5647 2749 5706 τοῖς
2778 5648 2992 5709 ἀγγέλοις
3019 5645 3184 5697 αὐτοῦ.
3204 5639 3295 5696 Sic
3319 5649 3372 5695 et
3404 5641 3560 5696 Dion.

1961 5716 2053 5770 lib.
2075 5715 2141 5768 de
2163 5713 2310 5768 Eccl.
2348 5714 2614 5767 lticrarch.
2647 5729 2765 5784 cap.
2795 5715 2850 5778 ξε,
2879 5714 3016 5768 hanc
3035 5712 3560 5784 abrenuntiationcm

1959 5793 2210 5852 ἀποταγὴν
2230 5786 2492 5845 nominat,
2519 5785 2698 5854 aitque
2718 5786 3066 5843 observatum
3090 5793 3147 5839 ut
3173 5783 3560 5841 abrenuntiatis

1958 5868 2041 5915 ter
2064 5860 2276 5914 Satanae
2303 5855 2618 5914 insulﬂaret.
2646 5856 2777 5914 ιω.
