2008 3326
219 84 290 117 1507

934 86 1167 117 TERTULLIANI

1798 90 1877 120 i308

216 146 319 179 Sumus,
335 145 361 173 lii
375 145 530 182 suntangeli
544 145 641 181 quibus
655 144 682 173 in
696 144 804 173 lavacro
820 145 1014 179 renuntiamus;
1030 147 1056 177 Α
1076 147 1101 174 in
1126 146 1322 182 prmdieationis
1349 146 1516 183 delegatione
1543 147 1717 182 successisse,
1743 149 1787 177 vel
1806 151 1873 186 quia

216 192 275 221 haec
289 196 350 220 sunt
360 192 461 229 utique,
478 200 527 229 per
538 200 598 227 quae
613 192 647 220 ab
661 192 770 221 homine
779 192 894 228 iudicari
909 200 1016 221 merue-

216 245 288 268 runt.
305 240 375 274 Quid
399 247 463 275 ergo
493 239 593 268 facient
620 239 661 276 (l)
681 239 751 275 apud
767 237 871 275 judices
888 247 951 267 suos
974 246 1017 267 res

216 287 328 315 eorum?
349 287 420 322 quod
442 286 687 314 estcommercium
702 286 868 314 damnaturis
893 286 933 323 (α)
956 294 1017 314 cum

217 332 392 360 damnandis?
404 331 516 368 Opinor,
526 332 598 368 quod
611 332 718 360 Christo
733 337 760 360 et
772 333 861 361 Beli-.c.
877 333 933 367 Qua
950 340 1016 360 eon-

217 379 313 407 stantia
334 379 451 407 tribunal
474 378 538 406 illud
552 379 722 407 ascendimus
743 377 797 415 (2),
818 379 951 407 decreturi
970 379 1018 407 ad-

217 432 312 454 versus
322 432 379 459 eos,
391 432 506 461 quorum
517 428 629 453 munera
640 426 809 461 appetimus?
823 424 889 453 Nam
900 431 927 453 et
936 426 1017 453 .vobis

217 472 312 500 eadem
335 478 397 500 tunc
420 473 569 500 substantia
593 473 711 508 angelica
736 473 898 509 repromissa
914 494 921 505 ,
945 472 1016 500 idem

218 526 299 547 sexus
309 518 349 556 (b)
360 519 405 555 qui
418 523 446 547 et
455 519 530 552 viris,
545 519 667 547 eamdem
679 518 816 555 judicandi
831 519 867 555 (c)
886 519 1017 555 dignatio-

218 574 280 594 nem
296 566 437 602 pollicetur
453 576 459 593 :
477 566 528 594 nisi
540 574 605 601 ergo
620 566 663 593 hie
670 566 725 601 jam
740 565 1015 601 prmjudieaverimus,

218 620 263 640 res
271 620 364 641 eorum
378 612 596 648 praedamnando,
612 621 678 648 quas
690 612 717 640 in
726 612 779 640 illis
790 617 853 640 tunc
865 612 1017 640 damnaturi

219 667 322 694 sumus,
334 660 371 688 illi
383 659 471 696 potius
486 667 536 688 nos
549 659 705 695 indicabunt
720 664 801 695 atque
814 659 990 688 damnabunt.

527 726 640 755 CAPUT
660 726 703 755 III.

254 797 317 826 Scio
329 797 488 833 scripturam
502 796 607 830 Enoch,
622 804 683 832 qua:
694 798 765 825 hunc
782 796 903 825 ordinem
917 798 1019 834 angelis

1069 198 1097 220 et
1110 194 1174 221 alias
1188 202 1240 222 non
1259 194 1383 223 tacuisset
1404 200 1457 222 tam
1483 194 1517 222 de
1541 194 1585 223 Dei
1601 197 1803 225 conservatoris
1828 198 1874 225 sui

1070 240 1261 275 dispositione,
1276 248 1354 275 quam
1380 240 1413 268 de
1434 241 1490 275 ipsa
1509 240 1605 269 domus
1631 250 1686 269 suae
1698 243 1794 278 gloria.
1813 243 1875 271 Hoc

1069 287 1092 313 si
1111 293 1162 313 non
1184 291 1237 314 tam
1266 287 1389 323 expedite
1414 286 1545 321 haberet,
1572 287 1637 315 illud
1653 296 1760 325 quoque
1782 297 1878 317 asser—

1068 333 1168 360 tionem
1180 333 1319 369 scriptum
1339 333 1409 361 illius
1424 338 1553 362 tueretur.
1571 334 1683 362 Perinde
1701 336 1789 370 potuit
1803 336 1879 364 abo-

1069 378 1193 407 Icfactam
1207 387 1266 408 eam
1282 380 1408 416 violentia
1423 380 1595 416 cataclysmi,
1617 381 1644 408 in
1664 382 1762 417 spiritu
1777 389 1879 411 rursus

1069 425 1216 454 reformare
1232 436 1238 454 :
1253 427 1476 462 quemadmodum
1487 432 1514 462 et
1524 427 1714 464 Hierosolymis
1723 429 1878 465 Babylonia

1069 473 1265 508 expugnatione
1275 473 1381 506 deletis,
1394 481 1474 501 omne
1485 474 1690 503 instrumentum
1699 475 1819 510 judaiere
1834 476 1879 503 lit-

1070 524 1193 547 ιρι-κωκυ
1203 520 1238 555 (c)
1248 528 1296 556 per
1307 520 1419 548 Esdram
1430 526 1536 549 constat
1547 526 1734 550 restauratum.
1743 523 1798 551 Sed
1809 531 1878 552 cum

1070 566 1162 594 Enoch
1176 567 1269 599 eadem
1285 568 1416 603 scriptura
1429 568 1511 596 etiam
1527 568 1560 596 de
1575 568 1686 597 Domino
1707 570 1878 604 praedicarit,

1070 621 1083 641 ιι
1096 613 1172 641 nobis
1183 614 1289 649 quidem
1303 614 1368 642 nihil
1379 615 1487 642 omnino
1499 614 1673 649 rejiciendum
1682 620 1724 643 est
1734 616 1789 651 (5),
1799 617 1881 651 quod

1070 659 1188 696 pertinet
1201 660 1235 688 ad
1246 668 1304 688 nos.
1320 660 1353 688 Et
1365 661 1477 696 legimus
1492 659 1531 696 (ll
1543 660 1620 694 Tim.,
1635 660 1679 695 Ili,
1696 661 1753 698 16),
1771 671 1880 690 omnem

1070 705 1235 741 Scripturam
1260 706 1425 741 wdiﬁcationi
1453 706 1562 733 habilem
1590 706 1711 735 diuinitus
1735 708 1878 742 inspirari.

1070 754 1093 781 A
1108 753 1207 781 Judreis
1222 758 1310 788 potest
1324 753 1364 790 (4)
1378 753 1434 789 jam
1449 753 1533 781 videri
1550 759 1689 790 propterea
1703 755 1806 790 rejecta
1822 755 1880 791 (5).

1071 801 1139 828 sicut
1149 805 1175 827 et
1187 803 1285 827 caetera
1300 800 1356 827 fere
1365 807 1423 835 quac
1436 799 1573 828 Christum
1587 805 1694 829 sonant.
1712 801 1766 829 Nec
1782 803 1882 838 utique

219 845 302 879 dedit,
316 853 367 873 non
381 845 465 881 recipi
479 852 494 872 a
507 844 664 881 quibusdam
674 866 681 879 ,
696 845 757 881 quia
770 853 821 874 nec
834 846 861 873 in
875 847 1020 875 armarium
1034 852 1059 882 Β
1074 847 1172 874 mirum
1186 846 1252 880 hoc,
1269 847 1292 874 si
1305 847 1451 882 scripturas
1476 847 1579 883 aliquas
1595 856 1647 876 non
1662 855 1826 884 recepertmt
1844 850 1883 878 de

217 893 353 929 judaicum
380 892 421 929 (ά)
451 892 611 920 admittitur.
641 891 761 928 Opinor,
786 900 839 921 non
860 898 1021 929 putaverunt

219 941 291 969 illam
306 945 368 968 ante
385 940 576 975 cataclysmum
592 939 699 972 editam,
717 943 777 975 post
797 947 858 967 eum
873 947 964 967 casum
978 947 1021 968 or-

219 987 271 1021 bis,
283 987 402 1014 omnium
418 994 507 1014 rerum
520 985 690 1019 abolitorem,
702 985 803 1013 salvam
816 993 876 1014 esse
891 986 1019 1021 potuisse.

220 1033 248 1062 Si
261 1034 309 1061 ista
320 1033 389 1060 ratio
400 1037 451 1067 est,
460 1032 635 1060 recordentur
651 1037 825 1068 pronepotem
836 1032 919 1068 ipsius
928 1033 1020 1061 Enoch

221 1082 305 1109 fuisse
319 1081 492 1117 superstitem
505 1080 659 1116 cataclysmi
673 1080 739 1113 Noé,
751 1080 795 1115 qui
810 1081 900 1116 utique
914 1081 1021 1109 domes-

221 1129 274 1157 tico
287 1128 395 1156 nomine
406 1132 433 1155 et
446 1126 614 1155 baereditaria
635 1126 777 1155 traditione
789 1127 910 1155 audierat
924 1132 951 1155 et
962 1135 1020 1155 me-

221 1176 346 1209 tninerat,
372 1174 406 1203 de
423 1174 515 1210 proavi
539 1174 581 1201 sui
604 1182 686 1209 penes
713 1174 794 1202 Deum
818 1175 914 1210 gratia,
938 1179 965 1203 et
989 1174 1022 1203 de

220 1221 346 1250 omnibus
356 1220 506 1257 praedicatis
519 1220 591 1255 ejus;
606 1227 666 1248 cum
683 1220 775 1248 Enoch
787 1220 842 1248 lilio
856 1228 905 1249 suo
916 1220 1021 1248 Mathu-

221 1269 285 1297 sala:
298 1268 364 1296 nihil
375 1267 447 1295 aliud
460 1266 637 1299 mandaverit,
653 1274 734 1302 quam
749 1271 779 1294 ut
795 1267 914 1295 notitiam
928 1275 1022 1295 eorum

223 1314 338 1351 posteris
352 1314 408 1342 suis
425 1313 554 1342 traderet.
578 1313 661 1348 Igitur
681 1314 740 1341 sine
759 1314 841 1342 dubio
855 1317 940 1350 potuit
954 1316 1020 1348 Noé,

1073 901 1106 921 eo
1118 893 1230 927 locutas,
1240 900 1320 927 quem
1329 897 1356 920 et
1366 893 1451 929 ipsum
1463 901 1552 921 coram
1565 894 1715 929 loquentem
1728 903 1781 922 non
1797 901 1885 924 erant

1074 939 1218 974 recepturi.
1240 939 1280 966 Eo
1293 939 1398 967 accedit
1411 960 1418 972 ,
1434 939 1505 975 quod
1519 939 1612 967 Enoch
1634 940 1670 975 (ί)
1692 941 1762 976 apud
1776 941 1883 970 Judam

1074 985 1232 1021 Apostolum
1249 986 1430 1014 testimonium
1453 986 1573 1022 possidet
1598 986 1664 1023 (Ep.
1679 987 1756 1023 Jud.,
1771 996 1798 1016 υ.
1818 989 1881 1025 Η).

1379 1053 1494 1082 CAPUT
1513 1052 1559 1082 lV.

1109 1124 1185 1153 Nulla
1206 1131 1278 1152 nunc
1300 1123 1423 1153 muliebri
1439 1132 1546 1160 pompa:
1559 1128 1621 1152 nota
1636 1124 1724 1153 inusta
1746 1125 1780 1153 sit
1802 1134 1881 1162 prae-

1073 1172 1272 1205 damnationis,
1294 1170 1329 1198 de
1348 1171 1421 1199 exitu
1441 1176 1592 1199 auctorum.
1613 1171 1685 1199 Nihil
1702 1172 1805 1207 angelis
1824 1174 1883 1202 illis

1074 1219 1219 1255 imputetur
1231 1239 1239 1253 ,
1265 1222 1362 1253 praeter
1376 1217 1415 1253 (6)
1438 1217 1577 1253 repudium
1591 1218 1652 1246 creti
1663 1239 1670 1251 ,
1687 1223 1713 1246 et
1733 1220 1880 1248 matrimo-

1074 1266 1147 1294 nium
1162 1256 1263 1299 carnis.
1279 1264 1381 1293 Rerum
1394 1265 1510 1300 ipsarum
1525 1265 1669 1300 qualitates
1679 1266 1885 1301 examinemus.

1074 1323 1103 1345 ut
1117 1313 1228 1343 consilia
1243 1319 1350 1348 quoque
1373 1312 1597 1348 concupiscentia:
1616 1320 1710 1341 earum
1723 1312 1883 1349 deprchen-

830 1372 1019 1404 LECTIONES
1036 1373 1242 1405 VARIANTES.

255 1431 292 1464 (l)
305 1430 410 1464 Faciunt
416 1435 493 1464 fran.
507 1429 596 1464 Itt'gatt.

260 1462 296 1495 {2)
308 1462 496 1495 Adscendemus
510 1462 576 1495 Jun._
643 1491 658 1495 __
685 1491 689 1495 _
742 1491 747 1495 _

257 1491 295 1527 (5)
307 1492 397 1528 Junius
408 1493 471 1518 hunc
482 1491 509 1528 in
520 1493 619 1528 moduni
631 1491 777 1525 distinguit:
789 1493 951 1525 rejiciendum
970 1499 1023 1528 est;

224 1534 249 1559 (ι.
263 1525 290 1559 'p'
301 1525 332 1550 ad
340 1532 394 1556 nos,
408 1529 435 1551 et
445 1538 476 1543 —
489 1525 614 1556 inspirari.

1118 1432 1144 1457 ἢ
1155 1431 1245 1457 Postea
1256 1428 1357 1455 Semter.

1118 1432 1133 1456 4
1155 1432 1245 1457 Postea
1256 1432 1357 1455 Semter.

1158 1462 1239 1493 Idem,
1252 1461 1379 1492 reiectam.

1106 1432 1146 1528 {iii
1157 1495 1262 1525 Propter
1274 1496 1318 1518 tus.
1336 1492 1379 1517 Wa

1120 1489 1146 1525 6)
1157 1489 1262 1525 Propter
1274 1489 1318 1518 tils.
1336 1492 1429 1517 Wouw.
1441 1489 1494 1522 Rig.

916 1580 1196 1612 COMMENTARIUS.

266 1638 396 1677 (a)_Quott
411 1642 446 1677 est
462 1637 646 1677 commercium
657 1636 815 1677 damnaturis
832 1646 893 1677 _cum
903 1639 1029 1668 damnan-
1042 1641 1064 1673 C
1081 1649 1141 1677 cap.
1151 1639 1248 1668 XXIII.
1263 1636 1445 1677 IdemﬁlileI
1455 1635 1702 1677 co-tttraFaustum,
1720 1636 1765 1677 u_hi
1780 1636 1817 1665 de
1830 1637 1882 1677 Ju-l

230 1673 279 1703 dis.
295 1673 387 1709 'Quasi
410 1674 564 1701 christianis
583 1673 740 1700 mulieribus
766 1674 837 1700 omni
866 1677 1029 1704 commercio

230 1717 283 1740 auL
301 1710 426 1745 exemplo
442 1709 613 1745 interdiceret
643 1716 704 1736 cum
730 1709 845 1737 ethnicis
860 1711 1028 1740 mulieribus.

230 1747 303 1776 Nihil
329 1744 399 1773 enim
418 1745 490 1772 aliud
517 1744 548 1771 ad
570 1745 611 1772 sui
638 1745 815 1780 patrocinium
845 1745 1030 1780 adducebant,

231 1791 292 1812 cum
309 1782 468 1810 immodicus
480 1781 526 1808 ille
539 1782 626 1808 cultus
637 1788 668 1808 ac
680 1781 750 1808 nitor
765 1781 1027 1816 reprehendebatur,

231 1826 311 1855 quam
328 1818 517 1855 neceSsitatem
528 1816 696 1855 negotiandi,
709 1817 856 1852 agendique
869 1826 929 1855 cum
941 1819 1031 1846 ethni-

231 1852 281 1883 cis.
297 1854 345 1882 Hic
358 1859 446 1881 tamen
468 1854 531 1880 licet
556 1853 582 1879 id
598 1860 650 1879 non
666 1852 789 1889 damnet,
804 1860 865 1880 cum
887 1853 1031 1889 aliquando

232 1892 351 1924 exigeret
364 1894 409 1917 aut
430 1889 555 1924 cognatio
570 1892 616 1915 aut
628 1887 709 1924 oilicii
733 1888 895 1922 necessitas,
923 1887 968 1917 aut
983 1890 1033 1918 ali«

233 1923 295 1962 quid
307 1926 404 1958 simile,
419 1925 544 1962 prohibet
554 1923 735 1962 damnabilem
758 1923 899 1959 gentilium
916 1926 1031 1954 nitorem

233 1959 260 1990 in
274 1959 428 1991 christiana
437 1960 554 1988 immitia.
573 1959 610 1986 LE
622 1959 668 1987 Pn.

268 2009 307 2046 (b)
321 2009 390 2037 Nam
401 2015 423 2036 et
432 2009 501 2036 vobis
515 2008 583 2046 idem
596 2015 673 2046 sesua
681 2007 724 2046 qui
738 2012 760 2034 et
773 2007 884 2046 tit-1:11.14
898 2013 954 2042 est,
967 2009 1027 2036 nul-

232 2043 286 2074 lus'.
300 2046 346 2073 Sic
359 2045 470 2073 Ovidius
485 2046 510 2071 in
522 2043 650 2071 Convivia
661 2043 734 2079 lovis
745 2043 815 2079 apud
827 2043 1027 2078 Philemonem,

233 2086 374 2117 postquam
386 2080 451 2117 dixit
464 2080 551 2117 edulia
561 2079 650 2117 omnia
661 2078 786 2107 ﬁctilibus
796 2079 884 2114 illata;
899 2080 1026 2117 Posthwc,

230 2116 331 2152 inquit,
348 2116 450 2144 certatus
463 2116 550 2143 eodem
562 2116 660 2152 sistitur
681 2120 785 2150 argento
800 2121 882 2143 crater
899 2124 908 2143 :
926 2116 976 2143 hoc
988 2120 1029 2144 est

232 2151 321 2185 nullo;
338 2160 399 2180 nam
424 2157 481 2180 crat
500 2159 606 2187 quoquc
622 2151 711 2179 ﬁctilis
726 2156 823 2179 crater.
835 2152 926 2187 Itaque
941 2152 984 2180 hic
993 2152 1030 2179 ait

232 2189 427 2221 Tcrtullianus,
461 2186 578 2216 imminis
601 2188 670 2216 caelo
695 2188 810 2223 receptis
828 2186 952 2216 eumdem
973 2186 1029 2216 iure

231 2233 325 2253 sexum
334 2225 378 2259 qui
392 2224 465 2257 viris,
474 2223 524 2251 hoc
531 2228 581 2255 est,
595 2224 711 2255 nullum;
727 2231 788 2250 natn
799 2227 826 2251 et
834 2224 897 2251 viris
909 2232 961 2252 non
969 2224 1032 2252 adc-

232 2262 267 2289 rit
281 2268 355 2288 suus.
365 2259 484 2295 Uterque
494 2259 715 2295 dcspoliabuntur
727 2266 798 2295 sexui
807 2267 856 2287 suo
868 2268 874 2285 :
891 2265 970 2287 erunt
993 2260 1028 2288 si-

233 2302 279 2325 cut
289 2297 374 2332 angeli
384 2317 390 2328 ,
403 2303 456 2323 non
470 2296 660 2332 angelus,‘non
674 2294 778 2329 angcla.
788 2294 832 2322 Sic
848 2295 904 2330 ipse
913 2318 921 2329 ,
933 2296 1028 2323 adver-

233 2341 279 2361 sus
304 2330 519 2365 Valentinianus;
532 2330 672 2365 utrobique
686 2335 786 2362 autem,
800 2332 932 2359 vocabulo
947 2340 1027 2359 sexus

233 2369 321 2397 ofﬁcia
335 2376 446 2396 sexuum
460 2367 607 2403 signiﬁcat,
632 2373 685 2403 non
700 2367 801 2393 formas
815 2373 928 2394 sexuum
950 2372 1028 2395 natu-

233 2406 313 2433 rales.
342 2404 448 2432 Etenim
464 2402 598 2431 redituras
612 2402 645 2430 ad
660 2409 708 2430 sua
723 2409 836 2437 corpora
848 2402 1023 2437 demonstrat,

234 2442 279 2468 lib.
293 2440 329 2469 de
341 2441 437 2468 Resur.
452 2440 512 2468 th.

271 2476 307 2511 (c)
323 2476 396 2504 Idem
412 2484 485 2504 sexus
505 2475 619 2503 eamdem
628 2474 765 2510 judicandi
781 2474 953 2509 dignationem
966 2475 1024 2510 pol-

233 2510 334 2540 licetur.
350 2512 413 2540 Jure
427 2511 497 2539 civili
509 2511 646 2546 judicandi
661 2518 758 2538 munus
774 2510 843 2538 inter
859 2510 943 2537 virilia
963 2519 1025 2538 cen-

234 2553 318 2581 setur,
336 2556 351 2575 a
367 2548 463 2582 quibus
484 2548 570 2575 arceri
585 2547 706 2574 heminas
725 2546 833 2580 placuit.
849 2546 926 2580 Apud
943 2546 1026 2574 Deum

233 2591 298 2612 vero
307 2592 368 2612 cum
388 2583 459 2610 nulla
474 2583 528 2610 sint
542 2582 754 2617 hominibusjam
765 2582 920 2610 cmlestibus
937 2582 1027 2610 ofﬁcia

234 2628 362 2652 sexuum,
377 2619 513 2647 communi
528 2623 681 2646 sanctorum
695 2618 802 2653 gloriae,
819 2619 875 2645 sive
895 2618 1028 2653 quondam

234 2656 373 2688 viro,sive
390 2654 525 2690 quondam
538 2654 656 2682 heminae
675 2662 723 2689 pro
743 2654 889 2690 sanctitatis
911 2662 942 2681 ac
959 2654 1029 2690 bea-

235 2691 358 2719 titudinis
385 2689 562 2726 praerogativa
587 2690 737 2717 communis
758 2689 895 2725 judicandi
912 2689 1030 2726 dignatio

235 2728 400 2756 conceditur.
416 2727 476 2755 Bia.

270 2763 347 2791 CAP.
356 2763 439 2791 [IL—
447 2763 488 2800 (d)
499 2762 552 2790 Nec
562 2763 588 2790 in
595 2762 871 2800 armariumjudaicum
879 2761 1030 2800 admittitur.

234 2800 263 2828 In
277 2808 310 2827 eo
324 2798 538 2827 scilicetcanone
545 2798 740 2834 Scriptur.,qui
757 2798 910 2825 servabatur
924 2798 950 2825 in
965 2803 1032 2825 tem-

235 2836 280 2869 plo
289 2835 393 2862 IIebrat-i
403 2837 489 2869 populi
497 2835 697 2863 succedentium
705 2834 839 2869 diligentia
847 2834 1028 2861 sacerdotum.

236 2870 281 2898 Sic
291 2871 478 2906 interpretatur
485 2872 650 2907 Augustinus
659 2870 705 2899 lib.
718 2869 776 2899 XV.
788 2869 822 2898 de
834 2870 946 2899 Civitate
960 2870 1020 2905 Dei,

1082 1672 1202 1705 daiorum
1213 1680 1291 1711 gente
1305 1685 1317 1711 :_
1330 1673 1452 1711 Quitt_est
1465 1672 1537 1711 aliud
1551 1672 1625 1711 hodie
1649 1680 1710 1711 gens
1731 1673 1787 1711 ipsa
1798 1694 1805 1703 ,
1833 1674 1886 1700 nisi

1083 1713 1200 1749 quwdant
1214 1707 1356 1749 'scrinia'ria
1378 1708 1593 1749 _Cltristiattorttm,
1604 1707 1734 1749 baiulat“
1743 1708 1845 1749 Legem
1862 1714 1887 1736 α

1086 1744 1248 1785 Prophetas,
1268 1746 1302 1773 ad
1327 1745 1497 1773 testimonium
1520 1744 1669 1772 assertionis
1688 1744 1811 1785 Ifeclesia'
1827 1750 1885 1785 ..ψ

1080 1794 1125 1813 nos
1143 1779 1300 1811 'ltonoremus
1328 1790 1372 1816 per
1396 1785 1604 1816 sacramentum)
1628 1779 1696 1814 quod
1716 1781 1819 1806 muniat
1839 1781 1887 1807 illa

1084 1830 1127 1855 per
1142 1819 1273 1847 litteram?
1296 1814 1385 1855 Et,th
1399 1816 1466 1855 psal.
1479 1815 1537 1855 LVI
1550 1824 1564 1855 _:_
1581 1814 1701 1855 Codicem
1719 1820 1811 1855 portat
1833 1816 1887 1843 ,1η-

1083 1851 1154 1883 ὶίιινυδ
1168 1856 1235 1882 unde
1248 1854 1332 1881 credat
1344 1852 1514 1880 Christianus.
1524 1851 1634 1878 Librarii
1646 1852 1723 1877 nostri
1736 1851 1887 1885 frictistmt,

1083 1891 1208 1929 quomodo
1223 1891 1304 1929 solent
1320 1889 1453 1929 servipo‘st
1469 1887 1584 1929 dominos
1598 1887 1699 1929 codices
1706 1888 1775 1929 ferre
1788 1894 1837 1929 ξεί
1849 1889 1888 1929 ἱ(ιί

1085 1922 1216 1963 portando
1227 1926 1362 1963 deﬁciant,
1378 1922 1692 1963 itlilirgendopro/iciant.
1705 1922 1738 1949 Et
1749 1944 1756 1955 ,
1768 1923 1884 1963 in

1085 1959 1164 1992 LVIII
1180 1971 1188 1989 :
1205 1962 1260 1996 Ipsi
1276 1960 1365 1988 habent
1378 1959 1476 1996 codices
1488 1959 1554 1996 unde
1569 1959 1734 1996 prop/tetulit:
1746 1964 1785 1996 est
1797 1959 1888 1996 Chris-

1086 2004 1124 2027 tus
1136 2020 1143 2031 ,
1157 2004 1178 2026 et
1192 1994 1237 2025 nos
1249 2002 1360 2024 tenemus
1373 1995 1511 2031 Christum.
1522 1994 1599 2031 Quod
1614 1994 1651 2021 ait
1666 1995 1841 2031 Augustinus
1853 1995 1889 2023 de

1081 2029 1168 2063 servis
1191 2034 1234 2069 qui
1251 2037 1311 2068 post
1321 2031 1445 2069 dominos
1453 2030 1559 2058 Codices
1573 2029 1661 2069 ferunt
1670 2052 1677 2063 ,
1691 2029 1888 2069 lincde_s_ervis

1082 2065 1211 2106 capsarii's
1226 2065 1618 2106 τιὸεᾷρίιξηᾴιιηιρςέ,Πίμιοι-ιιιιι
1630 2065 1660 2093 ﬁt
1674 2066 1776 2106 mentio
1787 2066 1835 2093 lib.
1851 2066 1887 2106 lit

1082 2102 1296 2134 dc'Manumissis
1305 2103 1377 2130 viud.
1390 2111 1396 2129 :
1407 2103 1435 2130 Si
1447 2102 1633 2129 Collactancus
1642 2123 1649 2134 ,
1664 2102 1687 2129 si
1701 2102 1833 2129 educator
1843 2102 1888 2130 vel

1082 2142 1219 2178 capsarius
1233 2162 1239 2173 ,
1257 2140 1282 2168 id
1297 2144 1352 2178 est,
1368 2139 1411 2174 qui
1429 2143 1515 2174 portat
1528 2138 1618 2178 libros.
1634 2138 1732 2178 Juven.
1746 2146 1752 2163 :

1161 2178 1240 2207 Quem
1251 2176 1363 2207 sequitur
1375 2178 1456 2199 custos
1470 2176 1579 2207 augusta
1588 2173 1699 2207 vermula
1711 2180 1801 2207 gpszr.
1831 2173 1888 2199 Ραδ-

1043 2216 1071 2246 Ῑ)
1120 2209 1159 2246 (e)
1170 2205 1267 2236 ‘0mue
1281 2205 1596 2246 instrumentqu.judaicaz
1609 2205 1647 2246 (lit.
1661 2205 1702 2232 Ah
1714 2205 1891 2246 Esdra_\_'etu_s

1084 2241 1273 2273 testamentum
1286 2243 1437 2270 restittttum
1449 2241 1529 2268 luisse
1539 2245 1656 2272 constat,
1667 2246 1693 2268 et
1707 2241 1838 2268 nonnulla
1854 2242 1891 2268 ab

1081 2281 1176 2309 eodem
1191 2281 1246 2308 sive
1262 2279 1365 2306 aJosue
1378 2278 1530 2309 immutata,
1545 2279 1591 2303 aut
1605 2276 1694 2304 addita
1707 2299 1714 2309 ,
1728 2277 1812 2304 veluti
1823 2285 1889 2311 qua:

1080 2318 1115 2345 de
1131 2317 1213 2344 Mosis
1227 2319 1313 2343 morte
1325 2319 1353 2342 et
1367 2313 1505 2348 sepultura
1519 2312 1660 2340 habentur.
1674 2312 1712 2340 Ls
1726 2314 1772 2340 Pn.

1116 2365 1148 2403 (Γ)
1173 2365 1209 2403 Eo
1223 2362 1399 2403 accedit‘quod
1407 2361 1502 2403 “Enoch
1522 2361 1592 2396 apud
1613 2361 1712 2389 ludam
1732 2361 1890 2403 Apastolttrn

1079 2397 1248 2430 tesiiiuoniuni
1265 2399 1385 2433 possidet.
1407 2398 1519 2425 Paulum
1532 2405 1638 2432 quoque
1660 2405 1693 2425 ex
1720 2397 1892 2433 apocryphis

1077 2438 1199 2473 qumdam
1225 2436 1321 2473 citasse
1333 2434 1461 2473 pbservat
1480 2433 1660 2473 Hieronymus
1680 2434 1705 2460 in
1718 2433 1816 2473 “Epist.
1834 2433 1891 2473 Ad

1076 2468 1174 2509 Eplies.
1200 2480 1261 2509 cap.
1284 2471 1315 2497 ν.
1333 2470 1505 2509 Ipse‘autem
1524 2473 1552 2496 et
1574 2477 1608 2509 es
1622 2468 1691 2509 libro
1718 2468 1814 2509 _Enoch
1834 2468 1892 2497 his-

1079 2504 1173 2538 loriam
1199 2504 1306 2543 profert.
1316 2504 1471 2543 angelorum
1484 2504 1704 2543 descendentium
1719 2505 1891 2543 iu_monte1n

1080 2540 1206 2573 Herner
1222 2543 1255 2571 ad
1275 2541 1344 2570 ﬁlias
1355 2540 1513 2574 hominum,
1530 2540 1681 2568 Comment.
1699 2540 1726 2568 in
1750 2540 1822 2568 Psal.
1839 2540 1891 2574 15,

1080 2589 1134 2609 non
1146 2581 1175 2608 in
1196 2579 1383 2607 auctoritatem
1396 2599 1402 2610 ,
1415 2577 1519 2612 inquit,
1535 2576 1583 2604 sed
1600 2576 1626 2603 in
1649 2576 1892 2612 commemoratio-

1081 2625 1152 2645 nem.
1165 2617 1197 2644 Et
1212 2615 1237 2642 in
1253 2615 1339 2650 Epist.
1348 2613 1383 2641 ad
1396 2611 1555 2650 Laetam,_de
1565 2612 1731 2650 institutione
1742 2611 1806 2640 ﬁliis
1825 2619 1892 2650 apo:

1082 2653 1182 2688 crypba
1191 2651 1240 2686 legi
1251 2647 1328 2686 posse
1342 2649 1388 2682 ait,
1400 2657 1452 2688 non
1464 2648 1497 2688 ad
1506 2648 1826 2688 dogm_atthi_veritatgm,
1835 2647 1888 2675 sed

1083 2683 1266 2723 ad'signor'utit
1285 2685 1471 2713 reverentiam.
1482 2683 1560 2723 Idem
1583 2684 1708 2723 in_Epist.
1724 2683 1757 2723 ad
1771 2683 1865 2711 Titum
1878 2704 1888 2723 ε

1084 2733 1143 2759 cap.
1153 2719 1183 2752 ἶ.
1198 2733 1204 2750 :
1222 2722 1271 2756 Qui
1288 2725 1467 2759 putanttotum
1477 2720 1570 2759 librum
1582 2719 1671 2747 debere
1685 2720 1755 2759 sequi
1770 2720 1888 2759 eumqui

1084 2753 1142 2789 libri
1153 2753 1329 2795 parte‘usus'sit
1339 2778 1347 2790 ,
1356 2756 1472 2795 uidentur
1482 2756 1574 2795 mihiret
1589 2753 1766 2795 apocrypliunt
1777 2753 1884 2795 Enoch.

1084 2797 1115 2823 de
1137 2792 1185 2828 quo
1207 2794 1337 2829 apostolus
1357 2792 1441 2820 Judos
1458 2794 1484 2820 in
1501 2792 1618 2829 Epistula
1640 2800 1685 2818 sua
1705 2792 1888 2829 testimonium

1085 2824 1178 2868 posuit,
1195 2824 1259 2868 inter
1276 2830 1394 2868 I'Irflesjm
1410 2824 1558 2868 Scriptura}
1567 2828 1677 2868 recipere
1686 2849 1693 2860 ,
1704 2833 1726 2854 et
1735 2824 1819 2868 multa.
1829 2826 1887 2854 alia

1084 2862 1140 2904 qua:
1155 2862 1286 2903 apostolus
1298 2865 1397 2893 Paulus
1412 2865 1443 2892 de
1455 2862 1589 2893 reconditis
1602 2868 1638 2892 est
1650 2863 1761 2892 locutus.
1775 2862 1840 2892 Rm.

1618 2996 1991 3316 ε
