2008 3326
130 121 205 155 ἷδοθῐ

625 156 628 160 ,
661 124 764 153 LIBER
785 124 796 152 Ι
820 124 865 153 DE
883 123 998 154 CULTU
1017 123 1247 155 FOEMINARUM.

1711 95 1790 156 15l0|

128 183 232 213 damus.
243 182 355 212 Habitus
365 181 621 218 foeminrc'dupllcem
632 181 671 220 (α)
681 183 797 218 speciem
809 183 924 211 circum-
940 183 966 214 Α
979 186 1004 210 et
1018 183 1216 211 nccessariores
1226 182 1369 211 exhibeant
1384 182 1466 212 rebus
1481 182 1606 212 humanis
1618 204 1625 217 ,
1640 187 1667 212 et
1680 183 1780 212 nihilo-

128 231 190 264 fert,
199 230 449 264 cultum,ornatum.
460 229 565 257 Cnltum
575 228 697 262 dicimus,
709 237 786 264 quem
798 229 925 257 mundum

128 278 284 306 muliebrem
300 281 413 310 vocant;
430 281 553 306 ornatum
565 299 572 311 ,
586 285 665 313 quem
678 277 846 305 immundum
867 285 927 304 mu.

127 325 238 353 liebrem
258 325 383 353 convenit
404 324 467 352 dici.
488 324 536 352 lllc
557 325 582 351 in
607 327 727 358 auro,et
751 328 872 360 argento,
900 328 927 352 et

128 371 258 406 gemmis,
274 375 302 399 et
314 370 433 399 vestibus
455 370 617 406 deputatur:
635 370 685 398 ista
700 370 728 398 in
743 378 806 398 cura
818 370 924 405 capilli,

128 423 155 446 et
168 417 251 450 cutis,
267 421 295 445 et
307 425 398 445 earum
412 418 528 452 partium
543 417 676 452 corporis,
692 424 752 452 qua:
765 417 859 445 oculos
873 422 927 444 tra-

129 463 205 491 hunt.
233 464 316 491 Alteri
340 463 496 492 ambitionis
519 463 621 491 crimen
648 463 826 497 intendimus,
850 462 927 491 alteri

128 509 323 545 prostitutionis
340 518 347 536 :
364 513 394 537 nt
414 510 469 545 jam
484 509 545 537 hinc
565 509 713 546 prospicias
725 531 732 543 ,
748 509 794 537 Dei
814 510 926 543 ancilla,

128 556 191 591 quid
206 564 239 583 ex
251 556 293 584 his
303 556 452 592 disciplina:
465 560 517 583 tua:
531 556 683 589 conveniat,
696 563 755 591 quae
769 555 803 584 de
814 556 927 584 diversis

128 603 256 631 institutis
264 597 515 637 censearis,scilicel
526 602 683 631 humilitatis
693 602 733 639 (1)
747 607 774 631 et
784 603 925 631 castitatis.

444 671 559 699 CAPUT
579 671 612 699 V.

166 740 267 767 Aurum
282 742 309 766 et
318 743 457 775 argentum
473 760 479 771 ,
496 739 630 776 principes
641 741 761 769 materiae
775 741 863 769 cultus
877 749 928 769 sae-

128 785 236 818 cularis,
253 785 340 813 adsint
355 785 396 822 (Ξ)
411 793 523 814 necesse
545 790 586 814 est
611 786 681 814 unde
693 791 774 821 sunt;
792 792 862 816 terra
878 788 929 816 sci-

129 831 193 859 licet
205 831 283 866 plane
297 831 451 867 gloriosior,
468 832 594 867 quoniam
613 833 639 860 in
653 833 855 862 maledictorum
870 843 928 863 me-

979 229 1067 256 minus
1092 229 1149 257 auri
1170 229 1275 265 argenti
1294 229 1328 258 de
1345 237 1391 257 sua
1421 229 1479 257 vice
1508 220 1559 267 (ϐ)¹
1578 230 1783 259 accommodent

977 274 1134 310 justioribus
1146 275 1257 303 caussis.
1271 275 1336 303 Nam
1346 280 1373 304 et
1383 276 1473 303 annuli
1486 274 1525 312 (Ιι)
1539 275 1609 304 ferro
1620 276 1696 309 ﬁunt;
1706 285 1783 312 quae-

979 320 1039 349 dam
1052 320 1109 349 esui
1125 325 1152 349 et
1164 321 1236 356 potui
1248 321 1352 349 vascula
1362 329 1393 350 ex
1409 329 1462 350 aere
1476 321 1562 349 adhuc
1578 327 1668 350 servat
1681 330 1783 352 memo-

979 368 1019 395 ria
1039 367 1215 404 antiquitatis.
1232 368 1352 402 Viderit,
1367 369 1389 396 si
1410 368 1489 396 etiam
1509 367 1543 396 ad
1564 376 1659 404 spurca
1679 369 1782 397 instru-

979 419 1069 443 menta
1085 414 1134 451 '(7)
1160 415 1216 442 auri
1235 419 1263 443 et
1292 415 1394 451 argenti
1415 414 1527 443 demens
1551 416 1628 450 copia
1651 415 1780 444 deseruit.

980 462 1059 490 Certe
1074 470 1123 490 nec
1143 470 1208 498 ager
1220 463 1277 493 auri
1292 470 1374 498 opere
1388 467 1515 498 paratur,
1532 470 1582 490 nec
1592 464 1667 490 navis
1679 462 1783 498 argenti

979 509 1071 544 vigore
1081 508 1242 537 contexitur.
1258 508 1352 537 Nullus
1373 508 1413 546 (8)
1441 504 1535 536 bidens
1548 516 1641 537 aurum
1652 508 1785 545 demergit

980 556 1007 583 in
1019 560 1135 589 terram;
1159 556 1248 583 nullus
1269 555 1362 583 clavus
1379 559 1518 591 argentum
1542 555 1650 583 intimat
1673 556 1782 584 tabulis.

980 602 1068 630 Taceo
1083 602 1162 630 totius
1177 602 1238 630 vitae
1258 602 1432 630 necessitates
1447 594 1520 630 ferro
1540 606 1567 630 et
1586 603 1633 630 aeri
1654 603 1781 631 innixas:

981 657 1041 689 cum
1057 649 1110 676 illze
1131 650 1195 685 ipsae
1208 650 1303 677 divites
1326 650 1464 684 materite,
1481 654 1507 677 et
1523 650 1555 677 de
1572 650 1686 678 metallis
1706 651 1778 678 refo-

980 695 1098 728 diendae,
1114 701 1141 723 et
1155 696 1181 723 in
1195 704 1365 731 quocumque
1376 705 1426 724 usu
1442 696 1630 731 producendre,
1646 698 1704 724 sine
1718 696 1784 725 ferri

980 746 1007 769 et
1022 741 1084 769 aeris
1095 741 1220 777 operario
1234 742 1326 778 vigore
1348 750 1400 770 non
1417 743 1519 778 possint
1542 742 1594 778 (9).
1622 742 1681 771 Jam
1705 744 1785 778 igitur

981 789 1168 817 aestimandum
1188 795 1246 823 est,
1261 789 1332 817 unde
1347 790 1474 818 obveniat
1496 794 1568 817 tanta
1585 789 1698 825 dignitas
1718 798 1788 829 auro

981 842 1008 866 et
1019 842 1139 873 argento,
1157 845 1217 865 cum
1235 838 1266 874 (i)
1280 842 1310 866 et
1326 838 1531 873 consanguineis
1545 843 1671 873 quantum
1685 838 1718 865 ad
1736 845 1783 873 ge-

128 877 252 905 tallorum
269 877 395 905 feralibus
415 877 530 906 officinis
548 878 587 915 (b)
610 880 707 914 poenali
727 887 810 916 opera
826 880 863 916 (c)
878 880 926 909 de-
941 871 966 902 Β
980 871 1088 918 nus,—et
1102 871 1399 921 potioribusquantum
1420 871 1452 912 ad
1469 871 1660 913 ntensilitatem
1674 904 1681 918 ,
1698 871 1784 912 male-

128 924 230 960 plorata
247 924 287 961 (5)
304 924 355 961 (ιι),
374 932 475 953 nomen
491 929 570 953 terra:
595 926 620 953 in
638 927 692 962 igni
711 927 830 963 reliquit,
847 933 928 964 atque

127 970 224 998 exinde
234 970 268 998 de
285 971 425 998 tormentis
440 971 466 998 in
476 976 633 1000 ornamenta
643 971 692 1009 (ε),
706 972 740 1001 de
747 974 884 1009 suppliciis
900 974 928 1003 in

127 1017 248 1051 delicias,
271 1017 305 1045 de
319 1017 471 1053 ignominiis
485 1018 511 1045 in
524 1018 651 1053 honores,
669 1020 769 1047 metalli
785 1020 874 1056 refuga
892 1020 928 1058 (1)

125 1068 247 1092 mutatur
262 1064 314 1101 (g).
330 1064 383 1092 Sed
406 1069 433 1093 et
454 1064 517 1092 ferri
533 1070 559 1093 et
574 1065 636 1093 teris
655 1070 683 1094 et
700 1066 814 1095 aliarum
830 1067 928 1095 vilissi-

124 1118 231 1138 marum
245 1110 416 1138 materiarum
431 1118 479 1146 par
490 1111 609 1139 conditio
619 1115 674 1145 est,
690 1117 717 1140 et
732 1114 831 1141 terreni
844 1121 927 1149 gene-

125 1157 174 1191 ris,
191 1161 220 1185 et
234 1156 361 1185 metallici
374 1157 480 1192 operis:
496 1165 548 1193 quo
564 1157 629 1185 nihil
642 1159 800 1194 generosior
814 1149 929 1195 judicari

126 1204 211 1239 possit
236 1204 295 1231 auri
321 1209 348 1232 et
382 1205 485 1239 argenti
512 1204 661 1233 substantia
689 1213 770 1241 penes
794 1212 927 1236 naturam.

125 1250 203 1285 Quod
224 1249 265 1286 (Δ)
284 1251 305 1278 si
328 1250 361 1278 de
387 1250 515 1286 qualitate
528 1258 593 1279 usus
610 1252 694 1287 gloria
710 1257 750 1280 est
766 1260 832 1281 auro
845 1257 872 1281 et
886 1262 929 1281 ar-

125 1302 223 1333 gento,
240 1297 331 1333 atquin
348 1296 389 1332 (5)
404 1297 487 1332 magis
517 1297 605 1331 ferro,
624 1303 650 1325 et
674 1298 729 1326 aeri
744 1307 751 1332 ;
765 1293 878 1335 quorum
893 1301 929 1329 ita

124 1343 257 1380 disposita
269 1347 310 1372 est
324 1343 483 1377 utensilitas,
501 1347 530 1371 ut
543 1347 570 1371 et
586 1344 708 1379 proprias
723 1352 820 1380 operas
835 1346 928 1382 plures

981 932 1028 961 riis
1043 931 1229 967 praeferantur.

1289 999 1403 1028 CAPUT
1424 999 1467 1027 VI.

1017 1068 1071 1098 Sed
1086 1073 1113 1097 et
1127 1069 1233 1105 lapillos
1246 1069 1324 1102 istos,
1338 1068 1384 1103 qui
1397 1075 1458 1096 cum
1473 1074 1540 1097 auro
1555 1066 1707 1102 superbiam
1720 1067 1783 1102 jun-

980 1120 1057 1151 gunt,
1073 1116 1136 1152 quid
1149 1116 1221 1144 aliud
1235 1116 1394 1150 interpreter
1406 1122 1486 1150 quam
1499 1113 1604 1149 lapillos
1614 1113 1778 1148 etcalculos,

980 1163 1099 1199 ejusdem
1125 1167 1202 1191 terra:
1217 1162 1252 1199 (j)
1267 1161 1422 1193 minutalia;
1439 1168 1488 1188 nec
1511 1165 1599 1187 tamen
1619 1164 1665 1187 aut
1684 1159 1781 1195 funda-

981 1210 1079 1238 mentis
1100 1206 1306 1244 de'mandandis,
1329 1214 1377 1237 aut
1402 1208 1549 1244 parietibus
1572 1206 1723 1239 moliendis,
1738 1210 1784 1234 aut

981 1256 1093 1293 fastigiis
1110 1256 1291 1287 sustinendis,
1311 1259 1357 1283 aut
1372 1255 1448 1283 teetis
1462 1253 1606 1282 densandis
1625 1252 1664 1289 (Ις)
1687 1260 1782 1280 neces-

981 1304 1074 1332 saria?
1088 1303 1181 1332 Solum
1195 1302 1254 1339 (t0)
1268 1303 1339 1331 hunc
1348 1302 1490 1330 mulierum
1503 1305 1639 1336 stuporem
1654 1300 1686 1334 (Ι)
1699 1299 1782 1327 :edili-

980 1358 1042 1379 care
1070 1355 1213 1384 noverunt,
1237 1350 1299 1386 quia
1322 1349 1399 1377 tarde
1422 1353 1555 1382 teruntur,
1576 1351 1607 1375 ut
1619 1347 1733 1380 niteant,
1756 1350 1784 1374 et

734 1402 925 1434 LECTIONES
946 1406 1153 1436 VARIANTES.

171 1474 195 1504 ι)
208 1472 267 1503 Alii,
277 1472 442 1504 humanitatis,
457 1471 612 1498 minuslzene.

169 1502 194 1538 Ξ)
208 1505 233 1538 l_d
246 1505 296 1529 sint
309 1502 385 1529 Latin.
398 1502 465 1538 bene.

169 1536 195 1568 ὅ)
210 1536 332 1568 Deputata
347 1540 422 1562 Fran.
436 1536 492 1561 Non
500 1542 559 1567 opus
570 1538 613 1561 est.

1064 1507 1246 1534 Instrumentis,
1258 1504 1311 1530 alii.

1025 1475 1050 1501 6i
1062 1475 1101 1501 De
1114 1482 1158 1501 suo
1169 1476 1248 1500 vicem
1259 1474 1330 1499 Seml.

1025 1476 1037 1500 6

940 1518 964 1549 ο
1010 1475 1037 1598 ἐξ

249 1539 332 1572 putata
347 1540 422 1562 Fran.
436 1536 492 1561 Non
500 1542 559 1567 opus
570 1538 613 1561 est.
940 1536 962 1549 “⁴
1010 1536 1047 1572 (βξ
1058 1538 1157 1572 Ιχῃιιιιηι
1172 1539 1255 1563 Venet.
1267 1536 1369 1561 Semler.

158 1540 195 1568 (ὅ)
210 1540 332 1572 Deputata
347 1540 422 1562 Fran.
436 1540 492 1561 Non
500 1542 559 1567 opus
570 1540 613 1561 est.
941 1540 962 1549 “⁴
1010 1540 1036 1598 $8
1058 1540 1157 1574 Nullum
1172 1540 1255 1563 Venet.
1267 1540 1369 1561 Semter.
1474 1565 1479 1570 .

208 1567 271 1623 231d
1023 1540 1052 1626 92
1062 1569 1154 1605 Vrgere
1167 1572 1327 1616 nonpossent
1338 1572 1413 1602 Frtm.
1427 1568 1503 1592 Latm.

170 1607 185 1624 ς)
249 1604 308 1629 quin
366 1616 372 1622 .
996 1599 1034 1631 Δ(1
1056 1603 1063 1631 )
1076 1600 1140 1626 Olim
1163 1599 1217 1625 libet
1236 1598 1382 1630 Ληθὼ-ατη

170 1598 196 1630 5)
208 1599 240 1623 At
249 1598 308 1629 quin
321 1598 372 1622 Lat.

996 1598 1063 1633 _(10)
1076 1598 1140 1626 Olim
1163 1598 1382 1630 ιὶῡειίΑὲοΙῑανάὶη

806 1673 1084 1704 COMMENTARIUS.

164 1733 241 1761 CAP.
255 1730 377 1768 IV.—(a)
389 1730 496 1758 Habitus
503 1730 614 1768 flemina;
622 1730 748 1768 duplicem
757 1732 865 1766 speciem
875 1733 924 1760 cir-

127 1771 246 1805 cum/ert,
266 1766 544 1805 cultumperorantum.
561 1766 676 1805 llnjusce
691 1767 869 1805 distinctionis
883 1778 926 1796 ra-

128 1802 202 1832 tione
213 1803 317 1831 duobus
330 1802 492 1830 istislibellis
502 1803 555 1830 duo
564 1803 631 1829 tituli
645 1803 817 1831 convenirent
830 1813 836 1831 :
852 1804 923 1837 huic,

126 1842 161 1868 de
172 1841 245 1868 cultu
259 1839 439 1871 heminarum,
457 1846 553 1873 nempe
566 1846 633 1866 auro
643 1859 650 1869 .
671 1840 786 1873 gemmis
803 1845 830 1867 et
846 1841 926 1868 vesti-

128 1877 178 1904 bus
195 1885 201 1902 :
218 1875 351 1910 sequenti,
368 1873 402 1902 de
415 1879 510 1901 ornatu
524 1875 694 1902 fmminarum
705 1896 712 1908 ,
725 1882 788 1902 cura
803 1876 926 1904 videlicet

129 1912 221 1947 capilli
236 1917 262 1939 ct
274 1910 495 1947 βυιίεκεμςᾷῐὶιρ.

165 1945 241 1976 CAP.
260 1946 291 1974 V.
308 1961 342 1966 -—
354 1945 395 1982 (b)
407 1945 540 1974 Feralibus
556 1946 745 1982 oﬂicinis.Nam
756 1947 926 1976 metallorum

129 1983 257 2019 operibus
269 1981 587 2019 addicebantnrdamuati
600 2003 608 2015 ,
620 1983 702 2019 inque
714 1981 757 2019 bis
769 1990 841 2018 saepe
856 1984 927 2011 chri-

129 2016 221 2048 stiani.
233 2018 394 2055 Deﬁquibus
405 2039 413 2051 ,
437 2017 533 2055 XXV,
549 2018 627 2053 epist.
655 2016 746 2055 libslll
758 2039 765 2051 ,
777 2016 926 2055 Cyprianus

130 2060 247 2091 martyr:
265 2054 448 2091 Nonfovetur,
463 2054 564 2089 inquit,
578 2055 605 2080 in
618 2054 741 2091 utetullis,
758 2055 819 2081 lecto
833 2060 856 2082 et
872 2057 927 2083 cul-

129 2090 399 2125 tricis'corpulemni
408 2091 491 2123 iacent
502 2091 568 2125 fessa
581 2090 707 2117 laboribus
719 2090 824 2117 uiscera.
835 2091 927 2125 Squal-

131 2128 183 2153 lent
194 2127 247 2154 sine
262 2126 357 2153 balneis
375 2126 484 2153 membra
495 2126 545 2152 situ
559 2130 581 2152 et
601 2126 677 2153 sorde
698 2125 831 2161 deformia.
846 2126 927 2155 Panis

129 2163 183 2189 illic
207 2163 321 2197 exiguus,
337 2162 411 2198 vestis
427 2161 570 2198 algentibus
593 2161 676 2195 deest,
691 2162 820 2189 semitonsi
836 2164 927 2198 capitis

129 2198 239 2233 capillus
254 2197 375 2224 horrescit
388 2217 394 2229 ,
409 2202 461 2224 etc.
479 2197 564 2224 “BEN.

977 1735 1083 1768 metalli,
1097 1740 1146 1768 etc,
1164 1735 1296 1771 progravi,
1323 1742 1421 1771 nempe,
1438 1733 1566 1768 supplicio
1595 1733 1636 1771 lea;
1655 1732 1783 1771 loquitur.

977 1771 1011 1799 Et
1025 1772 1042 1799 Ι.
1059 1767 1169 1799 milites:
1185 1767 1258 1799 πῖαρ
1274 1767 1303 1799 re
1316 1767 1423 1798 militari
1434 1767 1512 1805 ,quia
1530 1767 1652 1796 custodite
1673 1768 1763 1804 refuga
1776 1789 1782 1801 ,

979 1816 1029 1835 non
1043 1807 1140 1834 militia:
1160 1808 1271 1834 desertor
1286 1812 1322 1834 est
1349 1806 1388 1833 LE
1403 1805 1452 1833 Pu.

1016 1853 1135 1889 (lt)Nam
1151 1858 1173 1881 et
1185 1853 1285 1881 annuli.
1297 1853 1387 1880 Deilla
1404 1851 1729 1889 annulorumggestatione
1744 1851 1784 1889 vi-

980 1887 1085 1917 dendus
1100 1890 1184 1917 Clem.
1202 1889 1278 1916 Alex.
1295 1890 1320 1915 in
1338 1889 1447 1924 synopsi
1464 1888 1525 1915 vitae
1550 1887 1705 1915 christiana:
1726 1888 1776 1914 sub

979 1926 1059 1953 linem
1075 1926 1133 1953 libri
1151 1926 1220 1953 tertii
1235 1924 1387 1960 Ptedagogi.
1400 1925 1438 1952 LE
1453 1924 1500 1951 Ρη.

1016 1972 1048 2009 (i)
1063 1973 1261 2014 Consanguinei:
1280 1978 1402 2014 quantum
1416 1972 1449 2014 ad
1458 1979 1546 2008 genus.
1557 1970 1759 2014 consanguinea
1767 1977 1780 1997 s

980 2005 1106 2037 materias
1121 2005 1183 2036 dicit
1196 2030 1202 2040 .
1217 2005 1355 2044 qum-sunt
1366 2005 1500 2044 ejusdem
1512 2007 1619 2044 generis
1631 2028 1637 2038 .
1652 2005 1774 2041 ejusdem

979 2045 1101 2080 originis,
1117 2042 1242 2072 nimirum
1256 2045 1290 2072 de
1306 2042 1386 2072 terrae
1396 2043 1554 2071 visceribus.
1578 2042 1637 2070 Rto.

1015 2092 1090 2120 CAP.
1106 2092 1194 2120 γι-
1207 2092 1240 2128 (j)
1263 2091 1349 2119 Terra:
1368 2091 1511 2118 minutalia.
1532 2089 1568 2118 Ut
1588 2089 1782 2128 lapillorunLet

979 2136 1144 2163 gemmarum
1162 2124 1274 2163 pretium
1287 2128 1392 2160 elevet,
1405 2132 1488 2163 vocat
1497 2125 1722 2163 terrgminutias.
1736 2124 1782 2163 Sic

979 2160 1050 2199 apud
1065 2160 1272 2192 Alexandrinum
1286 2163 1462 2195 Clementem,
1480 2162 1552 2189 Pted.
1564 2161 1609 2188 lib.
1621 2161 1651 2188 ll.
1662 2168 1721 2195 cap.
1735 2160 1781 2195 12,

979 2205 1109 2227 vocantur
1120 2200 1245 2235 peregrini
1256 2199 1332 2225 maris
1343 2199 1517 2233 ejectantenta,
1529 2203 1553 2224 et
1565 2201 1679 2223 ramenta
1692 2201 1779 2228 terrm,

166 2233 204 2271 (ρ)
219 2233 321 2271 Pcenali
337 2241 414 2271 opera
438 2233 581 2268 deplorata.
596 2232 784 2260 Damnatorum
800 2233 924 2270 laerymis

984 2230 1150 2270 irrzzwwyéiim
1172 2230 1293 2266 Ovalis-7n:
1316 2230 1499 2271 laepiopmsn‘
1515 2234 1555 2260 καὶ
1571 2240 1614 2263 τῆς
1636 2240 1680 2267 γῆς
1697 2235 1782 2267 ἐκφῆν-

129 2274 153 2297 et
168 2270 270 2304 ploratu
288 2269 446 2303 τίμια-ηις.

166 2305 207 2341 (tl)
223 2305 326 2332 Paenoli
340 2312 426 2340 opera.
444 2305 481 2332 lta
492 2303 640 2340 Cyprianus
661 2304 801 2333 horribiles
814 2307 929 2335 carceris

129 2347 211 2377 atque
241 2341 362 2368 funestas
383 2341 496 2376 pmnalis
520 2341 572 2368 loci
592 2341 715 2368 tenebras
738 2342 823 2375 dixit;
846 2344 926 2377 item,

129 2377 281 2413 squalorem
295 2377 411 2405 carceris
424 2384 454 2404 ac
467 2377 628 2413 receptaculi
640 2377 753 2411 poenalis
776 2378 928 2407 horrorem.

130 2412 163 2441 Et
176 2413 210 2441 ad
225 2413 356 2450 Donatum
368 2422 382 2450 :7
392 2413 481 2448 Pergit
500 2412 651 2448 poenalibus
664 2420 724 2441 cum
736 2413 792 2441 olis
807 2415 925 2450 pertina~

129 2450 196 2477 citer
208 2449 357 2477 adhaarerc.
369 2449 457 2477 Rnen.

167 2484 207 2520 (θ)
224 2485 261 2512 De
288 2486 460 2513 tormentisin
476 2490 635 2512 ornamenta.
650 2485 793 2521 Eleganter
805 2486 848 2514 hie
860 2496 927 2515 coll-

129 2521 217 2556 jungit
230 2521 376 2555 contraria,
386 2528 499 2556 quorum
509 2521 559 2548 hoc
568 2522 681 2556 primum
698 2523 846 2549 membrum
859 2531 929 2551 com-

130 2555 238 2584 mendat
252 2555 465 2591 prosonomasia.
478 2557 545 2585 Hinc
554 2555 619 2584 illud
632 2557 764 2585 Ambrosii
783 2567 790 2585 :
807 2557 857 2586 Vos
870 2567 928 2586 vero

131 2593 209 2619 beatw
231 2593 339 2629 virgines
349 2600 436 2629 Lque
450 2593 512 2620 talia
535 2597 659 2620 tormento
668 2594 751 2628 potius
761 2602 836 2629 quam
851 2604 928 2623 ornu-

129 2633 215 2655 menta
232 2628 344 2655 nescitis.
360 2628 446 2656 Busa.

167 2663 200 2700 (f)
212 2663 437 2700 rMetatliii-efuga.
453 2664 534 2698 Quasi
546 2686 552 2697 ,
569 2665 692 2693 damnata
714 2665 747 2693 ad
768 2667 905 2695 metallum
918 2689 925 2700 ,

127 2699 192 2728 inde
206 2699 313 2738 fugerit.
325 2699 373 2738 llic
379 2707 443 2738 vero
453 2701 598 2738 observare
608 2706 649 2738 est
658 2701 813 2738 prmclarum
828 2703 926 2738 ingenii

127 2735 588 2774 certamen__St_ap_ti_r_nii_nostri*cum
611 2735 664 2765 illis
683 2737 828 2772 l’linianis,
854 2735 928 2774 prin-

128 2771 256 2808 cipiolib.
270 2770 390 2799 xxxtn.
407 2771 467 2799 th.

167 2807 207 2844 (ς)
231 2807 331 2845 lletatli
348 2807 506 2845 refugasne
518 2807 631 2845 armillis
645 2815 692 2836 seu
711 2810 851 2845 torquibus
871 2810 924 2839 hoc

129 2843 231 2881 ace-pe.
256 2843 430 2881 llancautem
456 2844 580 2881 loquendi
604 2843 745 2881 formulam
761 2843 887 2881 reperies
903 2847 921 2874 Ι.

130 2884 178 2907 aut
191 2879 317 2908 damnum
331 2879 358 2907 if.
373 2880 407 2908 de
420 2880 508 2915 poenis
522 2888 529 2907 :
548 2879 672 2915 Quodque
693 2879 834 2918 refugae'ea:
848 2891 923 2918 opere

18 3230 50 3261 έῖ
1002 3234 1031 3257 ⁸³
1302 3228 1338 3253 ί.

981 2283 1058 2305 ματ-ι.
1076 2272 1112 2299 LE
1127 2272 1173 2299 Pn.

1019 2306 1059 2343 (k)
1075 2308 1125 2334 Aut
1139 2307 1208 2335 tectis
1230 2305 1376 2334 tlensandis.
1398 2306 1530 2343 Loquitur
1548 2305 1584 2343 de
1610 2303 1686 2331 tectis
1712 2303 1782 2343 afri-

982 2339 1056 2371 canis
1071 2365 1078 2375 ,
1101 2348 1128 2370 et
1155 2343 1325 2370 orientalium
1349 2339 1506 2377 regionum,
1531 2340 1628 2376 quibus
1650 2339 1718 2374 apud
1731 2346 1781 2377 nos

983 2380 1098 2415 pergula:
1112 2379 1214 2406 similes
1229 2383 1301 2406 sunt.
1327 2376 1453 2405 Germani
1476 2382 1562 2404 terras
1585 2379 1683 2403 vocant
1703 2376 1780 2411 quasi

982 2415 1148 2443 Terracium.
1162 2415 1249 2442 Busa.

1018 2450 1051 2487 (l)
1068 2451 1160 2478 Solum
1174 2451 1241 2478 hunc
1255 2450 1387 2487 mulierum
1400 2453 1530 2487 stuporem
1552 2448 1681 2487 erili/icore
1700 2455 1776 2487 nove-

982 2483 1050 2515 runt.
1063 2487 1107 2514 Ait
1118 2486 1273 2523 Septimius,
1284 2485 1390 2523 lapillos
1400 2490 1426 2512 et
1434 2484 1563 2523 calculos,
1577 2491 1645 2519 quos
1658 2483 1776 2523 fiumina:

980 2531 1046 2550 auro
1059 2519 1296 2550 contra'aastimare
1311 2519 1415 2553 solent,
1431 2519 1606 2548 aedificiorum
1625 2519 1776 2548 commodi-

981 2559 1078 2587 tatibus
1086 2558 1193 2586 inutiles
1203 2579 1210 2593 ,
1225 2557 1311 2585 solum
1321 2556 1392 2584 hunc
1403 2556 1545 2593 mulierum
1557 2560 1702 2593 stuporem
1713 2555 1780 2583 {Edi-

980 2595 1076 2627 licare;
1093 2595 1143 2622 hoc
1153 2591 1213 2627 est,
1230 2593 1296 2621 nihil
1310 2600 1342 2621 ex
1356 2593 1388 2620 iis
1396 2592 1523 2620 :editicari
1538 2598 1633 2626 posse,
1651 2591 1703 2619 nisi
1718 2599 1775 2618 mu<

979 2626 1074 2658 lieruni
1088 2626 1251 2665 superbiam,
1261 2629 1331 2656 unde
1339 2629 1441 2656 scilicet
1454 2628 1531 2655 elata:
1542 2627 1668 2661 superbia
1679 2626 1776 2654 mulie-

980 2675 1024 2695 res
1039 2664 1147 2702 stupere
1162 2673 1193 2693 ac
1207 2666 1294 2702 rigere
1307 2664 1464 2702 videantur»,
1477 2664 1549 2702 velut
1563 2667 1657 2702 statua:
1671 2666 1775 2702 specta-

980 2703 1041 2730 culo
1055 2698 1265 2730 et'admiratio'ni
1282 2702 1374 2736 posita:
1387 2707 1418 2727 ac
1438 2698 1542 2727 deﬁxae.
1566 2699 1701 2736 stupenda
1719 2698 1776 2736 _l.a-

980 2739 1027 2765 tini
1045 2739 1136 2765 dicunt
1154 2734 1294 2767 miranda}
1310 2740 1337 2764 et
1353 2741 1454 2771 stupere
1465 2757 1472 2769 ,
1498 2735 1599 2762 mirari.
1615 2734 1751 2771 Juvenalis
1766 2754 1775 2767 ,

980 2774 1064 2802 Nemo
1079 2773 1159 2809 magis
1168 2774 1300 2800 rhombum
1308 2769 1416 2809 stupuit.
1429 2771 1575 2809 Septimius
1590 2769 1774 2809 noster_buj_qs

977 2810 1051 2838 verbi
1068 2805 1245 2844 significatum
1258 2809 1291 2836 ad
1304 2805 1400 2835 fatuam
1412 2805 1719 2844 superbiamrtranstulit.
1730 2805 1775 2833 Sic

977 2846 1087 2881 gloriam
1094 2842 1168 2873 dicet
1176 2853 1270 2872 vanam
1278 2850 1303 2872 et
1312 2848 1486 2878 stnporatam.
1497 2844 1555 2881 Sic
1567 2842 1645 2881 ηιμ
1667 2842 1772 2881 advers.

976 2877 1069 2910 Maro:
1081 2881 1225 2917 Supercilio
1236 2877 1365 2916 stuperent
1374 2888 1448 2908 suum
1461 2879 1590 2914 wdiﬁcant
1601 2877 1773 2907 Marcionita.
