4068 6352
425 287 560 350 I5”

1824 279 2285 342 TERTULLIANI

3593 290 3742 349 1512

425 406 652 465 subdole
679 404 1083 475 substruantur,
1107 412 1167 462 ut
1200 407 1446 469 ﬂoreant,
1479 412 1529 459 et
1565 403 1728 460 anxie
1757 402 2021 468 forantur,
2051 403 2104 464 Α
2129 416 2370 468 suorum,
2401 414 2582 460 coram
2612 402 2871 461 matronis
2894 403 3307 462 erubescentem
3332 404 3436 480 (6),
3465 407 3566 465 nisi
3589 408 3738 480 quod

427 509 487 556 ut
517 499 802 571 pendeant,
830 509 885 556 et
925 514 1058 556 auro
1098 497 1421 556 lenocinium
1453 506 1698 553 mutuum
1742 505 2022 566 praestant.

428 593 533 650 Sed
570 593 650 665 (l)
681 593 725 648 si
756 592 882 664 quid
904 591 974 649 de
1003 593 1138 648 mari
1169 591 1478 647 Britannico
1513 598 1606 646 aut
1637 589 1816 646 Indico
1853 587 2032 645 ambi-

430 686 507 742 tio
552 686 807 758 piscatur,
843 685 1064 743 concha:
1104 702 1272 758 genus
1300 695 1405 753 est,
1457 699 1562 740 non
1600 683 1722 740 dico
1750 683 2033 756 conchylio

431 785 528 833 aut
566 787 769 843 ostreo,
810 777 905 834 sed
935 793 1035 834 nec
1077 777 1318 848 peloride
1361 777 1560 848 gratius
1585 776 1652 832 de
1697 791 1908 847 sapore.
1951 774 2035 830 Ad

435 866 540 924 hoc
564 867 706 923 enim
737 867 972 924 conchas
995 869 1234 923 noverim
1263 867 1428 923 maris
1452 882 1628 938 poma.
1653 868 1808 936 Quod
1839 867 1882 920 si
1906 881 2036 921 con-

435 959 536 1016 cha
580 961 668 1015 illa
707 960 924 1032 aliquid
977 961 1300 1017 intrinsecus
1363 961 1596 1030 pustulat
1635 958 1749 1032 (2)
1783 1000 1796 1024 ,
1845 959 2035 1014 vitium

435 1052 555 1124 ejus
593 1053 762 1124 magis
803 1052 965 1109 debet
996 1068 1137 1120 esse,
1173 1067 1333 1125 quam
1374 1053 1577 1125 glorias.
1619 1050 1690 1108 Et
1730 1052 1855 1108 licet
1891 1067 2038 1107 mar.

436 1147 666 1218 garitum
719 1155 941 1203 vocetur
969 1188 985 1214 ,
1035 1162 1142 1203 non
1189 1147 1331 1202 aliud
1387 1156 1564 1202 tamen
1609 1147 2036 1219 intelligendum,

438 1253 601 1310 quam
639 1237 861 1293 concha:
891 1237 1032 1294 illius
1075 1239 1249 1310 aliqua
1277 1238 1408 1294 dura
1437 1249 1492 1294 et
1519 1239 1746 1294 rotunda
1789 1255 2036 1295 verruca.

440 1330 604 1386 Aiunt
634 1341 688 1387 et
713 1329 780 1386 de
805 1329 1071 1387 frontibus
1110 1331 1406 1387 draconum
1445 1345 1686 1402 gemmas
1729 1332 1868 1396 erui,
1901 1333 2040 1387 sicut

441 1431 497 1479 et
521 1423 573 1477 in
614 1423 840 1494 piscium
873 1424 1115 1480 cerebris
1150 1424 1462 1495 lapidositas
1501 1425 1748 1495 quaedam
1799 1433 1900 1479 est.
1930 1424 2044 1481 Hoc

442 1529 655 1585 quoque
671 1514 842 1570 deerit
856 1513 936 1589 (ὅ)
957 1515 1283 1582 christianze,
1301 1526 1358 1570 ut
1374 1516 1440 1571 de
1456 1527 1706 1588 serpente
1720 1517 1915 1572 cultior
1929 1517 2041 1572 liat.

443 1608 534 1664 Sic
561 1609 786 1665 enicabit
807 1610 884 1682 (a)
915 1609 1112 1666 diaboli
1130 1611 1442 1680 caput,dum
1466 1610 1531 1666 de
1553 1612 1729 1681 capite
1754 1611 1893 1682 ejus,
1919 1626 2041 1668 cer-

447 1701 654 1758 vicibus
697 1703 808 1759 suis
858 1711 950 1758 aut
999 1703 1098 1774 ipsi
1138 1703 1298 1774 capiti
1330 1712 1644 1759 ornamenta
1675 1702 1758 1779 (4)
1787 1705 1984 1759 struit?

1054 1858 1279 1916 CAPUT
1313 1858 1431 1916 V'II.

519 1969 645 2027 Haec
671 1973 848 2028 omnia
877 1971 944 2030 de
965 1974 1184 2030 raritate
1207 1984 1261 2031 et
1283 1974 1664 2048 peregrinitate
1688 1975 1801 2031 sola
1821 1975 2046 2047 gratiam

2136 512 2236 554 nec
2263 497 2330 553 ad
2360 500 2722 556 ostensionem
2756 499 2836 575 (7)
2871 503 2978 557 lere
3007 501 3289 557 habentur.
3319 501 3509 558 Latent
3540 504 3590 558 in
3623 506 3736 558 circ

2135 592 2272 647 culis
2302 591 2383 665 (8)
2413 591 2487 666 (ε)
2516 593 2806 665 smaragdi,
2837 603 2892 649 et
2916 593 3188 666 cylindros
3213 594 3422 665 vagina:
3445 611 3557 650 sua:
3585 596 3740 650 solus

2136 685 2344 756 gladius
2370 685 2470 741 sub
2497 685 2614 742 sinu
2638 688 2804 754 novit,
2833 689 2961 742 etin
2987 688 3278 758 peronibus
3301 689 3527 747 uniones
3555 704 3742 745 emer-

2137 792 2268 849 gere
2316 776 2384 832 de
2427 778 2538 834 luto
2586 779 2824 849 cupiunt.
2857 778 2997 834 Nihil
3027 777 3108 853 (9)
3160 779 3413 851 denique,
3437 788 3544 834 tam
3585 796 3744 852 gem-

2139 880 2342 926 matum
2371 870 2588 936 habent,
2621 889 2777 943 quam
2809 872 2928 948 (10)
2960 877 3101 945 quod
3129 884 3455 946 gemmatum
3483 890 3605 933 esse
3631 894 3740 932 non

2139 959 2322 1028 debet,
2381 965 2424 1018 si
2484 980 2588 1019 non
2636 975 2951 1037 comparet;
2999 975 3092 1022 aut
3141 966 3263 1024 ideo
3313 978 3631 1040 comparet,
3682 979 3748 1025 ut

2142 1057 2444 1129 neglectum
2469 1075 2683 1131 quoque
2702 1059 3035 1132 ostendatur.

2743 1191 2972 1250 CAPUT
3011 1191 3144 1250 VIII.

2217 1329 2451 1386 Proinde
2495 1339 2552 1387 et
2597 1331 2823 1386 vestium
2873 1331 2941 1386 de
2983 1331 3255 1388 coloribus
3299 1331 3563 1390 honorem
3605 1336 3748 1390 servi

2145 1423 2306 1479 etiam
2333 1438 2518 1478 eorum
2545 1431 2746 1479 terunt.
2769 1423 2873 1480 Sed
2903 1434 2956 1479 et
2979 1424 3207 1494 parietes
3258 1425 3412 1497 tyriis
3436 1435 3492 1482 et
3522 1427 3750 1498 hyacin-

2148 1515 2310 1570 thiuis
2337 1525 2391 1571 et
2420 1515 2526 1572 illis
2547 1517 2711 1588 regiis
2742 1517 2895 1584 velis,
2939 1532 3060 1588 qua:
3103 1533 3200 1574 vos
3226 1533 3460 1590 operose
3510 1520 3749 1576 resoluta

2149 1607 2584 1680 transﬁguratis,
2625 1623 2723 1680 pro
2772 1609 2978 1680 pictura
3063 1609 3380 1666 abutuntur.
3444 1611 3608 1668 Vilior
3668 1622 3753 1671 est

2151 1701 2291 1773 apud
2319 1703 2439 1758 illos
2470 1717 2725 1774 purpura,
2758 1717 2919 1773 quam
2941 1702 3176 1760 rubrica.
3199 1703 3330 1772 Quis
3366 1705 3511 1760 enim
3543 1715 3625 1761 est
3654 1723 3751 1762 ve-

2078 1810 2128 1872 B
2156 1795 2316 1850 stium
2350 1795 2522 1850 honor
2540 1794 2717 1865 justus
2745 1795 2812 1850 de
2833 1795 3096 1852 adulterio
3122 1795 3204 1870 (d)
3234 1796 3478 1854 colorum
3529 1799 3756 1870 injusto-

2151 1903 2271 1944 rum
2292 1889 2316 1942 ?
2341 1887 2458 1944 Non
2487 1889 2660 1959 placet
2690 1889 2820 1956 Deo,
2871 1889 3014 1960 quod
3045 1905 3148 1946 non
3178 1891 3294 1960 ipse
3324 1890 3606 1961 produxit,
3652 1893 3754 1948 nisi

2151 1983 2197 2037 si
2220 1998 2326 2038 non
2352 1983 2524 2053 potuit
2553 1997 2850 2054 purpureas
2888 1991 2944 2038 et
2969 1983 3180 2039 aerinas
3205 1983 3323 2057 (II)
3350 2000 3481 2041 oves
3507 1985 3584 2058 (ε)
3606 1987 3756 2042 nasci

449 2066 746 2137 possident.
780 2067 1041 2138 Denique.
1075 2069 1213 2124 intra
1258 2070 1516 2125 terminos
1551 2084 1680 2125 suos
1712 2070 1911 2139 patrios
1941 2085 2047 2126 non
2147 2073 2358 2144 jubere.
2386 2073 2440 2129 Si
2465 2075 2657 2144 potuit,
2682 2089 2810 2144 ergo
2825 2073 2937 2143 jam
2967 2073 3170 2140 noluit;
3207 2074 3350 2144 quod
3383 2075 3522 2130 Deus
3559 2076 3778 2141 noluit,

451 2162 580 2216 tanti
615 2161 900 2218 habentur.
931 2163 1156 2234 Semper
1183 2163 1509 2219 abundantia
1540 2164 1930 2221 contumeliosa
1971 2162 2049 2239 (b)

451 2251 504 2307 in
535 2253 876 2324 semetipsam
911 2253 998 2328 (5)
1022 2265 1125 2311 est.
1160 2255 1312 2326 Apud
1341 2257 1598 2312 barbaros
1621 2257 1902 2328 quosdam,
1927 2259 2052 2328 quia

450 2345 797 2401 vernaculum
829 2355 912 2402 est
937 2363 1124 2404 aurum
1157 2358 1212 2405 et
1249 2351 1548 2420 copiosum,
1590 2365 1722 2405 auro
1751 2351 1959 2407 vinctos
1995 2351 2051 2407 in

453 2438 740 2509 ergastulis
769 2438 990 2507 habent,
1021 2453 1074 2497 et
1098 2441 1300 2497 divitiis
1329 2443 1498 2497 malos
1527 2454 1780 2511 onerant,
1799 2452 1945 2499 tanto
1975 2444 2054 2498 Io-

453 2535 818 2606 cupietiores,
863 2546 1067 2610 quanto
1103 2539 1467 2594 nocentiores.
1516 2539 1818 2610 Aliquando
1865 2554 2052 2596 revera

455 2627 730 2683 inventum
759 2637 862 2696 est,
895 2629 1165 2700 quomodo
1191 2639 1240 2685 et
1267 2645 1455 2686 aurum
1483 2645 1591 2686 non
1627 2640 1857 2686 ametur.
1887 2630 2052 2687 Gem-

457 2734 666 2774 marum
691 2735 907 2791 quoque
928 2720 1258 2777 nobilitatem
1287 2723 1518 2778 vidimus
1539 2723 1724 2778 Roma:
1751 2723 1819 2779 de
1843 2722 2055 2779 fastidio

459 2812 780 2869 Parthorum
834 2823 889 2869 et
953 2813 1227 2869 Medorum
1283 2825 1711 2887 cactcrorumque
1772 2815 2052 2886 gentilium

2156 2165 2337 2236 utique
2382 2179 2488 2219 non
2522 2165 2646 2220 licet
2690 2165 2834 2236 ﬁngi.
2866 2164 2984 2220 Non
3013 2180 3142 2236 ergo
3169 2158 3588 2236 natura'Optima
3630 2178 3763 2223 sunt

2157 2257 2278 2322 ista,
2310 2271 2430 2328 qua:
2457 2273 2485 2309 a
2513 2255 2623 2312 Deo
2650 2271 2756 2312 non
2771 2253 2928 2322 'suut,
2959 2268 3181 2314 auctore
3208 2267 3448 2324 natum;
3480 2260 3562 2315 sic
3586 2275 3616 2315 a
3641 2261 3757 2315 dia-

2157 2349 2425 2405 bold‘esse
2453 2349 2844 2422 intelliguntur,
2867 2351 2934 2406 ab
2952 2351 3337 2421 interpolatore
3360 2360 3586 2406 naturae.
3609 2353 3762 2408 Alte-

2157 2441 2270 2496 rius
2311 2442 2454 2496 enim
2482 2456 2602 2497 esse
2647 2457 2751 2496 non
2794 2451 3038 2513 possunt,
3079 2442 3125 2497 si
3179 2442 3272 2498 Dei
3302 2457 3405 2498 non
3434 2454 3561 2499 sunt
3590 2463 3602 2497 :
3629 2445 3758 2514 quia

2157 2534 2335 2590 annuli
2402 2534 2508 2589 sint
2559 2549 2778 2591 necesse
2818 2546 2922 2602 est,
2967 2551 3086 2606 qua:
3134 2535 3227 2592 Dei
3268 2551 3372 2592 non
3415 2545 3580 2603 sunt;
3625 2538 3766 2594 alius

2159 2637 2363 2692 autem,
2389 2639 2585 2698 praeter
2608 2626 2880 2684 diabolum
2922 2638 2977 2684 et
3001 2629 3220 2701 angelos
3241 2629 3378 2701 ejus,
3407 2632 3637 2687 aemulus
3665 2633 3760 2687 Dei

2162 2734 2270 2774 non
2300 2729 2402 2775 est.
2433 2719 2724 2788 Cmterum,
2754 2720 2798 2774 si
2845 2721 3082 2776 materia:
3121 2737 3186 2777 ex
3234 2721 3347 2777 Deo
3383 2733 3511 2777 sunt
3535 2721 3626 2795 (f),
3658 2741 3762 2778 nou

2159 2812 2340 2868 statim
2362 2823 2416 2868 et
2442 2811 2749 2883 hujusmodi
2771 2811 2976 2869 fructus
3002 2813 3210 2868 illarum
3246 2811 3390 2885 (l2);
3420 2829 3544 2870 nam
3572 2823 3626 2870 et
3650 2829 3767 2871 om-

1691 2952 2072 3012 LECTIONES
2109 2951 2520 3010 VARIANTES.

524 3069 599 3192 ξι)
632 3071 711 3130 Et,
729 3069 944 3122 inserunt
959 3067 1064 3120 alii.

531 3135 601 3203 3)
624 3132 1073 3203 Eostulat_5eml_e7r.
1096 3129 1246 3183 Rhea.

547 3197 601 3259 5)
624 3197 812 3259 Deerat
833 3198 953 3246 Jun.
974 3197 1082 3259 Rig.

553 3255 602 3320 4')
626 3258 994 3320 Ornamentnm,
1021 3255 1127 3308 alii.

551 3321 604 3384 5)
628 3321 911 3384 Semetipsa
941 3324 1078 3384 Pani.

550 3378 604 3456 ρ)
627 3382 806 3456 ξιφοιί
827 3378 966 3456 signa
989 3378 1238 3456 distinguit
1261 3384 1384 3433 Jun.

531 3445 605 3508 (7)
641 3445 1058 3508 Ostentat'ionem,
1083 3445 1188 3496 alii.

531 3452 580 3507 (7
641 3452 1058 3508 Ostentationem,
1083 3452 1188 3496 alii.

530 3452 606 3578 (εἰ
629 3509 850 3574 Cingulis
893 3505 1046 3560 Seml.
1068 3506 1276 3574 singulis
1297 3510 1442 3559 Pam.

525 3195 546 3435 ἓ

2086 3067 2132 3129 C
2229 3066 2302 3258 :9)
2323 3065 2455 3117 Nihil
2475 3065 2636 3138 ontilt.7
2654 3067 2804 3118 Seml.

2256 3133 2314 3181 lt)
2363 3130 2518 3190 Quam
2540 3137 2690 3182 onntt.
2711 3141 2802 3182 seu

2228 3257 2233 3258 7
2262 3132 2340 3258 ιιζ
2365 3195 2438 3258 sic
2461 3195 2511 3244 in
2529 3193 2652 3258 libro
2668 3202 2804 3245 vetus

2256 3130 2337 3190 10)
2363 3130 2518 3190 Quam
2540 3130 2690 3182 antiit.
2711 3132 2911 3183 seinter.

2262 3190 2340 3258 ll)
2365 3195 2438 3260 sic
2461 3195 2511 3244 iu
2528 3193 2652 3260 libro
2668 3195 2982 3260 vetustissimo
3002 3190 3138 3260 ;ali_i,
3159 3198 3334 3260 aerias.
3355 3191 3532 3260 Rigalt.
3560 3199 3770 3260 aerinas.

2174 3255 2392 3323 Bhenan.
2413 3255 2598 3323 legebat
2611 3259 2839 3323 carinas,
2860 3256 3141 3323 tuaehsic
3165 3259 3318 3323 Erau.
3348 3255 3513 3309 Pa'ris.
3557 3259 3645 3310 alii
3677 3265 3775 3311 ari-

2176 3334 2279 3385 ms.
2303 3318 2570 3385 ylruuique
2592 3322 2714 3385 Jun.
2739 3327 2803 3370 de
2826 3318 2969 3385 viridi
2994 3320 3156 3385 colore
3171 3319 3533 3384 interpretatur.

2241 3383 2347 3448 (ιὲ)
2377 3381 2591 3434 Latinius
2622 3381 2763 3448 aliter
2787 3383 2930 3435 voluit
2954 3383 3247 3448 :_C:£_terum
3272 3381 3312 3448 si
3337 3386 3555 3448 materiae
3578 3398 3653 3448 ex
3669 3385 3783 3435 Deo

2178 3445 2443 3516 sunt,7non
2469 3448 2707 3516 st_atim_ct
2744 3446 3019 3511 hujusmodi
3064 3445 3253 3497 fructus
3295 3445 3420 3497 latet
3441 3447 3492 3496 in
3529 3447 3780 3510 omnibus,

2182 3509 2447 3572 quaeritur;
2471 3508 2694 3560 et'unde.

1821 3643 2382 3703 COMMENTARIUS.

475 3767 586 3825 Sic.
613 3765 708 3822 ιιι».
735 3764 802 3823 ad
824 3763 1084 3821 Nationes
1104 3762 1146 3819 II
1177 3781 1190 3818 :
1224 3763 1472 3833 Slupores
1495 3763 1709 3818 Atticos.
1736 3760 1825 3818 Sic
1847 3761 2068 3833 Cypria-

477 3855 580 3895 nus
603 3880 618 3905 ,
649 3837 821 3908 Epist.
847 3835 988 3908 XLII
1018 3854 1032 3890 :
1059 3835 1122 3892 Si
1146 3837 1258 3908 quis
1285 3838 1435 3908 aliter
1455 3836 1621 3908 docet,
1643 3842 1821 3908 etnon
1838 3834 2070 3908 acquies-

475 3913 543 3966 cit
573 3905 712 3965 sanis
737 3909 899 3963 verbis
928 3907 1133 3962 Domini
1159 3905 1336 3962 nostri
1372 3905 1499 3963 Jesu
1530 3905 1718 3961 Christi
1739 3915 1784 3959 et
1828 3905 2074 3961 doctrina:

478 3983 590 4052 ejus
611 4022 628 4046 ,
659 3990 864 4052 stupore
885 3981 1048 4034 elatus
1063 3988 1175 4052 est.
1201 3979 1392 4052 Buten.

553 4045 633 4126 (a)
664 4045 754 4126 s55
781 4051 996 4126 saltabit
1030 4051 1226 4126 diaboli
1246 4059 1420 4126 caput.
1452 4049 1586 4126 Hinc
1616 4045 1959 4126 manifestum
1990 4055 2072 4102 est

479 4119 869 4181 Tertullianum
898 4123 975 4178 sic
1026 4123 1217 4192 legisse
1267 4121 1465 4178 Genes.
1497 4121 1531 4176 ὅ
1565 4135 1578 4176 :
1614 4119 1679 4174 Et
1707 4121 1817 4186 ipsa
1849 4129 2071 4174 conteret

480 4203 634 4266 caput
661 4205 825 4266 luunt.
845 4195 976 4266 RIG.7
1002 4265 1008 4266 7
1047 4227 1090 4266 _-
1291 4264 1315 4266 7_
1432 4192 1441 4204 ’

552 4227 1019 4338 PCuAi’Tuil'Ilf—u-Yh)
1033 4227 1410 4319 contumeliosa
1439 4265 1492 4320 in
1520 4265 1866 4338 semetipsum.
1888 4263 2071 4338 Supra

482 4338 637 4403 dixit,
678 4333 961 4392 Dominum
992 4333 1232 4391 n05trum
1261 4337 1708 4392 contumeliosum
1731 4334 1843 4461 Isibi
1881 4333 2068 4390 fuisse.

1783 4421 1854 4462 IG.

556 4481 834 4553 (e)Latent
859 4481 912 4535 in
949 4478 1152 4553 circulis
1179 4481 1458 4553 smaragdi.
1498 4479 1588 4553 Sic
1614 4479 1775 4553 habet
1801 4476 2078 4548 exemplar
2105 4489 2157 4550 υ

485 4551 1184 4625 Agebardi.Circulis,_hoc7
1229 4551 1686 4625 cst,’mouilibus.
1728 4551 1850 4625 Ipse
1899 4564 2080 4619 supra,

488 4621 716 4681 Circulos
736 4642 798 4680 ea:
816 4641 944 4678 auro
964 4623 1143 4693 quibus
1171 4624 1376 4677 brachia
1402 4633 1680 4678 arctantur.
1747 4621 1868 4677 RIG.

559 4691 1016 4768 CAP._VIll.—(d)
1035 4693 1160 4760 Quis
1182 4703 1252 4749 est
1279 4695 1484 4768 vestiunt
1504 4695 1664 4748 honor
1671 4695 1842 4768 justus
1858 4693 1921 4747 de
1939 4691 2088 4747 adul-

490 4768 616 4823 terio
631 4769 856 4822 colorum
872 4765 1444 4840 injuslorn7m._Accusat
1460 4765 1641 4820 luxum
1657 4765 2088 4840 mulierum,qnm

491 4840 546 4895 in
566 4841 879 4894 vestimenta
895 4835 1102 4894 colores
1123 4837 1434 4892 inducerent
1452 4851 1557 4891 non
1579 4836 1784 4890 nativos
1799 4835 1982 4890 velleri
1999 4843 2092 4890 aut

492 4912 906 4977 lanae,videlieet
929 4924 1244 4980 purpureos,
1269 4907 1663 4980 hyacinthinos,
1687 4907 1969 4980 coccineos
1994 4915 2094 4980 ;7et

496 4983 595 5038 hos
625 4998 745 5038 esse
773 4982 846 5036 ait
887 4977 1097 5037 colores
1129 4977 1362 5051 injustos
1388 5022 1403 5044 ,
1437 4990 1492 5035 et
1521 4979 1804 5051 adulteria.
1831 4977 2090 5051 Naupli:-

495 5065 571 5108 cet
597 5054 701 5108 Deo
721 5095 736 5118 ,
766 5053 970 5120 inquit,
998 5053 1134 5123 quod
1153 5049 1252 5106 non
1281 5052 1543 5122 produxit.
1565 5050 1765 5106 Deinde
1781 5049 2088 5123 subridens:

502 5125 623 5181 Nisi
648 5126 806 5179 sinon
826 5126 985 5194 potuit
1011 5121 1296 5194 purpureas
1321 5133 1366 5178 et
1387 5125 1587 5178 aerinas
1604 5138 1717 5178 oves
1734 5122 1874 5194 nasci
1891 5121 2081 5194 jubere.

501 5197 639 5254 Tum
670 5191 1051 5267 serio—pergit:
1081 5191 1142 5250 Si
1170 5195 1332 5262 potuit
1360 5236 1375 5261 ,
1407 5212 1530 5267 ergo
1548 5195 1664 5265 jam
1707 5191 1892 5267 noluit.
1943 5191 2095 5267 Quod

505 5269 647 5323 Dens
677 5262 877 5333 noluit,
923 5262 1025 5320 non
1052 5267 1168 5338 licet
1197 5267 1344 5337 fingi.
1390 5262 1991 5338 Argumentunvetiam
2025 5262 2091 5318 ad

505 5341 748 5411 graviora
773 5338 1009 5394 notabile
1021 5351 1083 5392 ac
1104 5335 1677 5411 fortissimumfltaque
1693 5336 1896 5407 colligit
1921 5335 2092 5404 injus-

509 5409 593 5467 ios
621 5426 743 5467 esse
768 5411 979 5466 colores
1010 5450 1026 5471 ,
1051 5423 1187 5480 quos
1205 5409 1403 5464 habent
1431 5411 1563 5464 lanae
1581 5423 1685 5464 non
1713 5422 1861 5471 suos,
1889 5421 1953 5480 ac
1973 5420 2096 5476 pro-

507 5483 633 5538 inde
662 5482 958 5537 adulteros.
984 5479 1104 5536 Mox
1133 5492 1508 5550 argumentum
1533 5481 1794 5550 explicat,
1827 5487 1880 5534 et
1900 5520 1914 5544 ,
1947 5479 2096 5531 lanas

504 5553 817 5625 hujusmodi
844 5596 859 5620 ,
902 5553 1136 5625 imbutas
1180 5552 1452 5625 coloribus
1497 5565 1601 5625 non
1657 5552 1804 5615 suis,
1867 5550 2094 5625 vestium

508 5620 771 5681 honorem
796 5625 1038 5695 praebere
1061 5624 1134 5677 ait
1156 5637 1260 5678 n0n
1271 5621 1496 5695 justum.
1518 5622 1711 5679 Vestes
1731 5629 1906 5695 autem
1924 5620 2100 5695 alieno

508 5707 566 5752 et
590 5693 874 5752 ambitioso
915 5695 1097 5750 colore
1124 5695 1312 5749 fucata:
1337 5694 1598 5749 honorem
1627 5709 1722 5749 seu
1755 5693 2097 5763 splendorem

508 5769 837 5839 lulgoremve
864 5767 1120 5835 injustam
1146 5806 1161 5830 ,
1195 5767 1261 5820 ad
1293 5766 1629 5839 honestatem
1679 5765 2102 5835 modestiamque

503 5837 856 5897 christianum
884 5855 989 5894 non
1017 5839 1304 5910 pertinere.
1361 5837 1483 5894 lito.

2246 3762 2326 3836 (ε)
2367 3763 2486 3820 Nisi
2511 3765 2556 3820 si
2583 3781 2684 3820 non
2707 3767 2868 3832 potuit
2892 3781 3174 3836 purpureas
3195 3773 3241 3820 et
3262 3764 3465 3820 aerinas
3492 3780 3606 3820 oves
3639 3765 3788 3836 nasci

2171 3835 2370 3908 jubere.
2420 3838 2494 3891 Ila
2555 3838 2778 3908 omnino
2823 3835 3015 3908 legitur
3058 3838 3112 3892 in
3159 3838 3526 3893 vetustissimo
3555 3835 3786 3901 codice,

2179 3924 2284 3962 non
2333 3917 2388 3962 ut
2433 3910 2693 3964 hactenus
2719 3907 2922 3963 editum
2975 3907 3110 3970 fuit,
3155 3910 3340 3962 aerias.
3371 3909 3600 3963 Aerinas
3652 3909 3792 3964 dicit

2179 3994 2310 4034 oves
2355 3979 2536 4034 colore
2579 3980 2766 4050 aerino
2787 4021 2800 4041 ,
2824 3995 2984 4048 quem
3012 3988 3071 4034 ut
3098 3979 3366 4036 fmmineis
3396 3980 3637 4035 vestibus
3657 3995 3789 4050 gra-

2179 4052 2446 4124 tissimum
2481 4051 2658 4124 laudat
2682 4049 2942 4124 Ovidius,
2976 4051 3064 4107 ubi
3091 4094 3106 4117 ,
3151 4050 3292 4108 facta
3340 4052 3618 4108 mentione
3661 4049 3788 4124 tyrii

2179 4122 2398 4178 muricis
2417 4163 2433 4191 ,
2465 4123 2643 4178 statim
2672 4122 2854 4193 adjicit
2879 4140 2891 4177 :

2303 4262 2421 4314 Cum
2446 4267 2519 4312 tot
2543 4262 2812 4324 prodierint
2836 4263 2996 4324 pretio
3017 4259 3206 4311 leviore
3228 4259 3441 4318 colores,

2398 4325 2516 4384 Quis
2537 4323 2673 4375 furor
2699 4331 2778 4375 est
2797 4323 2980 4387 census
2994 4337 3201 4386 corpore
3225 4325 3358 4373 ferre
3382 4335 3500 4373 suos
3514 4323 3538 4372 τ

2303 4389 2453 4440 Aeris
2475 4401 2595 4439 ecce
2611 4387 2763 4446 color,
2783 4395 2900 4437 tunc
2921 4401 3031 4435 cum
3055 4387 3166 4436 sine
3191 4387 3401 4436 nubibus
3421 4399 3530 4444 aer,

2397 4451 2502 4502 Nec
2526 4449 2720 4515 tepidus
2750 4449 2939 4515 pluvias
2961 4451 3172 4500 concitat
3195 4449 3373 4499 Auster
3397 4459 3567 4513 aquas.

2261 4602 2328 4687 (Γ)
2368 4603 2614 4687 Ceterum
2657 4602 2703 4687 si
2738 4599 2963 4687 materia:
2989 4616 3053 4656 ea:
3081 4598 3192 4687 ligo
3218 4596 3795 4687 sunt,7non7ftat_i7m777e_t

2193 4669 2486 4748 hujusmodi
2517 4747 2522 4748 7
2551 4677 2747 4748 (ructus
2803 4673 3030 4728 illarum.
3109 4669 3563 4748 Postquam_sub
3612 4669 3794 4738 elogio

2192 4741 2358 4804 atroci
2381 4741 2730 4818 gravissimus
2752 4759 2948 4800 censor
2967 4753 3145 4818 vestes
3168 4741 3561 4818 hyacinthinus,
3586 4755 3792 4818 purpu-

2195 4835 2318 4875 reas
2339 4861 2354 4885 ,
2385 4813 2441 4872 et
2483 4818 2694 4872 aerinas
2714 4859 2728 4881 ,
2756 4825 2810 4870 et
2849 4825 3044 4871 cmtera
3075 4815 3128 4870 id
3151 4813 3322 4886 genus
3341 4813 3574 4886 lunaria:
3596 4813 3796 4886 instruo

2196 4883 2377 4947 menta
2410 4889 2756 4960 proscripsit,
2788 4886 3023 4942 occurrit
3064 4883 3354 4960 objectioni
3394 4883 3790 4946 dictitantiunt,

2197 4979 2261 5018 ca
2288 4959 2468 5017 omnia
2497 4976 2617 5030 qua:
2660 4968 2939 5031 tantopere
2965 4959 3390 5031 exagitarentur,
3418 4970 3525 5031 non
3550 4969 3714 5031 secus
3733 4967 3796 5006 ac

2198 5046 2390 5090 caetera
2420 5049 2449 5087 a
2473 5026 2583 5087 Deo
2607 5046 2726 5088 esse
2747 5026 2964 5094 creata;
2993 5026 3202 5084 colores
3226 5028 3347 5083 illos
3372 5026 3648 5082 mirabiles
3667 5040 3797 5080 con-

2199 5106 2286 5161 ﬁci
2313 5121 2344 5161 e
2371 5105 2544 5160 succis
2587 5103 2872 5158 herbarum
2898 5113 2952 5158 et
2980 5103 3305 5156 concharum
3348 5098 3568 5162 salivis;
3603 5096 3798 5152 herbas

2197 5188 2376 5232 autem
2399 5186 2453 5231 et
2472 5174 2708 5249 conchas
2725 5175 2864 5229 inter
2887 5188 2973 5229 res
2998 5187 3027 5226 a
3059 5173 3168 5249 Deo
3188 5182 3398 5249 creatas
3415 5171 3538 5249 jure
3561 5169 3797 5249 censeri,

2197 5257 2252 5304 et
2280 5257 2488 5303 creatas
2519 5247 2794 5302 hominum
2823 5259 3035 5300 caussa.
3063 5245 3244 5313 Itaque
3257 5242 3604 5298 distinctione
3632 5239 3800 5313 cavil-

2198 5319 2450 5375 lationem
2494 5319 2644 5372 diluit
2665 5359 2678 5381 ,
2713 5328 2768 5372 ct
2806 5315 3060 5370 materias
3097 5311 3310 5385 quidem
3339 5329 3404 5369 ex
3434 5314 3547 5368 Deo
3577 5327 3698 5367 esse
3723 5311 3798 5364 la-

2197 5400 2345 5446 tctur
2367 5432 2381 5453 ,
2415 5390 2611 5444 herbas
2636 5431 2650 5452 ,
2681 5389 2898 5458 inquam
2923 5428 2938 5451 ,
2967 5394 3024 5441 et
3054 5386 3304 5458 conchas
3327 5395 3430 5458 ,7et
3475 5397 3671 5440 succos
3696 5423 3711 5446 ,
3748 5388 3804 5435 et

2201 5464 2320 5518 illas
2364 5461 2693 5518 cencharum
2739 5454 2937 5514 salivas
2982 5457 3207 5514 nobiles.
3259 5454 3366 5513 Sed
3411 5470 3597 5511 earum
3627 5466 3803 5508 rerum

2203 5550 2358 5589 nsum
2391 5535 2728 5602 fructumque
2754 5572 2770 5597 ,
2800 5545 2919 5586 cum
2959 5529 3025 5602 ad
3065 5529 3316 5598 nequitizn
3345 5526 3678 5602 luxuria‘qtte
3712 5539 3807 5593 ap-

2201 5615 2418 5678 paratus
2449 5598 2852 5678 Convertuntur,
2889 5615 2953 5656 ex
2987 5601 3241 5678 Deoesse
3271 5608 3427 5670 negat
3458 5615 3473 5662 ;
3509 5598 3807 5678 probatque

2203 5666 2452 5748 'cxemplo
2491 5674 2954 5748 spectaculorum,
2983 5672 3148 5739 circi,
3178 5666 3366 5727 arena;
3380 5712 3395 5737 ,
3423 5666 3621 5748 secum.
3669 5666 3804 5722 Nam

2204 5755 2260 5803 'et
2300 5741 2468 5819 equos
2487 5789 2502 5814 ,
2523 5741 2578 5804 et
2598 5745 2884 5820 pantheras
2907 5785 2924 5811 ,
2947 5753 3001 5798 et
3021 5758 3206 5800 vocem
3231 5784 3248 5810 ,
3273 5750 3489 5820 nt_rcs_a
3514 5741 3626 5796 Deo
3652 5753 3809 5820 crea-

2207 5831 2288 5876 tas
2317 5809 2374 5877 et
2403 5809 2623 5878 munera
2663 5818 2844 5875 divina
2866 5857 2882 5886 ,
2910 5809 3160 5888 Spectare
3208 5809 3299 5870 aut
3338 5811 3557 5871 laudare
3587 5809 3808 5884 quidem
