4068 6352
277 344 410 408 1313

1331 343 1539 402 LIBER
1588 344 1614 402 1
1662 337 1750 401 ota-
1786 343 2013 402 CULTU
2043 309 2503 404 resumam.

3421 341 3565 408 l3“

272 479 365 522 nes
383 464 497 520 iSlil}
524 456 763 536 profana:
789 456 1216 532 spectaculorum
1244 460 1584 517 saecularium
1613 459 1855 532 volupta-
1881 463 1935 524 Α
1960 459 2245 528 ordinavit,
2287 462 2503 521 :raritas
2553 470 2609 519 ct
2661 461 3037 535 peregrinitas,
3088 463 3230 536 apud
3268 467 3560 524 extraneos

275 567 371 621 tes,
425 555 564 612 sicut
610 555 678 611 de
703 554 836 626 ipsis
885 570 1045 611 suum
1084 554 1335 611 volumen
1395 553 1693 622 edidimus,
1747 553 1862 625 ipsa

269 650 428 705 etiam
457 646 756 703 idololatria
800 662 872 704 ex
911 647 1075 704 rebus
1123 645 1216 703 Dei
1245 654 1501 703 constat:
1549 661 1653 701 non
1685 654 1862 701 tamen

272 740 391 797 ideo
413 739 540 796 circi
570 738 862 807 furoribus,
890 749 984 796 aut
1024 755 1203 796 arente
1218 738 1608 806 atrocitatibus,
1634 746 1728 794 aut
1746 752 1864 796 sce-

267 832 837 907 ncegturpitudinibus,
886 832 1233 890 christianum
1279 831 1420 889 aftici
1463 838 1693 903 oportet,
1740 829 1861 902 quia

271 929 407 986 Deus
435 937 492 984 et
518 943 736 1001 equum,
765 937 822 985 et
857 929 1194 1000 pantheram,
1232 935 1290 984 et
1318 942 1502 985 vocem
1540 915 1742 984 homini
1770 926 1865 983 de-

265 1020 346 1079 dit
378 1038 393 1076 :
418 1036 519 1078 nec
546 1020 670 1078 ideo
696 1021 1050 1078 idololatriam
1079 1021 1298 1092 impune
1328 1021 1492 1078 faciet
1517 1021 1864 1088 cbrisﬁanus,

264 1113 391 1185 quia
421 1113 516 1171 Dei
550 1113 785 1170 conditio
805 1123 889 1172 est
915 1124 970 1171 et
994 1112 1118 1171 thus
1142 1112 1243 1187 (a),
1295 1124 1350 1170 et
1379 1128 1606 1182 merum,
1653 1121 1708 1169 et
1732 1111 1869 1185 ignis

262 1201 356 1278 qui
387 1209 619 1264 vescitur
648 1205 746 1280 (b),
794 1216 850 1264 et
886 1207 1137 1265 animalia
1162 1222 1283 1280 quae
1306 1206 1538 1263 victima
1566 1206 1716 1271 (lunt,
1745 1221 1867 1263 cum

262 1307 321 1355 et
348 1298 465 1371 ipsa
494 1299 738 1368 materia,
761 1315 881 1372 qua:
905 1299 1179 1365 aduratur,
1207 1299 1303 1356 Dei
1325 1302 1416 1356 sit.
1439 1298 1527 1356 Sic
1551 1314 1681 1371 ergo
1710 1298 1792 1373 (1)
1816 1307 1875 1355 et

262 1391 412 1448 circa
434 1402 610 1448 actum
639 1393 980 1448 materiarum
1009 1406 1203 1450 census
1230 1407 1260 1447 a
1281 1391 1393 1449 Deo
1414 1392 1486 1463 (c)
1511 1391 1870 1459 descendens,

262 1493 490 1540 accusat
548 1483 658 1541 Deo
694 1493 1031 1555 extraneum,
1064 1495 1121 1542 ut
1146 1499 1297 1542 reum
1329 1483 1534 1542 scilicet
1556 1482 1740 1557 gloriae
1769 1497 1874 1539 sae-

263 1578 492 1636 cularis.
585 1651 589 1656 ν

297 1660 301 1664 ”
914 1673 1142 1732 CAPUT
1179 1672 1279 1729 ιχ.

1967 569 2184 627 semper
2208 556 2433 627 gratiam
2462 556 2762 625 inveniens,
2788 557 2856 614 de
2876 557 3105 630 simplici
3132 573 3293 616 causa
3323 575 3430 617 non
3460 560 3567 618 ha-

1968 646 2149 713 bendi,
2191 663 2310 719 ane
2360 649 2501 706 Deus
2552 649 2679 706 alibi
2717 649 3025 719 collocavit,
3075 652 3566 723 concupiscentiam

1969 741 2201 797 concitat
2226 737 2306 814 (7)
2332 740 2584 799 habendi.
2610 742 2689 798 Ex
2714 740 2817 798 hac
2850 742 3037 798 vitium
3063 741 3211 799 aliud
3234 743 3567 812 extenditur,

1967 832 2323 890 immoderate
2351 833 2619 902 habendi;
2647 833 2794 906 quod
2819 842 2874 891 et
2898 834 2942 890 si
2980 833 3121 891 forte
3145 835 3451 894 habendum
3473 835 3564 902 sit,

1969 925 2165 983 modus
2190 936 2364 984 tamen
2391 926 2636 984 debetur.
2665 927 2792 985 lixae
2815 927 2920 984 erit
2947 925 3026 1002 (8)
3060 927 3303 998 ambitio,
3344 920 3488 986 unde
3515 937 3572 985 et

1970 1036 2171 1078 nomen
2198 1020 2315 1092 ejus
2352 1021 2812 1092 interpretandum
2852 1029 2934 1078 est
2962 1018 3069 1096 (9),
3110 1021 3274 1092 quod,
3315 1024 3573 1093 concupi-g

1973 1116 2176 1173 scentia
2226 1115 2368 1187 apud
2396 1116 2633 1172 animum
2661 1115 2930 1173 ambiente
2948 1125 3270 1193 hnascatur,
3297 1116 3365 1175 ad
3384 1117 3572 1189 glorite

1973 1217 2195 1275 votum;
2223 1207 2427 1279 grande
2446 1208 2655 1265 scilicet
2670 1217 2880 1277 votum,
2908 1208 3075 1280 quod,
3105 1217 3164 1265 ut
3186 1208 3440 1278 diximus,
3464 1224 3574 1266 non

1974 1307 2188 1369 natura,
2218 1313 2320 1358 nec
2343 1301 2562 1370 veritas,
2596 1300 2691 1358 sed
2724 1300 2915 1357 vitiosa
2945 1302 3109 1358 animi
3142 1302 3339 1373 passio,
3370 1315 3576 1360 concu-

1975 1393 2258 1466 piscentia,
2297 1393 2715 1451 commcndavit.
2750 1392 2821 1450 Et
2845 1394 2961 1468 (ιῦ)
2983 1395 3089 1451 alia
3116 1395 3241 1451 vitia
3265 1395 3579 1452 ambitionis

1975 1497 2033 1543 et
2089 1486 2299 1559 gloriae.
2349 1486 2441 1543 Sic
2492 1497 2546 1544 et
2572 1487 2742 1557 pretia
2788 1487 2950 1544 rebus
3004 1486 3375 1556 inflammavit,
3405 1495 3466 1543 ut
3517 1501 3580 1544 se

1976 1594 2190 1651 quoque
2208 1578 2551 1636 accenderet.
2579 1577 2702 1635 Non
2721 1578 2839 1651 (ll)
2862 1587 3009 1635 tanto
3040 1578 3214 1652 major
3243 1577 3302 1635 fit
3321 1578 3581 1651 concupi-

1977 1672 2182 1729 scentia
2208 1714 2222 1741 ,
2246 1680 2448 1745 quanto
2475 1687 2674 1745 magno
2699 1673 2825 1730 fecit
2851 1673 2995 1746 quod
3025 1674 3339 1747 concupiit?
3359 1675 3436 1732 De
3462 1673 3579 1749 (l2)

336 1764 477 1821 Nam
509 1774 568 1822 ut
596 1780 822 1838 quaeque
860 1765 941 1842 (2)
977 1774 1179 1834 rerum,
1216 1781 1314 1838 per
1355 1764 1592 1838 singulas
1633 1778 1876 1837 quasque
1903 1786 1954 1850 Β
1978 1764 2311 1823 brevissimis
2366 1767 2555 1823 loculis
2596 1765 2984 1839 patrimonium
3031 1766 3232 1838 grande
3287 1768 3580 1839 profertur.

262 1869 447 1918 terras
470 1871 525 1918 et
550 1876 980 1935 unamquamque
1015 1863 1287 1934 regionem
1317 1863 1554 1920 materiis
1584 1861 1669 1936 (5)
1699 1877 1731 1918 a
1763 1862 1876 1918 Deo

262 1940 554 2010 distributa
571 1964 716 2023 sunt,
739 1955 968 2011 invicem
988 1955 1089 2012 sibi
1123 1956 1424 2028 peregrina,
1446 1956 1588 2026 apud
1619 1952 1699 2029 (4)
1721 1964 1876 2013 exte-

262 2062 361 2104 ros
386 2058 578 2105 mutuo
600 2064 744 2115 rara,
768 2050 908 2122 apud
952 2065 1048 2107 vos
1087 2048 1171 2124 (5)
1197 2050 1343 2122 jure,
1371 2053 1415 2107 si
1441 2050 1520 2125 (6)
1548 2052 1755 2123 utique,
1788 2052 1880 2108 vel

262 2149 619 2211 appetuntur,
667 2143 751 2199 vel
793 2142 1154 2215 negliguntur,
1204 2144 1327 2214 quia
1368 2158 1477 2200 non
1509 2152 1687 2201 tantus
1715 2153 1797 2201 est
1827 2145 1882 2201 in

263 2231 379 2288 illis
410 2231 597 2290 fervor
623 2232 831 2306 gloriae,
848 2233 989 2290 inter
1016 2232 1339 2291 domesticos
1355 2233 1579 2307 frigidae.
1605 2234 1712 2292 Sed
1739 2235 1883 2291 enim

267 2340 335 2382 ex
365 2327 777 2400 possessionum
796 2327 1195 2400 distributione,
1219 2344 1379 2401 quam
1408 2330 1571 2397 Deus,
1605 2339 1667 2387 ut
1688 2330 1880 2398 voluit,

1960 1858 2101 1917 ’Uno
2131 1859 2244 1916 lino
2269 1858 2349 1933 (tl)
2373 1858 2555 1917 decies
2581 1860 2893 1917 sestertium
2916 1859 3190 1917 inseritur.
3216 1859 3396 1918 Saltus
3422 1869 3477 1917 et
3502 1860 3585 1917 in-

1981 1954 2126 2012 sulas
2171 1962 2353 2011 tenera
2379 1954 2560 2011 cervix
2591 1952 2694 2011 fert
2718 1953 2862 2028 (15),
2894 1954 3122 2026 graciles
3176 1955 3384 2011 aurium
3430 1963 3582 2012 cutes

1983 2046 2350 2105 calendarium
2379 2047 2714 2118 expendunt,
2744 2058 2798 2105 et
2825 2050 2875 2104 in
2897 2049 3014 2121 (M)
3040 2049 3261 2105 sinistra
3295 2064 3390 2120 per
3413 2050 3588 2120 singu-

1984 2140 2067 2198 los
2094 2139 2291 2212 digitos
2333 2138 2403 2196 de
2432 2139 2606 2196 saccis
2653 2138 2877 2212 singulis
2919 2141 3073 2196 ludit.
3125 2140 3221 2196 liae
3266 2151 3394 2196 sunt
3443 2140 3587 2197 vires

1988 2232 2320 2300 ambitionis,
2346 2240 2616 2288 tantarum
2650 2247 2937 2289 usurarum
2979 2232 3334 2291 substantiam
3377 2234 3447 2307 (ε)
3478 2247 3587 2291 ιιιιο

1985 2338 2041 2385 et
2064 2325 2315 2383 muliebri
2339 2325 2666 2398 corpusculo
2694 2325 2955 2399 bajulare.

1512 2443 1894 2502 LECTIONES
1930 2438 2346 2500 VARIANTES.

334 2561 416 2629 (ι)
443 2562 526 2613 Sic
546 2574 643 2614 nec
658 2561 810 2629 lmen.
836 2562 916 2613 hic
937 2574 1061 2629 ergo
1081 2588 1144 2629 -—_-
1183 2588 1246 2601 -—
1260 2569 1557 2629 excusatus;
1581 2560 1694 2629 Deo
1714 2565 1880 2611 extra-

264 2625 524 2691 neum_ut_
544 2652 603 2663 -
634 2625 823 2689 gloriae,
849 2625 1081 2675 saeculum
1105 2626 1227 2675 Jun.
1253 2625 1335 2691 Sic
1359 2637 1455 2691 ego
1496 2633 1551 2679 et
1586 2625 1716 2677 circa
1737 2637 1783 2676 a.
1808 2638 1875 2675 tu.

263 2700 313 2739 c.
338 2688 471 2751 a._d._
494 2687 544 2737 d.
573 2685 840 2751 propterea
862 2694 1127 2739 excusatus
1148 2685 1351 2741 semler.

364 2749 420 2814 2)
446 2749 680 2862 θωράηηὶ
707 2751 873 2801 Venet.

362 2813 419 2938 Ξ)
447 2815 795 2938 Eta

444 2874 509 2946 Et
530 2872 786 2946 ajiudalii.

361 2939 419 3067 Si
590 2935 813 3053 un.

2144 2554 2485 2633 Ξῖἳίίῧὲίηπε

2070 2554 2121 2621 7)
2144 2554 2340 2633 Excitat
2362 2557 2485 2608 Jun.

2045 2552 2132 2869 ξε(
2144 2618 2263 2742 ἓξὲξ
2285 2617 2782 2752 tat.

2073 2742 2153 2869 il}
2176 2742 2460 2869 ἕξιηιῖιῖαιιέἱο
2482 2804 2700 2869 Rhenan.
2725 2814 2782 2857 La

2076 2742 2152 2808 10)
2180 2742 2244 2794 Ut
2269 2742 2423 2795 Latin.

2073 2807 2153 2877 li)
2176 2806 2299 2877 13am
2323 2812 2460 2877 tanto
2482 2804 2700 2877 Rhenan.
2725 2802 2877 2858 Latin.
2904 2804 3089 2870 Rigalt.
3168 2854 3187 2863 -

2080 2865 2157 2921 12⁷)
2182 2868 2260 2919 De
2274 2866 2429 2921 omitt.
2444 2865 2591 2919 sentt.

2080 2870 2135 2918 12
2182 2870 2260 2919 De
2274 2870 2591 2921 onu'tt.sentl.

2048 2870 2157 3059 (is)
2180 2929 2490 2990 Circumfert,
2514 2928 2641 3003 aliti.

2080 2995 2155 3059 ιι)
2181 2992 2237 3044 ιιι
2258 2992 2391 3047 abest
2407 3003 2558 3046 Fran.
2579 2997 2641 3055 Rt

2080 2992 2155 3060 ιι)
2181 2992 2237 3044 ιιι
2258 2992 2391 3047 abest
2407 3003 2558 3046 Fran.
2579 2992 2759 3059 Rigalt.

1640 3127 2203 3192 COMMENTARIUS.

269 3266 496 3329 homini
527 3270 605 3328 fas
632 3288 791 3339 esse;
823 3289 931 3330 non
976 3282 1163 3350 tamen
1204 3271 1329 3328 inde
1375 3272 1556 3328 statim
1603 3270 1805 3350 sequi_,_
1823 3274 1881 3323 ut
1905 3286 1951 3350 ρ

271 3358 477 3399 earum
506 3360 686 3400 rerum
726 3361 855 3400 usus
888 3361 952 3401 ex
987 3346 1097 3399 Deo
1122 3345 1224 3407 sit,
1255 3351 1379 3412 puta
1405 3340 1765 3413 cquorum'ad
1792 3340 1887 3413 in:

266 3428 450 3473 sanas
471 3414 523 3468 in
547 3416 690 3471 circo
716 3415 974 3472 factiones
999 3458 1014 3484 ,
1038 3410 1418 3485 pantherarum
1448 3410 1541 3469 seu
1566 3413 1779 3468 leonum
1797 3410 1881 3485 ad

267 3485 463 3542 foedas
489 3487 870 3543 viscerationes
903 3496 959 3543 et
983 3482 1193 3542 atroces
1224 3486 1461 3541 lanienas
1480 3527 1495 3552 ,
1527 3498 1686 3539 voces
1708 3482 1880 3538 artili-

271 3572 408 3613 cum
433 3559 771 3615 scenicorum
794 3558 862 3615 ad
883 3573 1048 3614 vanas
1071 3568 1164 3612 aut
1189 3556 1483 3627 impudicas
1506 3555 1729 3611 fabulas.
1755 3555 1882 3610 Haec

274 3628 437 3684 enim
480 3646 545 3685 ex
594 3631 701 3685 Deo
746 3645 854 3687 non
899 3645 1055 3694 esse,
1084 3630 1159 3684 uti
1211 3620 1311 3685 nec
1356 3627 1748 3695 idololatriam,
1779 3620 1914 3682 etsi'

273 3699 418 3755 thus
445 3742 459 3765 ,
489 3708 548 3774 et
572 3717 811 3769 merum,
842 3712 897 3758 et
926 3702 1097 3774 ignis,
1121 3700 1313 3772 quibus
1344 3699 1641 3755 idololatria
1662 3698 1882 3754 confici-

274 3780 395 3844 tur,
420 3786 455 3827 a
486 3773 592 3830 Deo
608 3775 717 3830 sint
740 3773 1219 3831 creata.’Cteterum
1240 3818 1257 3839 ,
1282 3775 1453 3844 inquit
1474 3814 1489 3837 ,
1510 3775 1556 3828 si
1576 3775 1803 3828 materia:
1822 3791 1885 3831 ex

277 3842 403 3900 Deo
451 3854 598 3915 sunt,
631 3862 733 3902 non
775 3848 944 3901 statim
974 3856 1021 3901 et
1061 3842 1370 3916 huiusmodi
1403 3844 1597 3916 fructus
1636 3845 1889 3914 illarum;

276 3932 414 3989 nam
446 3924 491 3969 et
517 3933 688 3973 omnes
723 3920 835 3973 ista:
882 3917 1114 3989 profana:
1138 3919 1540 3986 spectaculorum
1565 3918 1891 3973 secularium

272 3988 577 4058 voluptates
595 4029 611 4052 ,
640 3989 766 4043 sicut
790 3991 854 4044 de
883 3990 1009 4059 ipsis
1034 4006 1183 4045 suum
1208 3990 1441 4044 volumen
1464 3989 1715 4044 edidimus
1734 4032 1750 4056 ,
1778 3990 1893 4059 ipsa

276 4060 449 4113 etiam
476 4059 799 4128 idololatria,
831 4058 1064 4117 ex'rebus
1090 4061 1186 4116 Dei
1214 4069 1434 4126 constat,
1465 4070 1570 4115 etc.
1594 4061 1794 4119 th.-—
1812 4058 1895 4116 De

275 4131 421 4205 ipsis
454 4131 609 4205 (alias
638 4131 703 4205 de
729 4133 856 4205 illis)
884 4150 1031 4189 suum
1054 4132 1309 4189 volumen.
1338 4131 1559 4190 Scilicet
1603 4134 1799 4189 librum
1831 4133 1896 4188 de

276 4202 641 4273 Spectaculis.
670 4204 807 4260 Enn.

363 4271 470 4346 (a)
495 4273 593 4346 Dei
634 4277 854 4332 conditio
895 4286 969 4332 est
1011 4277 1147 4333 titus.
1190 4277 1338 4335 Thus
1375 4291 1407 4333 a
1444 4276 1555 4334 Deo
1616 4276 1898 4334 conditum

275 4345 396 4402 est.
430 4345 684 4401 Conditio
708 4390 724 4412 ,
752 4356 1021 4404 creatura.
1050 4349 1170 4406 RIG.

366 4414 462 4491 (b)
504 4415 647 4489 Ignis
688 4421 776 4489 qui
824 4419 1055 4475 vescitur.
1119 4421 1221 4491 Qui
1269 4421 1583 4547 depascIi‘tur
1629 4420 1896 4477 victimas.

1505 4507 1576 4547 ια.

1505 4507 1576 4549 IG.

365 4559 458 4636 (c)
498 4559 590 4636 Sic
615 4577 736 4636 ergo
752 4569 800 4616 et
819 4562 957 4636 circa
984 4570 1153 4636 aetum
1179 4563 1506 4636 materiarum
1527 4578 1712 4636 census
1735 4579 1768 4618 α
1792 4561 1902 4618 Deo

278 4634 634 4691 ducentiens.
677 4634 774 4690 llic
807 4634 970 4689 etiam
992 4634 1191 4705 aliquid
1210 4634 1529 4690 indulsimus
1549 4634 1902 4705 conjectum,

278 4708 374 4764 sic
407 4715 590 4761 tamen
616 4716 672 4760 ut
711 4705 846 4760 ratio
872 4716 1125 4778 constare
1150 4705 1345 4778 debeat
1368 4706 1508 4778 apud
1524 4706 1734 4777 judices
1758 4706 1900 4765 haud

278 4780 542 4847 iniquos.
563 4778 754 4833 Actum
774 4786 929 4833 vocat
950 4777 1313 4833 Tertullianus
1332 4818 1346 4843 ,
1370 4777 1547 4832 rerum
1566 4794 1594 4832 a
1619 4780 1728 4836 Deo
1747 4795 1898 4834 crea-

280 4861 485 4905 tarum
516 4862 668 4903 usum
694 4890 709 4913 ,
740 4863 859 4905 cum
883 4864 949 4904 ex
970 4850 1034 4904 iis
1059 4848 1261 4920 aliquid
1290 4848 1498 4919 agimus
1511 4890 1529 4920 ί.
1556 4865 1679 4905 cum
1706 4851 1770 4906 iis
1796 4852 1901 4906 uti-

280 4936 431 4992 mur
476 4920 542 4992 ad
589 4929 764 4976 actum
811 4921 925 4989 sive
952 4919 1219 4976 actionem
1247 4919 1781 4992 cujusmodieumque
1807 4924 1897 4981 sit.

281 4991 655 5049 Materiarum
682 5008 844 5058 vero,
870 5006 969 5048 seu
1015 5006 1197 5047 rerum
1237 5002 1541 5062 creatarnm
1585 4991 1780 5062 duplex
1821 5004 1906 5052 cst

283 5077 509 5119 census
534 5105 550 5130 ,
584 5062 688 5121 hoc
727 5075 849 5130 est,
893 5063 1092 5135 duplici
1137 5061 1571 5135 consideratione
1619 5061 1906 5122 censentur

284 5137 773 5207 astimanturque.
801 5134 1118 5207 Nam‘aliter
1150 5149 1348 5206 equum
1373 5134 1696 5192 christianos
1723 5152 1909 5193 cense-

286 5208 411 5271 bit,
445 5206 604 5279 aliter
645 5205 876 5278 gentilis.
915 5205 1070 5279 Equo
1111 5205 1439 5279 christianus
1487 5212 1698 5275 utetur,
1732 5221 1788 5264 ut
1815 5225 1911 5266 na-

288 5288 454 5334 tunc
478 5278 566 5335 vel
594 5280 768 5333 aetatis
797 5278 1219 5335 imbecillitatem
1246 5278 1492 5334 sublevet
1512 5320 1527 5345 ,
1558 5288 1617 5335 ut
1646 5282 1909 5338 maturius

1988 3275 2046 3321 ut
2071 3263 2221 3321 fratri
2249 3262 2512 3320 laboranti
2540 3263 2681 3320 adsit
2706 3264 2943 3321 velocius
2959 3305 2976 3332 ,
3008 3272 3068 3320 ut
3093 3264 3433 3323 vulneratum
3455 3279 3488 3323 a
3521 3265 3592 3323 la-

1985 3337 2228 3394 tronibus
2270 3336 2322 3391 in
2362 3334 2650 3405 hospitium
2697 3337 2898 3406 portari
2942 3344 3097 3392 curet
3116 3337 3476 3393 commodius.
3515 3338 3590 3394 At

2021 3407 2197 3464 entilis
2236 3408 2651 3480 cquuntcarius
2677 3414 2836 3480 _emet
2877 3421 3036 3480 quam
3089 3407 3497 3480 padagogum,
3525 3423 3591 3464 ac

1983 3424 2197 3536 genitus
2236 3424 2433 3479 equum
2473 3424 2651 3462 carius
2691 3424 2836 3462 emet
2877 3424 3036 3477 quam
3089 3424 3435 3480 paedagogum
3481 3449 3497 3474 ,
3525 3424 3591 3464 ac

2026 3480 2295 3551 iligentius
2318 3477 2518 3534 erudiri
2543 3478 2753 3551 curabit
2773 3493 2932 3549 quam
2957 3478 3124 3534 tilium
3148 3521 3161 3542 ,
3192 3488 3248 3535 ut
3272 3480 3412 3551 notis
3438 3478 3593 3536 ﬂexi-

1986 3549 2183 3607 bus'ad
2227 3559 2398 3605 metas
2429 3551 2480 3604 in
2511 3550 2656 3621 circo
2692 3549 2975 3616 decurrat,
3010 3552 3256 3621 opposita
3303 3550 3547 3607 elfundat
3571 3593 3589 3616 ,

1986 3622 2510 3705 palmam‘occupetl,‘
2537 3619 2677 3705 unde
2715 3631 2971 3705 sequatur
3011 3619 3154 3705 aliud
3196 3622 3361 3691 nihil,
3398 3623 3502 3680 nisi
3534 3631 3595 3679 ut

1985 3690 2300 3750 insanientis
2332 3692 2514 3763 populi
2535 3690 2864 3747 clamoribus
2887 3690 3145 3749 ell‘eratur
3170 3710 3184 3747 :

2114 3814 2253 3868 Clara
2274 3812 2389 3876 fuga
2413 3816 2530 3863 ante
2553 3811 2690 3875 alios,
2715 3818 2769 3864 et
2789 3813 2978 3878 primus
3000 3814 3051 3864 in
3073 3826 3273 3879 aequore
3296 3814 3475 3880 pulvis.

2066 3922 2155 3979 Ait
2181 3920 2344 3994 igitur
2383 3920 2779 3994 Tertullianus,
2820 3919 2980 3994 unius
3025 3921 3376 3994 ejusdemque
3423 3932 3596 3980 mate-

1994 3993 2123 4061 riae,
2156 3991 2311 4049 unius
2355 3991 2704 4064 ejusdemque
2745 3992 3026 4064 animalis,
3057 3991 3361 4064 duos
3396 4009 3595 4050 census

1995 4061 2410 4122 diversissimos.
2442 4061 2632 4131 Illum,
2661 4078 2819 4135 quem
2840 4062 2909 4120 de
2930 4061 3149 4120 homine
3186 4062 3482 4121 christiano
3500 4064 3597 4122 de—

1998 4140 2453 4201 monstravimus,
2477 4150 2699 4191 ccnsum
2745 4150 2864 4191 esse
2909 4149 3036 4191 vere
3082 4135 3436 4203 laudabilem,
3465 4151 3598 4191 san-

1998 4217 2143 4265 ctum
2166 4251 2180 4277 ,
2211 4224 2242 4263 a
2273 4208 2383 4264 Deo
2427 4206 2842 4263 descendentem
2871 4222 2888 4273 ;
2917 4216 2973 4261 at
2999 4206 3144 4262 hunc
3173 4222 3332 4277 quem
3370 4206 3439 4263 de
3466 4222 3600 4277 gen-

2001 4281 2116 4346 tili,
2159 4290 2481 4336 extraneum
2507 4320 2523 4345 ,
2551 4278 2783 4334 alienum
2816 4318 2832 4343 ,
2876 4276 3201 4334 adulterum.
3257 4278 3323 4333 Et
3374 4276 3554 4333 census
3578 4292 3601 4344 ,‘

2001 4351 2174 4423 inquit
2196 4392 2211 4415 ,
2230 4368 2262 4405 a
2278 4348 2389 4406 Deo
2413 4349 2747 4417 descendens,
2768 4358 3289 4423 proptereagaccusat
3309 4360 3363 4405 et
3378 4350 3601 4423 damnat

2006 4421 2118 4480 Deo
2140 4433 2453 4494 extraneum
2477 4462 2492 4487 ,
2529 4430 2585 4476 ut
2603 4436 2765 4494 _reum
2787 4421 2995 4478 scilicet
3021 4421 3209 4494 gloria:
3233 4421 3505 4478 sacularis
3543 4430 3600 4478 et

2006 4495 2228 4552 minime
2247 4492 2573 4549 chriStiante.
2602 4492 2721 4549 th.

2075 4565 2233 4622 CAP.
2265 4564 2550 4636 lX.—-(d)
2594 4563 2708 4620 Uno
2752 4565 2856 4619 lino
2887 4564 3051 4619 decies
3093 4563 3377 4636 sestertium
3413 4563 3602 4619 inseri-

2005 4647 2105 4694 tur.
2131 4636 2371 4694 Uniones
2401 4636 2688 4707 intelligit,
2718 4636 2910 4707 quibus
2937 4636 3168 4707 pertusis
3191 4635 3243 4690 in
3272 4635 3412 4691 linea
3442 4644 3604 4691 utun-

2004 4718 2094 4765 tur
2117 4708 2373 4764 fteminze.
2406 4706 2625 4763 Lineain
2655 4706 3069 4777 margaritarum
3093 4706 3228 4763 dixit
3247 4707 3489 4763 Scaevola
3511 4750 3527 4774 ,
3560 4707 3599 4763 l.

1921 4788 1977 4850 1)
2002 4780 2073 4835 26
2098 4780 2165 4835 ad
2190 4780 2226 4834 Ι.
2254 4779 2457 4836 Falcid.
2478 4780 2555 4835 De
2582 4779 2870 4836 unionibus
2898 4779 2950 4835 in
2977 4780 3118 4835 linea
3141 4777 3227 4834 lex
3253 4789 3337 4834 est
3366 4777 3601 4850 Ulpiani,

2002 4851 2073 4908 27
2103 4850 2172 4907 ad
2198 4850 2261 4923 Ιέ.
2299 4850 2477 4923 Aquil.
2510 4850 2632 4908 Rm.

2079 4924 2159 4996 (e)
2198 4919 2482 4996 Tantarum
2525 4939 2799 4996 usurarum
2826 4920 3183 4996 substantiam.
3236 4919 3605 4996 Substantiam

2006 4993 2286 5052 usurarum
2309 4995 2476 5057 dixit,
2500 4993 2953 5062 quemadmodum
2979 4993 3217 5050 Scaevola
3253 4993 3608 5050 substantiam

2006 5067 2319 5128 calendarii.
2339 5065 2555 5121 LXXXI
2576 5065 2691 5122 Vde
2710 5066 2845 5136 lega.
2876 5081 2956 5120 ιιι.
2989 5064 3296 5123 Substantia
3321 5082 3607 5123 usurarum

2007 5148 2091 5196 est
2119 5153 2238 5194 sors
2283 5147 2337 5193 et
2364 5146 2563 5209 caput;
2612 5142 2771 5192 οὐσίαν
2798 5136 2972 5209 Graeci
3013 5137 3231 5209 dicunt,
3254 5147 3314 5209 et
3352 5140 3612 5209 κεφαλαῖυν

2011 5218 2066 5266 et
2104 5214 2326 5281 ἀρχαῖον.
2357 5206 2449 5264 Sic
2470 5224 2618 5281 _pag.
2659 5223 2773 5281 seq.
2806 5208 2979 5276 dicet,
3010 5207 3192 5281 Totam
3229 5206 3352 5281 ﬁdei
3374 5206 3615 5264 substan-

2013 5279 2255 5346 tiant',et
2282 5282 2377 5337 lib.
2418 5279 2678 5336 adversus
2721 5279 3016 5347 Praxeam,
3050 5279 3232 5347 Totam
3273 5279 3612 5335 substantiam

287 5350 369 5406 ad
428 5350 820 5427 sacriﬁciorum
854 5350 1159 5427 _oblationes
1195 5349 1545 5427 celebrandas
1569 5392 1584 5418 ,
1618 5353 1703 5408 vel
1724 5352 1790 5408 ad
1818 5353 1913 5411 Dei
2012 5354 2307 5427 quastionis
2332 5367 2352 5417 ;
2378 5350 2553 5427 et_lib.
2582 5351 2650 5427 de
2695 5350 2921 5427 Exliort.
2965 5346 3272 5427 Castiutis,
3308 5349 3617 5423 Negotiabe-

288 5436 626 5481 sermonem
665 5420 1150 5480 administrandum
1194 5418 1587 5480 audiendumve
1626 5436 1910 5496 occurrat,

2012 5421 2086 5481 ris
2110 5440 2349 5497 magnam
2372 5423 2706 5480 substantiam
2726 5422 3030 5480 sanctitatis.
3059 5421 3183 5480 lita.

1705 5699 1981 5832 x§§~771
1992 5799 2000 5809 κ
2011 5698 2214 5824 £7"
