  <div class='ocr_page' id='page_1' title='image "/cluster/home/n/w/nwhite01/storage/ocr_20150623/1/hvd.32044015466733/683.png"; bbox 0 0 2008 3326; ppageno 0'>
   <div class='ocr_carea' id='block_1_1' title="bbox 257 110 329 142">
    <p class='ocr_par' dir='ltr' id='par_1_1' title="bbox 257 110 329 142">
     <span class='ocr_line' id='line_1_1' title="bbox 257 110 329 142; baseline -0.014 0"><span class='ocrx_word' id='word_1_1' title='bbox 257 110 329 142; x_wconf 71' lang='grc'><strong><em>1315</em></strong></span> 
     </span>
    </p>
   </div>
   <div class='ocr_carea' id='block_1_2' title="bbox 966 112 1197 144">
    <p class='ocr_par' dir='ltr' id='par_1_2' title="bbox 966 112 1197 144">
     <span class='ocr_line' id='line_1_2' title="bbox 966 112 1197 144; baseline 0.009 -2"><span class='ocrx_word' id='word_1_2' title='bbox 966 112 1197 144; x_wconf 77' lang='lat' dir='ltr'><strong><em>TERTULLIANI</em></strong></span> 
     </span>
    </p>
   </div>
   <div class='ocr_carea' id='block_1_3' title="bbox 1847 115 1925 146">
    <p class='ocr_par' dir='ltr' id='par_1_3' title="bbox 1847 115 1925 146">
     <span class='ocr_line' id='line_1_3' title="bbox 1847 115 1925 146; baseline 0.013 -1"><span class='ocrx_word' id='word_1_3' title='bbox 1847 115 1925 146; x_wconf 64' lang='lat' dir='ltr'><strong><em>I316</em></strong></span> 
     </span>
    </p>
   </div>
   <div class='ocr_carea' id='block_1_4' title="bbox 647 228 1502 315">
    <p class='ocr_par' dir='ltr' id='par_1_4' title="bbox 647 228 1502 315">
     <span class='ocr_line' id='line_1_4' title="bbox 647 228 1502 315; baseline 0.004 -33"><span class='ocrx_word' id='word_1_4' title='bbox 647 228 889 315; x_wconf 80' lang='lat' dir='ltr'><strong><em>LIBER</em></strong></span> <span class='ocrx_word' id='word_1_5' title='bbox 926 228 1339 284; x_wconf 75' lang='lat' dir='ltr'><strong><em>SECUNDUS</em></strong></span> <span class='ocrx_word' id='word_1_6' title='bbox 1376 230 1502 285; x_wconf 71' lang='grc' dir='ltr'><strong><em>(υία).</em></strong></span> 
     </span>
    </p>
   </div>
   <div class='ocr_carea' id='block_1_5' title="bbox 796 341 1055 360">
    <p class='ocr_par' dir='ltr' id='par_1_5' title="bbox 796 341 1055 360">
     <span class='ocr_line' id='line_1_5' title="bbox 796 341 1055 360; baseline 0.008 -2"><span class='ocrx_word' id='word_1_7' title='bbox 796 341 1055 360; x_wconf 46' lang='grc' dir='ltr'><strong><em>-ἧ</em></strong></span> 
     </span>
    </p>
   </div>
   <div class='ocr_carea' id='block_1_6' title="bbox 1058 336 1085 365">
    <p class='ocr_par' dir='ltr' id='par_1_6' title="bbox 1058 336 1085 365">
     <span class='ocr_line' id='line_1_6' title="bbox 1058 336 1085 365; baseline 0 0"><span class='ocrx_word' id='word_1_8' title='bbox 1058 336 1085 365; x_wconf 68' lang='grc' dir='ltr'><strong><em>ΕΞ</em></strong></span> 
     </span>
    </p>
   </div>
   <div class='ocr_carea' id='block_1_7' title="bbox 1087 341 1374 360">
    <p class='ocr_par' dir='ltr' id='par_1_7' title="bbox 1087 341 1374 360">
     <span class='ocr_line' id='line_1_7' title="bbox 1087 341 1374 360; baseline -0.003 -1"><span class='ocrx_word' id='word_1_9' title='bbox 1087 341 1374 360; x_wconf 68' lang='lat'><strong><em>==—-—_</em></strong></span> 
     </span>
    </p>
   </div>
   <div class='ocr_carea' id='block_1_8' title="bbox 267 397 1049 441">
    <p class='ocr_par' dir='ltr' id='par_1_8' title="bbox 267 397 1048 437">
     <span class='ocr_line' id='line_1_8' title="bbox 267 397 1048 437; baseline -0.008 -7"><span class='ocrx_word' id='word_1_10' title='bbox 267 402 509 435; x_wconf 72' lang='lat' dir='ltr'><strong><em>Ancuuznruu.—-</em></strong></span> <span class='ocrx_word' id='word_1_11' title='bbox 518 400 642 436; x_wconf 83' lang='lat' dir='ltr'><strong><em>Ejusdem</em></strong></span> <span class='ocrx_word' id='word_1_12' title='bbox 656 408 719 436; x_wconf 81' lang='lat' dir='ltr'><strong><em>pene</em></strong></span> <span class='ocrx_word' id='word_1_13' title='bbox 731 399 873 437; x_wconf 73' lang='lat' dir='ltr'><strong><em>argumenti</em></strong></span> <span class='ocrx_word' id='word_1_14' title='bbox 888 402 924 426; x_wconf 82' lang='lat' dir='ltr'><strong><em>est</em></strong></span> <span class='ocrx_word' id='word_1_15' title='bbox 941 397 1003 425; x_wconf 85' lang='lat' dir='ltr'><strong><em>liber</em></strong></span> <span class='ocrx_word' id='word_1_16' title='bbox 1015 397 1048 425; x_wconf 80' lang='lat' dir='ltr'><strong><em>ist</em></strong></span> 
     </span>
    </p>
   </div>
   <div class='ocr_carea' id='block_1_9' title="bbox 1105 397 1922 441">
    <p class='ocr_par' dir='ltr' id='par_1_9' title="bbox 1112 397 1922 441">
     <span class='ocr_line' id='line_1_9' title="bbox 1112 397 1922 441; baseline 0.01 -16"><span class='ocrx_word' id='word_1_17' title='bbox 1112 397 1173 433; x_wconf 89' lang='lat' dir='ltr'><strong><em>jure</em></strong></span> <span class='ocrx_word' id='word_1_18' title='bbox 1186 398 1302 435; x_wconf 88' lang='lat' dir='ltr'><strong><em>deputor</em></strong></span> <span class='ocrx_word' id='word_1_19' title='bbox 1316 400 1466 436; x_wconf 85' lang='lat' dir='ltr'><strong><em>vobiscum,</em></strong></span> <span class='ocrx_word' id='word_1_20' title='bbox 1483 402 1712 438; x_wconf 88' lang='lat' dir='ltr'><strong><em>postremissimus</em></strong></span> <span class='ocrx_word' id='word_1_21' title='bbox 1729 403 1768 440; x_wconf 72' lang='grc' dir='ltr'><strong><em>(ὁ)</em></strong></span> <span class='ocrx_word' id='word_1_22' title='bbox 1789 404 1922 441; x_wconf 79' lang='lat' dir='ltr'><strong><em>equidem</em></strong></span> 
     </span>
    </p>
   </div>
   <div class='ocr_carea' id='block_1_10' title="bbox 294 444 1063 485">
    <p class='ocr_par' dir='ltr' id='par_1_10' title="bbox 294 444 1063 485">
     <span class='ocr_line' id='line_1_10' title="bbox 294 444 1063 485; baseline -0.007 -8"><span class='ocrx_word' id='word_1_23' title='bbox 294 457 352 477; x_wconf 88' lang='lat' dir='ltr'><strong><em>cum</em></strong></span> <span class='ocrx_word' id='word_1_24' title='bbox 376 448 538 485; x_wconf 63' lang='lat' dir='ltr'><strong><em>prandenti,</em></strong></span> <span class='ocrx_word' id='word_1_25' title='bbox 555 452 723 484; x_wconf 74' lang='lat' dir='ltr'><strong><em>prwterquam</em></strong></span> <span class='ocrx_word' id='word_1_26' title='bbox 740 447 808 483; x_wconf 86' lang='lat' dir='ltr'><strong><em>quod</em></strong></span> <span class='ocrx_word' id='word_1_27' title='bbox 822 447 862 474; x_wconf 87' lang='lat' dir='ltr'><strong><em>hic</em></strong></span> <span class='ocrx_word' id='word_1_28' title='bbox 874 454 962 474; x_wconf 89' lang='lat' dir='ltr'><strong><em>curam</em></strong></span> <span class='ocrx_word' id='word_1_29' title='bbox 974 444 1063 481; x_wconf 78' lang='lat' dir='ltr'><strong><em>capilli</em></strong></span> 
     </span>
    </p>
   </div>
   <div class='ocr_carea' id='block_1_11' title="bbox 248 495 797 531">
    <p class='ocr_par' dir='ltr' id='par_1_11' title="bbox 248 495 797 531">
     <span class='ocr_line' id='line_1_11' title="bbox 248 495 797 531; baseline -0.004 -8"><span class='ocrx_word' id='word_1_30' title='bbox 248 496 251 501; x_wconf 84' lang='lat'>&#39;</span> <span class='ocrx_word' id='word_1_31' title='bbox 294 500 317 523; x_wconf 89' lang='lat' dir='ltr'><strong><em>et</em></strong></span> <span class='ocrx_word' id='word_1_32' title='bbox 332 496 397 523; x_wconf 77' lang='lat' dir='ltr'><strong><em>cutis</em></strong></span> <span class='ocrx_word' id='word_1_33' title='bbox 409 495 490 531; x_wconf 82' lang='lat' dir='ltr'><strong><em>magis</em></strong></span> <span class='ocrx_word' id='word_1_34' title='bbox 502 495 663 530; x_wconf 75' lang='lat' dir='ltr'><strong><em>peculiariter</em></strong></span> <span class='ocrx_word' id='word_1_35' title='bbox 673 495 797 530; x_wconf 88' lang='lat' dir='ltr'><strong><em>reprobet.</em></strong></span> 
     </span>
    </p>
   </div>
   <div class='ocr_carea' id='block_1_12' title="bbox 258 538 1062 578">
    <p class='ocr_par' dir='ltr' id='par_1_12' title="bbox 258 538 1062 578">
     <span class='ocr_line' id='line_1_12' title="bbox 258 538 1062 578; baseline -0.004 -9"><span class='ocrx_word' id='word_1_36' title='bbox 258 541 278 569; x_wconf 80' lang='lat' dir='ltr'><strong><em>l.</em></strong></span> <span class='ocrx_word' id='word_1_37' title='bbox 301 541 456 569; x_wconf 75' lang='lat' dir='ltr'><strong><em>Pudicitiam</em></strong></span> <span class='ocrx_word' id='word_1_38' title='bbox 479 549 537 578; x_wconf 67' lang='lat' dir='ltr'><strong><em>qua!</em></strong></span> <span class='ocrx_word' id='word_1_39' title='bbox 557 541 666 569; x_wconf 79' lang='lat' dir='ltr'><strong><em>ancillas</em></strong></span> <span class='ocrx_word' id='word_1_40' title='bbox 681 540 729 568; x_wconf 84' lang='lat' dir='ltr'><strong><em>Dei</em></strong></span> <span class='ocrx_word' id='word_1_41' title='bbox 749 541 829 574; x_wconf 73' lang='lat' dir='ltr'><strong><em>decet,</em></strong></span> <span class='ocrx_word' id='word_1_42' title='bbox 844 545 870 567; x_wconf 87' lang='lat' dir='ltr'><strong><em>ut</em></strong></span> <span class='ocrx_word' id='word_1_43' title='bbox 890 547 906 566; x_wconf 78' lang='grc' dir='ltr'><em>α</em></span> <span class='ocrx_word' id='word_1_44' title='bbox 926 538 1062 575; x_wconf 75' lang='lat' dir='ltr'><strong><em>gentilibus</em></strong></span> 
     </span>
    </p>
   </div>
   <div class='ocr_carea' id='block_1_13' title="bbox 295 587 1060 623">
    <p class='ocr_par' dir='ltr' id='par_1_13' title="bbox 295 587 1060 623">
     <span class='ocr_line' id='line_1_13' title="bbox 295 587 1060 623; baseline -0.003 -7"><span class='ocrx_word' id='word_1_45' title='bbox 295 588 427 623; x_wconf 69' lang='lat' dir='ltr'><strong><em>diﬁerant,</em></strong></span> <span class='ocrx_word' id='word_1_46' title='bbox 441 594 519 617; x_wconf 89' lang='lat' dir='ltr'><strong><em>totam</em></strong></span> <span class='ocrx_word' id='word_1_47' title='bbox 533 598 588 617; x_wconf 82' lang='lat' dir='ltr'><strong><em>esse</em></strong></span> <span class='ocrx_word' id='word_1_48' title='bbox 603 589 675 617; x_wconf 81' lang='lat' dir='ltr'><strong><em>docet</em></strong></span> <span class='ocrx_word' id='word_1_49' title='bbox 690 590 716 617; x_wconf 91' lang='lat' dir='ltr'><strong><em>in</em></strong></span> <span class='ocrx_word' id='word_1_50' title='bbox 729 588 841 623; x_wconf 82' lang='lat' dir='ltr'><strong><em>simplici</em></strong></span> <span class='ocrx_word' id='word_1_51' title='bbox 855 588 987 615; x_wconf 77' lang='lat' dir='ltr'><strong><em>munditis.</em></strong></span> <span class='ocrx_word' id='word_1_52' title='bbox 1003 595 1026 614; x_wconf 93' lang='lat' dir='ltr'><strong><em>c.</em></strong></span> <span class='ocrx_word' id='word_1_53' title='bbox 1038 587 1060 615; x_wconf 93' lang='lat' dir='ltr'><strong><em>l.</em></strong></span> 
     </span>
    </p>
   </div>
   <div class='ocr_carea' id='block_1_14' title="bbox 259 635 1062 672">
    <p class='ocr_par' dir='ltr' id='par_1_14' title="bbox 259 635 1062 672">
     <span class='ocr_line' id='line_1_14' title="bbox 259 635 1062 672; baseline -0.002 -8"><span class='ocrx_word' id='word_1_54' title='bbox 259 636 292 666; x_wconf 88' lang='lat' dir='ltr'><strong><em>ll.</em></strong></span> <span class='ocrx_word' id='word_1_55' title='bbox 310 637 431 665; x_wconf 83' lang='lat' dir='ltr'><strong><em>Studium</em></strong></span> <span class='ocrx_word' id='word_1_56' title='bbox 444 637 562 672; x_wconf 82' lang='lat' dir='ltr'><strong><em>placendi</em></strong></span> <span class='ocrx_word' id='word_1_57' title='bbox 576 646 620 672; x_wconf 87' lang='lat' dir='ltr'><strong><em>per</em></strong></span> <span class='ocrx_word' id='word_1_58' title='bbox 630 641 747 664; x_wconf 88' lang='lat' dir='ltr'><strong><em>ornatunt</em></strong></span> <span class='ocrx_word' id='word_1_59' title='bbox 759 636 866 663; x_wconf 81' lang='lat' dir='ltr'><strong><em>nimium</em></strong></span> <span class='ocrx_word' id='word_1_60' title='bbox 878 635 1062 663; x_wconf 80' lang='lat' dir='ltr'><strong><em>tentationibus</em></strong></span> 
     </span>
    </p>
   </div>
   <div class='ocr_carea' id='block_1_15' title="bbox 296 682 1059 719">
    <p class='ocr_par' dir='ltr' id='par_1_15' title="bbox 296 682 1059 719">
     <span class='ocr_line' id='line_1_15' title="bbox 296 682 1059 719; baseline -0.001 -9"><span class='ocrx_word' id='word_1_61' title='bbox 296 684 363 710; x_wconf 81' lang='lat' dir='ltr'><strong><em>uiam</em></strong></span> <span class='ocrx_word' id='word_1_62' title='bbox 378 684 477 719; x_wconf 90' lang='lat' dir='ltr'><strong><em>aperire</em></strong></span> <span class='ocrx_word' id='word_1_63' title='bbox 490 689 512 711; x_wconf 91' lang='lat' dir='ltr'><strong><em>et</em></strong></span> <span class='ocrx_word' id='word_1_64' title='bbox 525 684 709 714; x_wconf 79' lang='lat' dir='ltr'><strong><em>spectatoribus</em></strong></span> <span class='ocrx_word' id='word_1_65' title='bbox 723 692 777 711; x_wconf 78' lang='lat' dir='ltr'><strong><em>esse</em></strong></span> <span class='ocrx_word' id='word_1_66' title='bbox 796 683 919 717; x_wconf 85' lang='lat' dir='ltr'><strong><em>periculo.</em></strong></span> <span class='ocrx_word' id='word_1_67' title='bbox 986 691 1010 710; x_wconf 90' lang='lat' dir='ltr'><strong><em>c.</em></strong></span> <span class='ocrx_word' id='word_1_68' title='bbox 1028 682 1059 710; x_wconf 87' lang='lat' dir='ltr'><strong><em>ll.</em></strong></span> 
     </span>
    </p>
   </div>
   <div class='ocr_carea' id='block_1_16' title="bbox 260 728 1060 765">
    <p class='ocr_par' dir='ltr' id='par_1_16' title="bbox 260 728 1060 765">
     <span class='ocr_line' id='line_1_16' title="bbox 260 728 1060 765; baseline -0.001 -9"><span class='ocrx_word' id='word_1_69' title='bbox 260 728 303 756; x_wconf 82' lang='grc' dir='ltr'><strong><em>ΠΙ.</em></strong></span> <span class='ocrx_word' id='word_1_70' title='bbox 318 728 378 756; x_wconf 84' lang='lat' dir='ltr'><strong><em>Non</em></strong></span> <span class='ocrx_word' id='word_1_71' title='bbox 390 730 415 756; x_wconf 86' lang='lat' dir='ltr'><strong><em>in</em></strong></span> <span class='ocrx_word' id='word_1_72' title='bbox 424 737 502 756; x_wconf 86' lang='lat' dir='ltr'><strong><em>carne</em></strong></span> <span class='ocrx_word' id='word_1_73' title='bbox 510 730 682 765; x_wconf 76' lang='lat' dir='ltr'><strong><em>gloriandum,</em></strong></span> <span class='ocrx_word' id='word_1_74' title='bbox 693 730 741 757; x_wconf 85' lang='lat' dir='ltr'><strong><em>nisi</em></strong></span> <span class='ocrx_word' id='word_1_75' title='bbox 753 737 808 756; x_wconf 87' lang='lat' dir='ltr'><strong><em>cum</em></strong></span> <span class='ocrx_word' id='word_1_76' title='bbox 821 734 924 765; x_wconf 80' lang='lat' dir='ltr'><strong><em>propter</em></strong></span> <span class='ocrx_word' id='word_1_77' title='bbox 932 728 1060 759; x_wconf 76' lang='lat' dir='ltr'><strong><em>Christum</em></strong></span> 
     </span>
    </p>
   </div>
   <div class='ocr_carea' id='block_1_17' title="bbox 299 775 1060 812">
    <p class='ocr_par' dir='ltr' id='par_1_17' title="bbox 299 775 1060 812">
     <span class='ocr_line' id='line_1_17' title="bbox 299 775 1060 812; baseline -0.001 -9"><span class='ocrx_word' id='word_1_78' title='bbox 299 776 411 803; x_wconf 89' lang='lat' dir='ltr'><strong><em>lacerata</em></strong></span> <span class='ocrx_word' id='word_1_79' title='bbox 419 776 547 803; x_wconf 81' lang='lat' dir='ltr'><strong><em>duraverit</em></strong></span> <span class='ocrx_word' id='word_1_80' title='bbox 558 781 584 803; x_wconf 90' lang='lat' dir='ltr'><strong><em>ut</em></strong></span> <span class='ocrx_word' id='word_1_81' title='bbox 593 777 619 803; x_wconf 88' lang='lat' dir='ltr'><strong><em>iu</em></strong></span> <span class='ocrx_word' id='word_1_82' title='bbox 629 785 658 803; x_wconf 90' lang='lat' dir='ltr'><strong><em>ea</em></strong></span> <span class='ocrx_word' id='word_1_83' title='bbox 668 777 772 812; x_wconf 75' lang='lat' dir='ltr'><strong><em>spiritus</em></strong></span> <span class='ocrx_word' id='word_1_84' title='bbox 784 781 925 803; x_wconf 81' lang='lat' dir='ltr'><strong><em>coronetur.</em></strong></span> <span class='ocrx_word' id='word_1_85' title='bbox 982 784 1005 803; x_wconf 87' lang='lat' dir='ltr'><strong><em>c.</em></strong></span> <span class='ocrx_word' id='word_1_86' title='bbox 1017 775 1060 803; x_wconf 86' lang='lat' dir='ltr'><strong><em>IIl.</em></strong></span> 
     </span>
    </p>
   </div>
   <div class='ocr_carea' id='block_1_18' title="bbox 261 821 1061 859">
    <p class='ocr_par' dir='ltr' id='par_1_18' title="bbox 261 821 1061 859">
     <span class='ocr_line' id='line_1_18' title="bbox 261 821 1061 859; baseline 0 -11"><span class='ocrx_word' id='word_1_87' title='bbox 261 821 305 849; x_wconf 85' lang='lat' dir='ltr'><strong><em>IV.</em></strong></span> <span class='ocrx_word' id='word_1_88' title='bbox 320 821 406 849; x_wconf 84' lang='lat' dir='ltr'><strong><em>Fidrli</em></strong></span> <span class='ocrx_word' id='word_1_89' title='bbox 419 823 510 849; x_wconf 88' lang='lat' dir='ltr'><strong><em>marito</em></strong></span> <span class='ocrx_word' id='word_1_90' title='bbox 523 823 634 857; x_wconf 82' lang='lat' dir='ltr'><strong><em>[orntum</em></strong></span> <span class='ocrx_word' id='word_1_91' title='bbox 646 831 697 849; x_wconf 87' lang='lat' dir='ltr'><strong><em>non</em></strong></span> <span class='ocrx_word' id='word_1_92' title='bbox 709 824 763 859; x_wconf 75' lang='lat' dir='ltr'><strong><em>{ore</em></strong></span> <span class='ocrx_word' id='word_1_93' title='bbox 777 822 950 857; x_wconf 74' lang='lat' dir='ltr'><strong><em>spectabilem,</em></strong></span> <span class='ocrx_word' id='word_1_94' title='bbox 962 822 1061 857; x_wconf 80' lang='lat' dir='ltr'><strong><em>inﬁdeli</em></strong></span> 
     </span>
    </p>
   </div>
   <div class='ocr_carea' id='block_1_19' title="bbox 295 869 1060 904">
    <p class='ocr_par' dir='ltr' id='par_1_19' title="bbox 295 869 1060 904">
     <span class='ocr_line' id='line_1_19' title="bbox 295 869 1060 904; baseline 0 -8"><span class='ocrx_word' id='word_1_95' title='bbox 295 874 448 904; x_wconf 79' lang='lat' dir='ltr'><strong><em>suspectam.</em></strong></span> <span class='ocrx_word' id='word_1_96' title='bbox 968 878 991 896; x_wconf 89' lang='lat' dir='ltr'><strong><em>c.</em></strong></span> <span class='ocrx_word' id='word_1_97' title='bbox 1015 869 1060 896; x_wconf 81' lang='lat' dir='ltr'><strong><em>IV.</em></strong></span> 
     </span>
    </p>
   </div>
   <div class='ocr_carea' id='block_1_20' title="bbox 260 913 1061 952">
    <p class='ocr_par' dir='ltr' id='par_1_20' title="bbox 260 913 1061 952">
     <span class='ocr_line' id='line_1_20' title="bbox 260 913 1061 952; baseline 0.001 -10"><span class='ocrx_word' id='word_1_98' title='bbox 260 913 292 943; x_wconf 82' lang='lat' dir='ltr'><strong><em>V.</em></strong></span> <span class='ocrx_word' id='word_1_99' title='bbox 309 914 393 942; x_wconf 89' lang='lat' dir='ltr'><strong><em>Deum</em></strong></span> <span class='ocrx_word' id='word_1_100' title='bbox 415 924 474 943; x_wconf 85' lang='lat' dir='ltr'><strong><em>vero</em></strong></span> <span class='ocrx_word' id='word_1_101' title='bbox 499 916 623 951; x_wconf 78' lang='lat' dir='ltr'><strong><em>artiﬁcem</em></strong></span> <span class='ocrx_word' id='word_1_102' title='bbox 647 915 797 951; x_wconf 74' lang='lat' dir='ltr'><strong><em>reprehendi</em></strong></span> <span class='ocrx_word' id='word_1_103' title='bbox 810 916 840 943; x_wconf 87' lang='lat' dir='ltr'><strong><em>ab</em></strong></span> <span class='ocrx_word' id='word_1_104' title='bbox 862 917 894 944; x_wconf 88' lang='lat' dir='ltr'><strong><em>iis</em></strong></span> <span class='ocrx_word' id='word_1_105' title='bbox 914 917 957 952; x_wconf 87' lang='lat' dir='ltr'><strong><em>qui</em></strong></span> <span class='ocrx_word' id='word_1_106' title='bbox 978 921 1061 944; x_wconf 86' lang='lat' dir='ltr'><strong><em>cutem</em></strong></span> 
     </span>
    </p>
   </div>
   <div class='ocr_carea' id='block_1_21' title="bbox 297 961 1061 999">
    <p class='ocr_par' dir='ltr' id='par_1_21' title="bbox 297 961 1061 999">
     <span class='ocr_line' id='line_1_21' title="bbox 297 961 1061 999; baseline 0.001 -11"><span class='ocrx_word' id='word_1_107' title='bbox 297 961 508 989; x_wconf 82' lang='lat' dir='ltr'><strong><em>medicaminibus</em></strong></span> <span class='ocrx_word' id='word_1_108' title='bbox 522 967 632 999; x_wconf 84' lang='lat' dir='ltr'><strong><em>ungunt,</em></strong></span> <span class='ocrx_word' id='word_1_109' title='bbox 645 971 723 998; x_wconf 83' lang='lat' dir='ltr'><strong><em>genus</em></strong></span> <span class='ocrx_word' id='word_1_110' title='bbox 745 963 885 996; x_wconf 88' lang='lat' dir='ltr'><strong><em>ntaculant,</em></strong></span> <span class='ocrx_word' id='word_1_111' title='bbox 901 963 988 990; x_wconf 85' lang='lat' dir='ltr'><strong><em>oculos</em></strong></span> <span class='ocrx_word' id='word_1_112' title='bbox 1008 962 1061 990; x_wconf 91' lang='lat' dir='ltr'><strong><em>col-</em></strong></span> 
     </span>
    </p>
   </div>
   <div class='ocr_carea' id='block_1_22' title="bbox 299 1007 1058 1036">
    <p class='ocr_par' dir='ltr' id='par_1_22' title="bbox 299 1007 1058 1036">
     <span class='ocr_line' id='line_1_22' title="bbox 299 1007 1058 1036; baseline 0.001 -1"><span class='ocrx_word' id='word_1_113' title='bbox 299 1007 391 1036; x_wconf 89' lang='lat' dir='ltr'><strong><em>linunt.</em></strong></span> <span class='ocrx_word' id='word_1_114' title='bbox 986 1018 1009 1036; x_wconf 84' lang='lat' dir='ltr'><strong><em>c.</em></strong></span> <span class='ocrx_word' id='word_1_115' title='bbox 1027 1008 1058 1036; x_wconf 83' lang='lat' dir='ltr'><strong><em>V.</em></strong></span> 
     </span>
    </p>
   </div>
   <div class='ocr_carea' id='block_1_23' title="bbox 259 1053 1060 1090">
    <p class='ocr_par' dir='ltr' id='par_1_23' title="bbox 259 1053 1060 1090">
     <span class='ocr_line' id='line_1_23' title="bbox 259 1053 1060 1090; baseline 0.002 -10"><span class='ocrx_word' id='word_1_116' title='bbox 259 1053 304 1081; x_wconf 80' lang='lat' dir='ltr'><strong><em>Vl.</em></strong></span> <span class='ocrx_word' id='word_1_117' title='bbox 328 1054 398 1081; x_wconf 82' lang='lat' dir='ltr'><strong><em>Male</em></strong></span> <span class='ocrx_word' id='word_1_118' title='bbox 418 1055 466 1082; x_wconf 83' lang='lat' dir='ltr'><strong><em>sibi</em></strong></span> <span class='ocrx_word' id='word_1_119' title='bbox 492 1055 631 1090; x_wconf 83' lang='lat' dir='ltr'><strong><em>auspicari,</em></strong></span> <span class='ocrx_word' id='word_1_120' title='bbox 650 1055 835 1090; x_wconf 83' lang='lat' dir='ltr'><strong><em>perniciemque</em></strong></span> <span class='ocrx_word' id='word_1_121' title='bbox 855 1063 990 1083; x_wconf 85' lang='lat' dir='ltr'><strong><em>reservare.</em></strong></span> <span class='ocrx_word' id='word_1_122' title='bbox 1007 1054 1060 1082; x_wconf 84' lang='lat' dir='ltr'><strong><em>Eas</em></strong></span> 
     </span>
    </p>
   </div>
   <div class='ocr_carea' id='block_1_24' title="bbox 295 1100 1059 1137">
    <p class='ocr_par' dir='ltr' id='par_1_24' title="bbox 295 1100 1059 1137">
     <span class='ocr_line' id='line_1_24' title="bbox 295 1100 1059 1137; baseline 0 -10"><span class='ocrx_word' id='word_1_123' title='bbox 295 1108 362 1136; x_wconf 67' lang='lat' dir='ltr'><strong><em>quia,</em></strong></span> <span class='ocrx_word' id='word_1_124' title='bbox 379 1101 417 1128; x_wconf 86' lang='lat' dir='ltr'><strong><em>uti</em></strong></span> <span class='ocrx_word' id='word_1_125' title='bbox 430 1100 565 1129; x_wconf 70' lang='lat' dir='ltr'><strong><em>Germanae</em></strong></span> <span class='ocrx_word' id='word_1_126' title='bbox 579 1105 602 1129; x_wconf 89' lang='lat' dir='ltr'><strong><em>et</em></strong></span> <span class='ocrx_word' id='word_1_127' title='bbox 616 1100 710 1135; x_wconf 61' lang='lat' dir='ltr'><strong><em>(ia/lae,</em></strong></span> <span class='ocrx_word' id='word_1_128' title='bbox 722 1102 843 1137; x_wconf 85' lang='lat' dir='ltr'><strong><em>capillum</em></strong></span> <span class='ocrx_word' id='word_1_129' title='bbox 863 1109 936 1129; x_wconf 87' lang='lat' dir='ltr'><strong><em>croco</em></strong></span> <span class='ocrx_word' id='word_1_130' title='bbox 950 1106 1059 1134; x_wconf 81' lang='lat' dir='ltr'><strong><em>vertunt,</em></strong></span> 
     </span>
    </p>
   </div>
   <div class='ocr_carea' id='block_1_25' title="bbox 295 1147 829 1183">
    <p class='ocr_par' dir='ltr' id='par_1_25' title="bbox 295 1147 829 1183">
     <span class='ocr_line' id='line_1_25' title="bbox 295 1147 829 1183; baseline 0.002 -9"><span class='ocrx_word' id='word_1_131' title='bbox 295 1147 333 1175; x_wconf 81' lang='lat' dir='ltr'><strong><em>vel</em></strong></span> <span class='ocrx_word' id='word_1_132' title='bbox 346 1147 506 1175; x_wconf 84' lang='lat' dir='ltr'><strong><em>calamistros</em></strong></span> <span class='ocrx_word' id='word_1_133' title='bbox 519 1148 596 1175; x_wconf 85' lang='lat' dir='ltr'><strong><em>alieni</em></strong></span> <span class='ocrx_word' id='word_1_134' title='bbox 609 1148 700 1183; x_wconf 76' lang='lat' dir='ltr'><strong><em>capitis</em></strong></span> <span class='ocrx_word' id='word_1_135' title='bbox 713 1153 829 1175; x_wconf 80' lang='lat' dir='ltr'><strong><em>assuuut.</em></strong></span> 
     </span>
    </p>
   </div>
   <div class='ocr_carea' id='block_1_26' title="bbox 265 1193 1060 1230">
    <p class='ocr_par' dir='ltr' id='par_1_26' title="bbox 265 1193 1060 1230">
     <span class='ocr_line' id='line_1_26' title="bbox 265 1193 1060 1230; baseline 0 -9"><span class='ocrx_word' id='word_1_136' title='bbox 265 1193 320 1222; x_wconf 77' lang='lat' dir='ltr'><strong>VII.</strong></span> <span class='ocrx_word' id='word_1_137' title='bbox 339 1194 398 1222; x_wconf 87' lang='lat' dir='ltr'><strong><em>Non</em></strong></span> <span class='ocrx_word' id='word_1_138' title='bbox 413 1203 429 1221; x_wconf 86' lang='grc' dir='ltr'><em>α</em></span> <span class='ocrx_word' id='word_1_139' title='bbox 443 1194 508 1228; x_wconf 84' lang='lat' dir='ltr'><strong><em>Deo,</em></strong></span> <span class='ocrx_word' id='word_1_140' title='bbox 521 1194 565 1222; x_wconf 83' lang='lat' dir='ltr'><strong><em>sed</em></strong></span> <span class='ocrx_word' id='word_1_141' title='bbox 579 1195 611 1221; x_wconf 89' lang='lat' dir='ltr'><strong><em>ab</em></strong></span> <span class='ocrx_word' id='word_1_142' title='bbox 623 1195 721 1229; x_wconf 84' lang='lat' dir='ltr'><strong><em>angelis</em></strong></span> <span class='ocrx_word' id='word_1_143' title='bbox 748 1195 923 1230; x_wconf 77' lang='lat' dir='ltr'><strong><em>peccatoribus</em></strong></span> <span class='ocrx_word' id='word_1_144' title='bbox 944 1202 998 1221; x_wconf 83' lang='lat' dir='ltr'><strong><em>esse</em></strong></span> <span class='ocrx_word' id='word_1_145' title='bbox 1016 1201 1060 1221; x_wconf 86' lang='lat' dir='ltr'><strong><em>ve-</em></strong></span> 
     </span>
    </p>
   </div>
   <div class='ocr_carea' id='block_1_27' title="bbox 294 1239 1058 1277">
    <p class='ocr_par' dir='ltr' id='par_1_27' title="bbox 294 1239 1058 1277">
     <span class='ocr_line' id='line_1_27' title="bbox 294 1239 1058 1277; baseline 0.001 -10"><span class='ocrx_word' id='word_1_146' title='bbox 294 1241 371 1267; x_wconf 88' lang='lat' dir='ltr'><strong><em>stium</em></strong></span> <span class='ocrx_word' id='word_1_147' title='bbox 386 1241 494 1273; x_wconf 85' lang='lat' dir='ltr'><strong><em>colores,</em></strong></span> <span class='ocrx_word' id='word_1_148' title='bbox 509 1241 615 1275; x_wconf 90' lang='lat' dir='ltr'><strong><em>auriqtte</em></strong></span> <span class='ocrx_word' id='word_1_149' title='bbox 625 1249 703 1277; x_wconf 82' lang='lat' dir='ltr'><strong><em>opera</em></strong></span> <span class='ocrx_word' id='word_1_150' title='bbox 717 1245 739 1268; x_wconf 85' lang='lat' dir='ltr'><strong><em>et</em></strong></span> <span class='ocrx_word' id='word_1_151' title='bbox 753 1240 867 1276; x_wconf 87' lang='lat' dir='ltr'><strong><em>lapillos.</em></strong></span> <span class='ocrx_word' id='word_1_152' title='bbox 918 1248 942 1267; x_wconf 89' lang='lat' dir='ltr'><strong><em>c.</em></strong></span> <span class='ocrx_word' id='word_1_153' title='bbox 958 1239 1058 1268; x_wconf 80' lang='lat' dir='ltr'><strong><em>lX-XI.</em></strong></span> 
     </span>
    </p>
   </div>
   <div class='ocr_carea' id='block_1_28' title="bbox 260 1285 1060 1322">
    <p class='ocr_par' dir='ltr' id='par_1_28' title="bbox 260 1285 1060 1322">
     <span class='ocr_line' id='line_1_28' title="bbox 260 1285 1060 1322; baseline 0.001 -10"><span class='ocrx_word' id='word_1_154' title='bbox 260 1285 328 1313; x_wconf 80' lang='lat' dir='ltr'><strong><em>Vill.</em></strong></span> <span class='ocrx_word' id='word_1_155' title='bbox 351 1285 408 1313; x_wconf 87' lang='lat' dir='ltr'><strong><em>lnto</em></strong></span> <span class='ocrx_word' id='word_1_156' title='bbox 431 1286 557 1314; x_wconf 85' lang='lat' dir='ltr'><strong><em>lenocinia</em></strong></span> <span class='ocrx_word' id='word_1_157' title='bbox 566 1289 657 1322; x_wconf 71' lang='lat' dir='ltr'><strong><em>[omne</em></strong></span> <span class='ocrx_word' id='word_1_158' title='bbox 675 1295 733 1315; x_wconf 88' lang='lat' dir='ltr'><strong><em>cum</em></strong></span> <span class='ocrx_word' id='word_1_159' title='bbox 747 1287 896 1322; x_wconf 85' lang='lat' dir='ltr'><strong><em>corporibus</em></strong></span> <span class='ocrx_word' id='word_1_160' title='bbox 918 1287 1060 1322; x_wconf 81' lang='lat' dir='ltr'><strong><em>prostitutis</em></strong></span> 
     </span>
    </p>
   </div>
   <div class='ocr_carea' id='block_1_29' title="bbox 295 1333 1058 1369">
    <p class='ocr_par' dir='ltr' id='par_1_29' title="bbox 295 1333 1058 1369">
     <span class='ocr_line' id='line_1_29' title="bbox 295 1333 1058 1369; baseline 0 -9"><span class='ocrx_word' id='word_1_161' title='bbox 295 1334 431 1369; x_wconf 83' lang='lat' dir='ltr'><strong><em>conjuncta</em></strong></span> <span class='ocrx_word' id='word_1_162' title='bbox 445 1342 497 1361; x_wconf 87' lang='lat' dir='ltr'><strong><em>esse</em></strong></span> <span class='ocrx_word' id='word_1_163' title='bbox 510 1342 541 1361; x_wconf 72' lang='lat' dir='ltr'><strong><em>ex</em></strong></span> <span class='ocrx_word' id='word_1_164' title='bbox 552 1334 686 1368; x_wconf 82' lang='lat' dir='ltr'><strong><em>Scriptura</em></strong></span> <span class='ocrx_word' id='word_1_165' title='bbox 700 1340 826 1362; x_wconf 85' lang='lat' dir='ltr'><strong><em>constare.</em></strong></span> <span class='ocrx_word' id='word_1_166' title='bbox 959 1343 982 1361; x_wconf 89' lang='lat' dir='ltr'><strong><em>c.</em></strong></span> <span class='ocrx_word' id='word_1_167' title='bbox 997 1333 1058 1361; x_wconf 79' lang='lat' dir='ltr'><strong><em>XII.</em></strong></span> 
     </span>
    </p>
   </div>
   <div class='ocr_carea' id='block_1_30' title="bbox 261 1380 1060 1415">
    <p class='ocr_par' dir='ltr' id='par_1_30' title="bbox 261 1380 1060 1415">
     <span class='ocr_line' id='line_1_30' title="bbox 261 1380 1060 1415; baseline 0 -8"><span class='ocrx_word' id='word_1_168' title='bbox 261 1380 308 1408; x_wconf 84' lang='lat' dir='ltr'><strong><em>1X.</em></strong></span> <span class='ocrx_word' id='word_1_169' title='bbox 325 1380 438 1415; x_wconf 83' lang='lat' dir='ltr'><strong><em>Denique</em></strong></span> <span class='ocrx_word' id='word_1_170' title='bbox 452 1381 535 1407; x_wconf 82' lang='lat' dir='ltr'><strong><em>lucere</em></strong></span> <span class='ocrx_word' id='word_1_171' title='bbox 549 1380 638 1407; x_wconf 86' lang='lat' dir='ltr'><strong><em>debere</em></strong></span> <span class='ocrx_word' id='word_1_172' title='bbox 660 1389 737 1415; x_wconf 85' lang='lat' dir='ltr'><strong><em>opera</em></strong></span> <span class='ocrx_word' id='word_1_173' title='bbox 763 1389 862 1414; x_wconf 87' lang='lat' dir='ltr'><strong><em>earum,</em></strong></span> <span class='ocrx_word' id='word_1_174' title='bbox 889 1380 1060 1408; x_wconf 83' lang='lat' dir='ltr'><strong><em>discutiendas</em></strong></span> 
     </span>
    </p>
   </div>
   <div class='ocr_carea' id='block_1_31' title="bbox 297 1427 1059 1463">
    <p class='ocr_par' dir='ltr' id='par_1_31' title="bbox 297 1427 1059 1463">
     <span class='ocr_line' id='line_1_31' title="bbox 297 1427 1059 1463; baseline 0.001 -10"><span class='ocrx_word' id='word_1_175' title='bbox 297 1427 401 1454; x_wconf 77' lang='lat' dir='ltr'><strong><em>delicias</em></strong></span> <span class='ocrx_word' id='word_1_176' title='bbox 423 1427 513 1462; x_wconf 86' lang='lat' dir='ltr'><strong><em>quibus</em></strong></span> <span class='ocrx_word' id='word_1_177' title='bbox 528 1427 587 1461; x_wconf 79' lang='lat' dir='ltr'><strong><em>fidei</em></strong></span> <span class='ocrx_word' id='word_1_178' title='bbox 611 1428 689 1454; x_wconf 83' lang='lat' dir='ltr'><strong><em>virtus</em></strong></span> <span class='ocrx_word' id='word_1_179' title='bbox 712 1427 863 1460; x_wconf 73' lang='lat' dir='ltr'><strong><em>ell&#39;tnminari</em></strong></span> <span class='ocrx_word' id='word_1_180' title='bbox 888 1432 984 1463; x_wconf 84' lang='lat' dir='ltr'><strong><em>potest,</em></strong></span> <span class='ocrx_word' id='word_1_181' title='bbox 1001 1436 1059 1455; x_wconf 88' lang='lat' dir='ltr'><strong><em>cum</em></strong></span> 
     </span>
    </p>
   </div>
   <div class='ocr_carea' id='block_1_32' title="bbox 295 1473 1059 1510">
    <p class='ocr_par' dir='ltr' id='par_1_32' title="bbox 295 1473 1059 1510">
     <span class='ocr_line' id='line_1_32' title="bbox 295 1473 1059 1510; baseline 0.003 -10"><span class='ocrx_word' id='word_1_182' title='bbox 295 1478 407 1509; x_wconf 86' lang='lat' dir='ltr'><strong><em>tempore</em></strong></span> <span class='ocrx_word' id='word_1_183' title='bbox 419 1473 622 1502; x_wconf 80' lang='lat' dir='ltr'><strong><em>Christianorum</em></strong></span> <span class='ocrx_word' id='word_1_184' title='bbox 635 1478 695 1501; x_wconf 88' lang='lat' dir='ltr'><strong><em>tunc</em></strong></span> <span class='ocrx_word' id='word_1_185' title='bbox 705 1474 744 1501; x_wconf 80' lang='lat' dir='ltr'><strong><em>vel</em></strong></span> <span class='ocrx_word' id='word_1_186' title='bbox 761 1474 870 1501; x_wconf 73' lang='lat' dir='ltr'><strong><em>maxime</em></strong></span> <span class='ocrx_word' id='word_1_187' title='bbox 883 1476 951 1510; x_wconf 84' lang='lat' dir='ltr'><strong><em>ferro</em></strong></span> <span class='ocrx_word' id='word_1_188' title='bbox 967 1475 1059 1502; x_wconf 85' lang='lat' dir='ltr'><strong><em>transi-</em></strong></span> 
     </span>
    </p>
   </div>
   <div class='ocr_carea' id='block_1_33' title="bbox 294 1526 424 1557">
    <p class='ocr_par' dir='ltr' id='par_1_33' title="bbox 294 1526 424 1557">
     <span class='ocr_line' id='line_1_33' title="bbox 294 1526 424 1557; baseline 0 -9"><span class='ocrx_word' id='word_1_189' title='bbox 294 1526 424 1557; x_wconf 85' lang='lat' dir='ltr'><strong><em>gerentur.</em></strong></span> 
     </span>
    </p>
   </div>
   <div class='ocr_carea' id='block_1_34' title="bbox 755 1568 1020 1598">
    <p class='ocr_par' dir='ltr' id='par_1_34' title="bbox 755 1568 1020 1598">
     <span class='ocr_line' id='line_1_34' title="bbox 755 1568 1020 1598; baseline 0.004 -1"><span class='ocrx_word' id='word_1_190' title='bbox 755 1568 822 1597; x_wconf 82' lang='lat' dir='ltr'><strong><em>Eoo.</em></strong></span> <span class='ocrx_word' id='word_1_191' title='bbox 839 1577 875 1597; x_wconf 74' lang='lat' dir='ltr'><strong><em>ex</em></strong></span> <span class='ocrx_word' id='word_1_192' title='bbox 888 1569 1020 1598; x_wconf 67' lang='lat' dir='ltr'><strong><em>Panemo.</em></strong></span> 
     </span>
    </p>
   </div>
   <div class='ocr_carea' id='block_1_35' title="bbox 516 1646 793 1676">
    <p class='ocr_par' dir='ltr' id='par_1_35' title="bbox 516 1646 793 1676">
     <span class='ocr_line' id='line_1_35' title="bbox 516 1646 793 1676; baseline 0.004 -1"><span class='ocrx_word' id='word_1_193' title='bbox 516 1646 631 1675; x_wconf 84' lang='lat' dir='ltr'><strong>CAPUT</strong></span> <span class='ocrx_word' id='word_1_194' title='bbox 650 1647 793 1676; x_wconf 77' lang='lat' dir='ltr'><strong><em>PRIMUM.</em></strong></span> 
     </span>
    </p>
   </div>
   <div class='ocr_carea' id='block_1_36' title="bbox 290 1697 1054 1742">
    <p class='ocr_par' dir='ltr' id='par_1_36' title="bbox 290 1697 1054 1742">
     <span class='ocr_line' id='line_1_36' title="bbox 290 1697 1054 1742; baseline 0.003 -10"><span class='ocrx_word' id='word_1_195' title='bbox 290 1704 401 1733; x_wconf 74' lang='lat' dir='ltr'><strong><em>Ancilla:</em></strong></span> <span class='ocrx_word' id='word_1_196' title='bbox 419 1704 466 1733; x_wconf 88' lang='lat' dir='ltr'><strong><em>Dei</em></strong></span> <span class='ocrx_word' id='word_1_197' title='bbox 480 1697 550 1738; x_wconf 77' lang='lat' dir='ltr'><strong><em>vivi,</em></strong></span> <span class='ocrx_word' id='word_1_198' title='bbox 573 1712 714 1733; x_wconf 80' lang='lat' dir='ltr'><strong><em>conservae</em></strong></span> <span class='ocrx_word' id='word_1_199' title='bbox 731 1710 759 1733; x_wconf 90' lang='lat' dir='ltr'><strong><em>et</em></strong></span> <span class='ocrx_word' id='word_1_200' title='bbox 771 1712 879 1734; x_wconf 85' lang='lat' dir='ltr'><strong><em>sorores</em></strong></span> <span class='ocrx_word' id='word_1_201' title='bbox 900 1713 985 1740; x_wconf 70' lang='lat' dir='ltr'><strong><em>metu,</em></strong></span> <span class='ocrx_word' id='word_1_202' title='bbox 1001 1714 1054 1742; x_wconf 90' lang='lat' dir='ltr'><strong><em>quo</em></strong></span> 
     </span>
    </p>
   </div>
   <div class='ocr_carea' id='block_1_37' title="bbox 893 1130 1099 1174">
    <p class='ocr_par' dir='ltr' id='par_1_37' title="bbox 893 1130 1099 1174">
     <span class='ocr_line' id='line_1_37' title="bbox 893 1130 1099 1174; baseline -0.01 0"><span class='ocrx_word' id='word_1_203' title='bbox 893 1156 916 1174; x_wconf 91' lang='lat' dir='ltr'><strong><em>c.</em></strong></span> <span class='ocrx_word' id='word_1_204' title='bbox 942 1130 1059 1174; x_wconf 72' lang='grc' dir='ltr'><strong><em>νι-νιιιξ</em></strong></span> <span class='ocrx_word' id='word_1_205' title='bbox 1076 1130 1099 1161; x_wconf 81' lang='grc' dir='ltr'><strong><em>Β</em></strong></span> 
     </span>
    </p>
   </div>
   <div class='ocr_carea' id='block_1_38' title="bbox 1115 444 1923 483">
    <p class='ocr_par' dir='ltr' id='par_1_38' title="bbox 1115 444 1923 483">
     <span class='ocr_line' id='line_1_38' title="bbox 1115 444 1923 483; baseline 0.01 -12"><span class='ocrx_word' id='word_1_206' title='bbox 1115 452 1176 472; x_wconf 87' lang='lat' dir='ltr'><strong><em>meo</em></strong></span> <span class='ocrx_word' id='word_1_207' title='bbox 1186 444 1248 479; x_wconf 89' lang='lat' dir='ltr'><strong><em>jure</em></strong></span> <span class='ocrx_word' id='word_1_208' title='bbox 1260 447 1415 475; x_wconf 82' lang='lat' dir='ltr'><strong><em>conservitii</em></strong></span> <span class='ocrx_word' id='word_1_209' title='bbox 1429 452 1457 476; x_wconf 89' lang='lat' dir='ltr'><strong><em>et</em></strong></span> <span class='ocrx_word' id='word_1_210' title='bbox 1467 447 1649 483; x_wconf 82' lang='lat' dir='ltr'><strong><em>fraternitatis,</em></strong></span> <span class='ocrx_word' id='word_1_211' title='bbox 1660 449 1748 478; x_wconf 88' lang='lat' dir='ltr'><strong><em>audeo</em></strong></span> <span class='ocrx_word' id='word_1_212' title='bbox 1763 450 1798 478; x_wconf 86' lang='lat' dir='ltr'><strong><em>ad</em></strong></span> <span class='ocrx_word' id='word_1_213' title='bbox 1816 458 1869 478; x_wconf 87' lang='lat' dir='ltr'><strong><em>vos</em></strong></span> <span class='ocrx_word' id='word_1_214' title='bbox 1883 450 1923 479; x_wconf 76' lang='lat' dir='ltr'><strong><em>fa-</em></strong></span> 
     </span>
    </p>
   </div>
   <div class='ocr_carea' id='block_1_39' title="bbox 1114 493 1923 531">
    <p class='ocr_par' dir='ltr' id='par_1_39' title="bbox 1114 493 1923 531">
     <span class='ocr_line' id='line_1_39' title="bbox 1114 493 1923 531; baseline 0.01 -14"><span class='ocrx_word' id='word_1_215' title='bbox 1114 497 1176 519; x_wconf 89' lang='lat' dir='ltr'><strong><em>cere</em></strong></span> <span class='ocrx_word' id='word_1_216' title='bbox 1190 498 1342 520; x_wconf 87' lang='lat' dir='ltr'><strong><em>sermonem</em></strong></span> <span class='ocrx_word' id='word_1_217' title='bbox 1365 493 1424 529; x_wconf 73' lang='grc'><strong><em>(2),</em></strong></span> <span class='ocrx_word' id='word_1_218' title='bbox 1453 501 1507 523; x_wconf 90' lang='lat' dir='ltr'><strong><em>non</em></strong></span> <span class='ocrx_word' id='word_1_219' title='bbox 1530 495 1621 531; x_wconf 90' lang='lat' dir='ltr'><strong><em>utique</em></strong></span> <span class='ocrx_word' id='word_1_220' title='bbox 1644 495 1847 530; x_wconf 81' lang='lat' dir='ltr'><strong><em>aﬁ‘ectationis,</em></strong></span> <span class='ocrx_word' id='word_1_221' title='bbox 1875 497 1923 531; x_wconf 78' lang='lat' dir='ltr'><strong><em>sed</em></strong></span> 
     </span>
    </p>
   </div>
   <div class='ocr_carea' id='block_1_40' title="bbox 1113 536 1923 575">
    <p class='ocr_par' dir='ltr' id='par_1_40' title="bbox 1113 536 1923 575">
     <span class='ocr_line' id='line_1_40' title="bbox 1113 536 1923 575; baseline 0.01 -11"><span class='ocrx_word' id='word_1_222' title='bbox 1113 536 1247 566; x_wconf 71' lang='lat' dir='ltr'><strong><em>adeetieni</em></strong></span> <span class='ocrx_word' id='word_1_223' title='bbox 1265 547 1412 575; x_wconf 84' lang='lat' dir='ltr'><strong><em>procurans</em></strong></span> <span class='ocrx_word' id='word_1_224' title='bbox 1438 540 1464 569; x_wconf 89' lang='lat' dir='ltr'><strong><em>in</em></strong></span> <span class='ocrx_word' id='word_1_225' title='bbox 1478 549 1572 571; x_wconf 81' lang='lat' dir='ltr'><strong><em>caussa</em></strong></span> <span class='ocrx_word' id='word_1_226' title='bbox 1587 547 1683 571; x_wconf 71' lang='lat' dir='ltr'><strong><em>vestra:</em></strong></span> <span class='ocrx_word' id='word_1_227' title='bbox 1693 543 1804 571; x_wconf 88' lang='lat' dir='ltr'><strong><em>salutis-</em></strong></span> <span class='ocrx_word' id='word_1_228' title='bbox 1822 543 1864 571; x_wconf 84' lang='lat' dir='ltr'><strong><em>Ea</em></strong></span> <span class='ocrx_word' id='word_1_229' title='bbox 1879 552 1923 575; x_wconf 74' lang='lat' dir='ltr'><strong><em>sa-</em></strong></span> 
     </span>
    </p>
   </div>
   <div class='ocr_carea' id='block_1_41' title="bbox 1114 583 1923 624">
    <p class='ocr_par' dir='ltr' id='par_1_41' title="bbox 1114 583 1923 624">
     <span class='ocr_line' id='line_1_41' title="bbox 1114 583 1923 624; baseline 0.01 -13"><span class='ocrx_word' id='word_1_230' title='bbox 1114 583 1156 611; x_wconf 90' lang='lat' dir='ltr'><strong><em>lus</em></strong></span> <span class='ocrx_word' id='word_1_231' title='bbox 1168 592 1217 613; x_wconf 87' lang='lat' dir='ltr'><strong><em>nec</em></strong></span> <span class='ocrx_word' id='word_1_232' title='bbox 1231 585 1501 623; x_wconf 71' lang='lat' dir='ltr'><strong><em>imminarummodo,</em></strong></span> <span class='ocrx_word' id='word_1_233' title='bbox 1512 588 1561 617; x_wconf 88' lang='lat' dir='ltr'><strong><em>sed</em></strong></span> <span class='ocrx_word' id='word_1_234' title='bbox 1568 588 1648 617; x_wconf 87' lang='lat' dir='ltr'><strong><em>etiam</em></strong></span> <span class='ocrx_word' id='word_1_235' title='bbox 1659 589 1793 624; x_wconf 84' lang='lat' dir='ltr'><strong><em>virorum,</em></strong></span> <span class='ocrx_word' id='word_1_236' title='bbox 1808 591 1838 618; x_wconf 90' lang='lat' dir='ltr'><strong><em>in</em></strong></span> <span class='ocrx_word' id='word_1_237' title='bbox 1846 591 1923 619; x_wconf 79' lang='lat' dir='ltr'><strong><em>exhi-</em></strong></span> 
     </span>
    </p>
   </div>
   <div class='ocr_carea' id='block_1_42' title="bbox 1114 631 1922 670">
    <p class='ocr_par' dir='ltr' id='par_1_42' title="bbox 1114 631 1922 670">
     <span class='ocr_line' id='line_1_42' title="bbox 1114 631 1922 670; baseline 0.007 -11"><span class='ocrx_word' id='word_1_238' title='bbox 1114 631 1216 661; x_wconf 86' lang='lat' dir='ltr'><strong><em>bitione</em></strong></span> <span class='ocrx_word' id='word_1_239' title='bbox 1238 633 1372 669; x_wconf 69' lang='lat' dir='ltr'><strong><em>praecipue</em></strong></span> <span class='ocrx_word' id='word_1_240' title='bbox 1407 635 1542 670; x_wconf 74' lang='lat' dir='ltr'><strong><em>pudicitiae</em></strong></span> <span class='ocrx_word' id='word_1_241' title='bbox 1570 640 1669 664; x_wconf 87' lang='lat' dir='ltr'><strong><em>statuta</em></strong></span> <span class='ocrx_word' id='word_1_242' title='bbox 1693 641 1746 665; x_wconf 88' lang='lat' dir='ltr'><strong><em>est.</em></strong></span> <span class='ocrx_word' id='word_1_243' title='bbox 1770 636 1844 664; x_wconf 82' lang='lat' dir='ltr'><strong><em>Nam</em></strong></span> <span class='ocrx_word' id='word_1_244' title='bbox 1861 645 1922 670; x_wconf 82' lang='lat' dir='ltr'><strong><em>cum</em></strong></span> 
     </span>
    </p>
   </div>
   <div class='ocr_carea' id='block_1_43' title="bbox 1114 680 1923 716">
    <p class='ocr_par' dir='ltr' id='par_1_43' title="bbox 1114 680 1923 716">
     <span class='ocr_line' id='line_1_43' title="bbox 1114 680 1923 716; baseline 0.009 -11"><span class='ocrx_word' id='word_1_245' title='bbox 1114 686 1208 707; x_wconf 83' lang='lat' dir='ltr'><strong><em>omnes</em></strong></span> <span class='ocrx_word' id='word_1_246' title='bbox 1222 680 1348 716; x_wconf 90' lang='lat' dir='ltr'><strong><em>templum</em></strong></span> <span class='ocrx_word' id='word_1_247' title='bbox 1363 680 1410 710; x_wconf 89' lang='lat' dir='ltr'><strong><em>Dei</em></strong></span> <span class='ocrx_word' id='word_1_248' title='bbox 1418 682 1514 716; x_wconf 91' lang='lat' dir='ltr'><strong><em>simus,</em></strong></span> <span class='ocrx_word' id='word_1_249' title='bbox 1525 682 1598 711; x_wconf 87' lang='lat' dir='ltr'><strong><em>illato</em></strong></span> <span class='ocrx_word' id='word_1_250' title='bbox 1608 683 1634 711; x_wconf 88' lang='lat' dir='ltr'><strong><em>in</em></strong></span> <span class='ocrx_word' id='word_1_251' title='bbox 1649 690 1700 712; x_wconf 89' lang='lat' dir='ltr'><strong><em>nos</em></strong></span> <span class='ocrx_word' id='word_1_252' title='bbox 1713 688 1742 711; x_wconf 88' lang='lat' dir='ltr'><strong><em>et</em></strong></span> <span class='ocrx_word' id='word_1_253' title='bbox 1751 689 1923 712; x_wconf 75' lang='lat' dir='ltr'><strong><em>consecrato</em></strong></span> 
     </span>
    </p>
   </div>
   <div class='ocr_carea' id='block_1_44' title="bbox 1114 725 1921 768">
    <p class='ocr_par' dir='ltr' id='par_1_44' title="bbox 1114 725 1921 768">
     <span class='ocr_line' id='line_1_44' title="bbox 1114 725 1921 768; baseline 0.007 -15"><span class='ocrx_word' id='word_1_254' title='bbox 1114 725 1214 761; x_wconf 87' lang='lat' dir='ltr'><strong><em>Spiritu</em></strong></span> <span class='ocrx_word' id='word_1_255' title='bbox 1229 726 1338 761; x_wconf 88' lang='lat' dir='ltr'><strong><em>Sancto,</em></strong></span> <span class='ocrx_word' id='word_1_256' title='bbox 1355 728 1413 763; x_wconf 86' lang='lat' dir='ltr'><strong><em>ejus</em></strong></span> <span class='ocrx_word' id='word_1_257' title='bbox 1440 729 1532 764; x_wconf 92' lang='lat' dir='ltr'><strong><em>templi</em></strong></span> <span class='ocrx_word' id='word_1_258' title='bbox 1553 729 1666 757; x_wconf 79' lang='lat' dir='ltr'><strong><em>:cdituus</em></strong></span> <span class='ocrx_word' id='word_1_259' title='bbox 1690 734 1718 758; x_wconf 88' lang='lat' dir='ltr'><strong><em>et</em></strong></span> <span class='ocrx_word' id='word_1_260' title='bbox 1745 731 1868 759; x_wconf 73' lang='lat' dir='ltr'><strong><em>antistes</em></strong></span> <span class='ocrx_word' id='word_1_261' title='bbox 1884 731 1921 768; x_wconf 77' lang='lat'><strong><em>(5)</em></strong></span> 
     </span>
    </p>
   </div>
   <div class='ocr_carea' id='block_1_45' title="bbox 1114 772 1921 812">
    <p class='ocr_par' dir='ltr' id='par_1_45' title="bbox 1114 772 1921 812">
     <span class='ocr_line' id='line_1_45' title="bbox 1114 772 1921 812; baseline 0.006 -13"><span class='ocrx_word' id='word_1_262' title='bbox 1114 772 1240 807; x_wconf 88' lang='lat' dir='ltr'><strong><em>pudicitia</em></strong></span> <span class='ocrx_word' id='word_1_263' title='bbox 1254 778 1305 807; x_wconf 85' lang='lat' dir='ltr'><strong><em>est,</em></strong></span> <span class='ocrx_word' id='word_1_264' title='bbox 1319 782 1378 809; x_wconf 75' lang='lat' dir='ltr'><strong><em>qua:</em></strong></span> <span class='ocrx_word' id='word_1_265' title='bbox 1393 775 1459 803; x_wconf 87' lang='lat' dir='ltr'><strong><em>nihil</em></strong></span> <span class='ocrx_word' id='word_1_266' title='bbox 1474 775 1641 809; x_wconf 79' lang='lat' dir='ltr'><strong><em>immundum</em></strong></span> <span class='ocrx_word' id='word_1_267' title='bbox 1655 775 1692 812; x_wconf 92' lang='lat' dir='ltr'><strong><em>(c)</em></strong></span> <span class='ocrx_word' id='word_1_268' title='bbox 1706 783 1757 803; x_wconf 87' lang='lat' dir='ltr'><strong><em>nec</em></strong></span> <span class='ocrx_word' id='word_1_269' title='bbox 1772 776 1921 812; x_wconf 79' lang='lat' dir='ltr'><strong><em>profanum</em></strong></span> 
     </span>
    </p>
   </div>
   <div class='ocr_carea' id='block_1_46' title="bbox 1114 818 1922 859">
    <p class='ocr_par' dir='ltr' id='par_1_46' title="bbox 1114 818 1922 859">
     <span class='ocr_line' id='line_1_46' title="bbox 1114 818 1922 859; baseline 0.007 -14"><span class='ocrx_word' id='word_1_270' title='bbox 1114 818 1206 846; x_wconf 82' lang='lat' dir='ltr'><strong><em>inferri</em></strong></span> <span class='ocrx_word' id='word_1_271' title='bbox 1229 819 1319 853; x_wconf 86' lang='lat' dir='ltr'><strong><em>sinat,</em></strong></span> <span class='ocrx_word' id='word_1_272' title='bbox 1337 828 1370 848; x_wconf 90' lang='lat' dir='ltr'><strong><em>ne</em></strong></span> <span class='ocrx_word' id='word_1_273' title='bbox 1387 821 1457 848; x_wconf 86' lang='lat' dir='ltr'><strong><em>Deus</em></strong></span> <span class='ocrx_word' id='word_1_274' title='bbox 1476 821 1523 849; x_wconf 90' lang='lat' dir='ltr'><strong><em>ille</em></strong></span> <span class='ocrx_word' id='word_1_275' title='bbox 1535 843 1543 855; x_wconf 97' lang='lat'><strong><em>,</em></strong></span> <span class='ocrx_word' id='word_1_276' title='bbox 1557 822 1603 857; x_wconf 91' lang='lat' dir='ltr'><strong><em>qui</em></strong></span> <span class='ocrx_word' id='word_1_277' title='bbox 1630 822 1774 855; x_wconf 83' lang='lat' dir='ltr'><strong><em>inhabitat,</em></strong></span> <span class='ocrx_word' id='word_1_278' title='bbox 1790 823 1922 859; x_wconf 79' lang='lat' dir='ltr'><strong><em>inquina-</em></strong></span> 
     </span>
    </p>
   </div>
   <div class='ocr_carea' id='block_1_47' title="bbox 1114 864 1920 902">
    <p class='ocr_par' dir='ltr' id='par_1_47' title="bbox 1114 864 1920 902">
     <span class='ocr_line' id='line_1_47' title="bbox 1114 864 1920 902; baseline 0.01 -12"><span class='ocrx_word' id='word_1_279' title='bbox 1114 868 1167 891; x_wconf 86' lang='lat' dir='ltr'><strong><em>tam</em></strong></span> <span class='ocrx_word' id='word_1_280' title='bbox 1178 864 1269 893; x_wconf 89' lang='lat' dir='ltr'><strong><em>sedem</em></strong></span> <span class='ocrx_word' id='word_1_281' title='bbox 1284 864 1401 893; x_wconf 79' lang='lat' dir='ltr'><strong><em>oﬂ&#39;ensus</em></strong></span> <span class='ocrx_word' id='word_1_282' title='bbox 1424 866 1602 902; x_wconf 82' lang='lat' dir='ltr'><strong><em>derelinquat.</em></strong></span> <span class='ocrx_word' id='word_1_283' title='bbox 1620 867 1672 895; x_wconf 85' lang='lat' dir='ltr'><strong><em>Sed</em></strong></span> <span class='ocrx_word' id='word_1_284' title='bbox 1694 867 1779 895; x_wconf 90' lang='lat' dir='ltr'><strong><em>modo</em></strong></span> <span class='ocrx_word' id='word_1_285' title='bbox 1795 876 1852 897; x_wconf 87' lang='lat' dir='ltr'><strong><em>nos</em></strong></span> <span class='ocrx_word' id='word_1_286' title='bbox 1866 877 1920 898; x_wconf 87' lang='lat' dir='ltr'><strong><em>non</em></strong></span> 
     </span>
    </p>
   </div>
   <div class='ocr_carea' id='block_1_48' title="bbox 1113 910 1922 950">
    <p class='ocr_par' dir='ltr' id='par_1_48' title="bbox 1113 910 1922 950">
     <span class='ocr_line' id='line_1_48' title="bbox 1113 910 1922 950; baseline 0.007 -13"><span class='ocrx_word' id='word_1_287' title='bbox 1113 910 1146 937; x_wconf 85' lang='lat' dir='ltr'><strong><em>de</em></strong></span> <span class='ocrx_word' id='word_1_288' title='bbox 1163 910 1310 945; x_wconf 87' lang='lat' dir='ltr'><strong><em>pudicitia,</em></strong></span> <span class='ocrx_word' id='word_1_289' title='bbox 1336 912 1378 940; x_wconf 90' lang='lat' dir='ltr'><strong><em>cui</em></strong></span> <span class='ocrx_word' id='word_1_290' title='bbox 1403 912 1604 950; x_wconf 83' lang='lat' dir='ltr'><strong><em>indicendac(d)</em></strong></span> <span class='ocrx_word' id='word_1_291' title='bbox 1632 917 1659 941; x_wconf 86' lang='lat' dir='ltr'><strong><em>et</em></strong></span> <span class='ocrx_word' id='word_1_292' title='bbox 1685 914 1833 950; x_wconf 62' lang='lat' dir='ltr'><strong><em>exigendae</em></strong></span> <span class='ocrx_word' id='word_1_293' title='bbox 1849 916 1922 943; x_wconf 72' lang='lat' dir='ltr'><strong><em>sulti-</em></strong></span> 
     </span>
    </p>
   </div>
   <div class='ocr_carea' id='block_1_49' title="bbox 1113 956 1921 996">
    <p class='ocr_par' dir='ltr' id='par_1_49' title="bbox 1113 956 1921 996">
     <span class='ocr_line' id='line_1_49' title="bbox 1113 956 1921 996; baseline 0.009 -13"><span class='ocrx_word' id='word_1_294' title='bbox 1113 956 1187 984; x_wconf 87' lang='lat' dir='ltr'><strong><em>ciunt</em></strong></span> <span class='ocrx_word' id='word_1_295' title='bbox 1205 957 1328 985; x_wconf 76' lang='lat' dir='ltr'><strong><em>instantia</em></strong></span> <span class='ocrx_word' id='word_1_296' title='bbox 1352 957 1461 995; x_wconf 79' lang='lat' dir='ltr'><strong><em>ubique</em></strong></span> <span class='ocrx_word' id='word_1_297' title='bbox 1473 958 1565 986; x_wconf 90' lang='lat' dir='ltr'><strong><em>divina</em></strong></span> <span class='ocrx_word' id='word_1_298' title='bbox 1587 965 1720 996; x_wconf 60' lang='lat' dir='ltr'><strong><em>praecepta</em></strong></span> <span class='ocrx_word' id='word_1_299' title='bbox 1734 981 1742 993; x_wconf 92' lang='lat'><strong><em>,</em></strong></span> <span class='ocrx_word' id='word_1_300' title='bbox 1772 968 1874 990; x_wconf 86' lang='lat' dir='ltr'><strong><em>verum</em></strong></span> <span class='ocrx_word' id='word_1_301' title='bbox 1887 962 1921 990; x_wconf 88' lang='lat' dir='ltr'><strong><em>de</em></strong></span> 
     </span>
    </p>
   </div>
   <div class='ocr_carea' id='block_1_50' title="bbox 1113 1002 1919 1041">
    <p class='ocr_par' dir='ltr' id='par_1_50' title="bbox 1113 1002 1919 1041">
     <span class='ocr_line' id='line_1_50' title="bbox 1113 1002 1919 1041; baseline 0.009 -12"><span class='ocrx_word' id='word_1_302' title='bbox 1113 1002 1309 1037; x_wconf 87' lang='lat' dir='ltr'><strong><em>pertinentibus</em></strong></span> <span class='ocrx_word' id='word_1_303' title='bbox 1333 1003 1367 1031; x_wconf 86' lang='lat' dir='ltr'><strong><em>ad</em></strong></span> <span class='ocrx_word' id='word_1_304' title='bbox 1380 1012 1438 1032; x_wconf 86' lang='lat' dir='ltr'><strong><em>cam</em></strong></span> <span class='ocrx_word' id='word_1_305' title='bbox 1451 1025 1459 1038; x_wconf 94' lang='lat'><strong><em>,</em></strong></span> <span class='ocrx_word' id='word_1_306' title='bbox 1485 1004 1510 1032; x_wconf 93' lang='lat' dir='ltr'><strong><em>id</em></strong></span> <span class='ocrx_word' id='word_1_307' title='bbox 1525 1010 1567 1033; x_wconf 87' lang='lat' dir='ltr'><strong><em>est</em></strong></span> <span class='ocrx_word' id='word_1_308' title='bbox 1580 1006 1695 1041; x_wconf 79' lang='lat' dir='ltr'><strong><em>qualiter</em></strong></span> <span class='ocrx_word' id='word_1_309' title='bbox 1726 1014 1774 1034; x_wconf 86' lang='lat' dir='ltr'><strong><em>vos</em></strong></span> <span class='ocrx_word' id='word_1_310' title='bbox 1788 1008 1919 1039; x_wconf 80' lang='lat' dir='ltr'><strong><em>incedere</em></strong></span> 
     </span>
    </p>
   </div>
   <div class='ocr_carea' id='block_1_51' title="bbox 1113 1049 1920 1091">
    <p class='ocr_par' dir='ltr' id='par_1_51' title="bbox 1113 1049 1920 1091">
     <span class='ocr_line' id='line_1_51' title="bbox 1113 1049 1920 1091; baseline 0.009 -15"><span class='ocrx_word' id='word_1_311' title='bbox 1113 1053 1245 1084; x_wconf 85' lang='lat' dir='ltr'><strong><em>oporteat.</em></strong></span> <span class='ocrx_word' id='word_1_312' title='bbox 1271 1049 1409 1086; x_wconf 68' lang='lat' dir='ltr'><strong><em>Plerthue</em></strong></span> <span class='ocrx_word' id='word_1_313' title='bbox 1433 1050 1522 1085; x_wconf 76' lang='lat' dir='ltr'><strong><em>enini,</em></strong></span> <span class='ocrx_word' id='word_1_314' title='bbox 1544 1052 1615 1087; x_wconf 90' lang='lat' dir='ltr'><strong><em>quod</em></strong></span> <span class='ocrx_word' id='word_1_315' title='bbox 1639 1052 1724 1088; x_wconf 88' lang='lat' dir='ltr'><strong><em>ipsum</em></strong></span> <span class='ocrx_word' id='word_1_316' title='bbox 1739 1054 1809 1082; x_wconf 90' lang='lat' dir='ltr'><strong><em>mihi</em></strong></span> <span class='ocrx_word' id='word_1_317' title='bbox 1827 1056 1920 1091; x_wconf 80' lang='lat' dir='ltr'><strong><em>utique</em></strong></span> 
     </span>
    </p>
   </div>
   <div class='ocr_carea' id='block_1_52' title="bbox 1114 1094 1919 1137">
    <p class='ocr_par' dir='ltr' id='par_1_52' title="bbox 1114 1094 1919 1137">
     <span class='ocr_line' id='line_1_52' title="bbox 1114 1094 1919 1137; baseline 0.009 -15"><span class='ocrx_word' id='word_1_318' title='bbox 1114 1094 1349 1131; x_wconf 84' lang='lat' dir='ltr'><strong><em>[reprehendendo</em></strong></span> <span class='ocrx_word' id='word_1_319' title='bbox 1361 1097 1386 1124; x_wconf 89' lang='lat' dir='ltr'><strong><em>in</em></strong></span> <span class='ocrx_word' id='word_1_320' title='bbox 1398 1097 1533 1134; x_wconf 90' lang='lat' dir='ltr'><strong><em>omnibus]</em></strong></span> <span class='ocrx_word' id='word_1_321' title='bbox 1549 1098 1748 1133; x_wconf 81' lang='lat' dir='ltr'><strong><em>reprehendere</em></strong></span> <span class='ocrx_word' id='word_1_322' title='bbox 1763 1100 1843 1128; x_wconf 86' lang='lat' dir='ltr'><strong><em>Deus</em></strong></span> <span class='ocrx_word' id='word_1_323' title='bbox 1857 1109 1919 1137; x_wconf 75' lang='lat' dir='ltr'><strong><em>per-</em></strong></span> 
     </span>
    </p>
   </div>
   <div class='ocr_carea' id='block_1_53' title="bbox 1114 1142 1918 1179">
    <p class='ocr_par' dir='ltr' id='par_1_53' title="bbox 1114 1142 1918 1179">
     <span class='ocr_line' id='line_1_53' title="bbox 1114 1142 1918 1179; baseline 0.007 -10"><span class='ocrx_word' id='word_1_324' title='bbox 1114 1142 1218 1177; x_wconf 67' lang='lat' dir='ltr'><strong><em>mittat},</em></strong></span> <span class='ocrx_word' id='word_1_325' title='bbox 1245 1147 1291 1170; x_wconf 84' lang='lat' dir='ltr'><strong><em>aut</em></strong></span> <span class='ocrx_word' id='word_1_326' title='bbox 1312 1143 1465 1178; x_wconf 74' lang='lat' dir='ltr'><strong><em>ignorantes</em></strong></span> <span class='ocrx_word' id='word_1_327' title='bbox 1483 1144 1641 1179; x_wconf 85' lang='lat' dir='ltr'><strong><em>simpliciter</em></strong></span> <span class='ocrx_word' id='word_1_328' title='bbox 1654 1150 1700 1173; x_wconf 84' lang='lat' dir='ltr'><strong><em>aut</em></strong></span> <span class='ocrx_word' id='word_1_329' title='bbox 1709 1145 1918 1176; x_wconf 82' lang='lat' dir='ltr'><strong><em>dissimulantes</em></strong></span> 
     </span>
    </p>
   </div>
   <div class='ocr_carea' id='block_1_54' title="bbox 1113 1188 1917 1227">
    <p class='ocr_par' dir='ltr' id='par_1_54' title="bbox 1113 1188 1917 1227">
     <span class='ocr_line' id='line_1_54' title="bbox 1113 1188 1917 1227; baseline 0.007 -11"><span class='ocrx_word' id='word_1_330' title='bbox 1113 1188 1239 1217; x_wconf 83' lang='lat' dir='ltr'><strong><em>audacter</em></strong></span> <span class='ocrx_word' id='word_1_331' title='bbox 1263 1190 1300 1217; x_wconf 86' lang='lat' dir='ltr'><strong><em>ita</em></strong></span> <span class='ocrx_word' id='word_1_332' title='bbox 1315 1189 1516 1225; x_wconf 75' lang='lat' dir='ltr'><strong><em>ingrediuntur,</em></strong></span> <span class='ocrx_word' id='word_1_333' title='bbox 1543 1192 1619 1226; x_wconf 86' lang='lat' dir='ltr'><strong><em>quasi</em></strong></span> <span class='ocrx_word' id='word_1_334' title='bbox 1645 1192 1774 1227; x_wconf 85' lang='lat' dir='ltr'><strong><em>pudicitia</em></strong></span> <span class='ocrx_word' id='word_1_335' title='bbox 1803 1196 1835 1222; x_wconf 89' lang='lat' dir='ltr'><strong><em>in</em></strong></span> <span class='ocrx_word' id='word_1_336' title='bbox 1862 1195 1917 1222; x_wconf 79' lang='lat' dir='ltr'><strong><em>sols</em></strong></span> 
     </span>
    </p>
   </div>
   <div class='ocr_carea' id='block_1_55' title="bbox 1112 1234 1917 1274">
    <p class='ocr_par' dir='ltr' id='par_1_55' title="bbox 1112 1234 1917 1274">
     <span class='ocr_line' id='line_1_55' title="bbox 1112 1234 1917 1274; baseline 0.01 -13"><span class='ocrx_word' id='word_1_337' title='bbox 1112 1234 1201 1262; x_wconf 84' lang='lat' dir='ltr'><strong><em>carnis</em></strong></span> <span class='ocrx_word' id='word_1_338' title='bbox 1216 1235 1369 1271; x_wconf 72' lang='lat' dir='ltr'><strong><em>integritate</em></strong></span> <span class='ocrx_word' id='word_1_339' title='bbox 1383 1241 1411 1264; x_wconf 87' lang='lat' dir='ltr'><strong><em>et</em></strong></span> <span class='ocrx_word' id='word_1_340' title='bbox 1431 1236 1518 1272; x_wconf 84' lang='lat' dir='ltr'><strong><em>stupri</em></strong></span> <span class='ocrx_word' id='word_1_341' title='bbox 1532 1237 1674 1266; x_wconf 84' lang='lat' dir='ltr'><strong><em>aversione</em></strong></span> <span class='ocrx_word' id='word_1_342' title='bbox 1685 1240 1823 1267; x_wconf 78' lang='lat' dir='ltr'><strong><em>consistat</em></strong></span> <span class='ocrx_word' id='word_1_343' title='bbox 1835 1260 1846 1274; x_wconf 87' lang='lat'><strong><em>,</em></strong></span> <span class='ocrx_word' id='word_1_344' title='bbox 1868 1248 1917 1269; x_wconf 83' lang='lat' dir='ltr'><strong><em>nec</em></strong></span> 
     </span>
    </p>
   </div>
   <div class='ocr_carea' id='block_1_56' title="bbox 1113 1281 1916 1319">
    <p class='ocr_par' dir='ltr' id='par_1_56' title="bbox 1113 1281 1916 1319">
     <span class='ocr_line' id='line_1_56' title="bbox 1113 1281 1916 1319; baseline 0.01 -12"><span class='ocrx_word' id='word_1_345' title='bbox 1113 1281 1254 1316; x_wconf 79' lang='lat' dir='ltr'><strong><em>quicquam</em></strong></span> <span class='ocrx_word' id='word_1_346' title='bbox 1281 1281 1446 1311; x_wconf 86' lang='lat' dir='ltr'><strong><em>intrinsecus</em></strong></span> <span class='ocrx_word' id='word_1_347' title='bbox 1461 1290 1529 1319; x_wconf 89' lang='lat' dir='ltr'><strong><em>opus</em></strong></span> <span class='ocrx_word' id='word_1_348' title='bbox 1542 1283 1588 1318; x_wconf 86' lang='lat' dir='ltr'><strong><em>sit,</em></strong></span> <span class='ocrx_word' id='word_1_349' title='bbox 1602 1284 1637 1312; x_wconf 89' lang='lat' dir='ltr'><strong><em>de</em></strong></span> <span class='ocrx_word' id='word_1_350' title='bbox 1650 1284 1736 1313; x_wconf 87' lang='lat' dir='ltr'><strong><em>cultus</em></strong></span> <span class='ocrx_word' id='word_1_351' title='bbox 1760 1290 1792 1314; x_wconf 86' lang='lat' dir='ltr'><strong><em>et</em></strong></span> <span class='ocrx_word' id='word_1_352' title='bbox 1803 1292 1916 1315; x_wconf 80' lang='lat' dir='ltr'><strong><em>ornatus</em></strong></span> 
     </span>
    </p>
   </div>
   <div class='ocr_carea' id='block_1_57' title="bbox 1111 1327 1914 1370">
    <p class='ocr_par' dir='ltr' id='par_1_57' title="bbox 1111 1327 1914 1370">
     <span class='ocr_line' id='line_1_57' title="bbox 1111 1327 1914 1370; baseline 0.01 -16"><span class='ocrx_word' id='word_1_353' title='bbox 1111 1327 1299 1363; x_wconf 80' lang='lat' dir='ltr'><strong><em>dispositione.</em></strong></span> <span class='ocrx_word' id='word_1_354' title='bbox 1327 1329 1380 1357; x_wconf 86' lang='lat' dir='ltr'><strong><em>Sed</em></strong></span> <span class='ocrx_word' id='word_1_355' title='bbox 1399 1330 1472 1357; x_wconf 89' lang='lat' dir='ltr'><strong><em>enim</em></strong></span> <span class='ocrx_word' id='word_1_356' title='bbox 1495 1336 1669 1365; x_wconf 83' lang='lat' dir='ltr'><strong><em>perseverant</em></strong></span> <span class='ocrx_word' id='word_1_357' title='bbox 1681 1332 1709 1359; x_wconf 91' lang='lat' dir='ltr'><strong><em>in</em></strong></span> <span class='ocrx_word' id='word_1_358' title='bbox 1734 1332 1863 1368; x_wconf 77' lang='lat' dir='ltr'><strong><em>pristinis</em></strong></span> <span class='ocrx_word' id='word_1_359' title='bbox 1877 1335 1914 1370; x_wconf 69' lang='grc'><strong><em>(4)</em></strong></span> 
     </span>
    </p>
   </div>
   <div class='ocr_carea' id='block_1_58' title="bbox 1112 1375 1915 1416">
    <p class='ocr_par' dir='ltr' id='par_1_58' title="bbox 1112 1375 1915 1416">
     <span class='ocr_line' id='line_1_58' title="bbox 1112 1375 1915 1416; baseline 0.009 -14"><span class='ocrx_word' id='word_1_360' title='bbox 1112 1375 1207 1403; x_wconf 88' lang='lat' dir='ltr'><strong><em>studiis</em></strong></span> <span class='ocrx_word' id='word_1_361' title='bbox 1221 1375 1314 1404; x_wconf 75' lang='lat' dir='ltr'><strong><em>formae</em></strong></span> <span class='ocrx_word' id='word_1_362' title='bbox 1325 1381 1351 1404; x_wconf 87' lang='lat' dir='ltr'><strong><em>et</em></strong></span> <span class='ocrx_word' id='word_1_363' title='bbox 1364 1377 1469 1410; x_wconf 86' lang='lat' dir='ltr'><strong><em>nitoris,</em></strong></span> <span class='ocrx_word' id='word_1_364' title='bbox 1481 1377 1603 1406; x_wconf 86' lang='lat' dir='ltr'><strong><em>eamdem</em></strong></span> <span class='ocrx_word' id='word_1_365' title='bbox 1614 1379 1655 1406; x_wconf 91' lang='lat' dir='ltr'><strong><em>sui</em></strong></span> <span class='ocrx_word' id='word_1_366' title='bbox 1669 1379 1790 1414; x_wconf 81' lang='lat' dir='ltr'><strong><em>speciem</em></strong></span> <span class='ocrx_word' id='word_1_367' title='bbox 1808 1379 1851 1416; x_wconf 78' lang='lat'><strong><em>(5)</em></strong></span> <span class='ocrx_word' id='word_1_368' title='bbox 1865 1381 1915 1409; x_wconf 87' lang='lat' dir='ltr'><strong><em>cir-</em></strong></span> 
     </span>
    </p>
   </div>
   <div class='ocr_carea' id='block_1_59' title="bbox 1112 1422 1913 1462">
    <p class='ocr_par' dir='ltr' id='par_1_59' title="bbox 1112 1422 1913 1462">
     <span class='ocr_line' id='line_1_59' title="bbox 1112 1422 1913 1462; baseline 0.007 -14"><span class='ocrx_word' id='word_1_369' title='bbox 1112 1422 1304 1456; x_wconf 81' lang='lat' dir='ltr'><strong><em>cumferentes,</em></strong></span> <span class='ocrx_word' id='word_1_370' title='bbox 1328 1431 1407 1458; x_wconf 90' lang='lat' dir='ltr'><strong><em>quam</em></strong></span> <span class='ocrx_word' id='word_1_371' title='bbox 1422 1423 1540 1451; x_wconf 66' lang='lat' dir='ltr'><strong><em>foeminm</em></strong></span> <span class='ocrx_word' id='word_1_372' title='bbox 1562 1424 1699 1453; x_wconf 82' lang='lat' dir='ltr'><strong><em>nationum</em></strong></span> <span class='ocrx_word' id='word_1_373' title='bbox 1712 1425 1748 1461; x_wconf 87' lang='lat' dir='ltr'><strong><em>(e)</em></strong></span> <span class='ocrx_word' id='word_1_374' title='bbox 1763 1446 1771 1458; x_wconf 86' lang='lat'><strong><em>,</em></strong></span> <span class='ocrx_word' id='word_1_375' title='bbox 1788 1434 1804 1453; x_wconf 74' lang='grc' dir='ltr'>ι</span> <span class='ocrx_word' id='word_1_376' title='bbox 1815 1427 1913 1462; x_wconf 79' lang='lat' dir='ltr'><strong><em>quibus</em></strong></span> 
     </span>
    </p>
   </div>
   <div class='ocr_carea' id='block_1_60' title="bbox 1110 1468 1913 1506">
    <p class='ocr_par' dir='ltr' id='par_1_60' title="bbox 1110 1468 1913 1506">
     <span class='ocr_line' id='line_1_60' title="bbox 1110 1468 1913 1506; baseline 0.007 -11"><span class='ocrx_word' id='word_1_377' title='bbox 1110 1468 1185 1496; x_wconf 87' lang='lat' dir='ltr'><strong><em>abest</em></strong></span> <span class='ocrx_word' id='word_1_378' title='bbox 1199 1469 1361 1497; x_wconf 85' lang='lat' dir='ltr'><strong><em>conscientia</em></strong></span> <span class='ocrx_word' id='word_1_379' title='bbox 1375 1477 1445 1497; x_wconf 78' lang='lat' dir='ltr'><strong><em>vera:</em></strong></span> <span class='ocrx_word' id='word_1_380' title='bbox 1459 1469 1593 1504; x_wconf 62' lang='lat' dir='ltr'><strong><em>pudicitiae</em></strong></span> <span class='ocrx_word' id='word_1_381' title='bbox 1605 1491 1613 1503; x_wconf 87' lang='lat'><strong><em>,</em></strong></span> <span class='ocrx_word' id='word_1_382' title='bbox 1642 1471 1703 1506; x_wconf 84' lang='lat' dir='ltr'><strong><em>quia</em></strong></span> <span class='ocrx_word' id='word_1_383' title='bbox 1719 1471 1792 1499; x_wconf 89' lang='lat' dir='ltr'><strong><em>nihil</em></strong></span> <span class='ocrx_word' id='word_1_384' title='bbox 1819 1481 1913 1501; x_wconf 75' lang='lat' dir='ltr'><strong><em>verum</em></strong></span> 
     </span>
    </p>
   </div>
   <div class='ocr_carea' id='block_1_61' title="bbox 1111 1515 1911 1554">
    <p class='ocr_par' dir='ltr' id='par_1_61' title="bbox 1111 1515 1911 1554">
     <span class='ocr_line' id='line_1_61' title="bbox 1111 1515 1911 1554; baseline 0.006 -12"><span class='ocrx_word' id='word_1_385' title='bbox 1111 1515 1137 1543; x_wconf 91' lang='lat' dir='ltr'><strong><em>in</em></strong></span> <span class='ocrx_word' id='word_1_386' title='bbox 1154 1515 1211 1548; x_wconf 85' lang='lat' dir='ltr'><strong><em>his,</em></strong></span> <span class='ocrx_word' id='word_1_387' title='bbox 1234 1516 1278 1551; x_wconf 89' lang='lat' dir='ltr'><strong><em>qui</em></strong></span> <span class='ocrx_word' id='word_1_388' title='bbox 1306 1515 1389 1544; x_wconf 90' lang='lat' dir='ltr'><strong><em>Deum</em></strong></span> <span class='ocrx_word' id='word_1_389' title='bbox 1415 1517 1538 1544; x_wconf 85' lang='lat' dir='ltr'><strong><em>nesciunt</em></strong></span> <span class='ocrx_word' id='word_1_390' title='bbox 1553 1517 1694 1552; x_wconf 83' lang='lat' dir='ltr'><strong><em>praesidem</em></strong></span> <span class='ocrx_word' id='word_1_391' title='bbox 1708 1522 1736 1545; x_wconf 89' lang='lat' dir='ltr'><strong><em>et</em></strong></span> <span class='ocrx_word' id='word_1_392' title='bbox 1749 1519 1911 1554; x_wconf 77' lang='lat' dir='ltr'><strong><em>magistrum</em></strong></span> 
     </span>
    </p>
   </div>
   <div class='ocr_carea' id='block_1_62' title="bbox 1109 1562 1906 1600">
    <p class='ocr_par' dir='ltr' id='par_1_62' title="bbox 1109 1562 1906 1600">
     <span class='ocr_line' id='line_1_62' title="bbox 1109 1562 1906 1600; baseline 0.006 -10"><span class='ocrx_word' id='word_1_393' title='bbox 1109 1564 1239 1591; x_wconf 76' lang='lat' dir='ltr'><strong><em>veritatis.</em></strong></span> <span class='ocrx_word' id='word_1_394' title='bbox 1254 1562 1320 1591; x_wconf 88' lang='lat' dir='ltr'><strong><em>Nam</em></strong></span> <span class='ocrx_word' id='word_1_395' title='bbox 1343 1563 1395 1592; x_wconf 84' lang='lat' dir='ltr'><strong><em>etsi</em></strong></span> <span class='ocrx_word' id='word_1_396' title='bbox 1415 1571 1466 1599; x_wconf 89' lang='lat' dir='ltr'><strong><em>qua</em></strong></span> <span class='ocrx_word' id='word_1_397' title='bbox 1481 1564 1508 1591; x_wconf 89' lang='lat' dir='ltr'><strong><em>in</em></strong></span> <span class='ocrx_word' id='word_1_398' title='bbox 1520 1564 1664 1600; x_wconf 73' lang='lat' dir='ltr'><strong><em>gentilibus</em></strong></span> <span class='ocrx_word' id='word_1_399' title='bbox 1679 1564 1810 1600; x_wconf 84' lang='lat' dir='ltr'><strong><em>pudicitia</em></strong></span> <span class='ocrx_word' id='word_1_400' title='bbox 1832 1567 1906 1596; x_wconf 82' lang='lat' dir='ltr'><strong><em>credi</em></strong></span> 
     </span>
    </p>
   </div>
   <div class='ocr_carea' id='block_1_63' title="bbox 1107 1610 1910 1647">
    <p class='ocr_par' dir='ltr' id='par_1_63' title="bbox 1107 1610 1910 1647">
     <span class='ocr_line' id='line_1_63' title="bbox 1107 1610 1910 1647; baseline 0.002 -9"><span class='ocrx_word' id='word_1_401' title='bbox 1107 1614 1216 1647; x_wconf 86' lang='lat' dir='ltr'><strong><em>potest,</em></strong></span> <span class='ocrx_word' id='word_1_402' title='bbox 1236 1617 1321 1645; x_wconf 88' lang='lat' dir='ltr'><strong><em>usque</em></strong></span> <span class='ocrx_word' id='word_1_403' title='bbox 1341 1610 1409 1638; x_wconf 87' lang='lat' dir='ltr'><strong><em>adeo</em></strong></span> <span class='ocrx_word' id='word_1_404' title='bbox 1422 1618 1481 1638; x_wconf 87' lang='lat' dir='ltr'><strong><em>eam</em></strong></span> <span class='ocrx_word' id='word_1_405' title='bbox 1496 1610 1680 1646; x_wconf 81' lang='lat' dir='ltr'><strong><em>imperfectam</em></strong></span> <span class='ocrx_word' id='word_1_406' title='bbox 1702 1616 1730 1639; x_wconf 87' lang='lat' dir='ltr'><strong><em>et</em></strong></span> <span class='ocrx_word' id='word_1_407' title='bbox 1743 1611 1910 1647; x_wconf 73' lang='lat' dir='ltr'><strong><em>inconditam</em></strong></span> 
     </span>
    </p>
   </div>
   <div class='ocr_carea' id='block_1_64' title="bbox 1107 1656 1908 1694">
    <p class='ocr_par' dir='ltr' id='par_1_64' title="bbox 1107 1656 1908 1694">
     <span class='ocr_line' id='line_1_64' title="bbox 1107 1656 1908 1694; baseline 0.001 -9"><span class='ocrx_word' id='word_1_408' title='bbox 1107 1662 1223 1691; x_wconf 86' lang='lat' dir='ltr'><strong><em>constat,</em></strong></span> <span class='ocrx_word' id='word_1_409' title='bbox 1239 1662 1268 1684; x_wconf 94' lang='lat' dir='ltr'><strong><em>ut</em></strong></span> <span class='ocrx_word' id='word_1_410' title='bbox 1281 1656 1343 1685; x_wconf 91' lang='lat' dir='ltr'><strong><em>licet</em></strong></span> <span class='ocrx_word' id='word_1_411' title='bbox 1357 1658 1382 1684; x_wconf 90' lang='lat' dir='ltr'><strong><em>in</em></strong></span> <span class='ocrx_word' id='word_1_412' title='bbox 1394 1657 1485 1685; x_wconf 83' lang='lat' dir='ltr'><strong><em>animo</em></strong></span> <span class='ocrx_word' id='word_1_413' title='bbox 1507 1657 1675 1693; x_wconf 84' lang='lat' dir='ltr'><strong><em>aliquatenus</em></strong></span> <span class='ocrx_word' id='word_1_414' title='bbox 1688 1663 1765 1685; x_wconf 78' lang='lat' dir='ltr'><strong><em>tenax</em></strong></span> <span class='ocrx_word' id='word_1_415' title='bbox 1782 1659 1826 1686; x_wconf 90' lang='lat' dir='ltr'><strong><em>sui</em></strong></span> <span class='ocrx_word' id='word_1_416' title='bbox 1837 1664 1908 1694; x_wconf 74' lang='lat' dir='ltr'><strong><em>agat,</em></strong></span> 
     </span>
    </p>
   </div>
   <div class='ocr_carea' id='block_1_65' title="bbox 1106 1702 1909 1741">
    <p class='ocr_par' dir='ltr' id='par_1_65' title="bbox 1106 1702 1909 1741">
     <span class='ocr_line' id='line_1_65' title="bbox 1106 1702 1909 1741; baseline 0 -9"><span class='ocrx_word' id='word_1_417' title='bbox 1106 1705 1133 1732; x_wconf 90' lang='lat' dir='ltr'><strong><em>in</em></strong></span> <span class='ocrx_word' id='word_1_418' title='bbox 1145 1704 1251 1731; x_wconf 83' lang='lat' dir='ltr'><strong><em>habitus</em></strong></span> <span class='ocrx_word' id='word_1_419' title='bbox 1267 1708 1355 1731; x_wconf 86' lang='lat' dir='ltr'><strong><em>tamen</em></strong></span> <span class='ocrx_word' id='word_1_420' title='bbox 1378 1703 1483 1731; x_wconf 84' lang='lat' dir='ltr'><strong><em>licentia</em></strong></span> <span class='ocrx_word' id='word_1_421' title='bbox 1500 1702 1535 1740; x_wconf 68' lang='grc' dir='ltr'><strong><em>(ί)</em></strong></span> <span class='ocrx_word' id='word_1_422' title='bbox 1547 1710 1607 1731; x_wconf 89' lang='lat' dir='ltr'><strong><em>sese</em></strong></span> <span class='ocrx_word' id='word_1_423' title='bbox 1616 1703 1762 1738; x_wconf 83' lang='lat' dir='ltr'><strong><em>dissolvat,</em></strong></span> <span class='ocrx_word' id='word_1_424' title='bbox 1780 1712 1831 1740; x_wconf 91' lang='lat' dir='ltr'><strong><em>pro</em></strong></span> <span class='ocrx_word' id='word_1_425' title='bbox 1847 1712 1909 1741; x_wconf 82' lang='lat' dir='ltr'><strong><em>per-</em></strong></span> 
     </span>
    </p>
   </div>
   <div class='ocr_carea' id='block_1_66' title="bbox 868 1762 1281 1793">
    <p class='ocr_par' dir='ltr' id='par_1_66' title="bbox 868 1762 1281 1793">
     <span class='ocr_line' id='line_1_66' title="bbox 868 1762 1281 1793; baseline -0.005 -2"><span class='ocrx_word' id='word_1_426' title='bbox 868 1763 1056 1793; x_wconf 85' lang='lat' dir='ltr'><strong><em>LECTlONES</em></strong></span> <span class='ocrx_word' id='word_1_427' title='bbox 1075 1762 1281 1792; x_wconf 80' lang='lat' dir='ltr'><strong><em>VABlANTES.</em></strong></span> 
     </span>
    </p>
   </div>
   <div class='ocr_carea' id='block_1_67' title="bbox 282 1807 1908 1843">
    <p class='ocr_par' dir='ltr' id='par_1_67' title="bbox 282 1807 1908 1843">
     <span class='ocr_line' id='line_1_67' title="bbox 282 1807 1908 1843; baseline 0.002 -10"><span class='ocrx_word' id='word_1_428' title='bbox 282 1807 319 1843; x_wconf 75' lang='grc' dir='ltr'><strong><em>(ι)</em></strong></span> <span class='ocrx_word' id='word_1_429' title='bbox 340 1808 424 1843; x_wconf 84' lang='lat' dir='ltr'><strong><em>Huius_</em></strong></span> <span class='ocrx_word' id='word_1_430' title='bbox 442 1807 498 1834; x_wconf 87' lang='lat' dir='ltr'><strong><em>libri</em></strong></span> <span class='ocrx_word' id='word_1_431' title='bbox 520 1811 551 1834; x_wconf 86' lang='lat' dir='ltr'><strong><em>tot</em></strong></span> <span class='ocrx_word' id='word_1_432' title='bbox 565 1808 617 1843; x_wconf 71' lang='lat' dir='ltr'><strong><em>loci</em></strong></span> <span class='ocrx_word' id='word_1_433' title='bbox 631 1816 647 1834; x_wconf 90' lang='lat' dir='ltr'><strong><em>a</em></strong></span> <span class='ocrx_word' id='word_1_434' title='bbox 668 1807 773 1843; x_wconf 62' lang='lat' dir='ltr'><strong><em>itigultio</em></strong></span> <span class='ocrx_word' id='word_1_435' title='bbox 783 1816 815 1836; x_wconf 78' lang='lat' dir='ltr'><strong><em>ea:</em></strong></span> <span class='ocrx_word' id='word_1_436' title='bbox 830 1809 971 1843; x_wconf 71' lang='lat' dir='ltr'><strong><em>auctoritate</em></strong></span> <span class='ocrx_word' id='word_1_437' title='bbox 991 1812 1046 1836; x_wconf 82' lang='lat' dir='ltr'><strong><em>cod.</em></strong></span> <span class='ocrx_word' id='word_1_438' title='bbox 1061 1812 1083 1843; x_wconf 86' lang='lat' dir='ltr'><strong>C</strong></span> <span class='ocrx_word' id='word_1_439' title='bbox 1100 1817 1144 1836; x_wconf 68' lang='lat' dir='ltr'><strong><em>nos</em></strong></span> <span class='ocrx_word' id='word_1_440' title='bbox 1155 1810 1231 1843; x_wconf 78' lang='lat' dir='ltr'><strong><em>verba</em></strong></span> <span class='ocrx_word' id='word_1_441' title='bbox 1243 1810 1290 1834; x_wconf 81' lang='lat' dir='ltr'><strong><em>ista</em></strong></span> <span class='ocrx_word' id='word_1_442' title='bbox 1300 1808 1393 1841; x_wconf 76' lang='lat' dir='ltr'><strong><em>facere,</em></strong></span> <span class='ocrx_word' id='word_1_443' title='bbox 1405 1816 1453 1834; x_wconf 90' lang='lat' dir='ltr'><strong><em>non</em></strong></span> <span class='ocrx_word' id='word_1_444' title='bbox 1466 1810 1551 1841; x_wconf 83' lang='lat' dir='ltr'><strong><em>utique</em></strong></span> <span class='ocrx_word' id='word_1_445' title='bbox 1559 1809 1707 1835; x_wconf 76' lang='lat' dir='ltr'><strong><em>aﬂ‘eetntioni</em></strong></span> <span class='ocrx_word' id='word_1_446' title='bbox 1716 1809 1783 1843; x_wconf 76' lang='lat' dir='ltr'><strong><em>(Big.</em></strong></span> <span class='ocrx_word' id='word_1_447' title='bbox 1796 1811 1908 1837; x_wconf 75' lang='lat' dir='ltr'><strong><em>atfectio-</em></strong></span> 
     </span>
    </p>
   </div>
   <div class='ocr_carea' id='block_1_68' title="bbox 250 1808 1046 1878">
    <p class='ocr_par' dir='ltr' id='par_1_68' title="bbox 250 1808 1046 1878">
     <span class='ocr_line' id='line_1_68' title="bbox 282 1808 1046 1865; baseline 0.004 -32"><span class='ocrx_word' id='word_1_448' title='bbox 282 1808 319 1865; x_wconf 60' lang='lat' dir='ltr'><strong><em>(tl)</em></strong></span> <span class='ocrx_word' id='word_1_449' title='bbox 340 1808 424 1844; x_wconf 83' lang='lat' dir='ltr'><strong><em>Huius_</em></strong></span> <span class='ocrx_word' id='word_1_450' title='bbox 442 1808 498 1834; x_wconf 85' lang='lat' dir='ltr'><strong><em>libri</em></strong></span> <span class='ocrx_word' id='word_1_451' title='bbox 520 1811 551 1834; x_wconf 87' lang='lat' dir='ltr'><strong><em>tot</em></strong></span> <span class='ocrx_word' id='word_1_452' title='bbox 565 1808 617 1844; x_wconf 71' lang='lat' dir='ltr'><strong><em>loci</em></strong></span> <span class='ocrx_word' id='word_1_453' title='bbox 631 1816 647 1834; x_wconf 90' lang='lat' dir='ltr'><strong><em>a</em></strong></span> <span class='ocrx_word' id='word_1_454' title='bbox 668 1808 773 1844; x_wconf 65' lang='lat' dir='ltr'><strong><em>nigaItio</em></strong></span> <span class='ocrx_word' id='word_1_455' title='bbox 783 1816 815 1836; x_wconf 79' lang='lat' dir='ltr'><strong><em>ea:</em></strong></span> <span class='ocrx_word' id='word_1_456' title='bbox 830 1809 971 1836; x_wconf 74' lang='lat' dir='ltr'><strong><em>austeritate</em></strong></span> <span class='ocrx_word' id='word_1_457' title='bbox 991 1812 1046 1836; x_wconf 83' lang='lat' dir='ltr'><strong><em>cod.</em></strong></span> 
     </span>
     <span class='ocr_line' id='line_1_69' title="bbox 250 1840 1046 1878; baseline 0.005 -14"><span class='ocrx_word' id='word_1_458' title='bbox 250 1840 303 1878; x_wconf 52' lang='grc' dir='ltr'><strong><em>μιᾳ</em></strong></span> <span class='ocrx_word' id='word_1_459' title='bbox 311 1848 325 1865; x_wconf 78' lang='grc' dir='ltr'><strong><em>ι.</em></strong></span> <span class='ocrx_word' id='word_1_460' title='bbox 337 1844 424 1875; x_wconf 71' lang='grc' dir='ltr'><strong><em>ῃηιιίιιι</em></strong></span> <span class='ocrx_word' id='word_1_461' title='bbox 436 1844 498 1870; x_wconf 79' lang='lat' dir='ltr'><strong><em>sunt,</em></strong></span> <span class='ocrx_word' id='word_1_462' title='bbox 507 1843 537 1875; x_wconf 86' lang='lat' dir='ltr'><strong><em>_ut</em></strong></span> <span class='ocrx_word' id='word_1_463' title='bbox 548 1841 657 1876; x_wconf 75' lang='lat' dir='ltr'><strong><em>videatur</em></strong></span> <span class='ocrx_word' id='word_1_464' title='bbox 670 1845 713 1878; x_wconf 66' lang='lat' dir='ltr'><strong><em>iste</em></strong></span> <span class='ocrx_word' id='word_1_465' title='bbox 725 1848 804 1877; x_wconf 40' lang='lat' dir='ltr'><strong><em>prope.</em></strong></span> <span class='ocrx_word' id='word_1_466' title='bbox 815 1848 888 1878; x_wconf 82' lang='lat' dir='ltr'><strong><em>novus</em></strong></span> <span class='ocrx_word' id='word_1_467' title='bbox 896 1842 974 1878; x_wconf 68' lang='lat' dir='ltr'><strong><em>factus</em></strong></span> <span class='ocrx_word' id='word_1_468' title='bbox 986 1849 1046 1878; x_wconf 51' lang='lat' dir='ltr'><strong><em>esse.</em></strong></span> 
     </span>
    </p>
   </div>
   <div class='ocr_carea' id='block_1_69' title="bbox 249 1871 1048 1903">
    <p class='ocr_par' dir='ltr' id='par_1_69' title="bbox 249 1871 1048 1903">
     <span class='ocr_line' id='line_1_70' title="bbox 249 1871 1048 1903; baseline 0.004 -7"><span class='ocrx_word' id='word_1_469' title='bbox 249 1871 314 1903; x_wconf 68' lang='lat' dir='ltr'><strong><em>Iride</em></strong></span> <span class='ocrx_word' id='word_1_470' title='bbox 333 1871 358 1896; x_wconf 89' lang='lat' dir='ltr'><strong><em>in</em></strong></span> <span class='ocrx_word' id='word_1_471' title='bbox 370 1879 421 1903; x_wconf 82' lang='lat' dir='ltr'><strong><em>sqq.</em></strong></span> <span class='ocrx_word' id='word_1_472' title='bbox 435 1871 585 1903; x_wconf 59' lang='lat' dir='ltr'><strong><em>priocipuam</em></strong></span> <span class='ocrx_word' id='word_1_473' title='bbox 599 1871 731 1903; x_wconf 60' lang='lat' dir='ltr'><strong><em>scriptura?</em></strong></span> <span class='ocrx_word' id='word_1_474' title='bbox 750 1871 938 1899; x_wconf 71' lang='lat' dir='ltr'><strong><em>varietatem&#39;ita</em></strong></span> <span class='ocrx_word' id='word_1_475' title='bbox 949 1877 1048 1899; x_wconf 83' lang='lat' dir='ltr'><strong><em>annota-</em></strong></span> 
     </span>
    </p>
   </div>
   <div class='ocr_carea' id='block_1_70' title="bbox 247 1879 1050 1935">
    <p class='ocr_par' dir='ltr' id='par_1_70' title="bbox 247 1879 1050 1935">
     <span class='ocr_line' id='line_1_71' title="bbox 249 1879 1048 1903; baseline 0.005 -8"><span class='ocrx_word' id='word_1_476' title='bbox 249 1879 314 1902; x_wconf 77' lang='lat' dir='ltr'><strong><em>uutc</em></strong></span> <span class='ocrx_word' id='word_1_477' title='bbox 333 1879 358 1896; x_wconf 80' lang='lat' dir='ltr'><strong><em>in</em></strong></span> <span class='ocrx_word' id='word_1_478' title='bbox 370 1880 381 1896; x_wconf 75' lang='grc' dir='ltr'><strong>δ</strong></span> <span class='ocrx_word' id='word_1_479' title='bbox 399 1879 421 1903; x_wconf 84' lang='lat' dir='ltr'><strong><em>q.</em></strong></span> <span class='ocrx_word' id='word_1_480' title='bbox 435 1879 585 1902; x_wconf 72' lang='lat' dir='ltr'><strong><em>prrcctpuam</em></strong></span> <span class='ocrx_word' id='word_1_481' title='bbox 599 1879 731 1903; x_wconf 75' lang='lat' dir='ltr'><strong><em>scrtpturte</em></strong></span> <span class='ocrx_word' id='word_1_482' title='bbox 750 1879 889 1898; x_wconf 77' lang='lat' dir='ltr'><strong><em>varietatem</em></strong></span> <span class='ocrx_word' id='word_1_483' title='bbox 904 1879 938 1899; x_wconf 73' lang='lat' dir='ltr'><strong><em>ita</em></strong></span> <span class='ocrx_word' id='word_1_484' title='bbox 949 1879 1048 1899; x_wconf 83' lang='lat' dir='ltr'><strong><em>annota-</em></strong></span> 
     </span>
     <span class='ocr_line' id='line_1_72' title="bbox 247 1879 1050 1935; baseline 0.004 -8"><span class='ocrx_word' id='word_1_485' title='bbox 247 1901 333 1935; x_wconf 57' lang='lat' dir='ltr'><strong><em>t&#39;imsts.</em></strong></span> <span class='ocrx_word' id='word_1_486' title='bbox 345 1906 370 1927; x_wconf 89' lang='lat' dir='ltr'><strong><em>ut</em></strong></span> <span class='ocrx_word' id='word_1_487' title='bbox 382 1879 487 1935; x_wconf 56' lang='lat' dir='ltr'><strong><em>ingenio</em></strong></span> <span class='ocrx_word' id='word_1_488' title='bbox 503 1910 586 1928; x_wconf 86' lang='lat' dir='ltr'><strong><em>novam</em></strong></span> <span class='ocrx_word' id='word_1_489' title='bbox 598 1904 759 1935; x_wconf 82' lang='lat' dir='ltr'><strong><em>recensioncm</em></strong></span> <span class='ocrx_word' id='word_1_490' title='bbox 770 1903 939 1935; x_wconf 81' lang='lat' dir='ltr'><strong><em>tribueremus,</em></strong></span> <span class='ocrx_word' id='word_1_491' title='bbox 949 1904 1050 1931; x_wconf 79' lang='lat' dir='ltr'><strong><em>semieri</em></strong></span> 
     </span>
    </p>
   </div>
   <div class='ocr_carea' id='block_1_71' title="bbox 246 1934 985 1967">
    <p class='ocr_par' dir='ltr' id='par_1_71' title="bbox 246 1934 985 1967">
     <span class='ocr_line' id='line_1_73' title="bbox 246 1934 985 1967; baseline 0.004 -9"><span class='ocrx_word' id='word_1_492' title='bbox 246 1934 342 1967; x_wconf 76' lang='lat' dir='ltr'><strong><em>nomine</em></strong></span> <span class='ocrx_word' id='word_1_493' title='bbox 349 1934 495 1967; x_wconf 75' lang='lat' dir='ltr'><strong><em>scripturam</em></strong></span> <span class='ocrx_word' id='word_1_494' title='bbox 505 1939 628 1966; x_wconf 82' lang='lat' dir='ltr'><strong><em>receptum</em></strong></span> <span class='ocrx_word' id='word_1_495' title='bbox 640 1934 810 1961; x_wconf 77' lang='lat' dir='ltr'><strong><em>iudicaremus.</em></strong></span> <span class='ocrx_word' id='word_1_496' title='bbox 867 1934 985 1962; x_wconf 65' lang='lat' dir='ltr'><strong><em>Leonem.</em></strong></span> 
     </span>
    </p>
   </div>
   <div class='ocr_carea' id='block_1_72' title="bbox 278 1965 1049 1999">
    <p class='ocr_par' dir='ltr' id='par_1_72' title="bbox 278 1965 1049 1999">
     <span class='ocr_line' id='line_1_74' title="bbox 278 1965 1049 1999; baseline 0.004 -9"><span class='ocrx_word' id='word_1_497' title='bbox 278 1965 314 1997; x_wconf 70' lang='lat'><strong><em>(:2)</em></strong></span> <span class='ocrx_word' id='word_1_498' title='bbox 325 1965 617 1998; x_wconf 68' lang='lat' dir='ltr'><strong><em>Setnl.&#39;postrcmissituus</em></strong></span> <span class='ocrx_word' id='word_1_499' title='bbox 628 1968 744 1998; x_wconf 87' lang='lat' dir='ltr'><strong><em>omniutn,</em></strong></span> <span class='ocrx_word' id='word_1_500' title='bbox 758 1968 800 1999; x_wconf 88' lang='lat' dir='ltr'><strong><em>qui</em></strong></span> <span class='ocrx_word' id='word_1_501' title='bbox 811 1968 842 1993; x_wconf 93' lang='lat' dir='ltr'><strong><em>de</em></strong></span> <span class='ocrx_word' id='word_1_502' title='bbox 855 1974 911 1993; x_wconf 88' lang='lat' dir='ltr'><strong><em>meo</em></strong></span> <span class='ocrx_word' id='word_1_503' title='bbox 916 1975 975 1999; x_wconf 58' lang='lat' dir='ltr'><strong><em>iure</em></strong></span> <span class='ocrx_word' id='word_1_504' title='bbox 983 1968 1049 1993; x_wconf 86' lang='lat' dir='ltr'><strong><em>—ad</em></strong></span> 
     </span>
    </p>
   </div>
   <div class='ocr_carea' id='block_1_73' title="bbox 1100 1842 1282 1872">
    <p class='ocr_par' dir='ltr' id='par_1_73' title="bbox 1100 1842 1282 1872">
     <span class='ocr_line' id='line_1_75' title="bbox 1100 1842 1282 1872; baseline -0.011 -5"><span class='ocrx_word' id='word_1_505' title='bbox 1100 1843 1150 1872; x_wconf 85' lang='lat' dir='ltr'><strong><em>nis)</em></strong></span> <span class='ocrx_word' id='word_1_506' title='bbox 1164 1842 1219 1869; x_wconf 75' lang='lat' dir='ltr'><strong><em>sed.</em></strong></span> <span class='ocrx_word' id='word_1_507' title='bbox 1233 1845 1282 1866; x_wconf 87' lang='lat' dir='ltr'><strong><em>etc.</em></strong></span> 
     </span>
    </p>
   </div>
   <div class='ocr_carea' id='block_1_74' title="bbox 1132 1871 1501 1906">
    <p class='ocr_par' dir='ltr' id='par_1_74' title="bbox 1132 1871 1501 1906">
     <span class='ocr_line' id='line_1_76' title="bbox 1132 1871 1501 1906; baseline -0.005 -8"><span class='ocrx_word' id='word_1_508' title='bbox 1132 1871 1168 1906; x_wconf 78' lang='lat'><strong><em>(3)</em></strong></span> <span class='ocrx_word' id='word_1_509' title='bbox 1181 1871 1336 1906; x_wconf 68' lang='lat' dir='ltr'><strong><em>Rig._a-d_itua</em></strong></span> <span class='ocrx_word' id='word_1_510' title='bbox 1351 1876 1376 1897; x_wconf 86' lang='lat' dir='ltr'><strong><em>et</em></strong></span> <span class='ocrx_word' id='word_1_511' title='bbox 1385 1872 1501 1906; x_wconf 76' lang='lat' dir='ltr'><strong><em>antistita.</em></strong></span> 
     </span>
    </p>
   </div>
   <div class='ocr_carea' id='block_1_75' title="bbox 1145 1902 1697 1938">
    <p class='ocr_par' dir='ltr' id='par_1_75' title="bbox 1145 1902 1697 1938">
     <span class='ocr_line' id='line_1_77' title="bbox 1145 1902 1697 1938; baseline 0.002 -10"><span class='ocrx_word' id='word_1_512' title='bbox 1145 1902 1169 1938; x_wconf 56' lang='grc' dir='ltr'><strong><em>ξ’)</em></strong></span> <span class='ocrx_word' id='word_1_513' title='bbox 1185 1902 1223 1938; x_wconf 68' lang='lat' dir='ltr'><strong><em>rt&quot;.</em></strong></span> <span class='ocrx_word' id='word_1_514' title='bbox 1236 1904 1294 1928; x_wconf 83' lang='lat' dir='ltr'><strong><em>Sed.</em></strong></span> <span class='ocrx_word' id='word_1_515' title='bbox 1309 1911 1333 1928; x_wconf 73' lang='grc' dir='ltr'><strong><em>ρ.</em></strong></span> <span class='ocrx_word' id='word_1_516' title='bbox 1348 1911 1372 1935; x_wconf 88' lang='lat' dir='ltr'><strong><em>p.</em></strong></span> <span class='ocrx_word' id='word_1_517' title='bbox 1385 1904 1410 1928; x_wconf 88' lang='lat' dir='ltr'><strong><em>iu</em></strong></span> <span class='ocrx_word' id='word_1_518' title='bbox 1422 1904 1531 1938; x_wconf 74' lang='lat' dir='ltr'><strong><em>pristinis</em></strong></span> <span class='ocrx_word' id='word_1_519' title='bbox 1539 1902 1628 1938; x_wconf 71' lang='lat' dir='ltr'><strong><em>delevit</em></strong></span> <span class='ocrx_word' id='word_1_520' title='bbox 1640 1903 1697 1938; x_wconf 63' lang='grc' dir='ltr'><strong><em>Βία.</em></strong></span> 
     </span>
    </p>
   </div>
   <div class='ocr_carea' id='block_1_76' title="bbox 1145 1934 1907 1970">
    <p class='ocr_par' dir='ltr' id='par_1_76' title="bbox 1145 1934 1907 1970">
     <span class='ocr_line' id='line_1_78' title="bbox 1145 1934 1907 1970; baseline 0.005 -11"><span class='ocrx_word' id='word_1_521' title='bbox 1145 1934 1170 1968; x_wconf 77' lang='lat'><strong><em>5&#39;)</em></strong></span> <span class='ocrx_word' id='word_1_522' title='bbox 1180 1936 1224 1970; x_wconf 78' lang='lat' dir='ltr'><strong><em>_It_a</em></strong></span> <span class='ocrx_word' id='word_1_523' title='bbox 1239 1934 1371 1970; x_wconf 62' lang='lat' dir='ltr'><strong><em>tt&#39;ouweri;</em></strong></span> <span class='ocrx_word' id='word_1_524' title='bbox 1393 1934 1464 1961; x_wconf 80' lang='lat' dir='ltr'><strong><em>Seml.</em></strong></span> <span class='ocrx_word' id='word_1_525' title='bbox 1487 1935 1599 1961; x_wconf 79' lang='lat' dir='ltr'><strong><em>eamdem</em></strong></span> <span class='ocrx_word' id='word_1_526' title='bbox 1621 1937 1659 1961; x_wconf 88' lang='lat' dir='ltr'><strong><em>sui</em></strong></span> <span class='ocrx_word' id='word_1_527' title='bbox 1671 1934 1810 1970; x_wconf 70' lang='lat' dir='ltr'><strong><em>circ.;1tig.</em></strong></span> <span class='ocrx_word' id='word_1_528' title='bbox 1824 1938 1907 1965; x_wconf 68' lang='lat' dir='ltr'><strong><em>csmd.</em></strong></span> 
     </span>
    </p>
   </div>
   <div class='ocr_carea' id='block_1_77' title="bbox 1100 1967 1326 1999">
    <p class='ocr_par' dir='ltr' id='par_1_77' title="bbox 1100 1967 1326 1999">
     <span class='ocr_line' id='line_1_79' title="bbox 1100 1967 1326 1999; baseline -0.004 -7"><span class='ocrx_word' id='word_1_529' title='bbox 1100 1967 1256 1999; x_wconf 77' lang='lat' dir='ltr'><strong><em>superficiem</em></strong></span> <span class='ocrx_word' id='word_1_530' title='bbox 1268 1967 1326 1992; x_wconf 89' lang='lat' dir='ltr'><strong><em>circ.</em></strong></span> 
     </span>
    </p>
   </div>
   <div class='ocr_carea' id='block_1_78' title="bbox 930 2021 1211 2051">
    <p class='ocr_par' dir='ltr' id='par_1_78' title="bbox 930 2021 1211 2051">
     <span class='ocr_line' id='line_1_80' title="bbox 930 2021 1211 2051; baseline -0.007 -1"><span class='ocrx_word' id='word_1_531' title='bbox 930 2021 1211 2051; x_wconf 79' lang='lat' dir='ltr'><strong><em>COMMENTARIUS.</em></strong></span> 
     </span>
    </p>
   </div>
   <div class='ocr_carea' id='block_1_79' title="bbox 282 2067 1038 2105">
    <p class='ocr_par' dir='ltr' id='par_1_79' title="bbox 282 2067 1038 2105">
     <span class='ocr_line' id='line_1_81' title="bbox 282 2067 1038 2105; baseline 0.004 -11"><span class='ocrx_word' id='word_1_532' title='bbox 282 2067 319 2103; x_wconf 90' lang='lat' dir='ltr'><strong><em>(a)</em></strong></span> <span class='ocrx_word' id='word_1_533' title='bbox 343 2067 397 2105; x_wconf 82' lang='lat' dir='ltr'><strong><em>Hoc</em></strong></span> <span class='ocrx_word' id='word_1_534' title='bbox 423 2068 541 2105; x_wconf 83' lang='lat' dir='ltr'><strong><em>secundo</em></strong></span> <span class='ocrx_word' id='word_1_535' title='bbox 562 2068 595 2095; x_wconf 86' lang='lat' dir='ltr'><strong><em>de</em></strong></span> <span class='ocrx_word' id='word_1_536' title='bbox 618 2068 690 2096; x_wconf 89' lang='lat' dir='ltr'><strong><em>cultu</em></strong></span> <span class='ocrx_word' id='word_1_537' title='bbox 714 2068 882 2097; x_wconf 65' lang='lat' dir='ltr'><strong><em>heminarum</em></strong></span> <span class='ocrx_word' id='word_1_538' title='bbox 909 2071 1038 2105; x_wconf 90' lang='lat' dir='ltr'><strong><em>opusculo</em></strong></span> 
     </span>
    </p>
   </div>
   <div class='ocr_carea' id='block_1_80' title="bbox 243 2104 1036 2137">
    <p class='ocr_par' dir='ltr' id='par_1_80' title="bbox 243 2104 1036 2137">
     <span class='ocr_line' id='line_1_82' title="bbox 243 2104 1036 2137; baseline 0.004 -7"><span class='ocrx_word' id='word_1_539' title='bbox 243 2106 326 2130; x_wconf 84' lang='lat' dir='ltr'><strong><em>multa</em></strong></span> <span class='ocrx_word' id='word_1_540' title='bbox 341 2104 375 2130; x_wconf 86' lang='lat' dir='ltr'><strong><em>de</em></strong></span> <span class='ocrx_word' id='word_1_541' title='bbox 398 2104 484 2137; x_wconf 86' lang='lat' dir='ltr'><strong><em>primo</em></strong></span> <span class='ocrx_word' id='word_1_542' title='bbox 498 2108 644 2132; x_wconf 81' lang='lat' dir='ltr'><strong><em>tractantur</em></strong></span> <span class='ocrx_word' id='word_1_543' title='bbox 664 2105 774 2133; x_wconf 87' lang='lat' dir='ltr'><strong><em>uberius</em></strong></span> <span class='ocrx_word' id='word_1_544' title='bbox 786 2126 793 2137; x_wconf 89' lang='lat'><strong><em>,</em></strong></span> <span class='ocrx_word' id='word_1_545' title='bbox 808 2114 875 2133; x_wconf 87' lang='lat' dir='ltr'><strong><em>nova</em></strong></span> <span class='ocrx_word' id='word_1_546' title='bbox 887 2104 968 2133; x_wconf 85' lang='lat' dir='ltr'><strong><em>etiam</em></strong></span> <span class='ocrx_word' id='word_1_547' title='bbox 983 2114 1036 2133; x_wconf 85' lang='lat' dir='ltr'><strong><em>non</em></strong></span> 
     </span>
    </p>
   </div>
   <div class='ocr_carea' id='block_1_81' title="bbox 245 2140 1034 2176">
    <p class='ocr_par' dir='ltr' id='par_1_81' title="bbox 245 2140 1034 2176">
     <span class='ocr_line' id='line_1_83' title="bbox 245 2140 1034 2176; baseline 0.005 -11"><span class='ocrx_word' id='word_1_548' title='bbox 245 2146 327 2174; x_wconf 84' lang='lat' dir='ltr'><strong><em>pauca</em></strong></span> <span class='ocrx_word' id='word_1_549' title='bbox 344 2140 515 2176; x_wconf 83' lang='lat' dir='ltr'><strong><em>proiemntur</em></strong></span> <span class='ocrx_word' id='word_1_550' title='bbox 531 2141 635 2173; x_wconf 79' lang='lat' dir='ltr'><strong><em>utilius,</em></strong></span> <span class='ocrx_word' id='word_1_551' title='bbox 648 2141 725 2175; x_wconf 85' lang='lat' dir='ltr'><strong><em>plena</em></strong></span> <span class='ocrx_word' id='word_1_552' title='bbox 739 2141 829 2168; x_wconf 86' lang='lat' dir='ltr'><strong><em>omnia</em></strong></span> <span class='ocrx_word' id='word_1_553' title='bbox 844 2142 954 2176; x_wconf 87' lang='lat' dir='ltr'><strong><em>spiritus</em></strong></span> <span class='ocrx_word' id='word_1_554' title='bbox 962 2142 1034 2169; x_wconf 91' lang='lat' dir='ltr'><strong><em>chri-</em></strong></span> 
     </span>
    </p>
   </div>
   <div class='ocr_carea' id='block_1_82' title="bbox 243 2175 1039 2213">
    <p class='ocr_par' dir='ltr' id='par_1_82' title="bbox 243 2175 1039 2213">
     <span class='ocr_line' id='line_1_84' title="bbox 243 2175 1039 2213; baseline 0.001 -10"><span class='ocrx_word' id='word_1_555' title='bbox 243 2176 332 2213; x_wconf 9' lang='lat' dir='ltr'><strong><em>stiani,</em></strong></span> <span class='ocrx_word' id='word_1_556' title='bbox 345 2175 519 2213; x_wconf 83' lang='lat' dir='ltr'><strong><em>sublimioris.</em></strong></span> <span class='ocrx_word' id='word_1_557' title='bbox 544 2177 582 2204; x_wconf 85' lang='lat' dir='ltr'><strong><em>Ea</em></strong></span> <span class='ocrx_word' id='word_1_558' title='bbox 601 2184 665 2205; x_wconf 86' lang='lat' dir='ltr'><strong><em>vero</em></strong></span> <span class='ocrx_word' id='word_1_559' title='bbox 679 2177 783 2205; x_wconf 86' lang='lat' dir='ltr'><strong><em>mendis</em></strong></span> <span class='ocrx_word' id='word_1_560' title='bbox 802 2175 930 2205; x_wconf 81' lang='lat' dir='ltr'><strong><em>hactenus</em></strong></span> <span class='ocrx_word' id='word_1_561' title='bbox 950 2177 1039 2213; x_wconf 87' lang='lat' dir='ltr'><strong><em>inqui-</em></strong></span> 
     </span>
    </p>
   </div>
   <div class='ocr_carea' id='block_1_83' title="bbox 243 2211 1040 2248">
    <p class='ocr_par' dir='ltr' id='par_1_83' title="bbox 243 2211 1040 2248">
     <span class='ocr_line' id='line_1_85' title="bbox 243 2211 1040 2248; baseline 0.004 -10"><span class='ocrx_word' id='word_1_562' title='bbox 243 2217 306 2238; x_wconf 86' lang='lat' dir='ltr'><strong><em>nata</em></strong></span> <span class='ocrx_word' id='word_1_563' title='bbox 328 2211 545 2248; x_wconf 86' lang='lat' dir='ltr'><strong><em>in_splendorem</em></strong></span> <span class='ocrx_word' id='word_1_564' title='bbox 569 2214 687 2240; x_wconf 84' lang='lat' dir='ltr'><strong><em>nativum</em></strong></span> <span class='ocrx_word' id='word_1_565' title='bbox 703 2214 742 2241; x_wconf 88' lang='lat' dir='ltr'><strong><em>sic</em></strong></span> <span class='ocrx_word' id='word_1_566' title='bbox 756 2213 885 2246; x_wconf 78' lang='lat' dir='ltr'><strong><em>redeunt,</em></strong></span> <span class='ocrx_word' id='word_1_567' title='bbox 903 2219 932 2241; x_wconf 89' lang='lat' dir='ltr'><strong><em>ut</em></strong></span> <span class='ocrx_word' id='word_1_568' title='bbox 957 2211 1040 2248; x_wconf 79' lang='lat' dir='ltr'><strong><em>prope</em></strong></span> 
     </span>
    </p>
   </div>
   <div class='ocr_carea' id='block_1_84' title="bbox 242 2246 1039 2285">
    <p class='ocr_par' dir='ltr' id='par_1_84' title="bbox 242 2246 1039 2285">
     <span class='ocr_line' id='line_1_86' title="bbox 242 2246 1039 2285; baseline 0.003 -11"><span class='ocrx_word' id='word_1_569' title='bbox 242 2254 311 2285; x_wconf 73' lang='lat' dir='ltr'><strong><em>nova</em></strong></span> <span class='ocrx_word' id='word_1_570' title='bbox 325 2246 555 2285; x_wconf 79' lang='lat' dir='ltr'><strong><em>haberidebeant.</em></strong></span> <span class='ocrx_word' id='word_1_571' title='bbox 571 2249 638 2285; x_wconf 78' lang='lat' dir='ltr'><strong><em>Sunt</em></strong></span> <span class='ocrx_word' id='word_1_572' title='bbox 650 2252 737 2277; x_wconf 81' lang='lat' dir='ltr'><strong><em>tamen</em></strong></span> <span class='ocrx_word' id='word_1_573' title='bbox 752 2249 778 2276; x_wconf 89' lang='lat' dir='ltr'><strong><em>in</em></strong></span> <span class='ocrx_word' id='word_1_574' title='bbox 794 2250 857 2285; x_wconf 83' lang='lat' dir='ltr'><strong><em>ipsis</em></strong></span> <span class='ocrx_word' id='word_1_575' title='bbox 870 2246 1039 2277; x_wconf 81' lang='lat' dir='ltr'><strong><em>emendatio-</em></strong></span> 
     </span>
    </p>
   </div>
   <div class='ocr_carea' id='block_1_85' title="bbox 241 2283 1039 2319">
    <p class='ocr_par' dir='ltr' id='par_1_85' title="bbox 241 2283 1039 2319">
     <span class='ocr_line' id='line_1_87' title="bbox 241 2283 1039 2319; baseline 0.005 -10"><span class='ocrx_word' id='word_1_576' title='bbox 241 2283 321 2319; x_wconf 82' lang='lat' dir='ltr'><strong><em>nibus</em></strong></span> <span class='ocrx_word' id='word_1_577' title='bbox 333 2283 493 2318; x_wconf 87' lang='lat' dir='ltr'><strong><em>pervidenda</em></strong></span> <span class='ocrx_word' id='word_1_578' title='bbox 506 2283 629 2318; x_wconf 66' lang='lat' dir='ltr'><strong><em>qumdam</em></strong></span> <span class='ocrx_word' id='word_1_579' title='bbox 640 2305 647 2318; x_wconf 84' lang='grc'><em>,</em></span> <span class='ocrx_word' id='word_1_580' title='bbox 660 2292 719 2319; x_wconf 71' lang='lat' dir='ltr'><strong><em>qua:</em></strong></span> <span class='ocrx_word' id='word_1_581' title='bbox 735 2283 840 2312; x_wconf 74' lang='lat' dir='ltr'><strong><em>nonnisi</em></strong></span> <span class='ocrx_word' id='word_1_582' title='bbox 866 2286 1039 2313; x_wconf 81' lang='lat' dir='ltr'><strong><em>attentissimi</em></strong></span> 
     </span>
    </p>
   </div>
   <div class='ocr_carea' id='block_1_86' title="bbox 241 2317 955 2354">
    <p class='ocr_par' dir='ltr' id='par_1_86' title="bbox 241 2317 955 2354">
     <span class='ocr_line' id='line_1_88' title="bbox 241 2317 955 2354; baseline 0.001 -8"><span class='ocrx_word' id='word_1_583' title='bbox 241 2317 407 2347; x_wconf 72' lang='lat' dir='ltr'><strong><em>discernat&quot;.</em></strong></span> <span class='ocrx_word' id='word_1_584' title='bbox 418 2317 642 2354; x_wconf 76' lang='lat' dir='ltr'><strong><em>ltaqueindicinte</em></strong></span> <span class='ocrx_word' id='word_1_585' title='bbox 664 2317 777 2354; x_wconf 87' lang='lat' dir='ltr'><strong><em>pretium</em></strong></span> <span class='ocrx_word' id='word_1_586' title='bbox 793 2321 881 2349; x_wconf 74' lang='lat' dir='ltr'><strong><em>fuerit.</em></strong></span> <span class='ocrx_word' id='word_1_587' title='bbox 896 2322 955 2349; x_wconf 83' lang='lat' dir='ltr'><strong><em>th.</em></strong></span> 
     </span>
    </p>
   </div>
   <div class='ocr_carea' id='block_1_87' title="bbox 276 2354 1081 2399">
    <p class='ocr_par' dir='ltr' id='par_1_87' title="bbox 276 2354 1081 2399">
     <span class='ocr_line' id='line_1_89' title="bbox 276 2354 1081 2399; baseline 0.005 -18"><span class='ocrx_word' id='word_1_588' title='bbox 276 2354 353 2399; x_wconf 46' lang='lat' dir='ltr'><strong><em>CA‘II.</em></strong></span> <span class='ocrx_word' id='word_1_589' title='bbox 363 2354 477 2399; x_wconf 38' lang='lat' dir='ltr'><strong><em>Iit—lli)</em></strong></span> <span class='ocrx_word' id='word_1_590' title='bbox 489 2355 913 2399; x_wconf 47' lang='lat' dir='ltr'><strong><em>fostremissimusl:_Superlativus</em></strong></span> <span class='ocrx_word' id='word_1_591' title='bbox 929 2364 1041 2399; x_wconf 64' lang='lat' dir='ltr'><strong><em>usut&#39;pa-</em></strong></span> <span class='ocrx_word' id='word_1_592' title='bbox 1055 2358 1081 2389; x_wconf 88' lang='lat' dir='ltr'><strong><em>D</em></strong></span> 
     </span>
    </p>
   </div>
   <div class='ocr_carea' id='block_1_88' title="bbox 241 2390 1040 2428">
    <p class='ocr_par' dir='ltr' id='par_1_88' title="bbox 241 2390 1040 2428">
     <span class='ocr_line' id='line_1_90' title="bbox 241 2390 1040 2428; baseline 0.001 -11"><span class='ocrx_word' id='word_1_593' title='bbox 241 2394 283 2428; x_wconf 79' lang='lat' dir='ltr'><strong><em>tus</em></strong></span> <span class='ocrx_word' id='word_1_594' title='bbox 294 2398 308 2417; x_wconf 83' lang='lat' dir='ltr'><strong><em>a</em></strong></span> <span class='ocrx_word' id='word_1_595' title='bbox 322 2390 417 2419; x_wconf 85' lang='lat' dir='ltr'><strong><em>Gellio.</em></strong></span> <span class='ocrx_word' id='word_1_596' title='bbox 433 2390 507 2426; x_wconf 80' lang='lat' dir='ltr'><strong><em>Legit</em></strong></span> <span class='ocrx_word' id='word_1_597' title='bbox 528 2397 618 2427; x_wconf 87' lang='lat' dir='ltr'><strong><em>postea</em></strong></span> <span class='ocrx_word' id='word_1_598' title='bbox 633 2390 891 2428; x_wconf 28' lang='lat' dir='ltr'><strong><em>Rigaltius’equidem</em></strong></span> <span class='ocrx_word' id='word_1_599' title='bbox 907 2401 961 2420; x_wconf 88' lang='lat' dir='ltr'><strong><em>meo</em></strong></span> <span class='ocrx_word' id='word_1_600' title='bbox 969 2390 1040 2428; x_wconf 74' lang='lat' dir='ltr'><strong><em>jure,</em></strong></span> 
     </span>
    </p>
   </div>
   <div class='ocr_carea' id='block_1_89' title="bbox 240 2425 1042 2463">
    <p class='ocr_par' dir='ltr' id='par_1_89' title="bbox 240 2425 1042 2463">
     <span class='ocr_line' id='line_1_91' title="bbox 240 2425 1042 2463; baseline 0.002 -10"><span class='ocrx_word' id='word_1_601' title='bbox 240 2425 266 2453; x_wconf 84' lang='lat' dir='ltr'><strong><em>id</em></strong></span> <span class='ocrx_word' id='word_1_602' title='bbox 282 2427 402 2462; x_wconf 82' lang='lat' dir='ltr'><strong><em>cst.jnre</em></strong></span> <span class='ocrx_word' id='word_1_603' title='bbox 424 2425 495 2463; x_wconf 77' lang='lat' dir='ltr'><strong><em>quod</em></strong></span> <span class='ocrx_word' id='word_1_604' title='bbox 517 2425 541 2455; x_wconf 80' lang='lat' dir='ltr'><strong><em>ei</em></strong></span> <span class='ocrx_word' id='word_1_605' title='bbox 564 2425 732 2463; x_wconf 72' lang='lat' dir='ltr'><strong><em>cctnpetcbat</em></strong></span> <span class='ocrx_word' id='word_1_606' title='bbox 752 2433 781 2455; x_wconf 88' lang='lat' dir='ltr'><strong><em>ut</em></strong></span> <span class='ocrx_word' id='word_1_607' title='bbox 796 2425 977 2456; x_wconf 60' lang='lat' dir='ltr'><strong><em>scriberetur]</em></strong></span> <span class='ocrx_word' id='word_1_608' title='bbox 992 2425 1042 2456; x_wconf 54' lang='lat' dir='ltr'><strong><em>ite?</em></strong></span> 
     </span>
    </p>
   </div>
   <div class='ocr_carea' id='block_1_90' title="bbox 240 2463 1042 2498">
    <p class='ocr_par' dir='ltr' id='par_1_90' title="bbox 240 2463 1042 2498">
     <span class='ocr_line' id='line_1_92' title="bbox 240 2463 1042 2498; baseline 0.002 -9"><span class='ocrx_word' id='word_1_609' title='bbox 240 2463 337 2498; x_wconf 71' lang='lat' dir='ltr'><strong><em>minus,</em></strong></span> <span class='ocrx_word' id='word_1_610' title='bbox 359 2464 484 2498; x_wconf 90' lang='lat' dir='ltr'><strong><em>quoniam</em></strong></span> <span class='ocrx_word' id='word_1_611' title='bbox 501 2464 582 2491; x_wconf 78' lang='lat' dir='ltr'><strong><em>frater</em></strong></span> <span class='ocrx_word' id='word_1_612' title='bbox 594 2469 652 2491; x_wconf 81' lang='lat' dir='ltr'><strong><em>erat</em></strong></span> <span class='ocrx_word' id='word_1_613' title='bbox 663 2469 690 2491; x_wconf 87' lang='lat' dir='ltr'><strong><em>et</em></strong></span> <span class='ocrx_word' id='word_1_614' title='bbox 711 2471 867 2492; x_wconf 86' lang='lat' dir='ltr'><strong><em>conservus.</em></strong></span> <span class='ocrx_word' id='word_1_615' title='bbox 884 2464 922 2492; x_wconf 78' lang='lat' dir='ltr'><strong><em>La</em></strong></span> <span class='ocrx_word' id='word_1_616' title='bbox 943 2464 991 2491; x_wconf 72' lang='lat' dir='ltr'><strong><em>Pa.</em></strong></span> <span class='ocrx_word' id='word_1_617' title='bbox 1006 2479 1042 2485; x_wconf 90' lang='lat'><strong><em>-—</em></strong></span> 
     </span>
    </p>
   </div>
   <div class='ocr_carea' id='block_1_91' title="bbox 240 2497 985 2536">
    <p class='ocr_par' dir='ltr' id='par_1_91' title="bbox 240 2497 985 2536">
     <span class='ocr_line' id='line_1_93' title="bbox 240 2497 985 2536; baseline 0.003 -11"><span class='ocrx_word' id='word_1_618' title='bbox 240 2497 334 2536; x_wconf 82' lang='lat' dir='ltr'><strong><em>Melius</em></strong></span> <span class='ocrx_word' id='word_1_619' title='bbox 346 2498 459 2536; x_wconf 68' lang='lat' dir='ltr'><strong><em>forsitan</em></strong></span> <span class='ocrx_word' id='word_1_620' title='bbox 474 2499 574 2536; x_wconf 83' lang='lat' dir='ltr'><strong><em>legeris</em></strong></span> <span class='ocrx_word' id='word_1_621' title='bbox 588 2509 595 2527; x_wconf 89' lang='lat'>:</span> <span class='ocrx_word' id='word_1_622' title='bbox 609 2499 643 2526; x_wconf 89' lang='lat' dir='ltr'><strong><em>Et</em></strong></span> <span class='ocrx_word' id='word_1_623' title='bbox 653 2500 755 2536; x_wconf 82' lang='lat' dir='ltr'><strong><em>quidem</em></strong></span> <span class='ocrx_word' id='word_1_624' title='bbox 770 2508 825 2527; x_wconf 86' lang='lat' dir='ltr'><strong><em>meo</em></strong></span> <span class='ocrx_word' id='word_1_625' title='bbox 836 2500 905 2535; x_wconf 86' lang='lat' dir='ltr'><strong><em>jure.</em></strong></span> <span class='ocrx_word' id='word_1_626' title='bbox 918 2501 985 2528; x_wconf 77' lang='lat' dir='ltr'><strong><em>Eoo.</em></strong></span> 
     </span>
    </p>
   </div>
   <div class='ocr_carea' id='block_1_92' title="bbox 276 2533 1037 2572">
    <p class='ocr_par' dir='ltr' id='par_1_92' title="bbox 276 2533 1037 2572">
     <span class='ocr_line' id='line_1_94' title="bbox 276 2533 1037 2572; baseline 0.004 -12"><span class='ocrx_word' id='word_1_627' title='bbox 276 2533 315 2569; x_wconf 72' lang='grc' dir='ltr'><strong><em>(ε)</em></strong></span> <span class='ocrx_word' id='word_1_628' title='bbox 336 2534 399 2568; x_wconf 78' lang='lat' dir='ltr'><strong><em>Qute</em></strong></span> <span class='ocrx_word' id='word_1_629' title='bbox 423 2535 488 2562; x_wconf 81' lang='lat' dir='ltr'><strong><em>nihil</em></strong></span> <span class='ocrx_word' id='word_1_630' title='bbox 507 2533 670 2563; x_wconf 80' lang='lat' dir='ltr'><strong><em>immundum</em></strong></span> <span class='ocrx_word' id='word_1_631' title='bbox 694 2545 739 2563; x_wconf 88' lang='lat' dir='ltr'><strong><em>nec</em></strong></span> <span class='ocrx_word' id='word_1_632' title='bbox 763 2533 911 2572; x_wconf 76' lang='lat' dir='ltr'><strong><em>profanum.</em></strong></span> <span class='ocrx_word' id='word_1_633' title='bbox 939 2536 996 2563; x_wconf 88' lang='lat' dir='ltr'><strong><em>Hoc</em></strong></span> <span class='ocrx_word' id='word_1_634' title='bbox 1011 2537 1037 2564; x_wconf 92' lang='lat' dir='ltr'><strong><em>in</em></strong></span> 
     </span>
    </p>
   </div>
   <div class='ocr_carea' id='block_1_93' title="bbox 239 2572 1039 2608">
    <p class='ocr_par' dir='ltr' id='par_1_93' title="bbox 239 2572 1039 2608">
     <span class='ocr_line' id='line_1_95' title="bbox 239 2572 1039 2608; baseline 0.004 -12"><span class='ocrx_word' id='word_1_635' title='bbox 239 2576 322 2608; x_wconf 81' lang='lat' dir='ltr'><strong><em>suum</em></strong></span> <span class='ocrx_word' id='word_1_636' title='bbox 331 2574 474 2598; x_wconf 84' lang='lat' dir='ltr'><strong><em>tractatum</em></strong></span> <span class='ocrx_word' id='word_1_637' title='bbox 491 2572 626 2599; x_wconf 84' lang='lat' dir='ltr'><strong><em>transtulit</em></strong></span> <span class='ocrx_word' id='word_1_638' title='bbox 637 2572 788 2608; x_wconf 81' lang='lat' dir='ltr'><strong><em>Cyprianus</em></strong></span> <span class='ocrx_word' id='word_1_639' title='bbox 801 2577 914 2607; x_wconf 82' lang='lat' dir='ltr'><strong><em>martyr.</em></strong></span> <span class='ocrx_word' id='word_1_640' title='bbox 931 2572 1039 2599; x_wconf 84' lang='lat' dir='ltr'><strong><em>Demus-</em></strong></span> 
     </span>
    </p>
   </div>
   <div class='ocr_carea' id='block_1_94' title="bbox 238 2607 1039 2643">
    <p class='ocr_par' dir='ltr' id='par_1_94' title="bbox 238 2607 1039 2643">
     <span class='ocr_line' id='line_1_96' title="bbox 238 2607 1039 2643; baseline 0.002 -11"><span class='ocrx_word' id='word_1_641' title='bbox 238 2613 303 2639; x_wconf 82' lang='lat' dir='ltr'><strong><em>que,</em></strong></span> <span class='ocrx_word' id='word_1_642' title='bbox 316 2607 418 2643; x_wconf 82' lang='lat' dir='ltr'><strong><em>inquit.</em></strong></span> <span class='ocrx_word' id='word_1_643' title='bbox 434 2615 553 2642; x_wconf 81' lang='lat' dir='ltr'><strong><em>operam,</em></strong></span> <span class='ocrx_word' id='word_1_644' title='bbox 567 2616 597 2635; x_wconf 84' lang='lat' dir='ltr'><strong><em>ne</em></strong></span> <span class='ocrx_word' id='word_1_645' title='bbox 611 2608 673 2643; x_wconf 83' lang='lat' dir='ltr'><strong><em>quid</em></strong></span> <span class='ocrx_word' id='word_1_646' title='bbox 686 2608 848 2635; x_wconf 79' lang='lat' dir='ltr'><strong><em>immundum</em></strong></span> <span class='ocrx_word' id='word_1_647' title='bbox 862 2613 885 2635; x_wconf 89' lang='lat' dir='ltr'><strong><em>et</em></strong></span> <span class='ocrx_word' id='word_1_648' title='bbox 900 2610 1039 2643; x_wconf 77' lang='lat' dir='ltr'><strong><em>profanum</em></strong></span> 
     </span>
    </p>
   </div>
   <div class='ocr_carea' id='block_1_95' title="bbox 239 2642 1038 2679">
    <p class='ocr_par' dir='ltr' id='par_1_95' title="bbox 239 2642 1038 2679">
     <span class='ocr_line' id='line_1_97' title="bbox 239 2642 1038 2679; baseline 0.003 -11"><span class='ocrx_word' id='word_1_649' title='bbox 239 2642 332 2677; x_wconf 87' lang='lat' dir='ltr'><strong><em>tentplo</em></strong></span> <span class='ocrx_word' id='word_1_650' title='bbox 347 2642 394 2669; x_wconf 78' lang='lat' dir='ltr'><strong><em>Dei</em></strong></span> <span class='ocrx_word' id='word_1_651' title='bbox 405 2643 530 2679; x_wconf 78' lang='lat' dir='ltr'><strong><em>inferatur</em></strong></span> <span class='ocrx_word' id='word_1_652' title='bbox 542 2652 551 2676; x_wconf 87' lang='lat'><em>;</em></span> <span class='ocrx_word' id='word_1_653' title='bbox 566 2652 597 2671; x_wconf 85' lang='lat' dir='ltr'><strong><em>ne</em></strong></span> <span class='ocrx_word' id='word_1_654' title='bbox 615 2642 726 2677; x_wconf 77' lang='lat' dir='ltr'><strong><em>o/fensus</em></strong></span> <span class='ocrx_word' id='word_1_655' title='bbox 741 2644 836 2679; x_wconf 84' lang='lat' dir='ltr'><strong><em>sedem,</em></strong></span> <span class='ocrx_word' id='word_1_656' title='bbox 852 2651 928 2679; x_wconf 82' lang='lat' dir='ltr'><strong><em>quam</em></strong></span> <span class='ocrx_word' id='word_1_657' title='bbox 938 2643 1038 2670; x_wconf 84' lang='lat' dir='ltr'><strong><em>inhabi-</em></strong></span> 
     </span>
    </p>
   </div>
   <div class='ocr_carea' id='block_1_96' title="bbox 239 2679 592 2715">
    <p class='ocr_par' dir='ltr' id='par_1_96' title="bbox 239 2679 592 2715">
     <span class='ocr_line' id='line_1_98' title="bbox 239 2679 592 2715; baseline 0.008 -12"><span class='ocrx_word' id='word_1_658' title='bbox 239 2679 476 2715; x_wconf 17' lang='lat' dir='ltr'><strong><em>tat,rderclinquat.</em></strong></span> <span class='ocrx_word' id='word_1_659' title='bbox 501 2679 592 2706; x_wconf 75' lang='grc' dir='ltr'><strong><em>ΒιιεΝ.</em></strong></span> 
     </span>
    </p>
   </div>
   <div class='ocr_carea' id='block_1_97' title="bbox 274 2714 1033 2750">
    <p class='ocr_par' dir='ltr' id='par_1_97' title="bbox 274 2714 1033 2750">
     <span class='ocr_line' id='line_1_99' title="bbox 274 2714 1033 2750; baseline 0.001 -9"><span class='ocrx_word' id='word_1_660' title='bbox 274 2714 315 2750; x_wconf 79' lang='lat' dir='ltr'><strong><em>(tl)</em></strong></span> <span class='ocrx_word' id='word_1_661' title='bbox 331 2715 376 2742; x_wconf 78' lang='lat' dir='ltr'><strong><em>Cui</em></strong></span> <span class='ocrx_word' id='word_1_662' title='bbox 391 2715 532 2742; x_wconf 78' lang='lat' dir='ltr'><strong><em>indicendo:</em></strong></span> <span class='ocrx_word' id='word_1_663' title='bbox 545 2720 567 2741; x_wconf 89' lang='lat' dir='ltr'><strong><em>et</em></strong></span> <span class='ocrx_word' id='word_1_664' title='bbox 577 2715 722 2750; x_wconf 64' lang='lat' dir='ltr'><strong><em>erigendaz,</em></strong></span> <span class='ocrx_word' id='word_1_665' title='bbox 738 2720 790 2744; x_wconf 86' lang='lat' dir='ltr'><strong><em>etc.</em></strong></span> <span class='ocrx_word' id='word_1_666' title='bbox 805 2715 907 2749; x_wconf 83' lang='lat' dir='ltr'><strong><em>Quibus</em></strong></span> <span class='ocrx_word' id='word_1_667' title='bbox 920 2715 1033 2750; x_wconf 88' lang='lat' dir='ltr'><strong><em>scriptu-</em></strong></span> 
     </span>
    </p>
   </div>
   <div class='ocr_carea' id='block_1_98' title="bbox 237 2750 1030 2786">
    <p class='ocr_par' dir='ltr' id='par_1_98' title="bbox 237 2750 1030 2786">
     <span class='ocr_line' id='line_1_100' title="bbox 237 2750 1030 2786; baseline 0 -8"><span class='ocrx_word' id='word_1_668' title='bbox 237 2750 276 2778; x_wconf 86' lang='lat' dir='ltr'><strong><em>ris</em></strong></span> <span class='ocrx_word' id='word_1_669' title='bbox 291 2751 387 2778; x_wconf 88' lang='lat' dir='ltr'><strong><em>indicta</em></strong></span> <span class='ocrx_word' id='word_1_670' title='bbox 401 2751 434 2777; x_wconf 88' lang='lat' dir='ltr'><strong><em>sit</em></strong></span> <span class='ocrx_word' id='word_1_671' title='bbox 447 2751 590 2786; x_wconf 86' lang='lat' dir='ltr'><strong><em>pudicitia,</em></strong></span> <span class='ocrx_word' id='word_1_672' title='bbox 609 2751 702 2779; x_wconf 84' lang='lat' dir='ltr'><strong><em>videre</em></strong></span> <span class='ocrx_word' id='word_1_673' title='bbox 716 2757 756 2778; x_wconf 82' lang='lat' dir='ltr'><strong><em>est</em></strong></span> <span class='ocrx_word' id='word_1_674' title='bbox 776 2752 822 2779; x_wconf 86' lang='lat' dir='ltr'><strong><em>lib.</em></strong></span> <span class='ocrx_word' id='word_1_675' title='bbox 835 2751 868 2779; x_wconf 83' lang='lat' dir='ltr'><strong><em>de</em></strong></span> <span class='ocrx_word' id='word_1_676' title='bbox 882 2751 1010 2779; x_wconf 89' lang='lat' dir='ltr'><strong><em>Pudicitia</em></strong></span> <span class='ocrx_word' id='word_1_677' title='bbox 1022 2772 1030 2785; x_wconf 85' lang='lat'><strong><em>,</em></strong></span> 
     </span>
    </p>
   </div>
   <div class='ocr_carea' id='block_1_99' title="bbox 237 2787 1031 2823">
    <p class='ocr_par' dir='ltr' id='par_1_99' title="bbox 237 2787 1031 2823">
     <span class='ocr_line' id='line_1_101' title="bbox 237 2787 1031 2823; baseline 0 -9"><span class='ocrx_word' id='word_1_678' title='bbox 237 2791 295 2814; x_wconf 89' lang='lat' dir='ltr'><strong><em>tum</em></strong></span> <span class='ocrx_word' id='word_1_679' title='bbox 309 2787 433 2823; x_wconf 84' lang='lat' dir='ltr'><strong><em>Auctoris</em></strong></span> <span class='ocrx_word' id='word_1_680' title='bbox 445 2808 452 2820; x_wconf 92' lang='lat'><strong><em>,</em></strong></span> <span class='ocrx_word' id='word_1_681' title='bbox 467 2791 522 2814; x_wconf 89' lang='lat' dir='ltr'><strong><em>tum</em></strong></span> <span class='ocrx_word' id='word_1_682' title='bbox 537 2787 567 2814; x_wconf 83' lang='grc' dir='ltr'><strong><em>Β.</em></strong></span> <span class='ocrx_word' id='word_1_683' title='bbox 584 2787 718 2823; x_wconf 81' lang='lat' dir='ltr'><strong><em>Cypriani.</em></strong></span> <span class='ocrx_word' id='word_1_684' title='bbox 736 2788 814 2822; x_wconf 82' lang='lat' dir='ltr'><strong><em>Atqui</em></strong></span> <span class='ocrx_word' id='word_1_685' title='bbox 830 2787 894 2815; x_wconf 90' lang='lat' dir='ltr'><strong><em>illud</em></strong></span> <span class='ocrx_word' id='word_1_686' title='bbox 913 2787 975 2814; x_wconf 83' lang='lat' dir='ltr'><strong><em>mihi</em></strong></span> <span class='ocrx_word' id='word_1_687' title='bbox 990 2795 1031 2814; x_wconf 86' lang='lat' dir='ltr'><strong><em>rc-</em></strong></span> 
     </span>
    </p>
   </div>
   <div class='ocr_carea' id='block_1_100' title="bbox 238 2821 1031 2858">
    <p class='ocr_par' dir='ltr' id='par_1_100' title="bbox 238 2821 1031 2858">
     <span class='ocr_line' id='line_1_102' title="bbox 238 2821 1031 2858; baseline 0.001 -9"><span class='ocrx_word' id='word_1_688' title='bbox 238 2821 432 2858; x_wconf 74' lang='lat' dir='ltr'><strong><em>prehendenda,</em></strong></span> <span class='ocrx_word' id='word_1_689' title='bbox 446 2823 524 2850; x_wconf 85' lang='lat' dir='ltr'><strong><em>dandi</em></strong></span> <span class='ocrx_word' id='word_1_690' title='bbox 536 2830 598 2850; x_wconf 85' lang='lat' dir='ltr'><strong><em>casu</em></strong></span> <span class='ocrx_word' id='word_1_691' title='bbox 607 2821 711 2850; x_wconf 78' lang='lat' dir='ltr'><strong><em>dictum</em></strong></span> <span class='ocrx_word' id='word_1_692' title='bbox 725 2821 785 2850; x_wconf 86' lang='lat' dir='ltr'><strong><em>esse</em></strong></span> <span class='ocrx_word' id='word_1_693' title='bbox 800 2826 910 2850; x_wconf 85' lang='lat' dir='ltr'><strong><em>annotat</em></strong></span> <span class='ocrx_word' id='word_1_694' title='bbox 922 2822 1031 2851; x_wconf 84' lang='lat' dir='ltr'><strong><em>Rhena-</em></strong></span> 
     </span>
    </p>
   </div>
   <div class='ocr_carea' id='block_1_101' title="bbox 238 2858 1032 2894">
    <p class='ocr_par' dir='ltr' id='par_1_101' title="bbox 238 2858 1032 2894">
     <span class='ocr_line' id='line_1_103' title="bbox 238 2858 1032 2894; baseline 0.004 -10"><span class='ocrx_word' id='word_1_695' title='bbox 238 2865 305 2891; x_wconf 76' lang='lat' dir='ltr'><strong><em>nus,</em></strong></span> <span class='ocrx_word' id='word_1_696' title='bbox 321 2858 425 2894; x_wconf 17' lang='lat' dir='ltr'><strong><em>bocrest</em></strong></span> <span class='ocrx_word' id='word_1_697' title='bbox 436 2879 443 2891; x_wconf 84' lang='grc'>,</span> <span class='ocrx_word' id='word_1_698' title='bbox 459 2858 540 2893; x_wconf 83' lang='lat' dir='ltr'><strong><em>digno</em></strong></span> <span class='ocrx_word' id='word_1_699' title='bbox 558 2859 601 2894; x_wconf 84' lang='lat' dir='ltr'><strong><em>qui</em></strong></span> <span class='ocrx_word' id='word_1_700' title='bbox 623 2859 814 2892; x_wconf 85' lang='lat' dir='ltr'><strong><em>reprehendar.</em></strong></span> <span class='ocrx_word' id='word_1_701' title='bbox 830 2859 887 2894; x_wconf 74' lang='lat' dir='ltr'><strong><em>Ego</em></strong></span> <span class='ocrx_word' id='word_1_702' title='bbox 912 2866 976 2887; x_wconf 87' lang='lat' dir='ltr'><strong><em>vero</em></strong></span> <span class='ocrx_word' id='word_1_703' title='bbox 998 2867 1032 2887; x_wconf 84' lang='lat' dir='ltr'><strong><em>ex</em></strong></span> 
     </span>
    </p>
   </div>
   <div class='ocr_carea' id='block_1_102' title="bbox 239 2893 1033 2931">
    <p class='ocr_par' dir='ltr' id='par_1_102' title="bbox 239 2893 1033 2931">
     <span class='ocr_line' id='line_1_104' title="bbox 239 2893 1033 2931; baseline 0.001 -9"><span class='ocrx_word' id='word_1_704' title='bbox 239 2900 305 2922; x_wconf 88' lang='lat' dir='ltr'><strong><em>mss.</em></strong></span> <span class='ocrx_word' id='word_1_705' title='bbox 318 2894 343 2921; x_wconf 82' lang='grc'><strong><em>5.</em></strong></span> <span class='ocrx_word' id='word_1_706' title='bbox 362 2893 444 2922; x_wconf 84' lang='lat' dir='ltr'><strong><em>Vatic.</em></strong></span> <span class='ocrx_word' id='word_1_707' title='bbox 462 2894 520 2930; x_wconf 78' lang='lat' dir='ltr'><strong><em>lego</em></strong></span> <span class='ocrx_word' id='word_1_708' title='bbox 535 2904 541 2923; x_wconf 86' lang='grc'>;</span> <span class='ocrx_word' id='word_1_709' title='bbox 558 2895 611 2923; x_wconf 74' lang='lat' dir='ltr'><strong><em>Sed</em></strong></span> <span class='ocrx_word' id='word_1_710' title='bbox 621 2895 687 2922; x_wconf 85' lang='lat' dir='ltr'><strong><em>cuitu</em></strong></span> <span class='ocrx_word' id='word_1_711' title='bbox 703 2893 878 2930; x_wconf 78' lang='lat' dir='ltr'><strong><em>perseverant,</em></strong></span> <span class='ocrx_word' id='word_1_712' title='bbox 891 2902 938 2931; x_wconf 90' lang='lat' dir='ltr'><strong><em>pro</em></strong></span> <span class='ocrx_word' id='word_1_713' title='bbox 951 2903 1033 2930; x_wconf 81' lang='lat' dir='ltr'><strong><em>perse-</em></strong></span> 
     </span>
    </p>
   </div>
   <div class='ocr_carea' id='block_1_103' title="bbox 1090 2069 1906 2104">
    <p class='ocr_par' dir='ltr' id='par_1_103' title="bbox 1090 2069 1906 2104">
     <span class='ocr_line' id='line_1_105' title="bbox 1090 2069 1906 2104; baseline -0.001 -7"><span class='ocrx_word' id='word_1_714' title='bbox 1090 2074 1175 2097; x_wconf 81' lang='lat' dir='ltr'><strong><em>uereut</em></strong></span> <span class='ocrx_word' id='word_1_715' title='bbox 1188 2077 1197 2101; x_wconf 89' lang='lat'><em>;</em></span> <span class='ocrx_word' id='word_1_716' title='bbox 1211 2073 1238 2096; x_wconf 89' lang='lat' dir='ltr'><strong><em>et</em></strong></span> <span class='ocrx_word' id='word_1_717' title='bbox 1252 2077 1258 2095; x_wconf 76' lang='grc' dir='ltr'>ς</span> <span class='ocrx_word' id='word_1_718' title='bbox 1275 2069 1364 2101; x_wconf 72' lang='lat' dir='ltr'><strong><em>format</em></strong></span> <span class='ocrx_word' id='word_1_719' title='bbox 1386 2073 1409 2096; x_wconf 89' lang='lat' dir='ltr'><strong><em>et</em></strong></span> <span class='ocrx_word' id='word_1_720' title='bbox 1430 2069 1520 2096; x_wconf 88' lang='lat' dir='ltr'><strong><em>nitoris</em></strong></span> <span class='ocrx_word' id='word_1_721' title='bbox 1535 2069 1594 2101; x_wconf 85' lang='lat' dir='ltr'><strong><em>sui,</em></strong></span> <span class='ocrx_word' id='word_1_722' title='bbox 1609 2076 1672 2098; x_wconf 90' lang='lat' dir='ltr'><strong><em>cum</em></strong></span> <span class='ocrx_word' id='word_1_723' title='bbox 1687 2069 1798 2098; x_wconf 77' lang='lat' dir='ltr'><strong><em>Latinio</em></strong></span> <span class='ocrx_word' id='word_1_724' title='bbox 1809 2090 1817 2104; x_wconf 92' lang='lat'><strong><em>,</em></strong></span> <span class='ocrx_word' id='word_1_725' title='bbox 1830 2077 1906 2097; x_wconf 79' lang='lat' dir='ltr'><strong><em>eam-</em></strong></span> 
     </span>
    </p>
   </div>
   <div class='ocr_carea' id='block_1_104' title="bbox 1090 2104 1704 2139">
    <p class='ocr_par' dir='ltr' id='par_1_104' title="bbox 1090 2104 1704 2139">
     <span class='ocr_line' id='line_1_106' title="bbox 1090 2104 1704 2139; baseline -0.002 -7"><span class='ocrx_word' id='word_1_726' title='bbox 1090 2106 1146 2132; x_wconf 72' lang='lat' dir='ltr'><strong><em>dem</em></strong></span> <span class='ocrx_word' id='word_1_727' title='bbox 1160 2112 1257 2139; x_wconf 85' lang='lat' dir='ltr'><strong><em>nempe</em></strong></span> <span class='ocrx_word' id='word_1_728' title='bbox 1271 2104 1384 2131; x_wconf 80' lang='lat' dir='ltr'><strong><em>formam</em></strong></span> <span class='ocrx_word' id='word_1_729' title='bbox 1399 2104 1617 2139; x_wconf 79' lang='lat' dir='ltr'><strong><em>circumferentes.</em></strong></span> <span class='ocrx_word' id='word_1_730' title='bbox 1636 2105 1704 2133; x_wconf 79' lang='lat' dir='ltr'><strong><em>Plut.</em></strong></span> 
     </span>
    </p>
   </div>
   <div class='ocr_carea' id='block_1_105' title="bbox 1125 2139 1905 2177">
    <p class='ocr_par' dir='ltr' id='par_1_105' title="bbox 1125 2139 1905 2177">
     <span class='ocr_line' id='line_1_107' title="bbox 1125 2139 1905 2177; baseline 0.001 -9"><span class='ocrx_word' id='word_1_731' title='bbox 1125 2139 1164 2177; x_wconf 70' lang='grc' dir='ltr'><strong><em>(ρ)</em></strong></span> <span class='ocrx_word' id='word_1_732' title='bbox 1185 2139 1313 2177; x_wconf 72' lang='lat' dir='ltr'><strong><em>Faaminte</em></strong></span> <span class='ocrx_word' id='word_1_733' title='bbox 1331 2140 1473 2177; x_wconf 81' lang='lat' dir='ltr'><strong><em>nationum.</em></strong></span> <span class='ocrx_word' id='word_1_734' title='bbox 1488 2139 1605 2177; x_wconf 74' lang='lat' dir='ltr'><strong><em>Quidde</em></strong></span> <span class='ocrx_word' id='word_1_735' title='bbox 1620 2141 1678 2168; x_wconf 87' lang='lat' dir='ltr'><strong><em>istis</em></strong></span> <span class='ocrx_word' id='word_1_736' title='bbox 1695 2141 1815 2177; x_wconf 78' lang='lat' dir='ltr'><strong><em>loquar?</em></strong></span> <span class='ocrx_word' id='word_1_737' title='bbox 1829 2149 1905 2170; x_wconf 79' lang='lat' dir='ltr'><strong><em>anne</em></strong></span> 
     </span>
    </p>
   </div>
   <div class='ocr_carea' id='block_1_106' title="bbox 1092 2175 1904 2213">
    <p class='ocr_par' dir='ltr' id='par_1_106' title="bbox 1092 2175 1904 2213">
     <span class='ocr_line' id='line_1_108' title="bbox 1092 2175 1904 2213; baseline 0 -8"><span class='ocrx_word' id='word_1_738' title='bbox 1092 2175 1144 2205; x_wconf 72' lang='lat' dir='ltr'><strong><em>illa:</em></strong></span> <span class='ocrx_word' id='word_1_739' title='bbox 1155 2175 1261 2211; x_wconf 68' lang='lat' dir='ltr'><strong><em>pudica:</em></strong></span> <span class='ocrx_word' id='word_1_740' title='bbox 1274 2177 1286 2203; x_wconf 82' lang='lat' dir='ltr'><strong><em>‘t</em></strong></span> <span class='ocrx_word' id='word_1_741' title='bbox 1302 2176 1413 2213; x_wconf 72' lang='lat' dir='ltr'><strong><em>Angylae</em></strong></span> <span class='ocrx_word' id='word_1_742' title='bbox 1425 2176 1510 2213; x_wconf 86' lang='lat' dir='ltr'><strong><em>(natio</em></strong></span> <span class='ocrx_word' id='word_1_743' title='bbox 1520 2175 1573 2212; x_wconf 90' lang='lat' dir='ltr'><strong><em>est)</em></strong></span> <span class='ocrx_word' id='word_1_744' title='bbox 1589 2177 1714 2205; x_wconf 63' lang='lat' dir='ltr'><strong><em>heminas</em></strong></span> <span class='ocrx_word' id='word_1_745' title='bbox 1726 2175 1791 2204; x_wconf 77' lang='lat' dir='ltr'><strong><em>suas</em></strong></span> <span class='ocrx_word' id='word_1_746' title='bbox 1802 2178 1904 2212; x_wconf 78' lang='lat' dir='ltr'><strong><em>primis</em></strong></span> 
     </span>
    </p>
   </div>
   <div class='ocr_carea' id='block_1_107' title="bbox 1092 2211 1902 2248">
    <p class='ocr_par' dir='ltr' id='par_1_107' title="bbox 1092 2211 1902 2248">
     <span class='ocr_line' id='line_1_109' title="bbox 1092 2211 1902 2248; baseline 0.001 -8"><span class='ocrx_word' id='word_1_747' title='bbox 1092 2213 1217 2240; x_wconf 80' lang='lat' dir='ltr'><strong><em>noctibus</em></strong></span> <span class='ocrx_word' id='word_1_748' title='bbox 1242 2211 1394 2247; x_wconf 82' lang='lat' dir='ltr'><strong><em>nuptiarum</em></strong></span> <span class='ocrx_word' id='word_1_749' title='bbox 1422 2211 1567 2240; x_wconf 79' lang='lat' dir='ltr'><strong><em>adulteriis</em></strong></span> <span class='ocrx_word' id='word_1_750' title='bbox 1584 2217 1684 2248; x_wconf 86' lang='lat' dir='ltr'><strong><em>cogunt</em></strong></span> <span class='ocrx_word' id='word_1_751' title='bbox 1702 2211 1817 2248; x_wconf 53' lang='lat' dir='ltr'><strong><em>parere}</em></strong></span> <span class='ocrx_word' id='word_1_752' title='bbox 1835 2222 1902 2241; x_wconf 78' lang='lat' dir='ltr'><strong><em>mox</em></strong></span> 
     </span>
    </p>
   </div>
   <div class='ocr_carea' id='block_1_108' title="bbox 1092 2247 1903 2285">
    <p class='ocr_par' dir='ltr' id='par_1_108' title="bbox 1092 2247 1903 2285">
     <span class='ocr_line' id='line_1_110' title="bbox 1092 2247 1903 2285; baseline 0 -9"><span class='ocrx_word' id='word_1_753' title='bbox 1092 2249 1125 2276; x_wconf 80' lang='lat' dir='ltr'><strong><em>ad</em></strong></span> <span class='ocrx_word' id='word_1_754' title='bbox 1147 2249 1303 2285; x_wconf 81' lang='lat' dir='ltr'><strong><em>pudicitiam</em></strong></span> <span class='ocrx_word' id='word_1_755' title='bbox 1324 2248 1428 2284; x_wconf 77' lang='lat' dir='ltr'><strong><em>legibus</em></strong></span> <span class='ocrx_word' id='word_1_756' title='bbox 1442 2249 1592 2284; x_wconf 79' lang='lat' dir='ltr'><strong><em>astringunt</em></strong></span> <span class='ocrx_word' id='word_1_757' title='bbox 1605 2247 1712 2285; x_wconf 80' lang='lat' dir='ltr'><strong><em>(narrat</em></strong></span> <span class='ocrx_word' id='word_1_758' title='bbox 1735 2249 1851 2276; x_wconf 86' lang='lat' dir='ltr'><strong><em>Solinus</em></strong></span> <span class='ocrx_word' id='word_1_759' title='bbox 1875 2250 1903 2277; x_wconf 90' lang='lat' dir='ltr'><strong><em>in</em></strong></span> 
     </span>
    </p>
   </div>
   <div class='ocr_carea' id='block_1_109' title="bbox 1093 2283 1905 2321">
    <p class='ocr_par' dir='ltr' id='par_1_109' title="bbox 1093 2283 1905 2321">
     <span class='ocr_line' id='line_1_111' title="bbox 1093 2283 1905 2321; baseline 0.004 -11"><span class='ocrx_word' id='word_1_760' title='bbox 1093 2283 1246 2321; x_wconf 78' lang='lat' dir='ltr'><strong><em>polyliist.).</em></strong></span> <span class='ocrx_word' id='word_1_761' title='bbox 1263 2284 1385 2320; x_wconf 75' lang='lat' dir='ltr'><strong><em>Longum</em></strong></span> <span class='ocrx_word' id='word_1_762' title='bbox 1400 2289 1471 2312; x_wconf 84' lang='lat' dir='ltr'><strong><em>esset</em></strong></span> <span class='ocrx_word' id='word_1_763' title='bbox 1493 2284 1526 2312; x_wconf 87' lang='lat' dir='ltr'><strong><em>de</em></strong></span> <span class='ocrx_word' id='word_1_764' title='bbox 1550 2283 1660 2320; x_wconf 85' lang='lat' dir='ltr'><strong><em>reliquis</em></strong></span> <span class='ocrx_word' id='word_1_765' title='bbox 1681 2292 1842 2313; x_wconf 83' lang='lat' dir='ltr'><strong><em>sermonem</em></strong></span> <span class='ocrx_word' id='word_1_766' title='bbox 1863 2285 1905 2313; x_wconf 74' lang='lat' dir='ltr'><strong><em>[a-</em></strong></span> 
     </span>
    </p>
   </div>
   <div class='ocr_carea' id='block_1_110' title="bbox 1094 2321 1250 2349">
    <p class='ocr_par' dir='ltr' id='par_1_110' title="bbox 1094 2321 1250 2349">
     <span class='ocr_line' id='line_1_112' title="bbox 1094 2321 1250 2349; baseline 0 -1"><span class='ocrx_word' id='word_1_767' title='bbox 1094 2328 1167 2349; x_wconf 86' lang='lat' dir='ltr'><strong><em>cere.</em></strong></span> <span class='ocrx_word' id='word_1_768' title='bbox 1184 2321 1250 2348; x_wconf 83' lang='lat' dir='ltr'><strong><em>LAC.</em></strong></span> 
     </span>
    </p>
   </div>
   <div class='ocr_carea' id='block_1_111' title="bbox 1132 2355 1905 2393">
    <p class='ocr_par' dir='ltr' id='par_1_111' title="bbox 1132 2355 1905 2393">
     <span class='ocr_line' id='line_1_113' title="bbox 1132 2355 1905 2393; baseline 0.001 -10"><span class='ocrx_word' id='word_1_769' title='bbox 1132 2356 1164 2393; x_wconf 83' lang='lat' dir='ltr'><strong><em>(f)</em></strong></span> <span class='ocrx_word' id='word_1_770' title='bbox 1186 2357 1218 2383; x_wconf 90' lang='lat' dir='ltr'><strong><em>In</em></strong></span> <span class='ocrx_word' id='word_1_771' title='bbox 1235 2356 1429 2393; x_wconf 77' lang='lat' dir='ltr'><strong><em>liabitustamert</em></strong></span> <span class='ocrx_word' id='word_1_772' title='bbox 1444 2355 1546 2393; x_wconf 70' lang='lat' dir='ltr'><strong><em>licentia</em></strong></span> <span class='ocrx_word' id='word_1_773' title='bbox 1559 2364 1612 2384; x_wconf 85' lang='lat' dir='ltr'><strong><em>sese</em></strong></span> <span class='ocrx_word' id='word_1_774' title='bbox 1626 2356 1759 2393; x_wconf 74' lang='lat' dir='ltr'><strong><em>dissoluat.</em></strong></span> <span class='ocrx_word' id='word_1_775' title='bbox 1776 2355 1810 2383; x_wconf 81' lang='lat' dir='ltr'><strong><em>In</em></strong></span> <span class='ocrx_word' id='word_1_776' title='bbox 1830 2357 1905 2384; x_wconf 79' lang='lat' dir='ltr'><strong><em>anti-</em></strong></span> 
     </span>
    </p>
   </div>
   <div class='ocr_carea' id='block_1_112' title="bbox 1095 2391 1905 2427">
    <p class='ocr_par' dir='ltr' id='par_1_112' title="bbox 1095 2391 1905 2427">
     <span class='ocr_line' id='line_1_114' title="bbox 1095 2391 1905 2427; baseline 0.002 -9"><span class='ocrx_word' id='word_1_777' title='bbox 1095 2391 1225 2427; x_wconf 82' lang='lat' dir='ltr'><strong><em>quissimo</em></strong></span> <span class='ocrx_word' id='word_1_778' title='bbox 1241 2392 1387 2426; x_wconf 82' lang='lat' dir='ltr'><strong><em>exemplari</em></strong></span> <span class='ocrx_word' id='word_1_779' title='bbox 1411 2392 1518 2427; x_wconf 79' lang='lat' dir='ltr'><strong><em>legitur,</em></strong></span> <span class='ocrx_word' id='word_1_780' title='bbox 1534 2391 1566 2419; x_wconf 85' lang='lat' dir='ltr'><strong><em>In</em></strong></span> <span class='ocrx_word' id='word_1_781' title='bbox 1579 2393 1689 2419; x_wconf 82' lang='lat' dir='ltr'><strong><em>antbitus</em></strong></span> <span class='ocrx_word' id='word_1_782' title='bbox 1711 2392 1832 2420; x_wconf 69' lang='lat' dir='ltr'><strong><em>licentius</em></strong></span> <span class='ocrx_word' id='word_1_783' title='bbox 1848 2401 1905 2420; x_wconf 74' lang='lat' dir='ltr'><strong><em>sese</em></strong></span> 
     </span>
    </p>
   </div>
   <div class='ocr_carea' id='block_1_113' title="bbox 1094 2427 1903 2463">
    <p class='ocr_par' dir='ltr' id='par_1_113' title="bbox 1094 2427 1903 2463">
     <span class='ocr_line' id='line_1_115' title="bbox 1094 2427 1903 2463; baseline 0.001 -8"><span class='ocrx_word' id='word_1_784' title='bbox 1094 2428 1226 2455; x_wconf 84' lang='lat' dir='ltr'><strong><em>dissolvat.</em></strong></span> <span class='ocrx_word' id='word_1_785' title='bbox 1241 2427 1317 2461; x_wconf 82' lang='lat' dir='ltr'><strong><em>Quod</em></strong></span> <span class='ocrx_word' id='word_1_786' title='bbox 1330 2428 1458 2463; x_wconf 85' lang='lat' dir='ltr'><strong><em>explicari</em></strong></span> <span class='ocrx_word' id='word_1_787' title='bbox 1474 2436 1527 2455; x_wconf 91' lang='lat' dir='ltr'><strong><em>non</em></strong></span> <span class='ocrx_word' id='word_1_788' title='bbox 1542 2427 1713 2455; x_wconf 87' lang='lat' dir='ltr'><strong><em>incommode</em></strong></span> <span class='ocrx_word' id='word_1_789' title='bbox 1724 2427 1866 2463; x_wconf 80' lang='lat' dir='ltr'><strong><em>videatur,</em></strong></span> <span class='ocrx_word' id='word_1_790' title='bbox 1879 2430 1903 2456; x_wconf 86' lang='lat' dir='ltr'><strong><em>si</em></strong></span> 
     </span>
    </p>
   </div>
   <div class='ocr_carea' id='block_1_114' title="bbox 1092 2463 1904 2499">
    <p class='ocr_par' dir='ltr' id='par_1_114' title="bbox 1092 2463 1904 2499">
     <span class='ocr_line' id='line_1_116' title="bbox 1092 2463 1904 2499; baseline 0 -7"><span class='ocrx_word' id='word_1_791' title='bbox 1092 2464 1152 2499; x_wconf 85' lang='lat' dir='ltr'><strong><em>quis</em></strong></span> <span class='ocrx_word' id='word_1_792' title='bbox 1166 2464 1210 2491; x_wconf 88' lang='lat' dir='ltr'><strong><em>hic</em></strong></span> <span class='ocrx_word' id='word_1_793' title='bbox 1222 2464 1345 2490; x_wconf 85' lang='lat' dir='ltr'><strong><em>ambitum</em></strong></span> <span class='ocrx_word' id='word_1_794' title='bbox 1358 2463 1409 2491; x_wconf 90' lang='lat' dir='ltr'><strong><em>dici</em></strong></span> <span class='ocrx_word' id='word_1_795' title='bbox 1430 2464 1509 2496; x_wconf 87' lang='lat' dir='ltr'><strong><em>velit,</em></strong></span> <span class='ocrx_word' id='word_1_796' title='bbox 1525 2465 1596 2499; x_wconf 86' lang='lat' dir='ltr'><strong><em>quod</em></strong></span> <span class='ocrx_word' id='word_1_797' title='bbox 1616 2471 1696 2499; x_wconf 85' lang='lat' dir='ltr'><strong><em>supra</em></strong></span> <span class='ocrx_word' id='word_1_798' title='bbox 1711 2463 1904 2492; x_wconf 73' lang='lat' dir='ltr'><strong><em>Tertullianus</em></strong></span> 
     </span>
    </p>
   </div>
   <div class='ocr_carea' id='block_1_115' title="bbox 1092 2499 1905 2536">
    <p class='ocr_par' dir='ltr' id='par_1_115' title="bbox 1092 2499 1905 2536">
     <span class='ocr_line' id='line_1_117' title="bbox 1092 2499 1905 2536; baseline -0.001 -8"><span class='ocrx_word' id='word_1_799' title='bbox 1092 2500 1149 2536; x_wconf 87' lang='lat' dir='ltr'><strong><em>ipse</em></strong></span> <span class='ocrx_word' id='word_1_800' title='bbox 1165 2500 1323 2534; x_wconf 82' lang='lat' dir='ltr'><strong><em>superﬁciem</em></strong></span> <span class='ocrx_word' id='word_1_801' title='bbox 1344 2500 1429 2533; x_wconf 83' lang='lat' dir='ltr'><strong><em>dixit,</em></strong></span> <span class='ocrx_word' id='word_1_802' title='bbox 1444 2506 1542 2534; x_wconf 90' lang='lat' dir='ltr'><strong><em>corpus</em></strong></span> <span class='ocrx_word' id='word_1_803' title='bbox 1562 2499 1685 2527; x_wconf 85' lang='lat' dir='ltr'><strong><em>videlicet</em></strong></span> <span class='ocrx_word' id='word_1_804' title='bbox 1696 2520 1703 2531; x_wconf 85' lang='grc'>,</span> <span class='ocrx_word' id='word_1_805' title='bbox 1717 2503 1800 2536; x_wconf 81' lang='lat' dir='ltr'><strong><em>atque</em></strong></span> <span class='ocrx_word' id='word_1_806' title='bbox 1812 2499 1905 2535; x_wconf 81' lang='lat' dir='ltr'><strong><em>ipsius</em></strong></span> 
     </span>
    </p>
   </div>
   <div class='ocr_carea' id='block_1_116' title="bbox 1091 2535 1905 2571">
    <p class='ocr_par' dir='ltr' id='par_1_116' title="bbox 1091 2535 1905 2571">
     <span class='ocr_line' id='line_1_118' title="bbox 1091 2535 1905 2571; baseline 0 -8"><span class='ocrx_word' id='word_1_807' title='bbox 1091 2535 1213 2571; x_wconf 80' lang='lat' dir='ltr'><strong><em>corporis</em></strong></span> <span class='ocrx_word' id='word_1_808' title='bbox 1234 2541 1391 2563; x_wconf 84' lang='lat' dir='ltr'><strong><em>ornamenta</em></strong></span> <span class='ocrx_word' id='word_1_809' title='bbox 1405 2556 1411 2565; x_wconf 89' lang='lat'><strong><em>.</em></strong></span> <span class='ocrx_word' id='word_1_810' title='bbox 1425 2543 1485 2570; x_wconf 68' lang='lat' dir='ltr'><strong><em>qua:</em></strong></span> <span class='ocrx_word' id='word_1_811' title='bbox 1509 2535 1627 2571; x_wconf 84' lang='lat' dir='ltr'><strong><em>animum</em></strong></span> <span class='ocrx_word' id='word_1_812' title='bbox 1651 2535 1776 2562; x_wconf 82' lang='lat' dir='ltr'><strong><em>ambiunt</em></strong></span> <span class='ocrx_word' id='word_1_813' title='bbox 1796 2540 1827 2562; x_wconf 84' lang='lat' dir='ltr'><strong><em>et</em></strong></span> <span class='ocrx_word' id='word_1_814' title='bbox 1844 2543 1905 2563; x_wconf 80' lang='lat' dir='ltr'><strong><em>ves-</em></strong></span> 
     </span>
    </p>
   </div>
   <div class='ocr_carea' id='block_1_117' title="bbox 1093 2570 1904 2607">
    <p class='ocr_par' dir='ltr' id='par_1_117' title="bbox 1093 2570 1904 2607">
     <span class='ocr_line' id='line_1_119' title="bbox 1093 2570 1904 2607; baseline 0 -8"><span class='ocrx_word' id='word_1_815' title='bbox 1093 2573 1171 2599; x_wconf 90' lang='lat' dir='ltr'><strong><em>tiunt.</em></strong></span> <span class='ocrx_word' id='word_1_816' title='bbox 1188 2571 1224 2598; x_wconf 87' lang='lat' dir='ltr'><strong><em>Dc</em></strong></span> <span class='ocrx_word' id='word_1_817' title='bbox 1238 2571 1365 2607; x_wconf 85' lang='lat' dir='ltr'><strong><em>pudicitia</em></strong></span> <span class='ocrx_word' id='word_1_818' title='bbox 1376 2571 1522 2599; x_wconf 84' lang='lat' dir='ltr'><strong><em>christiana</em></strong></span> <span class='ocrx_word' id='word_1_819' title='bbox 1530 2570 1640 2598; x_wconf 73' lang='lat' dir='ltr'><strong><em>diSSerit</em></strong></span> <span class='ocrx_word' id='word_1_820' title='bbox 1650 2591 1657 2604; x_wconf 87' lang='lat'><strong><em>,</em></strong></span> <span class='ocrx_word' id='word_1_821' title='bbox 1668 2578 1785 2607; x_wconf 71' lang='lat' dir='ltr'><strong><em>eamque</em></strong></span> <span class='ocrx_word' id='word_1_822' title='bbox 1799 2571 1904 2606; x_wconf 74' lang='lat' dir='ltr'><strong><em>gentili</em></strong></span> 
     </span>
    </p>
   </div>
   <div class='ocr_carea' id='block_1_118' title="bbox 1110 2605 1904 2642">
    <p class='ocr_par' dir='ltr' id='par_1_118' title="bbox 1110 2605 1904 2642">
     <span class='ocr_line' id='line_1_120' title="bbox 1110 2605 1904 2642; baseline -0.003 -7"><span class='ocrx_word' id='word_1_823' title='bbox 1110 2605 1279 2635; x_wconf 79' lang='lat' dir='ltr'><strong><em>erl‘eclioretn</em></strong></span> <span class='ocrx_word' id='word_1_824' title='bbox 1308 2614 1368 2634; x_wconf 85' lang='lat' dir='ltr'><strong><em>esse</em></strong></span> <span class='ocrx_word' id='word_1_825' title='bbox 1391 2611 1517 2642; x_wconf 85' lang='lat' dir='ltr'><strong><em>oportere</em></strong></span> <span class='ocrx_word' id='word_1_826' title='bbox 1537 2607 1665 2634; x_wconf 74' lang='lat' dir='ltr'><strong><em>ostendit.</em></strong></span> <span class='ocrx_word' id='word_1_827' title='bbox 1689 2605 1784 2641; x_wconf 85' lang='lat' dir='ltr'><strong><em>Itaque</em></strong></span> <span class='ocrx_word' id='word_1_828' title='bbox 1805 2605 1904 2642; x_wconf 68' lang='lat' dir='ltr'><strong><em>genti-</em></strong></span> 
     </span>
    </p>
   </div>
   <div class='ocr_carea' id='block_1_119' title="bbox 1090 2616 1906 2679">
    <p class='ocr_par' dir='ltr' id='par_1_119' title="bbox 1090 2616 1906 2679">
     <span class='ocr_line' id='line_1_121' title="bbox 1110 2616 1904 2642; baseline -0.003 -7"><span class='ocrx_word' id='word_1_829' title='bbox 1110 2616 1279 2635; x_wconf 83' lang='lat' dir='ltr'><strong><em>eriecuorem</em></strong></span> <span class='ocrx_word' id='word_1_830' title='bbox 1308 2616 1368 2634; x_wconf 86' lang='lat' dir='ltr'><strong><em>esse</em></strong></span> <span class='ocrx_word' id='word_1_831' title='bbox 1391 2616 1517 2642; x_wconf 86' lang='lat' dir='ltr'><strong><em>oportere</em></strong></span> <span class='ocrx_word' id='word_1_832' title='bbox 1537 2616 1665 2634; x_wconf 70' lang='lat' dir='ltr'><strong><em>ostencit.</em></strong></span> <span class='ocrx_word' id='word_1_833' title='bbox 1689 2616 1784 2641; x_wconf 77' lang='lat' dir='ltr'><strong><em>itaque</em></strong></span> <span class='ocrx_word' id='word_1_834' title='bbox 1805 2616 1904 2642; x_wconf 77' lang='lat' dir='ltr'><strong><em>genu-</em></strong></span> 
     </span>
     <span class='ocr_line' id='line_1_122' title="bbox 1090 2616 1906 2679; baseline -0.001 -8"><span class='ocrx_word' id='word_1_835' title='bbox 1090 2616 1143 2671; x_wconf 58' lang='lat' dir='ltr'><strong><em>rcm</em></strong></span> <span class='ocrx_word' id='word_1_836' title='bbox 1159 2643 1314 2679; x_wconf 85' lang='lat' dir='ltr'><strong><em>pudicitiam</em></strong></span> <span class='ocrx_word' id='word_1_837' title='bbox 1330 2642 1397 2679; x_wconf 79' lang='lat' dir='ltr'><strong><em>adeo</em></strong></span> <span class='ocrx_word' id='word_1_838' title='bbox 1412 2650 1564 2677; x_wconf 84' lang='lat' dir='ltr'><strong><em>perversam</em></strong></span> <span class='ocrx_word' id='word_1_839' title='bbox 1579 2642 1707 2679; x_wconf 18' lang='lat' dir='ltr'><strong><em>esseiait,</em></strong></span> <span class='ocrx_word' id='word_1_840' title='bbox 1723 2645 1752 2669; x_wconf 86' lang='lat' dir='ltr'><strong><em>ut</em></strong></span> <span class='ocrx_word' id='word_1_841' title='bbox 1766 2642 1835 2669; x_wconf 83' lang='lat' dir='ltr'><strong><em>licet</em></strong></span> <span class='ocrx_word' id='word_1_842' title='bbox 1846 2644 1906 2670; x_wconf 81' lang='lat' dir='ltr'><strong><em>ani-</em></strong></span> 
     </span>
    </p>
   </div>
   <div class='ocr_carea' id='block_1_120' title="bbox 1090 2677 1905 2713">
    <p class='ocr_par' dir='ltr' id='par_1_120' title="bbox 1090 2677 1905 2713">
     <span class='ocr_line' id='line_1_123' title="bbox 1090 2677 1905 2713; baseline 0 -6"><span class='ocrx_word' id='word_1_843' title='bbox 1090 2687 1149 2707; x_wconf 83' lang='lat' dir='ltr'><strong><em>mus</em></strong></span> <span class='ocrx_word' id='word_1_844' title='bbox 1160 2677 1240 2706; x_wconf 79' lang='lat' dir='ltr'><strong><em>tenax</em></strong></span> <span class='ocrx_word' id='word_1_845' title='bbox 1254 2679 1281 2706; x_wconf 92' lang='lat' dir='ltr'><strong><em>in</em></strong></span> <span class='ocrx_word' id='word_1_846' title='bbox 1297 2678 1431 2713; x_wconf 63' lang='lat' dir='ltr'><strong><em>pudicitiae</em></strong></span> <span class='ocrx_word' id='word_1_847' title='bbox 1455 2685 1591 2713; x_wconf 80' lang='lat' dir='ltr'><strong><em>nunquam</em></strong></span> <span class='ocrx_word' id='word_1_848' title='bbox 1604 2677 1734 2705; x_wconf 78' lang='lat' dir='ltr'><strong><em>violanda:</em></strong></span> <span class='ocrx_word' id='word_1_849' title='bbox 1746 2679 1905 2713; x_wconf 83' lang='lat' dir='ltr'><strong><em>proposito</em></strong></span> 
     </span>
    </p>
   </div>
   <div class='ocr_carea' id='block_1_121' title="bbox 1084 2714 1905 2750">
    <p class='ocr_par' dir='ltr' id='par_1_121' title="bbox 1084 2714 1905 2750">
     <span class='ocr_line' id='line_1_124' title="bbox 1084 2714 1905 2750; baseline 0.001 -8"><span class='ocrx_word' id='word_1_850' title='bbox 1084 2720 1257 2750; x_wconf 81' lang='lat' dir='ltr'><strong><em>perseveret,</em></strong></span> <span class='ocrx_word' id='word_1_851' title='bbox 1267 2715 1323 2750; x_wconf 70' lang='lat' dir='ltr'><strong><em>ipsa</em></strong></span> <span class='ocrx_word' id='word_1_852' title='bbox 1333 2719 1420 2742; x_wconf 83' lang='lat' dir='ltr'><strong><em>tamen</em></strong></span> <span class='ocrx_word' id='word_1_853' title='bbox 1432 2714 1561 2749; x_wconf 84' lang='lat' dir='ltr'><strong><em>pudicitia</em></strong></span> <span class='ocrx_word' id='word_1_854' title='bbox 1572 2714 1598 2750; x_wconf 83' lang='lat' dir='ltr'><strong><em>in</em></strong></span> <span class='ocrx_word' id='word_1_855' title='bbox 1610 2714 1734 2749; x_wconf 87' lang='lat' dir='ltr'><strong><em>corporis</em></strong></span> <span class='ocrx_word' id='word_1_856' title='bbox 1744 2714 1905 2743; x_wconf 77' lang='lat' dir='ltr'><strong><em>excolendi</em></strong></span> 
     </span>
    </p>
   </div>
   <div class='ocr_carea' id='block_1_122' title="bbox 1084 2749 1903 2786">
    <p class='ocr_par' dir='ltr' id='par_1_122' title="bbox 1084 2749 1903 2786">
     <span class='ocr_line' id='line_1_125' title="bbox 1084 2749 1903 2786; baseline 0 -8"><span class='ocrx_word' id='word_1_857' title='bbox 1084 2749 1284 2786; x_wconf 81' lang='lat' dir='ltr'><strong><em>exornandique</em></strong></span> <span class='ocrx_word' id='word_1_858' title='bbox 1304 2750 1425 2786; x_wconf 62' lang='lat' dir='ltr'><strong><em>licentius</em></strong></span> <span class='ocrx_word' id='word_1_859' title='bbox 1440 2750 1475 2777; x_wconf 85' lang='lat' dir='ltr'><strong><em>ita</em></strong></span> <span class='ocrx_word' id='word_1_860' title='bbox 1489 2757 1552 2786; x_wconf 75' lang='lat' dir='ltr'><strong><em>sese</em></strong></span> <span class='ocrx_word' id='word_1_861' title='bbox 1572 2749 1701 2777; x_wconf 83' lang='lat' dir='ltr'><strong><em>dissolvat</em></strong></span> <span class='ocrx_word' id='word_1_862' title='bbox 1715 2753 1742 2777; x_wconf 83' lang='lat' dir='ltr'><strong><em>et</em></strong></span> <span class='ocrx_word' id='word_1_863' title='bbox 1759 2749 1800 2776; x_wconf 77' lang='lat' dir='ltr'><strong><em>ira</em></strong></span> <span class='ocrx_word' id='word_1_864' title='bbox 1807 2756 1880 2786; x_wconf 80' lang='lat' dir='ltr'><strong><em>ngat</em></strong></span> <span class='ocrx_word' id='word_1_865' title='bbox 1893 2771 1903 2785; x_wconf 83' lang='lat'><strong><em>,</em></strong></span> 
     </span>
    </p>
   </div>
   <div class='ocr_carea' id='block_1_123' title="bbox 1084 2784 1904 2822">
    <p class='ocr_par' dir='ltr' id='par_1_123' title="bbox 1084 2784 1904 2822">
     <span class='ocr_line' id='line_1_126' title="bbox 1084 2784 1904 2822; baseline 0 -8"><span class='ocrx_word' id='word_1_866' title='bbox 1084 2792 1181 2814; x_wconf 89' lang='lat' dir='ltr'><strong><em>utrem</em></strong></span> <span class='ocrx_word' id='word_1_867' title='bbox 1196 2784 1303 2822; x_wconf 81' lang='lat' dir='ltr'><strong><em>appetat</em></strong></span> <span class='ocrx_word' id='word_1_868' title='bbox 1315 2787 1391 2821; x_wconf 89' lang='lat' dir='ltr'><strong><em>cujus</em></strong></span> <span class='ocrx_word' id='word_1_869' title='bbox 1399 2785 1507 2822; x_wconf 82' lang='lat' dir='ltr'><strong><em>devitat</em></strong></span> <span class='ocrx_word' id='word_1_870' title='bbox 1517 2784 1640 2813; x_wconf 70' lang='lat' dir='ltr'><strong><em>eiiectum</em></strong></span> <span class='ocrx_word' id='word_1_871' title='bbox 1651 2806 1658 2819; x_wconf 90' lang='lat'><strong><em>,</em></strong></span> <span class='ocrx_word' id='word_1_872' title='bbox 1676 2785 1727 2812; x_wconf 88' lang='lat' dir='ltr'><strong><em>hoc</em></strong></span> <span class='ocrx_word' id='word_1_873' title='bbox 1744 2789 1815 2822; x_wconf 75' lang='lat' dir='ltr'><strong><em>est,</em></strong></span> <span class='ocrx_word' id='word_1_874' title='bbox 1833 2784 1904 2821; x_wconf 68' lang='lat' dir='ltr'><strong><em>pla-</em></strong></span> 
     </span>
    </p>
   </div>
   <div class='ocr_carea' id='block_1_124' title="bbox 1083 2821 1905 2857">
    <p class='ocr_par' dir='ltr' id='par_1_124' title="bbox 1083 2821 1905 2857">
     <span class='ocr_line' id='line_1_127' title="bbox 1083 2821 1905 2857; baseline 0 -7"><span class='ocrx_word' id='word_1_875' title='bbox 1083 2830 1145 2851; x_wconf 86' lang='lat' dir='ltr'><strong><em>cere</em></strong></span> <span class='ocrx_word' id='word_1_876' title='bbox 1162 2821 1286 2857; x_wconf 80' lang='lat' dir='ltr'><strong><em>appctat,</em></strong></span> <span class='ocrx_word' id='word_1_877' title='bbox 1301 2826 1328 2850; x_wconf 88' lang='lat' dir='ltr'><strong><em>et</em></strong></span> <span class='ocrx_word' id='word_1_878' title='bbox 1346 2821 1557 2849; x_wconf 81' lang='lat' dir='ltr'><strong><em>adolescentium</em></strong></span> <span class='ocrx_word' id='word_1_879' title='bbox 1576 2824 1679 2857; x_wconf 87' lang='lat' dir='ltr'><strong><em>post‘se</em></strong></span> <span class='ocrx_word' id='word_1_880' title='bbox 1695 2821 1824 2856; x_wconf 83' lang='lat' dir='ltr'><strong><em>suspiria</em></strong></span> <span class='ocrx_word' id='word_1_881' title='bbox 1839 2827 1905 2850; x_wconf 72' lang='lat' dir='ltr'><strong><em>tra-</em></strong></span> 
     </span>
    </p>
   </div>
   <div class='ocr_carea' id='block_1_125' title="bbox 1083 2856 1905 2894">
    <p class='ocr_par' dir='ltr' id='par_1_125' title="bbox 1083 2856 1905 2894">
     <span class='ocr_line' id='line_1_128' title="bbox 1083 2856 1905 2894; baseline 0.002 -8"><span class='ocrx_word' id='word_1_882' title='bbox 1083 2859 1149 2886; x_wconf 84' lang='lat' dir='ltr'><strong><em>here</em></strong></span> <span class='ocrx_word' id='word_1_883' title='bbox 1163 2856 1290 2893; x_wconf 83' lang='lat' dir='ltr'><strong><em>gaudeat,</em></strong></span> <span class='ocrx_word' id='word_1_884' title='bbox 1308 2865 1368 2886; x_wconf 90' lang='lat' dir='ltr'><strong><em>cum</em></strong></span> <span class='ocrx_word' id='word_1_885' title='bbox 1381 2862 1474 2894; x_wconf 80' lang='lat' dir='ltr'><strong><em>tamen</em></strong></span> <span class='ocrx_word' id='word_1_886' title='bbox 1486 2857 1581 2884; x_wconf 79' lang='lat' dir='ltr'><strong><em>alienae</em></strong></span> <span class='ocrx_word' id='word_1_887' title='bbox 1593 2856 1697 2886; x_wconf 86' lang='lat' dir='ltr'><strong><em>libidini</em></strong></span> <span class='ocrx_word' id='word_1_888' title='bbox 1709 2877 1717 2892; x_wconf 93' lang='lat'><strong><em>,</em></strong></span> <span class='ocrx_word' id='word_1_889' title='bbox 1730 2864 1823 2893; x_wconf 86' lang='lat' dir='ltr'><strong><em>quam</em></strong></span> <span class='ocrx_word' id='word_1_890' title='bbox 1840 2858 1905 2894; x_wconf 82' lang='lat' dir='ltr'><strong><em>ipsa</em></strong></span> 
     </span>
    </p>
   </div>
   <div class='ocr_carea' id='block_1_126' title="bbox 1084 2893 1591 2928">
    <p class='ocr_par' dir='ltr' id='par_1_126' title="bbox 1084 2893 1591 2928">
     <span class='ocr_line' id='line_1_129' title="bbox 1084 2893 1591 2928; baseline -0.006 -5"><span class='ocrx_word' id='word_1_891' title='bbox 1084 2894 1227 2928; x_wconf 77' lang='lat' dir='ltr'><strong><em>excitavit,</em></strong></span> <span class='ocrx_word' id='word_1_892' title='bbox 1244 2894 1417 2924; x_wconf 84' lang='lat' dir='ltr'><strong><em>succumbere</em></strong></span> <span class='ocrx_word' id='word_1_893' title='bbox 1433 2893 1509 2923; x_wconf 89' lang='lat' dir='ltr'><strong><em>nolit.</em></strong></span> <span class='ocrx_word' id='word_1_894' title='bbox 1528 2894 1591 2922; x_wconf 67' lang='lat' dir='ltr'><strong><em>lito.</em></strong></span> 
     </span>
    </p>
   </div>
   <div class='ocr_carea' id='block_1_127' title="bbox 1295 2991 1992 3326">
    <p class='ocr_par' dir='ltr' id='par_1_127' title="bbox 1295 2991 1991 3326">
     <span class='ocr_line' id='line_1_130' title="bbox 1295 2991 1991 3326; baseline 0.001 -1"><span class='ocrx_word' id='word_1_895' title='bbox 1295 2991 1991 3326; x_wconf 50' lang='lat'>1</span> 
     </span>
    </p>
   </div>
  </div>
