4068 6352
294 308 425 374 4512

1337 301 1547 364 LIBER
1579 297 1625 364 II
1670 302 1758 364 DE
1797 295 2027 366 CUL’I‘U
2063 295 2530 365 FIEMINARUM.

3431 297 3580 361 1518

290 425 536 483 versitate
561 417 838 496 gentilium
867 419 1169 492 appetendo
1201 419 1279 493 (l)
1304 463 1318 486 ,
1361 421 1514 492 cujus
1540 421 1618 477 rei
1671 419 1874 477 devitat
1904 420 1957 482 A
1980 419 2114 476 Nam
2165 421 2255 491 qui
2282 418 2583 491 praesumit,
2608 417 2784 475 minus
2806 411 3064 485 'veretur,
3089 417 3267 475 minus
3287 414 3580 490 prtecavet,

294 518 556 574 effectum.
600 514 770 583 Quota
819 513 1050 586 denique
1077 523 1160 570 est
1209 511 1323 588 (α),
1377 530 1496 586 quae
1541 528 1642 571 nec
1670 514 1880 586 placere

287 611 500 683 quidem
531 609 798 666 extraneis
833 607 1218 678 concupiscat?
1245 623 1364 679 qua:
1403 622 1510 664 non
1540 606 1671 664 velit
1716 606 1882 663 idcir-

291 720 354 761 co
383 720 442 760 se
487 707 777 777 cxpingere
806 703 907 777 (b),
938 713 996 760 ut
1024 711 1183 776 neget
1219 703 1516 775 appetitum
1545 702 1623 776 (Ξ)
1645 701 1668 756 ?
1694 702 1881 772 Quan-

285 814 444 870 quam
489 810 544 855 et
573 800 676 856 hoc
699 799 883 871 gentili
914 799 1182 870 pudicitia:
1208 799 1470 854 familiare
1491 799 1563 854 sit
1588 839 1603 866 ,
1651 812 1760 854 non
1782 797 1883 854 de-

277 883 560 967 linquere,
576 903 810 948 attamen
836 891 1008 958 velle;
1030 891 1114 947 vel
1141 891 1302 947 etiam
1330 891 1494 959 nolle,
1513 898 1746 946 attamen
1776 905 1882 945 non

284 983 582 1056 denegare.
628 983 768 1052 Quid
800 984 1036 1040 mirum?
1065 997 1322 1054 perversa
1345 992 1470 1038 sunt
1497 982 1679 1038 omnia
1703 1025 1717 1049 ,
1765 998 1885 1054 qua:

287 1095 318 1134 a
347 1080 459 1136 Deo
485 1094 592 1136 non
619 1088 765 1136 sunt.
808 1079 1038 1136 Videant
1059 1078 1220 1151 igitur
1239 1119 1255 1147 ,
1309 1094 1429 1150 qua:
1456 1093 1562 1134 non
1593 1087 1762 1134 totum
1788 1079 1884 1132 bo-

281 1189 415 1228 num
452 1173 746 1230 obtinendo
773 1172 931 1231 facile
979 1183 1032 1230 et
1052 1173 1196 1245 quod
1221 1173 1466 1230 obtinent
1493 1174 1635 1229 malo
1662 1174 1888 1230 commi-

279 1276 462 1322 scent.
493 1267 603 1341 .Vos
627 1267 695 1323 ab
715 1265 843 1334 illis,
868 1275 928 1322 ut
973 1268 1027 1321 in
1075 1267 1306 1335 caeteris,
1337 1267 1547 1322 incessu
1569 1281 1783 1338 quoque
1804 1267 1889 1323 de-

267 1370 510 1428 _vertere
541 1360 904 1416 necessarium
934 1370 1049 1426 est,
1075 1360 1328 1430 quoniam
1360 1358 1611 1431 perfectzn
1652 1375 1773 1417 esse
1798 1361 1894 1417 de-

279 1453 454 1522 betis,
485 1453 794 1508 sicutPater
815 1459 992 1508 vester
1012 1453 1100 1522 qui
1131 1461 1214 1508 est
1240 1453 1293 1507 in
1321 1451 1492 1508 cretis.

930 1544 1157 1602 CAPUT
1182 1544 1245 1600 II.

361 1635 628 1716 Perfecta:
672 1645 882 1702 autem,
933 1637 986 1692 id
1026 1647 1139 1704 est,
1195 1637 1501 1694 christiana:
1535 1637 1742 1709 pudica:
1769 1637 1845 1711 (5)
1871 1681 1887 1704 ,

1986 514 2107 587 plus
2130 513 2461 584 periclitatur
2489 511 2594 587 (4).
2625 512 2808 569 Timor
2830 511 3236 568 fundamentum
3259 512 3447 569 salutis
3475 521 3583 582 est,

1987 610 2336 682 praesumptio
2363 608 2805 680 impedimentum
2861 608 3070 664 timoris
3098 605 3410 682 (d)'Utilius
3431 621 3581 680 ergo,

1986 704 2034 760 si
2061 718 2341 775 speremus
2392 719 2500 760 non
2549 717 2707 774 posse
2750 701 3106 772 delinquere,
3164 717 3326 773 quam
3377 701 3422 757 si
3450 716 3588 772 prte-

1987 813 2263 854 sumamus
2301 814 2408 854 non
2440 811 2630 869 posse;
2656 797 2927 869 sperando
2972 797 3115 853 enim
3147 797 3486 864 timebimus,
3521 795 3589 852 ti-

1987 893 2184 949 mendo
2226 893 2569 960 cavebimus,
2605 891 2843 948 cavendo
2881 890 3014 946 salvi
3052 891 3292 956 erimus;
3319 898 3504 946 contra
3545 888 3593 945 si

1984 1001 2377 1058 praesumamus
2403 1000 2576 1056 neque
2603 984 2841 1041 timendo
2871 999 3045 1056 neque
3075 984 3336 1052 cavendo,
3377 983 3594 1040 difﬁcile

1987 1080 2119 1135 salvi
2145 1080 2364 1135 erimus.
2398 1078 2497 1147 Qui
2525 1091 2748 1134 securus
2775 1079 2904 1148 agit,
2934 1093 3040 1132 non
3069 1085 3153 1132 est
3176 1076 3453 1143 sollicitus,
3488 1090 3597 1132 non

1993 1173 2231 1244 possidet
2265 1180 2430 1227 tutam
2456 1180 2510 1227 et
2541 1170 2747 1226 ﬁrmam
2777 1171 3146 1226 securitatem.
3182 1174 3248 1224 At
3277 1169 3364 1240 qui
3397 1167 3599 1223 sollici-

1994 1275 2078 1320 tus
2101 1274 2186 1321 est
2206 1307 2220 1331 ,
2249 1266 2294 1320 is
2324 1280 2451 1321 vere
2481 1265 2677 1335 poterit
2712 1279 2832 1320 esse
2872 1278 3115 1320 securus.
3152 1263 3221 1317 Et
3243 1261 3311 1319 de
3341 1263 3453 1318 suis
3483 1262 3601 1333 qui-

1995 1359 2117 1416 dem
2155 1361 2325 1416 servis
2357 1359 2612 1415 Dominus
2655 1374 2753 1428 pro
2802 1357 3170 1414 misericordia
3210 1372 3305 1412 sua
3348 1365 3518 1423 curet,
3546 1366 3605 1412 ut

1997 1454 2156 1508 etiam
2207 1466 2538 1523 praesumere
2581 1451 2689 1507 illis
2729 1451 2797 1506 de
2840 1451 2982 1506 bono
3014 1465 3113 1506 suo
3147 1449 3376 1507 feliciter
3423 1451 3601 1505 liceat.

1986 1544 2135 1614 Quid
2164 1555 2342 1601 autem
2365 1545 2519 1600 alteri
2551 1545 2787 1616 periculo
2814 1544 3038 1600 sumus?
3065 1544 3191 1614 quid
3223 1544 3378 1600 alteri
3403 1559 3606 1600 concu-

2000 1642 2312 1711 piscentiam
2359 1639 2751 1710 importamus?
2795 1652 2954 1708 quam
3001 1638 3046 1692 si
3076 1637 3151 1708 (e)
3190 1637 3449 1693 Dominus
3486 1652 3602 1693 am-

281 1732 677 1801 appetitioncm
723 1732 824 1796 sui,
868 1745 977 1786 non
1002 1739 1206 1786 tantum
1235 1748 1340 1786 non
1373 1732 1728 1803 appetendam
1756 1775 1771 1801 ,
1799 1732 1894 1788 sed
1926 1799 1966 1804 _
2001 1733 2224 1804 pliando
2248 1733 2420 1802 legem
2449 1730 2521 1804 (ι’)
2553 1745 2583 1785 a
2607 1730 2748 1786 facto
2767 1730 2936 1799 stupri
2964 1744 3070 1784 non
3094 1729 3424 1784 discernitin
3449 1743 3608 1800 paena

281 1825 454 1879 etiam
483 1823 871 1878 exsecrandam
896 1823 1048 1878 vobis
1071 1824 1253 1879 sciatis
1285 1841 1299 1877 :
1331 1824 1503 1895 primo
1525 1824 1665 1896 quod
1691 1839 1796 1880 non
1825 1824 1892 1880 de
1925 1799 1974 1859 Β
2006 1823 2109 1897 (5),
2141 1825 2322 1881 nescio
2349 1840 2416 1880 an
2446 1824 2662 1894 impune
2679 1823 2894 1890 habeat,
2925 1837 3044 1892 qua:
3083 1822 3242 1877 alicui
3273 1821 3433 1878 fuerit
3457 1837 3613 1878 caus-

281 1915 503 1987 intcgra
525 1916 852 1972 conscientia
898 1917 1045 1972 venit
1065 1917 1300 1972 studium
1323 1917 1568 1989 placendi
1611 1934 1706 1989 per
1732 1919 1895 1975 deco-

283 2024 431 2074 rem,
463 2024 621 2079 quem
650 2009 962 2066 naturaliter
1003 2009 1348 2067 invitatorem
1396 2011 1632 2068 libidinis
1660 2014 1894 2084 scimus;

289 2101 425 2172 quid
478 2099 639 2171 igitur
662 2101 786 2158 inte
811 2103 1012 2157 excites
1054 2103 1252 2159 malum
1285 2105 1463 2161 istud?
1511 2105 1650 2174 Quid
1681 2107 1896 2177 invitas,

289 2192 454 2263 cujus
479 2203 531 2248 te
554 2193 822 2263 proﬁteris
850 2197 1195 2252 extraneum?
1226 2197 1361 2253 Tum
1415 2200 1558 2270 quod
1589 2201 1896 2256 tentationi-

290 2287 399 2341 bus
429 2286 570 2340 viam
600 2288 812 2356 aperire
856 2303 962 2343 non
993 2288 1252 2346 debemus
1276 2334 1290 2357 ,
1341 2307 1462 2362 qua:
1523 2308 1902 2366 nonnunquam

285 2377 448 2450 quod
470 2379 610 2433 Deus
637 2393 666 2433 a
697 2379 809 2434 suis
835 2381 1012 2451 abigat
1034 2382 1282 2438 instando
1304 2385 1587 2454 perliciunt
1605 2429 1619 2453 ,
1651 2396 1798 2443 certe
1822 2387 1904 2443 vel

294 2469 556 2540 spiritum
583 2469 834 2526 seandalo
875 2483 1199 2542 permovent
1257 2473 1353 2547 (ε).
1404 2476 1669 2533 Debemus
1689 2479 1906 2548 quidem

299 2563 376 2618 ita
410 2571 599 2618 sancte
627 2573 680 2618 et
708 2572 814 2618 tota
837 2564 958 2620 ﬁdei
980 2565 1280 2622 substantia
1307 2567 1579 2637 incedere,
1614 2583 1671 2627 ut
1694 2571 1910 2628 confes-

299 2670 380 2710 sae
404 2664 462 2710 et
491 2669 696 2710 secura:
746 2655 916 2712 simus
947 2657 1013 2714 de
1040 2660 1369 2716 conscientia
1424 2671 1607 2720 nostra
1653 2674 1904 2734 optantes

302 2762 662 2820 perseverare
691 2747 745 2804 id
789 2749 846 2806 in
894 2751 1086 2820 nobis,
1145 2768 1253 2809 non
1286 2762 1463 2811 tamen
1499 2769 1916 2827 praesumentes.

1999 1937 2057 1976 sa
2090 1918 2425 1990 perditionis.
2457 1917 2605 1973 Perit
2631 1916 2778 1972 enim
2819 1917 2907 1972 ille
2936 1915 3099 1972 simul
3131 1916 3184 1971 in
3219 1924 3306 1970 tua
3337 1904 3531 1984 forma,
3566 1915 3614 1972 si

2001 2012 2334 2083 concupierit
2362 2009 2470 2083 (6),
2510 2019 2564 2067 et
2593 2010 2808 2066 admisit
2832 2009 2945 2080 jam
2974 2011 3029 2064 in
3058 2008 3238 2064 animo
3258 2051 3273 2076 ,
3300 2009 3442 2079 quod
3483 2023 3616 2064 con-

2002 2106 2237 2177 cupivit,
2267 2112 2322 2160 et
2342 2103 2481 2160 facta
2505 2118 2565 2160 es
2597 2113 2652 2159 tu
2681 2103 2891 2175 gladius
2920 2103 2995 2158 illi
3041 2102 3142 2175 (g).
3187 2102 3253 2159 Ut
3282 2101 3363 2176 (7)
3403 2117 3433 2157 a
3463 2102 3619 2174 culpa

2004 2214 2182 2262 vaces,
2213 2197 2282 2253 ab
2308 2197 2508 2254 invidia
2540 2211 2644 2252 non
2677 2196 3028 2262 liberaberis;
3060 2205 3119 2251 ut
3139 2210 3260 2251 cum
3298 2199 3350 2250 in
3395 2194 3621 2265 alicujus

2008 2306 2136 2362 agro
2155 2288 2492 2345 latrocinium
2518 2296 2724 2358 geStum
2747 2297 2850 2353 est,
2875 2288 3078 2342 crimen
3103 2286 3318 2358 quidem
3343 2286 3622 2342 dominum

2010 2399 2116 2440 non
2145 2382 2406 2454 contingit
2443 2381 2558 2452 (8);
2590 2380 2716 2435 dum
2749 2395 2842 2435 rus
2872 2390 3050 2436 tamen
3073 2380 3189 2450 ejus
3214 2381 3500 2451 ignominia
3527 2396 3624 2436 no-

2012 2486 2184 2543 tatur,
2219 2477 2335 2546 ipse
2375 2490 2590 2546 quoque
2629 2474 2846 2530 infamia
2891 2475 3216 2546 aspergitur.
3262 2474 3626 2547 Expingamus

2016 2585 2134 2638 nos,
2168 2579 2227 2626 ut
2250 2570 2406 2627 alteri
2438 2569 2706 2639 pereant?
2733 2567 2837 2625 Ubi
2876 2577 2959 2624 est
2996 2559 3127 2640 ergo
3157 2587 3170 2624 :
3203 2569 3399 2640 Diliges
3426 2570 3628 2640 'proxi-

2013 2681 2160 2723 mum
2212 2674 2359 2721 tuum
2417 2665 2556 2720 sicut
2613 2671 2666 2720 te
2711 2664 2926 2734 ipsum;
2971 2665 3135 2720 nolite
3182 2674 3360 2721 vestra
3421 2675 3628 2720 tantum

2013 2776 2203 2818 curare
2231 2759 2360 2832 (9),
2404 2759 2497 2816 sed
2546 2758 2807 2815 alterius?
2852 2757 3010 2815 Nulla
3056 2759 3352 2815 enuntiatio
3398 2759 3630 2831 Spiritus

1570 2891 1958 2955 LECTIONES
2001 2893 2410 2953 VARIANTES.

377 3021 636 3097 (l)___Seml.
657 3023 889 3097 dissolvat
903 3031 1116 3097 propter_
1127 3027 1390 3097 veritatem
1416 3023 1506 3090 (al.
1533 3040 1605 3091 pr.
1630 3031 1922 3096 vanitatem)

309 3085 602 3153 gentilium,
624 3085 846 3136 solatium
869 3085 1148 3153 appetendo
1173 3095 1272 3138 etc.

379 3150 718 3262 (ὶῖιῇἑςὲἧξιυω
740 3163 839 3199 non
863 3150 943 3201 vel
966 3152 1150 3201 idcirco
1171 3165 1228 3202 se
1254 3152 1459 3216 expingi
1492 3155 1668 3205 curet?
1690 3163 1742 3206 et
1766 3162 1924 3219 neget

312 3222 855 3346 apgifll‘tligliquoniam
874 3273 1113 3343 perfecta:
1132 3277 1165 3324 i.
1195 3289 1243 3334 e,
1269 3277 1376 3328 chr.
1401 3277 1669 3342 pudicitiae,
1693 3293 1804 3345 app.
1827 3290 1925 3332 etc.

313 3334 515 3389 caeteris
539 3334 693 3387 vcrbis
723 3334 930 3387 omissis.

386 3400 467 3464 (4)
495 3401 604 3474 Rig.
629 3397 758 3472 Nam
776 3400 860 3462 qui
885 3402 1154 3474 praesumit,
1180 3402 1340 3473 minus
1358 3402 1459 3474 jam
1476 3412 1713 3465 veretur;
1737 3405 1822 3468 qui
1838 3407 1933 3474 mi-

240 3509 244 3511 ,
320 3471 673 3577 Mssici-Eur,
698 3467 858 3513 minus
896 3468 1160 3526 praecavet,
1185 3467 1270 3527 qui
1309 3467 1470 3517 minus
1513 3467 1774 3531 praecavet,
1824 3467 1935 3532 plus

317 3539 470 3592 peric
492 3540 540 3575 ιτ
580 3538 655 3576 ur.

2095 3031 2164 3096 (5)
2191 3030 2309 3082 Cod.
2334 3031 2486 3096 Agat).
2512 3031 2653 3096 quasi
2685 3027 2942 3096 Deusnon
2965 3029 3236 3096 amplianda
3260 3026 3431 3092 legem
3453 3044 3482 3080 a
3507 3030 3634 3084 facto

2029 3093 2183 3158 stupri
2197 3093 2658 3158 concupiscentiam
2682 3107 2781 3142 non
2798 3093 3047 3143 discernat
3072 3095 3118 3158 in
3143 3106 3299 3158 pinna.

1949 3191 1995 3254 Ο
2097 3153 2164 3220 (Β)
2190 3155 2345 3206 Simul
2369 3153 2423 3205 iit
2447 3163 2576 3205 tuam
2595 3155 2800 3230 formam.
2820 3167 3022 3230 concup.
3045 3153 3177 3226 Rigi,
3193 3153 3277 3229 qui
3300 3155 3441 3208 etiam
3464 3155 3640 3208 delevit

2028 3232 2103 3270 υυ.
2147 3230 2258 3270 (tua:
2271 3224 2554 3270 sequuntur.
2607 3225 2660 3267 et
2674 3218 3260 3270 admtsrt—concuptvtt.

2090 3218 2111 3282 ,ξ
2129 3218 2660 3282 iquassequunturtet
2674 3218 2871 3266 admisit
2887 3218 3122 3282 ——_concu'
3125 3220 3168 3280 pi
3176 3219 3260 3267 vit.

2100 3280 2170 3355 (7)
2205 3279 2313 3347 Rig.
2333 3279 2522 3344 gladius
2540 3279 2626 3340 illi,
2646 3286 2701 3330 ut
2719 3282 2811 3330 etsi
2830 3293 2858 3329 a
2882 3279 3022 3343 culpa
3039 3279 3200 3341 vaces,
3220 3282 3282 3331 ab
3305 3283 3406 3333 inv.
3433 3294 3482 3330 n.
3509 3280 3638 3334 libe-

2028 3357 2176 3472 rei?)
2212 3403 2320 3470 Rig.
2359 3406 2650 3468 continget;
2699 3403 2851 3456 Seml.
2903 3404 3237 3470 constringit,
3286 3405 3402 3458 dum
3447 3420 3530 3460 res
3573 3411 3642 3459 ta-

2036 3483 2154 3520 men
2178 3477 2274 3518 etc.

2103 3533 2176 3594 (9)
2213 3529 2362 3582 Seml.
2389 3529 2544 3582 nolite
2567 3534 2731 3582 vestra
2756 3543 2950 3581 curare.

1684 3661 2240 3722 COMMENTARIUS.

411 3777 490 3850 (a)
535 3776 703 3852 Quota
729 3775 942 3852 denique
961 3785 1067 3846 est,
1091 3791 1205 3852 quae
1229 3794 1292 3833 ne
1315 3779 1515 3852 placere
1537 3779 1738 3852 quidem
1765 3789 1933 3835 extra-

323 3848 442 3906 neis
465 3848 806 3918 concupiscat.
855 3848 1028 3917 Quota
1051 3858 1166 3917 est,
1189 3848 1395 3920 inquit,
1420 3848 1731 3921 pudicarum
1772 3853 1932 3908 hodie

324 3921 751 3994 christianarum
774 3963 787 3983 ,
807 3936 938 3994 quae
985 3929 1089 3974 tam
1123 3931 1332 3994 austera
1364 3924 1433 3978 sit
1459 3933 1512 3978 et
1538 3924 1679 3978 serio
1709 3924 1894 3994 pudica
1914 3967 1929 3992 ,

325 4003 392 4050 ut
411 4010 478 4048 ne
501 3993 710 4062 placere
732 3991 944 4064 quidem
976 3993 1252 4048 extraneis
1278 3995 1658 4063 concupiscat?
1679 3991 1796 4064 quin
1825 3991 1932 4052 non

327 4073 500 4138 curet
518 4079 577 4138 se
602 4063 818 4138 expingi
837 4072 897 4138 et
935 4065 1221 4130 exornari,
1246 4067 1328 4119 vel
1372 4067 1574 4121 idcirco
1599 4108 1614 4130 ,
1645 4063 1707 4121 ut
1729 4066 1793 4121 iis
1817 4068 1932 4138 pla-

325 4135 504 4193 ceat?
531 4135 700 4202 Quota
727 4135 958 4202 denique
979 4143 1089 4201 est,
1113 4151 1232 4205 quae
1258 4152 1452 4207 negare
1473 4137 1601 4192 velit
1625 4179 1638 4201 ,
1661 4149 1750 4192 aut
1776 4135 1935 4207 quam

330 4223 448 4265 non
492 4211 688 4278 pudeat
739 4221 935 4280 negare
984 4222 1043 4262 se
1097 4223 1326 4278 unquam
1357 4207 1548 4280 fuisse
1593 4211 1935 4280 appetitam?

329 4293 645 4352 quanquam
674 4293 737 4332 ea
765 4279 835 4332 sit
861 4288 914 4333 et
941 4279 1216 4346 gentilium
1265 4279 1513 4352 pudicitia
1535 4322 1549 4346 ,
1587 4291 1643 4335 ut
1687 4297 1792 4336 non
1819 4285 1930 4352 qui-

332 4349 468 4406 dem
497 4349 846 4417 delinquant,
879 4359 1113 4404 attamen
1141 4365 1207 4405 eo
1235 4367 1292 4406 se
1318 4351 1502 4405 habitu
1531 4349 1849 4419 exhibeant,
1880 4362 1938 4410 ut

333 4421 487 4476 velle
515 4419 792 4474 videantur
816 4420 956 4489 quod
987 4423 1155 4475 nolint
1181 4439 1195 4487 ;
1228 4423 1306 4476 sic
1333 4423 1602 4485 incedant,
1635 4433 1693 4478 ut
1723 4426 1936 4482 incessu

337 4495 467 4573 ipso
497 4491 751 4573 cultuque
781 4506 885 4573 non
929 4492 1196 4573 denegent
1237 4493 1380 4573 quod
1417 4495 1736 4565 proxuittuut
1763 4497 1936 4566 impu-
1964 4513 2018 4573 D

338 4561 508 4620 dicat.
539 4562 676 4635 Tum
697 4561 892 4635 ingerit
922 4579 934 4614 :
968 4561 1102 4630 Quid
1129 4561 1320 4618 mirum
1345 4565 1369 4616 ?
1397 4561 1644 4635 perversa
1671 4576 1795 4623 sunt
1820 4561 1942 4623 om-

343 4635 441 4691 nia
469 4649 587 4691 una:
616 4633 708 4688 Dei
739 4649 846 4688 non
875 4643 1017 4688 sunt.
1064 4635 1183 4691 Rio.

328 4775 364 4782 __
401 4704 511 4782 7(h)
554 4704 682 4782 Quae
705 4722 805 4759 non
831 4715 945 4760 sum
973 4707 1099 4782 _velit
1125 4707 1314 4763 idcirco
1343 4710 1714 4782 seiexpingeré.
1760 4711 1953 4780 Arguit

346 4778 448 4834 hic
474 4778 861 4850 medicamenta
893 4787 946 4832 et
968 4779 1144 4832 fucum
1170 4795 1329 4850 quem
1352 4778 1678 4837 adhibebant
1699 4778 1955 4839 mulieres

345 4859 417 4923 tit
464 4852 694 4923 nitorem
739 4849 840 4923 sibi
877 4849 1261 4923 conciliarent,
1291 4863 1450 4923 atque
1482 4853 1535 4908 in
1565 4869 1630 4907 eo
1659 4896 1672 4919 ,
1709 4864 1764 4908 ut
1794 4856 1953 4910 habet

345 4921 610 4978 Clemens
639 4917 844 4994 Alcm.)
877 4920 1087 4994 Pterlag.
1120 4923 1206 4994 Ill,
1231 4917 1450 4994 eap.'2,
1489 4917 1669 4980 rerum
1718 4928 1954 4981 omnium

349 4994 606 5068 opiﬁcem
636 4993 1050 5068 reprehendere
1079 4993 1362 5068 _videntur,
1389 4997 1478 5067 qui
1524 5012 1632 5051 non
1675 4998 1806 5054 satis
1837 4997 1956 5068 pul-

350 5063 680 5121 chritudinis
708 5063 932 5134 largitus
959 5066 1047 5121 sit.
1075 5065 1153 5120 Lt-z
1185 5066 1280 5122 Ρη.

792 5135 881 5224 (e)
911 5137 1054 5224 Certe
1080 5138 1156 5192 vel
1185 5139 1369 5224 spirittt
1406 5140 1706 5224 scandalum
1747 5157 1957 5224 permo-

354 5210 584 5284 vent_(ita
603 5208 780 5284 Ριξς.)ἶ
792 5208 1395 5284 Spiritumconcutiunt,
1413 5212 1726 5284 inquietant.
1743 5212 1956 5270 Etenim

339 5281 611 5355 'Spiritum
646 5280 738 5333 Dei
769 5280 967 5355 habent
995 5280 1178 5355 ﬁdeles
1207 5299 1299 5340 seu
1323 5280 1512 5338 sancti.
1541 5285 1726 5355 Itaque
1757 5285 1800 5338 si
1828 5285 1954 5355 quid

358 5352 653 5426 admittant
675 5367 702 5404 a
730 5351 893 5426 malo,
927 5354 1172 5420 Spiritum
1207 5356 1298 5412 Dei
1323 5351 1656 5424 permovent,
1682 5351 1954 5426 Spiritum,

361 5439 525 5495 quem
546 5423 826 5495 aDomino
855 5438 1154 5495 sumpsere,
1172 5427 1447 5483 saecularis
1463 5429 1540 5483 rei
1565 5423 1733 5495 gratia
1764 5423 1962 5483 conon;-

367 5493 528 5570 tiunt.
559 5494 866 5570 Lataatque
895 5493 1088 5570 ili/fusti
1118 5508 1188 5550 est
1214 5500 1440 5568 Operatio
1478 5493 1621 5568 mali,
1659 5499 1964 5570 multiplicia

365 5568 580 5638 spiritus
606 5566 930 5638 incitamenta
942 5566 1256 5637 jaculantis;
1277 5570 1354 5625 sic
1376 5571 1487 5637 ipse
1503 5566 1866 5627 Tertullianus
1886 5573 1964 5628 lo-

369 5637 574 5712 quitur.
604 5638 696 5712 lih.
712 5637 779 5712 de
801 5637 1082 5712 Patientia,
1112 5649 1167 5696 et
1187 5642 1278 5696 lib.
1299 5641 1365 5696 de
1385 5641 1714 5712 Spectaculis
1745 5661 1762 5700 :
1799 5643 1961 5710 Deus,

355 5706 566 5781 inquit,
601 5706 848 5785 Spiritum
877 5706 1144 5776 Sanctum,
1166 5721 1338 5778 utpote
1362 5706 1453 5785 pro
1476 5725 1672 5771 natura:
1698 5732 1805 5770 sua:
1833 5706 1963 5785 bono

373 5792 600 5836 tenerum
623 5790 668 5834 et
684 5781 975 5845 delicatum,
1000 5781 1382 5857 tranquillitate,
1403 5797 1448 5840 et
1467 5788 1687 5854 lenitate,
1709 5798 1754 5843 et
1775 5783 1962 5857 quiete,

374 5862 422 5906 et
445 5869 568 5924 pace
581 5861 798 5908 tractare
816 5853 1071 5924 praecepit.
1099 5853 1303 5915 Idcirco
1330 5857 1520 5928 placuit
1543 5853 1798 5918 Eliberini
1821 5857 1963 5916 Con-

2039 3781 2146 3836 cilii
2183 3779 2427 3836 Patrihus
2472 3794 2660 3836 cereos
2709 3795 2806 3850 per
2834 3778 2975 3834 diem
3004 3778 3055 3836 in
3086 3781 3400 3838 coemeterio
3425 3796 3531 3837 non
3563 3780 3647 3837 in-

2041 3852 2197 3909 cendi
2220 3894 2232 3918 ,
2262 3868 2380 3908 can.
2421 3868 2628 3907 xxxm:
2667 3851 2994 3919 Inquielandi
3033 3853 3166 3906 enim
3204 3853 3412 3920 spiritus
3438 3864 3650 3908 sancto-

2041 3942 2152 3978 rum
2199 3941 2298 3979 non
2348 3933 2485 3978 sunt.
2537 3923 2910 3993 Inquietantur
2949 3931 3128 3978 autem
3177 3924 3278 3978 ritu
3329 3924 3554 3992 profano
3594 3933 3650 3980 et

2039 3995 2410 4068 gentilinNam
2440 4011 2533 4068 per
2560 4004 2770 4068 noctem
2799 3994 3014 4068 quidem
3045 3995 3177 4050 nulli
3208 4037 3222 4060 ,
3247 3997 3457 4068 opinor,
3487 4012 3649 4066 grave

2042 4066 2131 4122 aut
2160 4066 2446 4122 molestum
2477 4067 2671 4132 fuerit,
2704 4081 2825 4121 cum
2857 4068 2924 4120 sit
2951 4066 3108 4136 plane
3135 4109 3150 4132 ,
3180 4077 3232 4121 et
3261 4067 3475 4121 luminis
3503 4069 3647 4122 sola-

2031 4141 2117 4209 lio
2139 4181 2151 4202 ,
2181 4149 2233 4194 et
2256 4139 2524 4208 pudicitiae
2553 4139 2860 4196 testimonio
2886 4141 3268 4193 necessarium.
3301 4139 3376 4192 De
3400 4140 3573 4193 'cereis
3594 4148 3649 4195 et

2043 4212 2276 4266 lucernis
2318 4227 2413 4277 per
2454 4211 2596 4264 diem
2642 4211 2885 4264 accensis
2934 4209 3187 4264 nonnulla
3243 4210 3650 4266 observabimus

2043 4283 2136 4337 lih.
2190 4283 2230 4336 II
2273 4283 2338 4336 ad
2382 4281 2612 4338 Uxorem
2638 4323 2652 4346 ,
2691 4282 2757 4335 ad
2804 4280 2966 4347 illud,
3004 4280 3066 4334 Et
3107 4282 3340 4350 procedet
3387 4281 3450 4334 de
3492 4283 3652 4346 ianua

2043 4357 2274 4408 laureata
2298 4365 2342 4408 et
2373 4355 2667 4419 lucernula,
2701 4362 2755 4406 ut
2781 4353 2844 4407 de
2873 4369 3002 4407 novo
3047 4353 3346 4408 consistorio
3385 4352 3654 4410 libidinum

2043 4425 2384 4496 publicarum.
2419 4425 2538 4482 RIG.

2118 4493 2197 4568 (d)
2240 4495 2581 4565 Prwsumptio
2625 4495 3035 4564 impedimentum
3087 4495 3300 4549 timoris.
3350 4495 3652 4568 Argumen-

2055 4567 2184 4623 tum
2210 4569 2311 4624 hoc
2330 4609 2345 4635 ,
2374 4583 2532 4638 quam
2566 4567 2900 4623 necessarius
2923 4569 2994 4623 sit
3023 4568 3300 4622 timor.l)ei
3329 4567 3395 4621 ad
3423 4567 3651 4638 salutem

2056 4637 2523 4708 consequendam,
2557 4649 2748 4695 tractat
2789 4639 3021 4708 Prosper
3065 4639 3314 4707 Aquitan.
3357 4638 3450 4694 lib.
3495 4637 3558 4694 IlI
3587 4640 3657 4695 de

2060 4709 2178 4766 Vita
2207 4711 2500 4778 contempl.
2529 4727 2646 4780 cap.
2683 4712 2742 4766 ll
2773 4727 2789 4776 ;
2814 4711 2902 4765 ubi
2930 4711 3088 4764 etiam
3117 4710 3350 4780 loquitur
3376 4710 3442 4764 de
3465 4711 3658 4766 timore

2059 4797 2180 4838 cum
2206 4782 2544 4854 oppositione
2589 4782 2654 4838 ad
2698 4783 3207 4852 praesumptionem,
3242 4791 3298 4836 ut
3326 4782 3412 4854 hic
3437 4781 3656 4837 Tertul-

2062 4855 2234 4910 lianus
2259 4853 2372 4917 ;'ait
2404 4855 2546 4911 enim
2575 4853 2820 4910 homines
2849 4868 3062 4908 cessare
3086 4869 3115 4906 a
3146 4854 3336 4910 timore
3368 4853 3460 4908 Dei
3488 4895 3501 4921 ,
3536 4854 3657 4910 ille-

2061 4937 2178 4981 ctos
2207 4941 2302 4996 spe
2334 4935 2674 4996 prtesumptac
2699 4926 3047 4996 impunitatis.
3073 4924 3206 4979 Lac.

2134 4997 2211 5071 (e)
2239 4995 2422 5065 Quam
2453 4999 2497 5051 si
2518 4997 2656 5071 licus
2675 5039 2688 5060 ,
2721 4995 3016 5071 amplianda
3046 4997 3237 5071 legem,
3265 5013 3298 5050 a
3328 4997 3463 5071 facta
3497 4997 3662 5068 stupri

2061 5068 2163 5125 non
2192 5068 2474 5140 distinguat
2514 5070 2566 5123 in
2609 5084 2759 5138 pruna
2778 5109 2793 5132 ,
2821 5069 2987 5140 nescio
3015 5085 3082 5122 an
3109 5069 3315 5140 impune
3344 5068 3522 5123 habeat
3549 5083 3664 5138 qua:

2061 5144 2217 5197 alicui
2243 5139 2395 5214 fuerit
2425 5157 2584 5214 causa
2615 5139 3266 5214 perditionis._Ampliavit
3293 5140 3464 5214 legem
3501 5140 3665 5214 Chri-

2063 5223 2176 5270 stus
2202 5210 2325 5268 cum
2360 5214 2434 5267 ait
2461 5230 2474 5264 :
2507 5212 2733 5266 Audistis
2761 5212 2878 5280 quia
2917 5210 3108 5266 dictum
3134 5223 3208 5266 est
3238 5210 3504 5281 antiquis:
3537 5211 3665 5266 Non

2062 5286 2406 5339 iniec/iuberis.
2443 5283 2551 5355 Ego
2590 5300 2707 5339 vero
2749 5283 2860 5337 dico
2907 5283 3044 5355 voiris
3074 5301 3087 5337 :
3125 5283 3441 5354 Quicumque
3478 5283 3664 5353 aspicit

2063 5358 2319 5410 mulierem
2350 5364 2403 5410 ut
2431 5354 2749 5426 concupiscat
2775 5398 2791 5423 ,
2821 5363 2926 5411 etc.
2958 5354 3077 5410 RIG.

2141 5428 2208 5500 (Γ)
2250 5426 2371 5500 Non
2392 5427 2690 5500 amplianda
2719 5428 2898 5497 legem.
2939 5427 3029 5482 Sic
3051 5427 3145 5482 lib.
3190 5427 3259 5483 dc
3293 5427 3440 5484 Orat.
3463 5427 3668 5500 Exinde

2067 5497 2242 5572 aperte
2265 5497 2543 5564 Dominus,
2577 5500 2834 5572 (implicita
2858 5499 3046 5570 legem,
3076 5500 3205 5554 iram
3239 5501 3292 5554 in
3330 5504 3540 5572 fratrem
3568 5499 3668 5554 lto-

2067 5571 2273 5627 micidio
2297 5573 2626 5642 superponit.
2672 5569 2982 5640 Eodemque
3023 5584 3189 5626 sensu
3221 5569 3415 5628 lih.‘de
3446 5571 3660 5642 Monog.

2067 5643 2238 5699 dixit:
2271 5641 2398 5709 Quae
2421 5642 2487 5696 ad
2503 5642 2762 5714 justitiam
2782 5650 3173 5714 spectant,non
3197 5653 3394 5699 tantum
3413 5641 3669 5700 reseruata

2069 5723 2397 5786 permaneant
2425 5754 2440 5780 ,
2468 5713 2638 5770 verum
2666 5723 2713 5769 et
2737 5714 3005 5786 ampliata.
3032 5713 3152 5771 RIG.

2141 5787 2220 5859 (gl
2261 5785 2425 5859 [facta
2445 5801 2497 5840 es
2521 5797 2574 5841 tu
2593 5786 2794 5858 gladius
2819 5787 2914 5840 illi.
2944 5784 3279 5859 Cyprianus,
3312 5787 3403 5843 lib.
3431 5787 3498 5843 de
3529 5787 3664 5859 llab.

2071 5851 2203 5930 Virg.
2232 5877 2246 5916 :
2285 5857 2352 5916 Ut
2381 5859 2472 5916 etsi
2494 5851 2613 5932 ipsa
2651 5874 2754 5915 non
2781 5873 2957 5930 pereas
2976 5851 3008 5928 ,⁷
3032 5851 3171 5917 alios
3220 5851 3389 5918 tamen
3445 5851 3672 5933 perdas,
