2008 3326
232 113 304 143 1519

233 229 296 250 nem
311 222 431 249 utilitatis
445 222 615 250 occasionem
631 222 709 257 dirigi
727 227 754 250 et
767 223 866 258 suscipi
882 223 962 251 debet
984 222 1035 259 (l).

234 270 300 298 Cum
324 270 403 305 igitur
422 274 449 297 ct
462 274 553 297 ucstra
572 273 600 298 et
612 270 725 297 aliorum
751 277 844 298 caussa
864 275 986 298 versetur
1010 270 1036 298 in

232 316 323 344 studio
339 316 558 352 periculosissimi
574 316 690 350 decoris,
703 316 758 351 jam
774 324 828 344 non
849 322 952 344 tantum
973 324 1036 345 con-

234 362 305 390 ficta:
319 367 346 390 et
361 362 505 390 elaborata:
529 362 734 397 pulchritudinis
758 362 797 397 (2)
819 368 973 398 suggestth
998 362 1036 399 (a)

233 409 413 438 recusandum
427 417 441 436 a
455 409 532 437 vobis
546 409 648 443 sciatis,
670 409 716 437 sed
737 410 817 437 etiam
836 409 963 437 naturalis
976 417 1037 444 spc-

234 457 364 485 ciositatis
378 456 576 485 obliterandum
597 456 809 484 dissimulatione
827 461 854 484 et
876 457 989 490 incuria,
1008 460 1038 484 ut

234 504 346 540 proinde
360 504 499 531 oculorum
513 503 664 531 incursibus
679 503 831 531 molestum.
846 503 912 531 Nam
924 504 974 531 etsi
989 511 1037 532 ac-

233 550 368 579 cusandus
381 550 465 578 decor
477 558 529 578 non
543 555 595 583 est,
611 555 638 578 ut
654 550 766 578 felicitas
776 552 907 586 corporis,
924 556 952 578 ot
965 551 1035 578 divi-

234 606 275 626 nae
288 598 406 633 plasticre
417 598 536 625 accessio
552 597 633 632 (b),ut
648 597 747 625 animae
758 598 845 633 aliqua
861 598 942 625 vestis
958 598 1038 626 urba~

234 651 267 672 na
283 644 322 680 (5)
336 653 344 678 ;
367 644 513 672 timendum
529 649 616 672 tamen
636 649 677 672 est
691 644 732 672 vel
747 650 855 680 propter
867 645 992 680 injuriam
1011 650 1038 673 et

235 691 390 719 violentiam
413 695 604 726 spectatorum,
625 699 683 725 qua:
708 691 746 727 (4)
775 691 855 719 etiam
884 696 959 726 pater
976 691 1037 719 fidei

233 735 372 764 Abraham
386 736 412 763 in
427 735 518 763 uxoris
528 743 584 763 suae
595 737 684 771 specie
699 736 847 771 pertimuit,
864 741 890 764 et
907 735 943 772 (ε)
958 743 1037 764 soro-

233 789 292 810 rem
314 782 442 810 mentitus
460 781 554 810 Saram
581 780 621 818 (5)
651 782 703 818 (d),
740 782 854 811 salutem
874 782 1036 811 contumelia

233 828 356 856 redemit.

543 875 658 904 CAPUT
678 875 721 904 Ill.

270 921 346 949 Nunc
366 930 419 950 non
435 923 469 951 sit
483 923 601 951 timenda
612 923 727 958 dignitas
740 923 846 957 formae,
860 928 889 951 ut
903 931 952 952 nec
971 931 1032 959 pos-

233 968 384 996 sidentibus
393 969 493 1004 gravis,
510 977 560 997 ncc
572 970 759 1005 appetentibus
768 970 892 1004 exitiosa,
904 978 954 998 nec
968 978 1034 998 con-

231 1015 333 1050 junctis
355 1016 525 1050 periculosa;
541 1024 594 1044 non
615 1016 736 1051 exposita
759 1017 961 1050 tentationibtts,
979 1024 1032 1044 non

233 1061 397 1089 circumdata
419 1062 555 1090 scandalis
569 1063 737 1090 existimetur
754 1071 760 1090 :
777 1062 885 1095 sufficit,
899 1063 970 1097 quod
984 1071 1032 1090 an-

235 1109 302 1144 gelis
317 1108 362 1136 Dei
380 1108 414 1144 (ε)
428 1116 480 1136 non
493 1113 535 1137 est
545 1108 782 1137 necessaria.Nam
794 1110 839 1137 ubi
855 1109 990 1144 pudicitia,
1000 1110 1035 1138 ibi

232 1165 316 1185 vacua
332 1157 512 1192 pulchritudo,
527 1157 589 1193 quia
605 1158 714 1192 proprie
728 1165 792 1185 usus
805 1163 831 1185 et
847 1157 949 1185 fructus
971 1158 1030 1193 pol-

231 1203 391 1231 cltritudinis
403 1203 518 1237 luxuria,
538 1203 589 1231 nisi
607 1203 629 1230 si
644 1203 704 1238 quis
717 1203 797 1231 aliam
810 1211 926 1231 messem
940 1204 1036 1232 decori

232 1250 353 1285 corporis
366 1250 522 1277 arbitratur.
539 1249 594 1277 Illa:
607 1249 658 1277 sibi
675 1249 870 1278 formositatem
891 1254 918 1278 et
941 1249 1034 1278 datam

232 1296 379 1324 extendant
393 1300 420 1324 et
435 1304 488 1324 non
501 1296 591 1323 datam
603 1296 773 1331 conquirant,
790 1304 849 1332 qua:
860 1296 930 1332 quod
941 1297 975 1325 ab
989 1297 1034 1325 illa

233 1342 379 1377 flagitator,
394 1342 445 1369 sibi
463 1350 569 1378 quoque
587 1348 717 1377 praestare
731 1350 760 1370 se
772 1347 875 1377 putant,
886 1350 946 1370 cum
960 1343 1036 1371 alteri

233 1388 418 1424 pra'stantq').
435 1387 511 1415 Dicet
525 1387 622 1423 aliquis
637 1387 722 1421 :Quid
735 1396 799 1423 ergo
809 1396 873 1421 non,
888 1393 915 1416 et
928 1389 1037 1416 exclusa

233 1435 349 1467 luxuria,
363 1439 390 1462 et
402 1433 519 1462 admissa
532 1434 665 1467 castitate,
676 1434 754 1461 laude
764 1434 857 1462 forma:
870 1435 928 1463 sola
945 1434 994 1462 frui
1010 1440 1038 1463 et

233 1480 267 1509 de
282 1481 354 1509 bono
371 1480 493 1516 corporis
505 1480 615 1516 gloriari
629 1480 691 1508 licet
701 1478 741 1516 (6)
748 1479 759 1507 ‘2
771 1479 884 1514 Viderit,
901 1489 979 1516 quem
991 1481 1037 1517 ‘ju-

232 1532 278 1556 vat
295 1527 329 1555 de
349 1524 431 1555 carne
451 1526 571 1562 gloriari.
594 1525 678 1554 Nobis
703 1531 792 1554 autem
815 1527 902 1562 prituo
926 1527 1035 1563 quidem

938 114 1169 146 TERTULLIANI

232 175 323 204 Sancti
335 175 368 203 ad
390 180 548 211 praesentem
561 179 664 203 tantum
677 177 818 204 materiam
829 180 856 205 et
868 184 923 204 non
933 177 966 205 ad
977 184 1036 205 om-
1050 179 1077 208 Α
1091 177 1296 205 humilitatis-ex
1311 177 1473 213 pra-scriptis
1487 177 1543 206 Dei.
1559 176 1662 206 Deinde
1672 178 1694 206 si
1703 178 1906 215 omnisfgloria

1831 117 1910 148 ἱειΞο

1089 230 1156 251 vana
1171 228 1198 251 et
1219 228 1357 258 stuporata
1372 224 1422 261 (g),
1442 230 1544 260 quanto
1564 225 1650 260 magis
1670 233 1732 261 qum
1753 226 1783 253 in
1816 233 1905 254 carne

1089 270 1168 298 nobis
1181 270 1310 298 duntaxat
1322 272 1329 298 !
1343 270 1408 298 Nam
1423 271 1473 299 etsi
1487 271 1655 306 gloriandum
1667 277 1719 305 est,
1737 272 1764 300 in
1779 271 1903 306 spiritus

1088 317 1177 349 bonis,
1191 326 1244 345 non
1264 318 1289 344 in
1303 326 1384 346 carne
1399 317 1507 353 placere
1519 317 1588 345 velle
1602 317 1743 351 debemus,
1758 318 1827 353 quia
1842 318 1902 353 spi-

1089 363 1227 391 ritualiutn
1250 367 1397 391 sectatores
1429 370 1541 396 sumus;
1566 363 1592 391 in
1611 363 1709 398 quibus
1731 371 1900 399 operamnr,

1089 410 1142 438 illis
1155 416 1181 438 et
1193 410 1375 446 gaudeamus;
1389 410 1422 438 dc
1437 410 1478 437 his
1489 410 1601 446 gloriam
1613 417 1768 445 carpamus,
1780 410 1821 439 de
1832 411 1900 446 qui-

1089 456 1139 485 bus
1154 458 1267 485 salutetn
1281 464 1430 492 speramus.
1452 457 1535 484 Plane
1546 457 1705 492 gloriabitur
1717 457 1899 485 Christianus

1089 504 1169 532 etiam
1194 504 1221 531 in
1234 511 1325 535 carne,
1342 503 1390 531 sed
1408 510 1469 531 cum
1485 508 1595 539 propter
1610 503 1748 531 Christum
1772 503 1899 531 lacerata

1090 549 1237 583 duraverit,
1260 554 1288 577 ut
1302 553 1330 577 et
1344 549 1453 585 spiritus
1468 549 1495 576 in
1507 556 1539 577 ea
1552 554 1705 582 coronetttr,
1721 556 1777 577 non
1788 554 1820 577 ut
1832 557 1899 577 oeu-

1089 595 1130 624 los
1143 601 1169 624 et
1180 596 1294 631 suspiria
1309 595 1521 623 adolescentium
1534 599 1594 630 post
1606 603 1635 623 se
1647 595 1745 623 trahat.
1762 595 1802 623 lta
1823 596 1898 631 quod

1089 649 1121 670 ex
1138 642 1211 669 omni
1227 647 1302 677 parte
1329 642 1355 669 in
1373 641 1450 669 vobis
1463 647 1550 675 vacat,
1563 642 1660 669 merito
1672 646 1700 670 et
1714 649 1770 670 non
1786 642 1898 670 haben-

1090 692 1131 716 tes
1149 687 1291 715 fastidiatis
1310 692 1337 716 et
1352 687 1482 716 habentes
1498 688 1649 724 negligatis.
1664 689 1763 716 Sancta
1780 688 1897 717 femina

1088 733 1124 761 sit
1134 733 1292 761 naturaliter
1304 733 1436 769 speciosa,
1453 741 1506 761 non
1519 733 1588 762 adeo
1599 734 1633 761 sit
1645 734 1802 767 occasioni;
1820 740 1898 762 certe

1087 779 1111 807 si
1139 779 1236 813 fuerit,
1263 787 1316 808 non
1347 780 1494 815 ignorare,
1521 780 1569 808 sed
1592 780 1672 809 etiam
1699 781 1838 817 impedire
1867 789 1898 809 se

1088 826 1168 855 debet
1180 826 1233 862 (7).

1394 872 1509 902 CAPUT
1528 873 1573 901 IV.

1123 920 1204 954 Quasi
1218 920 1364 956 gentilibus
1374 919 1472 953 dicam,
1483 920 1574 956 gentili
1583 924 1610 948 et
1621 921 1755 948 communi
1770 921 1896 949 omnium

1086 971 1221 1002 praecepto
1234 966 1374 1002 alloquens
1387 974 1445 1000 vos,
1460 967 1527 994 solis
1549 967 1651 994 maritis
1670 967 1769 995 vestris
1785 968 1897 1002 placere

1087 1013 1192 1042 debetis
1204 1014 1255 1049 (Ii).
1266 1014 1295 1041 ln
1305 1018 1406 1042 tantum
1416 1018 1504 1041 autetn
1518 1013 1656 1049 placebitis
1664 1014 1715 1046 eis,
1724 1014 1749 1041 in
1760 1015 1896 1050 quantum

1087 1061 1181 1090 alteris
1199 1061 1306 1096 placere
1313 1069 1366 1089 non
1377 1061 1546 1089 curaveritis.
1564 1061 1672 1089 Securzc
1684 1066 1773 1089 estote
1784 1083 1791 1094 ,
1808 1062 1897 1089 bene-

1088 1109 1183 1142 dictae;
1200 1116 1267 1136 uxor
1278 1109 1348 1136 nulla
1364 1108 1493 1136 deforntis
1506 1113 1547 1136 est
1561 1108 1656 1135 marito
1671 1116 1738 1141 suo;
1753 1109 1823 1136 satis
1835 1109 1894 1143 pla-

1087 1156 1153 1189 cuit,
1165 1163 1224 1182 cum
1237 1155 1320 1183 electa
1331 1160 1382 1188 est,
1391 1162 1438 1183 seu
1452 1155 1640 1187 tnoribus,seu
1654 1154 1739 1182 forma
1751 1162 1896 1183 commen-

1087 1201 1160 1230 data.
1176 1202 1214 1229 Ne
1226 1209 1277 1237 qua
1295 1207 1412 1229 vestrum
1434 1205 1518 1236 putet,
1537 1202 1559 1229 si
1575 1202 1765 1237 temperaverit
1781 1210 1796 1229 a
1815 1210 1895 1230 com-

1087 1249 1221 1285 positione
1233 1248 1285 1281 sui,
1302 1247 1382 1284 se(8)
1401 1248 1490 1276 odium
1505 1254 1532 1276 et
1544 1249 1713 1276 aversionem
1730 1249 1894 1277 maritorum

1090 1300 1303 1332 prosecutorum.
1319 1294 1413 1322 Omnis
1429 1295 1542 1322 maritus
1562 1294 1692 1321 castitatis
1705 1299 1820 1322 exactor
1832 1300 1893 1327 est;

1088 1342 1203 1370 formam
1219 1349 1282 1369 vero
1296 1341 1382 1368 fidelis
1401 1347 1454 1368 non
1471 1340 1632 1376 expostulat,
1650 1340 1710 1376 quia
1727 1349 1781 1368 tton
1795 1342 1894 1369 iisdem

1091 1389 1179 1422 bonis,
1195 1395 1254 1424 qum
1274 1388 1388 1423 gentiles
1409 1392 1512 1423 putant,
1530 1387 1667 1422 capimur;
1690 1387 1808 1415 infidelis
1822 1395 1892 1415 con-

1090 1440 1130 1463 tra
1141 1435 1223 1463 etiam
1234 1440 1386 1469 suspectam
1399 1434 1490 1467 habet,
1505 1434 1545 1461 vel
1558 1438 1667 1469 propter
1681 1433 1753 1460 illam
1767 1434 1892 1462 scelera-

1091 1488 1144 1511 tam
1159 1483 1185 1510 in
1208 1490 1256 1510 nos
1276 1482 1430 1517 opinionem
1446 1481 1487 1517 (9)
1504 1481 1654 1516 gentiliutn.
1674 1480 1724 1508 Cui
1748 1489 1815 1516 ergo
1831 1481 1892 1516 pol-

1091 1529 1273 1558 cliritudinem
1295 1534 1366 1556 tuam
1391 1529 1497 1556 nutris?
1518 1528 1546 1556 Si
1563 1528 1660 1562 ﬁdelis,
1678 1536 1730 1556 non
1752 1529 1891 1564 exigit-,si

233 1575 335 1603 nullum
350 1574 443 1610 gloriie
457 1574 587 1607 studium,
601 1574 663 1609 quia
676 1573 759 1609 gloria
774 1562 945 1602 exaltationis
961 1575 1037 1610 inge-
1049 1562 1072 1594 C
1090 1576 1207 1613 gentilis,
1224 1583 1277 1603 non
1291 1575 1376 1603 credit
1387 1575 1458 1611 (10).
1474 1574 1542 1609 Quid
1555 1575 1637 1611 gestis
1650 1581 1695 1604 aut
1705 1562 1835 1611 suSpecio
1846 1581 1891 1603 aut

233 1622 309 1650 nium
321 1625 372 1649 est.
388 1620 473 1648 Porro
485 1620 613 1648 exaltatio
625 1628 678 1648 non
690 1621 816 1656 congruit
832 1621 1035 1656 professoribus

1090 1632 1143 1652 non
1157 1622 1319 1651 desideranti
1333 1622 1459 1658 placere?

864 1680 1056 1712 LECTIONES
1077 1681 1283 1711 VARIANTES.

281 1740 301 1771 t)
316 1738 485 1772 Seml.potest.

277 1772 303 1802 2)
317 1770 516 1802 Semlflihidinis,
530 1775 573 1796 Fr.
595 1770 685 1796 Junius
707 1770 839 1802 cupidinis.

281 1740 301 1771 t)
316 1740 485 1772 Seml.potest.

277 1772 303 1802 2)
317 1771 391 1796 Seml.
402 1772 516 1802 libidinis,
530 1775 573 1796 Fr.
595 1770 685 1796 Junius
707 1770 839 1802 cupidinis.

265 1740 301 1835 23)
314 1803 356 1828 Sic
378 1802 459 1828 Geten.
480 1805 501 1827 et
514 1802 554 1828 ed.
575 1807 670 1832 Prata;
694 1801 750 1835 Rig.
775 1802 851 1827 vestis
863 1801 944 1835 bona;
958 1802 1033 1828 Seml.

232 1838 339 1860 vestitus
355 1835 427 1859 bona.

278 1866 301 1897 t)
315 1866 373 1898 Rig.
385 1865 442 1890 viol.
454 1865 626 1898 sectationem,
636 1871 709 1896 quam
722 1867 770 1889 etc.

278 1895 303 1928 5')
322 1895 382 1929 (ἷᾷιι.
400 1895 476 1929 Agab.
491 1897 596 1929 et_lsaac
608 1895 718 1929 sororem
735 1896 870 1929 ementitus
890 1896 1035 1929 Rebeccam.

276 1930 301 1960 ti)
320 1927 374 1961 Rig.
386 1927 509 1958 castitate,
519 1927 605 1953 laudes
617 1927 726 1959 corporis
737 1927 839 1958 gloriam
853 1927 928 1953 licet?

1087 1755 1094 1772 ι
1120 1739 1157 1771 (7)
1172 1738 1225 1771 Rig.
1238 1737 1470 1772 Sanctterfgaminze,
1483 1738 1504 1763 si
1521 1740 1599 1772 natur.
1614 1739 1741 1772 speciosa.
1754 1745 1805 1772 non
1829 1739 1893 1764 adeo

1087 1769 1232 1807 sitoccasio,
1245 1774 1314 1795 certe
1328 1771 1347 1795 si
1365 1769 1450 1799 fuerit,
1461 1776 1509 1794 nou
1522 1769 1647 1800 adjuvare,
1661 1770 1704 1794 sed
1724 1770 1801 1795 etiam
1817 1773 1893 1803 impe-

1087 1802 1320 1865 dllig)d;’|lierliculwn
1330 1839 1358 1865 se
1367 1831 1408 1857 In'c
1420 1830 1573 1865 inserendam
1585 1831 1726 1865 put'iviinus.
1737 1832 1811 1864 Leop.

1118 1863 1155 1926 E9)
1168 1864 1223 1896 Rig.
1238 1864 1275 1888 vel
1289 1871 1319 1888 ex
1333 1863 1372 1888 illa
1385 1864 1507 1888 scelerata
1517 1864 1540 1887 in
1553 1870 1597 1887 nos
1608 1864 1733 1894 opinione.

1135 1896 1172 1926 ιο)
1186 1895 1241 1926 Itig.
1254 1896 1275 1920 si
1285 1895 1391 1926 itilideli,
1404 1894 1540 1926 simplicem
1553 1901 1601 1919 non
1612 1894 1700 1920 credit.

1135 1894 1172 1928 l0)
1186 1894 1241 1927 liig.
1254 1896 1275 1920 si
1285 1895 1391 1926 infideli,
1404 1894 1540 1926 simplicem
1553 1901 1601 1919 non
1612 1894 1700 1920 credit.

913 1980 1194 2011 COMMENTARIUS.

233 2041 300 2069 velut
319 2040 433 2076 gladium
450 2045 473 2068 te
489 2045 513 2068 et
533 2047 656 2068 uenenum
677 2040 732 2075 ejus
747 2039 889 2102 uidentli‘bas
908 2040 1032 2075 prazbeas.

851 2083 886 2102 te.

851 2083 886 2103 lC.

271 2112 309 2149 (a)
324 2112 476 2149 Elaboratte
493 2112 690 2149 pulchritudinis
703 2117 858 2149 suggestum.
874 2111 932 2139 Non
946 2112 1033 2139 solum

233 2148 267 2176 de
277 2147 358 2176 coma
374 2149 453 2175 verba
470 2147 528 2175 haec
541 2148 694 2183 accipienda
707 2168 713 2179 ,
730 2148 777 2175 sed
791 2148 825 2175 de
840 2148 923 2175 totius
935 2156 1033 2183 corpo-

233 2185 271 2248 iis
286 2188 381 2247 (ἒξ-11³111
392 2204 399 2217 ,
413 2191 460 2219 per
474 2188 618 2219 suggestum
640 2191 704 2212 vero
722 2188 879 2219 apparatutn
905 2184 1032 2219 intellige.

257 2228 272 2247 ε
315 2228 340 2247 n.

257 2228 272 2247 ε
294 2221 340 2247 l’n.

273 2255 315 2292 (lt)
338 2255 371 2283 Ut
385 2256 478 2283 divinat
500 2255 613 2292 plastim
628 2255 755 2292 accessio.
769 2254 920 2291 Cyprianus
931 2260 1033 2291 martyr

233 2291 267 2319 de
279 2290 371 2319 habitu
386 2292 517 2327 virginum
531 2299 538 2317 :
557 2290 632 2324 Quod
645 2298 712 2327 opus
724 2291 769 2317 Dei
783 2290 804 2318 et
820 2291 920 2324 {actura
933 2292 989 2327 ejus
1003 2290 1032 2319 ret

234 2328 342 2363 plmtica
351 2326 490 2354 adulterari
501 2327 571 2354 nullo
584 2326 659 2363 modo
672 2326 874 2363 debeatrRunN.

269 2362 307 2399 (η)
328 2362 364 2399 Et
376 2371 487 2390 serarent
507 2363 625 2390 mentitus
640 2361 745 2399 Suram.
764 2362 805 2399 _an
828 2363 975 2397 exemplari
988 2363 1031 2391 le-

231 2397 302 2434 gitur
318 2408 324 2426 :
342 2398 374 2425 Et
390 2398 465 2426 Isaac
483 2406 595 2425 sororem
610 2398 743 2425 ementitus
758 2397 907 2434 Rebeccam.
926 2399 984 2426 llic.

270 2434 309 2470 (ά)
332 2434 362 2461 Et
375 2443 487 2462 sororem
503 2435 622 2461 mentitus
636 2433 739 2462 Suram.
756 2433 896 2470 Multorum
910 2435 1031 2462 exercuit

233 2469 339 2505 ingenia
360 2471 433 2498 locus
455 2470 578 2505 hie;qui
598 2471 669 2497 enim
695 2469 825 2496 mendacii
851 2470 1028 2504 patrocinium

232 2511 424 2540 susceperunt,
447 2505 498 2533 hoc
522 2506 580 2533 loco
603 2513 666 2533 vere
685 2505 839 2536 abutuntur,
855 2509 883 2532 et
905 2505 931 2532 in
952 2513 1028 2532 suum

231 2550 340 2569 sensum
354 2541 524 2569 detorquent.
540 2541 594 2569 Hae
607 2541 640 2568 de
654 2548 683 2568 re
695 2541 876 2568 c0nsulendus
892 2540 921 2567 Β.
938 2541 1029 2569 Auan-

233 2578 319 2604 stinus
332 2578 376 2604 lib.
391 2577 425 2604 de
439 2576 577 2604 Mendacio
591 2576 624 2603 ad
635 2576 810 2604 Consentium
823 2598 830 2610 ,
844 2581 871 2604 et
884 2576 931 2604 lib.
945 2576 1027 2610 XXII,

230 2613 292 2640 adv.
309 2613 446 2640 Faustum.
463 2613 502 2640 Le
521 2613 569 2639 l‘n.

267 2649 344 2676 CM’.
354 2648 399 2677 Ill.
411 2647 486 2684 —(e)
497 2648 599 2683 Angelis
613 2647 668 2675 Dei.
680 2647 827 2682 Fidelibus,
836 2648 952 2676 Sanctis.
967 2647 1027 2676 Βία.

267 2685 302 2719 (l')
326 2684 382 2712 Illa:
398 2684 444 2711 sibi
458 2684 656 2719 formositatem,
683 2689 707 2711 et
727 2684 813 2710 datum
834 2684 971 2711 extendant
984 2704 991 2716 ,
1005 2688 1028 2710 et

229 2728 280 2748 non
296 2721 382 2747 datam
396 2720 542 2755 requirant,
554 2727 610 2755 qute
620 2740 627 2753 ,
638 2720 706 2755 quod
719 2719 749 2746 ab
763 2719 810 2746 illa
822 2720 963 2755 ﬂagitator,
980 2719 1028 2746 sibi

227 2764 327 2792 quoque
348 2760 467 2792 prwrtare
485 2763 510 2782 se
523 2760 628 2792 putant,
641 2755 709 2792 quod
723 2755 796 2782 alteri
812 2759 942 2792 prwstant.
957 2755 1024 2788 Quae

227 2791 268 2820 Sic
282 2791 468 2827 interrogantis
480 2795 591 2818 accentu
604 2791 714 2826 legenda
727 2795 788 2818 sunt
798 2812 805 2823 ,
820 2791 881 2827 utsi
895 2791 999 2827 diceret
1013 2799 1020 2818 :

227 2828 322 2856 Nonne
337 2825 435 2862 pudeat
448 2826 608 2854 ehristianas
618 2847 624 2859 ,
634 2825 755 2854 nativum
769 2826 820 2854 sibi
834 2825 928 2854 forma:
938 2826 1022 2855 decus

227 2870 340 2899 augere,
355 2863 398 2891 vel
411 2862 435 2891 si
446 2862 532 2898 desit,
546 2866 604 2892 arte
617 2862 809 2898 mendacioque
821 2862 948 2898 supplere
960 2870 1022 2898 qua:

1085 2041 1156 2077 quod
1174 2042 1206 2070 ab
1219 2049 1250 2070 ca
1263 2041 1457 2078 pulchritudine
1471 2042 1615 2078 ﬂagitator,
1633 2049 1730 2077 nempe
1740 2042 1889 2071 vehemen-

1086 2078 1163 2105 tioris
1178 2077 1297 2105 libidinis
1312 2078 1464 2106 incendium
1475 2100 1483 2112 ,
1498 2077 1529 2105 ac
1544 2086 1593 2113 per
1608 2079 1659 2106 hoc
1681 2080 1780 2114 anima:
1795 2080 1887 2114 perni-

1086 2114 1172 2146 ciem,
1189 2114 1239 2141 sibi
1259 2121 1366 2149 quoque
1388 2120 1516 2148 prinstare
1536 2122 1565 2141 se
1587 2119 1700 2149 putant,
1717 2113 1779 2149 quia
1797 2113 1886 2142 ’alteri

1086 2150 1235 2184 pra-stant?
1249 2150 1319 2177 Sane
1333 2151 1355 2177 si
1369 2158 1431 2177 vere
1450 2155 1512 2177 sunt
1526 2150 1679 2177 christiana:
1690 2171 1697 2184 ,
1716 2150 1786 2177 haud
1808 2150 1887 2177 aliter

1086 2192 1175 2212 secum
1187 2185 1465 2220 putabtint.ltic.—Ut
1475 2186 1539 2212 niilti
1549 2194 1610 2213 vero
1619 2186 1733 2218 videtur,
1743 2185 1833 2212 locum
1846 2186 1888 2212 hic

1086 2228 1139 2248 tton
1155 2221 1235 2248 habet
1251 2222 1425 2256 interrogatio
1437 2242 1444 2255 ,
1457 2222 1503 2249 sed
1522 2229 1553 2249 ea
1564 2229 1623 2256 qua:
1636 2229 1649 2247 a
1668 2221 1831 2249 lihetoribus
1844 2221 1887 2248 di-

1085 2257 1154 2284 citur
1169 2258 1327 2284 conceSsio:
1346 2258 1417 2284 solas
1433 2264 1530 2292 nempe
1545 2265 1623 2292 pOSse
1648 2257 1822 2284 formositatis
1839 2257 1886 2284 ba-

1084 2291 1149 2319 bcre
1163 2300 1254 2319 curam
1266 2314 1273 2324 ,
1285 2300 1345 2328 qua:
1357 2293 1447 2320 earnis
1460 2291 1611 2327 opcra'non
1627 2292 1715 2320 minus
1729 2292 1790 2324 sibi,
1803 2299 1884 2327 quam

1084 2328 1160 2355 alteri
1178 2333 1305 2363 pra-stare
1320 2329 1418 2362 velint,
1431 2329 1456 2355 id
1470 2329 1594 2356 concedit
1606 2328 1798 2355 'l‘crtullianus.
1815 2329 1883 2355 Enn.

1121 2363 1164 2399 (ες)
1185 2365 1215 2391 Si
1229 2364 1310 2391 onmis
1328 2364 1411 2399 gloria
1430 2372 1494 2391 vana
1510 2369 1532 2391 et
1545 2369 1689 2398 stuporata.
1710 2364 1884 2399 Stuporatam

1083 2398 1209 2434 dicit'pro
1224 2398 1363 2427 stolida’et
1378 2399 1479 2427 hebeti.
1493 2399 1552 2433 Quo
1565 2407 1645 2427 sensu
1659 2399 1727 2427 dixit
1739 2398 1864 2426 Catullus
1874 2420 1882 2431 ,

1083 2435 1154 2462 Talis
1170 2436 1216 2462 istc
1233 2444 1304 2462 meus
1315 2441 1404 2470 stupor
1417 2436 1453 2462 nil
1467 2435 1532 2462 vich
1542 2457 1549 2468 ,
1565 2435 1629 2462 iii/tif
1644 2436 1725 2462 audit.
1743 2434 1803 2469 Ipse
1817 2434 1885 2462 Ter-

1084 2472 1209 2498 tullianos
1222 2492 1228 2503 ,
1245 2471 1312 2499 libro
1327 2472 1466 2506 superiore
1478 2492 1486 2503 ,
1501 2471 1544 2497 ubi
1557 2470 1591 2497 de
1606 2471 1702 2505 lapillis
1717 2476 1744 2497 et
1759 2471 1884 2502 calculis,

1083 2506 1173 2534 Solum
1195 2507 1263 2534 [tunc
1286 2507 1421 2534 mulierum
1446 2512 1574 2542 stuporem
1594 2507 1883 2569 wdiﬁcarennovmuu.

1755 2549 1789 2569 te,

1755 2549 1789 2569 IG.

1118 2577 1193 2615 CAP.
1209 2578 1251 2605 Ν.
1268 2577 1346 2615 --(h)
1367 2578 1436 2606 Solis
1447 2578 1545 2605 maritis
1558 2578 1759 2615 vestrisrplacerc
1773 2576 1883 2604 debetis.

1081 2613 1195 2640 lroniam
1211 2615 1253 2642 hic
1270 2613 1321 2641 non
1332 2622 1449 2648 agnosuo
1459 2621 1539 2649 quam
1551 2618 1626 2648 putat
1637 2613 1783 2641 Rhenanus
1796 2622 1803 2639 :
1819 2621 1885 2641 sen-

1081 2656 1140 2676 sum
1166 2657 1226 2677 esse
1251 2650 1392 2682 existimo,
1407 2648 1601 2677 Tertulli-anum
1626 2648 1771 2677 severioris
1797 2649 1883 2676 disci-

1082 2684 1162 2719 plina:
1175 2685 1286 2713 oblitum
1297 2685 1451 2720 permittere
1463 2685 1579 2713 laminis
1588 2689 1617 2712 ut
1628 2686 1776 2712 ornatiores
1784 2685 1887 2719 paulis-

1079 2727 1128 2755 per
1144 2721 1276 2754 incedant,
1288 2720 1368 2748 modo
1379 2729 1412 2748 ne
1428 2720 1453 2748 id
1464 2722 1517 2748 alio
1530 2722 1620 2749 animo
1633 2721 1743 2753 faciant,
1755 2728 1837 2755 quam
1854 2726 1886 2748 ut

1079 2756 1182 2783 maritis
1200 2757 1332 2791 placeant.
1343 2756 1388 2784 Sic
1401 2756 1473 2783 enim
1494 2756 1620 2784 Clemens
1633 2756 1780 2784 Alexandr.
1792 2756 1885 2784 indul-

1077 2798 1142 2829 gere
1156 2793 1269 2829 videtur,
1284 2792 1391 2827 Piedag.
1406 2791 1450 2829 Ill,
1465 2792 1499 2829 iis
1509 2799 1569 2827 qua:
1583 2793 1687 2823 maritis
1698 2793 1796 2829 minus
1813 2800 1885 2821 con—

1077 2827 1223 2857 tinentibus
1236 2833 1394 2864 nupserunt.
1424 2828 1463 2856 LE
1478 2827 1528 2857 Pu.
