4068 6352
281 375 420 437 1329

1273 360 1498 419 LIBER
1536 361 1582 418 ιι
1621 359 1711 421 DE
1747 358 1977 421 cuum
2014 348 2481 424 summarium.
2515 372 2538 394 -

3430 361 3570 423 1550

276 494 424 552 Nunc
445 490 587 548 Deus
609 486 711 544 ista
738 479 1102 556 prospexerit,
1131 478 1270 539 Deus
1295 477 1631 553 permiserit;
1664 476 1864 533 nullam
1891 476 1947 539 A
1970 477 2304 536 aediﬁcentur
2346 480 2403 537 in
2452 477 2608 536 vobis
2630 519 2647 547 ,
2674 484 2754 547 ut,
2787 476 3059 550 quomodo
3105 477 3183 536 ait
3236 477 3529 550 Apostolus
3554 515 3570 542 ,

262 586 339 643 de
362 582 650 655 conchylio
678 587 881 635 vestem
926 574 1092 631 Isaias
1123 572 1249 649 (15.,
1283 572 1373 641 Ill,
1405 571 1473 629 I8
1501 579 1549 626 et
1588 568 1752 644 seqq.)
1781 570 1868 627 in-

271 687 490 750 crepet,
539 670 954 731 nnllas'luuulas
1003 667 1256 741 reprobet
1286 707 1301 734 ,
1359 662 1566 722 nullum
1605 663 1867 721 botrona-

268 756 379 829 tum
424 768 503 844 (α)
551 764 802 851 retuqdat
854 773 1032 821 tamen
1077 776 1186 817 non
1231 768 1288 815 ut
1324 758 1584 832 gentiles,
1640 757 1712 813 ita
1767 771 1868 813 nos

266 877 485 936 quoque
515 850 1009 923 nobis’adulemur,
1040 853 1404 911 institutorem
1447 851 1618 908 Deum
1664 850 1868 907 solum-

262 954 431 1012 modo
455 952 849 1016 existimantes,
878 964 984 1005 non
1018 947 1179 1003 etiam
1215 943 1292 1018 (b)
1323 943 1683 1016 dispectorem
1714 942 1864 999 insti-

263 1058 508 1105 tutorum
555 1060 800 1101 suorum.
828 1042 1042 1113 Quanto
1067 1040 1209 1097 enim
1240 1037 1435 1094 melius
1463 1037 1547 1111 μ)
1577 1045 1633 1094 et
1659 1036 1865 1092 cautius

262 1142 562 1215 egerimus,
587 1140 630 1195 si
654 1152 1064 1210 praesumamus,
1092 1134 1271 1191 omnia
1295 1132 1512 1205 quidem
1534 1147 1564 1185 a
1595 1131 1707 1188 Deo
1736 1146 1865 1202 pro-

258 1237 376 1292 visa
416 1244 547 1291 tunc
568 1242 623 1290 et
649 1235 701 1288 in
732 1231 933 1287 stocqu
963 1231 1157 1301 posita,
1188 1229 1263 1284 uti
1296 1243 1438 1285 nunc
1470 1238 1652 1284 essent
1678 1226 1782 1299 (2),
1813 1226 1866 1283 in

258 1326 462 1398 quibus
502 1324 786 1397 disciplina
831 1337 1112 1380 servorum
1139 1320 1259 1393 ejus
1303 1319 1643 1391 probaretur,
1675 1328 1733 1375 ut
1764 1333 1864 1391 per

257 1420 546 1478 licentiam
598 1418 783 1476 utendi
831 1415 1178 1475 continentia:
1227 1414 1558 1487 experientia
1610 1413 1869 1485 procede-

257 1524 347 1573 ret
373 1512 483 1587 (5).
518 1513 708 1570 Nonne
746 1512 1017 1584 sapientes
1059 1509 1460 1584 patreslamiliae
1497 1506 1569 1583 (ο)
1606 1508 1675 1564 de
1715 1508 1869 1565 indu-

258 1609 396 1665 stria
422 1607 674 1679 quaedam
704 1607 873 1664 servis
910 1606 1023 1663 suis
1059 1606 1293 1663 oﬁ‘erunt
1318 1612 1482 1675 atque
1525 1604 1864 1676 permittunt,

257 1707 322 1754 ut
359 1700 742 1770 experiantur,
771 1713 838 1753 an
882 1706 939 1760 et
965 1695 1501 1775 qualiteripermissis
1541 1705 1775 1762 utantur,
1822 1696 1868 1753 si

256 1791 457 1862 probe,
489 1791 537 1847 si
562 1790 803 1848 modeste
825 1790 941 1865 (4)?
971 1791 1183 1861 Quanto
1206 1800 1387 1847 autem
1416 1790 1751 1858 laudabilior,
1779 1792 1868 1862 qui

242 1872 600 1943 .abstinuerit
620 1887 674 1943 in
700 1887 1001 1959 totum,qui
1023 1885 1264 1942 timuerit
1289 1886 1451 1941 etiam
1478 1884 1869 1957 indulgentiam
1900 1885 1949 1946 B

258 1978 520 2050 Domini?
544 1978 635 2036 Sic
678 1980 838 2052 igitur
863 1988 919 2035 et
944 1978 1234 2049 Apostolus
1260 1997 1273 2033 :
1304 1978 1518 2045 Omnia,
1564 1977 1754 2050 inquit,
1801 1977 1868 2033 li-

259 2079 409 2140 cent,
424 2072 522 2130 sed
540 2088 645 2128 non
657 2072 836 2128 omnia
857 2070 1121 2129 aediﬁcant
1135 2069 1215 2145 (5)
1235 2070 1280 2144 (ι
1296 2069 1439 2138 Con,
1453 2069 1524 2137 X,
1538 2069 1871 2142 25).Quanto

260 2163 481 2223 facilius
506 2164 693 2221 illicita
722 2164 952 2231 timebit,
973 2163 1066 2237 qui
1092 2164 1238 2221 licita
1263 2162 1575 2221 verebitur?

884 2278 1112 2337 CAPUT
1150 2277 1240 2335 XI.

334 2395 471 2466 Quae
497 2403 677 2453 autem
698 2394 851 2452 vobis
885 2409 1076 2452 caussa
1102 2401 1187 2451 est
1214 2393 1539 2451 exstructius
1571 2394 1868 2466 prodeundi

266 2504 392 2545 cum
424 2500 650 2547 remota:
679 2491 798 2547 sitis
825 2489 896 2547 ab
923 2489 1006 2569 his
1026 2532 1041 2559 ,
1074 2505 1194 2560 quae
1222 2490 1405 2545 talium
1436 2489 1698 2563 indigent.
1735 2491 1867 2548 Nam

261 2600 367 2642 neu
394 2585 594 2654 templa
620 2585 891 2651 circuitis,
922 2599 1024 2640 nec
1061 2583 1368 2654 spectacula
1409 2584 1720 2654 postulatis,
1771 2598 1870 2640 nec
1912 2596 1921 2603 '

261 2679 440 2755 festos
482 2680 600 2736 dies
633 2680 912 2751 gentilium
940 2678 1132 2735 nostis.
1162 2674 1387 2748 Propter
1416 2678 1548 2735 istos
1572 2678 1715 2734 enim
1739 2693 1870 2736 con-

260 2783 462 2827 ventus
484 2778 539 2826 et
564 2781 808 2826 mutuum
835 2770 1019 2828 videre
1061 2784 1125 2826 ac
1150 2768 1322 2825 videri
1351 2784 1540 2826 omnes
1581 2785 1791 2842 pompae
1814 2773 1867 2828 in

261 2865 543 2937 publicum
574 2863 938 2935 proferuntur,
974 2874 1030 2920 ut
1073 2871 1166 2920 aut
1208 2864 1419 2920 luxuria
1447 2865 1750 2937 negotietur
1776 2875 1869 2922 aut

268 2957 831 3030 gloriadnsolescat?
877 2956 1042 3012 Vobis
1088 2966 1272 3012 autem
1333 2958 1476 3013 nulla
1538 2959 1867 3030 procedendi

262 3065 456 3106 caussa
489 3065 594 3105 non
629 3050 812 3105 tetrica
837 3048 955 3123 (d):
986 3058 1078 3105 aut
1102 3049 1401 3105 imbecillus
1439 3049 1631 3121 aliquis
1657 3065 1722 3107 ex
1760 3051 1869 3107 l‘ra-

263 3143 440 3199 tribus
466 3142 783 3207 visitandus,
816 3154 905 3197 aut
933 3140 1252 3197 sacriﬁcium
1284 3141 1509 3198 oﬁ'ertur
1531 3140 1627 3216 (e),
1660 3152 1751 3199 aut
1772 3144 1865 3200 Dei

260 3236 497 3293 verbum
543 3235 968 3290 administratur.
1038 3235 1261 3304 Quidvis
1324 3235 1517 3292 horum
1585 3238 1866 3308 gravitatis

1971 574 2342 646 magniﬁcetur
2385 574 2528 631 Deus
2572 574 2624 628 in
2664 587 2893 646 corpore
2938 570 3362 646 vestro(Phil.,
3386 571 3427 636 I,
3461 570 3568 638 20;

1971 656 1993 721 I
2020 664 2162 730 Con,
2191 665 2278 732 VI,
2326 665 2399 722 20
2423 662 2475 738 );
2522 663 2891 737 magniﬁcatur
2915 674 3093 721 autem
3125 663 3177 719 in
3221 677 3449 734 corpore
3481 677 3574 733 per

1970 756 2312 830 pudicitiam,
2338 758 2519 831 utique
2558 767 2613 813 et
2650 771 2746 829 per
2789 755 3025 813 habitum
3056 754 3326 827 pudicitiae
3352 769 3573 825 compc-_

1972 858 2192 906 tentem.
2221 849 2329 906 Sed
2366 850 2510 905 enim
2541 848 2736 906 dicitur
2762 864 2793 905 a
2822 848 3141 921 quibusdam
3162 890 3177 916 ,
3208 864 3275 903 ne
3316 846 3570 920 blasphe-

1978 952 2158 999 metur
2196 958 2393 1001 nomen
2419 943 2536 1015 ejus
2562 943 2616 999 in
2653 942 2810 1000 nobis
2843 941 3047 1015 (Rom.,
3080 940 3140 1009 ll,
3164 941 3236 997 26
3266 938 3324 1015 ),
3356 941 3403 997 si
3440 939 3570 1011 quid

1971 1034 2041 1092 de
2078 1036 2304 1107 pristino
2346 1034 2533 1092 habitu
2561 1044 2617 1092 et
2645 1035 2793 1091 cultu
2836 1033 3199 1091 detrahamus.
3248 1032 3366 1089 Non
3411 1030 3565 1088 aufe-

1978 1144 2164 1186 ramus
2212 1145 2343 1203 ergo
2382 1129 2541 1186 nobis
2597 1138 2653 1186 et
2696 1129 2825 1185 vitia
2881 1127 3109 1200 pristina
3140 1125 3275 1201 (7);
3320 1126 3493 1182 simus
3520 1134 3576 1182 et

1968 1223 2214 1280 moribus
2235 1222 2458 1291 iisdem,
2487 1222 2531 1278 si
2554 1231 2609 1278 et
2636 1220 2922 1293 superﬁcie
2956 1220 3170 1285 eadem,
3205 1227 3261 1275 et
3288 1228 3418 1274 tunc
3443 1231 3573 1273 vere

1973 1330 2081 1372 non
2130 1315 2579 1386 blasphemabunt
2625 1315 2893 1370 nationes.
2954 1310 3190 1369 Grandis
3239 1309 3574 1381 blasphemia

1974 1418 2220 1480 est,qua
2257 1409 2463 1464 dicatur
2491 1405 2712 1482 (8):ex
2765 1421 2870 1479 quo
2921 1404 3064 1462 facta
3116 1413 3203 1461 est
3253 1403 3571 1470 christiana,

1972 1484 2259 1575 pauperius
2282 1502 2502 1559 incedit.
2530 1500 2769 1559 Timebis
2812 1500 3099 1572 pauperior
3126 1497 3335 1565 videri,
3371 1512 3438 1555 ex
3467 1511 3574 1568 quo

1975 1596 2291 1667 locupletior
2332 1595 2468 1652 facta
2505 1608 2602 1666 es,
2629 1603 2684 1652 et
2708 1592 3006 1661 sordidior,
3036 1608 3104 1649 ex
3134 1606 3241 1664 quo
3281 1590 3573 1647 mundior?
3614 1578 3619 1582 ”

1975 1689 2281 1748 Secundum
2307 1689 2614 1760 gentilium,
2648 1704 2718 1745 an
2757 1668 3055 1745 secundum
3082 1686 3179 1744 Dei
3209 1685 3460 1757 placitum
3491 1684 3574 1741 iu-

1976 1785 2172 1843 cedere
2199 1784 2524 1842 christianos
2550 1783 2804 1854 oportet?

2583 1852 2813 1913 CAPUT
2844 1852 2959 1912 XII.

2046 1928 2308 2001 Optemus
2355 1925 2729 1983 tantummodo
2769 1940 2836 1982 ne
2878 1928 3039 1997 justze
3090 1922 3573 1995 blasphemationis

1973 2027 2387 2083 caussasimus.
2434 2024 2647 2094 Quanto
2694 2032 2875 2080 autem
2927 2023 3098 2095 magis
3149 2021 3574 2094 blasphemahfle

1972 2129 2091 2185 est,
2122 2120 2165 2175 si
2186 2160 2200 2185 ,
2230 2133 2350 2190 qua:
2380 2117 2692 2174 sacerdotes
2722 2116 2994 2187 pudicitize
3024 2115 3265 2173 dicimiui
3288 2158 3302 2183 ,
3334 2114 3566 2187 impudi-

1972 2226 2157 2270 carum
2204 2212 2310 2268 ritu
2357 2210 2665 2283 procedatis
2706 2210 2866 2266 culta:
2902 2218 2959 2266 et
3004 2209 3279 2282 expictzc?
3309 2210 3414 2266 Aut
3441 2208 3570 2280 quid

1971 2306 2150 2362 minus
2175 2305 2374 2361 habent
2396 2303 2783 2361 infelicissimae
2808 2303 2913 2360 illze
2935 2303 3268 2376 publicarum
3288 2302 3570 2360 libidinum
3618 2304 3621 2305 ⁷

1972 2397 2250 2454 victimas?
2308 2385 2445 2469 quas
2497 2396 2541 2451 si
2595 2411 2717 2468 quae
2790 2396 2938 2467 leges
2979 2411 3010 2451 a
3061 2394 3323 2451 matronis
3370 2392 3456 2469 (9)
3520 2402 3575 2450 et

1972 2489 2363 2546 matronalibus
2410 2489 2809 2546 decoramentis
2856 2488 3223 2554 coercebant,
3262 2488 3373 2558 jam
3423 2499 3572 2543 certe

1972 2583 2155 2640 saeculi
2187 2582 2505 2653 improbitas
2546 2580 2790 2653 quotidie
2838 2568 3125 2653 insurgens
3174 2580 3570 2636 honestissimis

1972 2676 2274 2748 quibusque
2298 2673 2534 2732 heminis
2576 2688 2751 2745 usque
2800 2672 2893 2728 ad‘
2922 2687 3165 2729 errorem
3214 2670 3571 2743 dignoscendi

1972 2770 2307 2841 cozequavit;
2361 2782 2669 2841 quanquam
2733 2767 3002 2824 lenocinia
3052 2765 3243 2822 forma:
3295 2778 3571 2835 nunquam

1972 2880 2078 2921 non
2097 2864 2383 2934 prostituto
2408 2862 2623 2946 corpori
2645 2862 2937 2931 conjuncta
2955 2869 3012 2915 et
3032 2858 3212 2916 debita
3240 2859 3403 2914 etiam
3429 2856 3574 2913 Scri-

1970 2966 2142 3029 ptura:
2163 2965 2474 3028 suggerunt.
2500 2955 2591 3011 Illa
2618 2954 2807 3009 civitas
2831 2951 3160 3023 valida,quae
3180 2965 3346 3022 super
3364 2961 3573 3021 septem

1971 3057 2184 3104 montes
2210 3058 2261 3103 et
2288 3047 2544 3117 plurimas
2572 3060 2737 3116 aquas
2779 3044 3066 3116 praesidet,
3097 3058 3221 3101 cum
3269 3042 3574 3113 prostitutae

1971 3142 2387 3214 appellationem
2413 3155 2442 3194 a
2470 3140 2698 3195 Domino
2725 3135 3012 3196 meruisset
3042 3136 3187 3212 (l0),
3214 3138 3356 3209 quali
3385 3137 3572 3193 habitu

1970 3233 2312 3304 appellationi
2352 3247 2463 3287 sua:
2501 3240 2811 3303 comparata
2842 3231 2968 3287 cst?
2994 3229 3160 3287 Sedet
3184 3239 3332 3286 certe
3361 3229 3412 3284 in
3438 3246 3570 3300 pur-

260 3338 319 3385 et
359 3327 658 3383 sanctitatis
702 3327 1010 3398 negotium,
1048 3336 1102 3382 et
1127 3328 1215 3383 cui
1240 3343 1375 3397 opus
1415 3344 1521 3384 non
1564 3316 1863 3386 sit'habitu
1890 3328 1935 3391 C
1971 3344 2103 3401 pura
2144 3337 2200 3384 et
2236 3329 2461 3384 coccino
2505 3336 2560 3382 ct
2608 3342 2743 3382 auro
2780 3335 2836 3382 et
2878 3324 3057 3396 lapide
3094 3325 3353 3396 pretioso.
3400 3325 3572 3392 Quam

261 3419 696 3477 extraordinario
738 3428 793 3476 et
831 3422 1128 3490 composito
1175 3430 1230 3477 et
1269 3422 1445 3477 soluto
1471 3420 1575 3495 (6).
1608 3424 1686 3479 Ac
1724 3423 1865 3480 sine

261 3516 492 3572 cessitas
520 3514 875 3569 amicitiarum
905 3511 1316 3585 ofﬁciorumque
1343 3514 1624 3585 gentilium
1647 3530 1743 3572 vos
1770 3532 1866 3571 vo-

262 3617 349 3665 cat
373 3648 387 3672 ,
421 3620 518 3661 cur
546 3620 652 3660 non
678 3604 873 3661 vestris
909 3604 1074 3660 armis
1109 3606 1312 3661 indutae
1353 3605 1690 3677 proceditis?
1716 3616 1864 3663 tanto

261 3699 457 3771 magis,
488 3708 686 3771 quanto
710 3698 777 3754 ad
805 3707 1088 3755 extraneas
1110 3698 1272 3755 ﬁdei?
1294 3707 1352 3754 ut
1380 3700 1450 3755 sit
1479 3701 1618 3755 inter
1640 3700 1864 3756 ancillas

259 3772 566 3861 diaboliqet
602 3790 688 3848 dei
737 3791 1058 3862 discrimen,
1092 3801 1150 3848 ut
1186 3792 1434 3863 exemplo
1478 3793 1596 3849 sitis
1635 3795 1772 3861 illis,
1806 3807 1867 3855 ut

1970 3422 2248 3479 maledicta
2266 3430 2411 3487 sunt,
2431 3422 2548 3477 sine
2563 3420 2758 3492 quibus
2781 3434 2887 3475 non
2908 3418 3079 3491 potuit
3096 3418 3374 3474 maledicta
3388 3428 3442 3475 et
3456 3433 3578 3487 pro-

1967 3517 2148 3573 stituta
2167 3513 2416 3570 describi!
2437 3512 2770 3569 Thamarilla
2791 3511 2970 3586 (Gem,
2986 3509 3276 3578 XXXVIII,
3303 3510 3389 3573 14,
3409 3508 3571 3582 sqq.),

1969 3610 2093 3683 quia
2123 3623 2182 3664 se
2211 3609 2527 3680 expinxerat
2555 3616 2611 3664 et
2635 3615 2941 3673 ornaverat,
2966 3602 3185 3661 idcirco
3212 3603 3363 3671 Iuda:
3393 3606 3576 3674 suspi-

1969 3704 2128 3764 cione
2153 3702 2264 3759 visa
2301 3709 2388 3759 est
2412 3701 2639 3773 quaestui
2682 3696 2873 3757 sedere
2918 3696 3024 3771 (1‘);
3071 3696 3242 3763 adeo,
3299 3697 3422 3767 quia
3474 3696 3575 3753 sub

1971 3800 2273 3857 velamento
2325 3796 2565 3862 latebat,
2620 3794 2835 3850 habitus
2885 3792 3144 3866 qualitate
3193 3794 3572 3863 quaestuariam

1470 3883 1847 3949 LECTIONES
1883 3889 2297 3949 VARIAN'I‘ES.

349 3957 396 4008 ll
420 3953 530 4008 Βία.
549 3955 733 4007 utilius.
1128 3970 1131 3975 ν

349 3969 366 4006 ι
380 3969 400 4081 ς
420 3969 530 4024 mg.
549 3969 733 4007 uuuus.
1128 3970 1131 3975 ν
1245 4014 1256 4025 _
1528 4016 1540 4028 .

345 4020 376 4067 2
421 4020 503 4069 Ita
520 4026 647 4070 recte
669 4018 718 4069 h.
744 4015 777 4069 ι,
804 4016 995 4068 attend.
1022 4026 1103 4069 Fr.
1133 4018 1346 4079 Junius;
1371 4024 1573 4081 autem,
1601 4031 1752 4075 esset.

347 4081 401 4147 3g)
428 4081 537 4147 Rig.
557 4091 685 4147 eont_.
715 4081 1065 4144 experimenta
1088 4082 1437 4147 procederent.

348 4144 401 4214 si
424 4144 536 4214 se
562 4144 834 4214 moderate,-

322 4206 400 4331 ἓξ)
426 4206 536 4271 Κῷ.
565 4207 853 4271 expediunt.
875 4232 942 4242 —

381 4273 488 4328 )A.
514 4271 734 4321 Neander
780 4281 942 4320 emena

343 4269 734 4381 235$:de
780 4269 971 4320 emend.
1016 4269 1131 4320 hab.
1161 4270 1411 4321 extraord.
1460 4277 1513 4322 et
1557 4269 1734 4338 soluto,
1777 4276 1867 4328 sed

255 4344 552 4395 composnto.

2055 3963 2101 4025 η
2138 3963 2227 4025 γυ,
2249 3961 2392 4025 nobis
2410 3964 2463 4025 et
2472 3957 2655 4025 delevit
2670 3956 2800 4025 _Rig.

2055 4019 2106 4086 8)
2133 4019 2357 4075 Gelenius
2395 4021 2575 4086 aliique
2595 4060 2607 4082 ,
2635 4019 2822 4086 blasliti.
2848 4023 2929 4086 ,si
2970 4033 3069 4086 qua
3106 4021 3201 4073 dic.
3230 4045 3289 4059 ~—
3314 4020 3570 4073 incedere.

1971 4085 2299 4149 Rigiblasph.
2328 4085 2514 4149 est,_ex
2539 4099 2636 4149 qua
2660 4085 2754 4149 die.
2780 4111 2843 4123 -—
2866 4085 3074 4149 incedit.

2055 4144 2107 4213 9)
2146 4144 2231 4213 Αιζ
2252 4144 2577 4213 maritdlibus'.
2612 4144 2731 4213 Rig.
2772 4146 3104 4213 maritalibus;

2059 4208 2559 4327 algighai‘tesidet,
2585 4208 2861 4275 prostituta:
2884 4222 2996 4275 app.
3023 4223 3050 4259 a
3070 4208 3214 4260 Dom.
3241 4211 3441 4262 meruit.
3471 4209 3571 4261 Sed

1968 4287 2103 4343 quati
2119 4287 2252 4338 nam,
2278 4287 2376 4326 etc.

1622 4398 2181 4458 COMMENTARIUS.

331 4485 413 4559 (τι)
461 4483 675 4566 Nullum
698 4485 1019 4566 botromitum
1051 4490 1308 4566 ret_u_ndat.
1338 4491 1700 4566 _Botronatum
1729 4494 1860 4551 dicit
1882 4496 1938 4557 D
1963 4494 2077 4551 Hoc
2093 4502 2196 4560 est,
2217 4491 2381 4566 Nulla
2399 4488 2721 4563 procedendi
2745 4504 2905 4549 causa
2921 4506 3027 4548 non
3053 4491 3254 4563 gravis,
3278 4507 3383 4549 non
3405 4496 3566 4566 seria,

253 4558 432 4613 comm.
443 4558 697 4638 Astruicctu
710 4559 1092 4638 corymbiatam
1103 4559 1417 4633 .Hesychius
1432 4577 1445 4615 :
1462 4569 1711 4635 βῦτρυδὸν,
1722 4573 1861 4638 ἑτέρα

252 4646 341 4705 ςῦρς
372 4636 786 4705 ἑτέρας-ἰχᾳμενη)
805 4638 865 4691 ὣς
897 4640 941 4685 οἱ
968 4635 1162 4704 βότρυες
1190 4638 1278 4693 τὰς
1474 4643 1635 4703 ἔχουσι
1657 4635 1855 4699 πυκνάς.

253 4701 382 4757 Βία.
428 4731 485 4739 --
514 4698 727 4755 Nullum
760 4698 1105 4767 bolroudtuu't,
1152 4714 1255 4761 etc.
1305 4698 1530 4760 'Divinat
1566 4698 1856 4767 Rhenanus

252 4771 779 4848 esseretliuiit-ulnm
796 4774 1019 4848 capillos
1039 4776 1227 4848 capitis
1243 4777 1531 4848 stringens,
1548 4776 1620 4833 ita
1648 4779 1854 4836 dictum

251 4843 400 4923 quod
435 4842 573 4923 buzi-i
603 4846 835 4912 speciem
868 4842 1050 4923 refert.
1082 4842 1213 4902 Nam
1235 4848 1293 4923 in
1325 4842 1688 4923 griccotextu
1728 4867 1855 4923 sep-

255 4919 509 4991 tuaginta
536 4916 883 4991 interpretum
909 4917 1040 4991 nihil
1071 4927 1156 4991 est
1181 4919 1304 4985 tale,
1334 4916 1561 4990 ﬁerique
1592 4929 1770 4991 potest
1793 4916 1858 4979 "ut

254 4988 327 5041 sit
355 4987 679 5041 vocabulum
730 5004 838 5063 quo
877 4989 1067 5063 vulgus
1099 4989 1159 5063 id
1192 4991 1448 5063 temporis
1477 4987 1746 5062 utebatur,
1787 4995 1855 5052 ad

252 5070 636 5114 ornamentum
660 5060 852 5130 capitis
877 5060 1113 5116 Imminei
1141 5061 1537 5131 explicandum.
1562 5063 1695 5120 Lac.

332 5151 415 5223 (b)
458 5148 834 5225 Despeclorem.
865 5150 938 5207 Ita
970 5152 1094 5225 legit
1124 5152 1435 5209 Rhenanus.
1469 5154 1777 5225 DeSpector,
1801 5166 1858 5214 ut

253 5232 310 5277 et
341 5231 472 5276 ante
504 5224 623 5296 (ilus
641 5225 832 5288 semel,
860 5240 953 5294 pro
975 5224 1295 5295 dispectore,
1326 5227 1415 5296 qui
1435 5242 1617 5281 curam
1643 5228 1855 5295 habeat,

250 5293 823 5350 etcunsideratiunem
862 5293 1232 5351 institutorum
1278 5293 1521 5352 suorum.
1569 5296 1655 5354 Sic
1695 5308 1750 5355 et
1805 5293 1857 5357 in

252 5365 349 5419 lib.
381 5365 453 5419 tle
485 5364 723 5437 velandis
749 5367 1048 5437 virginibus
1083 5385 1095 5421 :
1128 5366 1235 5427 Sed
1261 5385 1350 5424 nec
1372 5371 1500 5423 inter
1528 5373 1856 5426 consuetudi-

253 5454 366 5498 ηδε.
396 5438 587 5561 inﬂuit,
621 5436 877 5506 despicere
905 5439 1167 5493 voluerunt
1194 5440 1272 5495 illi
1302 5442 1607 5497 sanctissimi
1626 5453 1857 5500 mueces-

253 5525 415 5561 sorex.
500 5523 627 5561 nam.

250 5525 415 5563 801⁸88.
449 5523 627 5563 "BEN.

326 5600 400 5670 (ρ)
452 5598 633 5673 Patres
678 5601 909 5673 familiae.
957 5601 1099 5673 Istud
1149 5613 1371 5673 usurpat
1418 5615 1639 5673 auctor,
1672 5620 1859 5664 contra

247 5688 417 5742 quem
448 5671 611 5734 sentit
647 5673 834 5733 Varro,
865 5672 954 5741 lib.
992 5672 1098 5731 VII.
1131 5675 1220 5730 ubi
1245 5671 1424 5733 dicere
1450 5671 1638 5734 debuis
1678 5690 1724 5732 rt
1757 5680 1864 5734 Pa-

253 5742 607 5811 tresfumilias.
666 5743 1029 5800 liodt-mtnodo
1060 5744 1238 5814 Marb,
1270 5748 1342 5803 ιιι)
1370 5749 1389 5803 ι
1427 5768 1439 5805 :
1476 5748 1866 5809 Pa!‘.r,‘(:miliw

252 5830 408 5869 verus
435 5826 520 5875 εει.
537 5815 839 5882 Quirinalis.
866 5817 1002 5872 PM].
1653 5816 1658 5821 ’

252 5966 270 5983 κ
326 5906 484 5966 CAP.
515 5905 606 5966 XI.
643 5939 708 5951 ——
739 5909 819 5983 (d)
854 5909 1016 5968 Nulla
1033 5913 1337 5982 procedendi
1367 5930 1521 5972 causa
1546 5932 1647 5974 non
1671 5918 1867 5974 tetrica.

1967 4582 2073 4622 non
2104 4574 2308 4622 sancta.
2352 4564 2470 4620 Rm.

2036 4659 2113 4732 (e)
2156 4656 2482 4732 Sacriﬁcium
2533 4655 2765 4732 offertur.
2817 4655 2905 4732 Sic
2954 4654 3088 4732 dixit
3120 4693 3138 4720 ,
3179 4654 3569 4732 Sacri/iriorum

1960 4726 2231 4801 orationes,
2258 4730 2310 4801 in
2337 4729 2528 4801 quibus
2561 4729 2766 4801 scilicet
2788 4726 3138 4801 euchagistica
3167 4730 3416 4801 mysteria
3446 4747 3567 4801 par-

1959 4800 2226 4872 ticipanda
2258 4799 2533 4872 Fidelibus
2581 4799 2897 4872 offeruntur.
2957 4798 3074 4853 Rlc.
3105 4827 3177 4863 έ
3215 4799 3312 4852 Aut
3367 4798 3567 4872 sacriﬁ-

1959 4869 2095 4928 cium
2145 4869 2373 4940 offertur.
2446 4871 2674 4942 Intelligi
2730 4870 2904 4942 Missae
2952 4882 3173 4942 sacrum
3230 4870 3566 4931 manifestius

1959 4955 2045 5001 est
2084 4960 2241 5013 quam
2291 4953 2348 4997 ut
2391 4943 2585 4998 debeat
2632 4940 2985 5014 manifestari,
3037 4941 3232 5014 contra
3277 4943 3564 5014 impuleri-

1959 5016 2086 5072 tiam
2103 5011 2246 5071 Junii
2272 5014 2364 5085 qui
2386 5014 2658 5087 quospiam
2682 5011 2954 5087 orationes
2977 5012 3273 5087 generatim
3298 5011 3561 5087 iniettigit.

1965 5086 2236 5213 Vidergduls
2264 5083 2547 5145 GretSerus
2584 5083 2775 5139 Noster
2814 5083 2867 5139 in
2916 5085 3057 5139 notis
3086 5095 3270 5139 contra
3309 5083 3524 5144 .luniuin
3547 5131 3562 5156 ,

1965 5174 2081 5213 can.
2147 5201 2160 5213 .
2237 5173 2324 5213 ac.
2434 5195 2455 5209 κ
2879 5198 2884 5203 -
3499 5191 3507 5198 ~

1962 5174 2081 5231 cap.
2111 5161 2160 5216 5.
2192 5161 2324 5217 Lac.
2434 5195 2455 5209 κ
2879 5198 2884 5203 .
3499 5191 3507 5198 .

2032 5250 2186 5307 CAP.
2216 5246 2473 5320 XII.-—-(f)
2494 5246 2722 5320 Thamar
2735 5247 2825 5302 illa
2838 5247 2962 5320 visa,
2981 5255 3087 5320 etc.
3102 5246 3222 5315 Visa
3239 5258 3311 5303 εει
3324 5254 3560 5316 qumsmi.

1962 5323 2018 5379 Id
2043 5333 2145 5386 est,
2165 5321 2231 5377 ad
2288 5332 2510 5374 umstum
2529 5319 2738 5386 sedere,
2759 5329 2863 5376 etc.
2882 5319 3055 5374 Etiam
3079 5319 3216 5375 hanc
3244 5322 3561 5392 scripturam

1962 5338 2385 5446 nosterioriqoco
2399 5392 2527 5446 citat
2539 5390 2600 5446 Β.
2616 5390 2936 5446 Cvnrianus.
2955 5391 3269 5446 utostendat
3284 5394 3559 5446 mulierem

1961 5393 2244 5466 posteriori
2268 5390 2385 5466 loco
2399 5392 2527 5466 citat
2539 5390 2600 5446 Β.
2616 5390 2936 5466 Cyprianus,
2955 5391 3269 5466 utostendat
3284 5390 3559 5466 mulierem

1961 5462 2141 5524 ornari
2170 5464 2500 5520 smeulariter
2527 5478 2632 5516 non
2653 5462 2872 5522 debere.
2900 5462 2953 5516 in
2972 5462 3084 5518 haec
3112 5464 3270 5519 verba
3303 5463 3561 5521 :Tluunar

1962 5536 2292 5602 coepemitse
2310 5533 2677 5607 pallio_(quod
2713 5532 2948 5604 appellat
2995 5543 3047 5588 et
3089 5533 3151 5607 Β.
3205 5534 3562 5607 Hieronymus

1965 5604 2320 5675 theristrum)
2343 5615 2391 5659 et
2415 5604 2701 5670 adamavit,
2727 5616 2773 5659 et
2795 5621 2909 5677 cum
2937 5606 3211 5674 aspexisset
3236 5623 3345 5659 eam
3368 5605 3557 5677 ludas,

1966 5682 2132 5738 visum
2151 5687 2224 5733 est
2255 5680 2298 5732 ei
2328 5677 2670 5732 meretricem
2699 5691 2838 5731 esse.
2868 5675 3002 5731 Illud
3032 5688 3210 5731 autem
3237 5720 3252 5741 ,
3285 5688 3332 5732 et
3378 5675 3554 5744 voluit,

1969 5753 2212 5821 accipere
2224 5749 2431 5805 videtur
2447 5758 2753 5821 auctor,pro
2766 5749 3194 5821 coitcupisccntia
3209 5749 3323 5818 ejus
3337 5753 3559 5808 exarsit.

1972 5819 2117 5895 Part.
2142 5821 2465 5895 τρικυμίιὶ
2496 5819 2942 5895 sedere._Sed_ere,
2976 5820 3559 5895 mttliiarttni__esi__qu:c

1974 5890 2275 5955 fornicariuc
2314 5900 2459 5951 sunt.
2496 5893 2569 5950 De
2607 5890 3064 5963 eadem'l‘ltatnar,
3088 5890 3554 5966 Gen.,XXXVlII,

2750 6024 2930 6034 »οη-φρασα»
