4148 6188
288 477 3695 541 W

1541 736 2435 873 PMEFATIO.

346 1279 559 1335 Omnes
583 1276 801 1332 Latinas
825 1268 1726 1345 linguasPatres,scriptoresque
1752 1265 1931 1321 eccle-
1960 1267 2014 1334 Α
2048 1281 2156 1320 usu
2186 1280 2251 1319 ac
2282 1279 2417 1319 vera
2448 1264 2788 1319 auctoritate
2818 1262 3047 1336 praefari
3080 1278 3196 1317 non
3228 1261 3535 1335 supererit.
3576 1261 3694 1318 Alii

290 1368 548 1424 siastieos
571 1363 1043 1429 iterum,favente
1074 1360 1213 1425 Deo,
1247 1358 1517 1429 almaque
1539 1355 1775 1429 Virgine
1799 1355 1930 1410 Dei-

289 1475 442 1531 para,
476 1457 535 1511 in
561 1455 757 1510 lucem
790 1450 1145 1507 omittendos
1177 1446 1548 1520 aggressuri;
1603 1462 1737 1501 cum
1769 1449 1931 1500 tanto

284 1564 467 1603 causas
499 1542 843 1601 Christianas
866 1540 1105 1595 testium
1130 1537 1373 1610 agmini,
1397 1538 1529 1608 quis
1554 1535 1931 1608 potissimum

287 1636 511 1709 praeiret
541 1631 987 1703 antesignanus,
1020 1644 1308 1700 perpensa
1338 1632 1692 1698 temporum,
1712 1640 1930 1694 rerum,

289 1742 527 1798 operum
556 1723 800 1787 ratione,
830 1734 1247 1791 quaereremus,
1281 1716 1567 1771 adfuisset
1605 1714 1843 1785 quidem
1872 1713 1931 1767 in

289 1818 583 1887 promptu,
617 1828 648 1866 e
679 1809 886 1883 primis
926 1806 1195 1862 Ecclesiae
1247 1803 1639 1871 incunabulis,
1672 1802 1932 1857 melioris

288 1908 430 1958 notae
460 1901 550 1956 vir
580 1916 647 1956 ac
679 1895 989 1954 sanctioris
1020 1894 1235 1950 ominis
1267 1910 1479 1949 nomen
1514 1911 1527 1960 ;
1562 1891 1934 1964 praestantior

285 2010 418 2048 vero
458 1991 714 2063 pondere
744 1986 963 2059 ingenii
994 2002 1060 2040 ac
1103 1984 1500 2039 doctrinarum
1541 1982 1709 2053 copia
1739 1997 1930 2050 nemo,

288 2088 493 2153 praeter
522 2081 678 2134 hunc
710 2086 977 2132 nostrum
1008 2075 1282 2138 QUINTUM
1309 2074 1634 2129 Summum
1676 2071 1934 2126 FLOREN-

284 2189 398 2227 TEM
430 2172 907 2225 TERTULLIANUM.

359 2258 743 2315 Laudandum
776 2254 1011 2325 quidem
1070 2252 1395 2323 ingenium,
1438 2251 1775 2307 damnanda
1803 2266 1933 2306 vero

288 2348 547 2416 haeresis,
594 2362 659 2401 ac
702 2361 847 2401 sane
883 2343 1137 2415 lugenda
1164 2340 1446 2413 longioris
1487 2339 1635 2396 tanti
1667 2340 1772 2394 viri
1805 2340 1933 2394 vita:

287 2455 424 2510 pars
454 2436 683 2500 ultima,
719 2434 1055 2504 majorque,
1082 2432 1140 2486 in
1174 2431 1355 2485 fmdos
1386 2447 1611 2485 errores
1645 2430 1931 2501 impensa.

286 2532 351 2582 At
377 2543 512 2581 cum
541 2524 724 2580 altera
742 2540 879 2595 pars
899 2527 957 2576 et
982 2519 1189 2575 melior
1212 2520 1269 2574 in
1291 2520 1423 2575 fidei
1446 2519 1767 2575 certamina
1789 2523 1934 2574 stre-

289 2633 400 2672 nue
436 2616 611 2671 fuerit
641 2610 1042 2684 erogata,buic
1063 2608 1265 2682 igitur,
1300 2610 1537 2665 attentis
1559 2609 1769 2664 saltem
1794 2614 1934 2663 tem-

289 2723 495 2778 porum
529 2704 752 2759 ratione
783 2718 848 2756 ac
880 2700 1066 2755 astatis
1084 2699 1467 2770 jure,primas
1499 2699 1709 2754 habere
1740 2704 1934 2770 partes

290 2794 681 2865 indulgeatur.
715 2792 879 2845 Hunc
902 2789 1109 2844 merito
1140 2804 1314 2843 suum
1337 2787 1722 2843 Oocidentalis
1742 2787 1935 2843 Eccle-

294 2884 377 2939 sia
406 2884 518 2938 sibi
545 2881 801 2936 vindicet
822 2879 1079 2949 primum
1113 2882 1484 2932 assertorem.
1520 2878 1774 2947 Hujusce
1797 2893 1935 2947 pro-

290 2972 424 3027 inde
457 2969 655 3041 magni
686 2967 944 3023 nominis
976 2968 1183 3021 umbra
1220 2982 1287 3021 ac
1318 2966 1640 3035 patrocinio
1673 2966 1932 3031 defensa,

289 3061 579 3116 exoriatur
608 3064 665 3113 et
694 3060 917 3113 crescat
945 3072 1091 3110 nova
1124 3055 1243 3109 hinc
1275 3054 1781 3125 omnium,quibus
1804 3054 1937 3108 ado-

288 3151 429 3206 levit
460 3148 759 3205 Catholica
800 3144 1080 3211 Traditio,
1114 3143 1583 3199 testimoniorum
1633 3143 1815 3198 series
1846 3142 1936 3197 in-

286 3243 471 3310 tegra,
491 3254 559 3293 ex
590 3235 864 3291 omnibus
888 3233 1141 3304 magnis,
1175 3232 1510 3288 minimisve
1532 3232 1939 3287 concinnanda

288 3326 552 3397 scriptis,
611 3342 734 3395 qua:
787 3323 859 3378 ab
916 3321 1327 3393 Apostolorum
1377 3326 1544 3376 aetate
1591 3322 1663 3376 ad
1699 3320 1937 3376 ultimos

288 3420 487 3469 Patres
520 3415 578 3468 in
610 3414 750 3468 orbe
777 3410 1130 3479 Christiano,
1165 3410 1299 3465 tidei
1330 3411 1557 3465 tuenda:
1588 3427 1786 3477 causa,
1806 3427 1936 3481 pro-

289 3504 451 3558 dicre
476 3509 535 3557 et
565 3505 919 3573 supersunt:
973 3506 1184 3554 cuncta
1218 3500 1343 3569 jam
1374 3500 1550 3566 edita,
1576 3499 1790 3554 iterum
1813 3500 1936 3554 edi-

291 3601 464 3656 tura;
498 3590 905 3646 deficientibus
935 3589 1004 3642 de
1035 3588 1127 3644 die
1164 3589 1221 3642 in
1254 3589 1408 3642 diem
1440 3594 1542 3643 aut
1574 3604 1702 3643 raro
1734 3604 1934 3643 occur—

294 3682 561 3735 rentibus
598 3683 856 3733 veterum
908 3677 1076 3731 libris
1122 3676 1504 3743 sufﬁcienda;
1540 3676 1640 3731 diu
1672 3694 1705 3731 a
1738 3677 1938 3732 multis

297 3771 465 3825 enixe
495 3768 856 3835 desiderata;
910 3766 1264 3836 jamdudum
1318 3765 1606 3830 nuntiata,
1640 3783 1790 3834 sero,
1825 3783 1937 3838 quo

296 3858 619 3930 providius,
677 3854 989 3909 inchoata:
1050 3855 1231 3909 ardua
1261 3854 1473 3926 quippe
1524 3871 1614 3909 res
1671 3859 1727 3909 et
1765 3858 1938 3910 tanta:

297 3947 504 4001 molis:
555 3944 851 3999 indefesso
896 3944 1131 3998 tandem
1165 3943 1489 4013 molimine,
1540 3949 1939 4017 perpetuaque

2041 1354 2195 1409 enim
2227 1354 2341 1409 alia
2362 1370 2488 1425 quas
2520 1355 2590 1408 de
2622 1354 2825 1409 eodem
2858 1352 3201 1408 disserenda
3235 1356 3378 1408 sunt
3407 1367 3511 1424 pro
3543 1350 3695 1407 virili

2042 1444 2103 1498 in
2133 1444 2306 1499 istius
2337 1443 2529 1514 operis
2559 1443 2811 1498 decursu
2843 1442 3059 1497 dicent.

2112 1533 2349 1587 Praeibit
2388 1548 2596 1603 nempe
2652 1533 2958 1594 PAMELrus,
3016 1520 3413 1603 Septimianos
3452 1528 3695 1587 annales

2041 1638 2145 1693 per
2172 1626 2423 1693 quatuor
2444 1624 2499 1676 et
2517 1621 2719 1693 viginti
2738 1619 3275 1690 tastusfconsulares
3292 1623 3690 1675 contexturus.

2116 1712 2378 1766 Subinde
2408 1728 2534 1782 quas
2580 1710 2896 1781 cujuslibet
2925 1710 3060 1765 libri
3108 1709 3357 1777 occasio,
3393 1712 3555 1779 astas,
3586 1725 3691 1765 au-

2046 1801 2307 1868 ctoritas,
2342 1804 2484 1871 quot
2541 1800 2661 1854 sint
2719 1805 2776 1854 et
2832 1799 3205 1870 quandodam
3235 1798 3356 1853 sive
3386 1801 3541 1864 ante,
3569 1796 3689 1853 sive

2046 1896 2177 1963 post
2201 1895 2541 1961 susceptum
2574 1890 2648 1945 ab
2679 1892 2913 1945 auctore
2944 1888 3408 1944 Montanismum
3438 1887 3693 1943 conscri-

2044 1980 2150 2051 pti,
2211 1980 2425 2034 diserte
2482 1978 2868 2050 disputabunt
2920 1978 3052 2033 Joh.
3110 1979 3258 2050 Aug.
3315 1977 3605 2031 Nossssm‘
3633 1978 3691 2031 et

2046 2069 2111 2124 D.
2147 2067 2538 2124 Gothofredus
2571 2067 2831 2122 LUMPER.

2116 2159 2265 2213 Tum
2294 2155 2638 2212 Tertulliani
2668 2156 2982 2222 Paradoxa,
3007 2171 3141 2210 cum
3173 2169 3376 2210 eorum
3407 2152 3689 2222 antidoto,

2044 2248 2252 2303 iterata
2281 2246 2547 2317 ejusdem
2580 2243 2822 2300 Pamelii
2854 2259 3030 2315 opera
3061 2243 3545 2299 recensebuntur.

2117 2336 2240 2392 Una
2269 2334 2584 2390 succedent
2630 2334 2690 2389 B.
2727 2334 3040 2389 Rusumus
3093 2332 3271 2387 simul
3315 2336 3370 2387 et
3415 2336 3688 2385 Annuus

2043 2427 2239 2482 Hovus
2270 2424 2603 2496 Brugensis,
2633 2422 2693 2478 in
2725 2422 3083 2496 explicandis
3106 2439 3234 2493 quae
3266 2419 3687 2492 frequentiores

2048 2519 2292 2587 usurpat
2318 2513 2714 2569 Tertullianus
2764 2510 3160 2568 Proverbiales
3193 2509 3496 2578 formulas,
3531 2509 3687 2566 unde

2044 2606 2143 2661 lux
2174 2622 2287 2659 non
2320 2602 2566 2658 minima
2596 2603 2653 2657 in
2686 2606 2804 2657 toto
2829 2616 3000 2672 opere
3031 2600 3410 2655 suﬁ‘unditur.

2115 2694 2332 2749 Deinde
2364 2710 2497 2748 rara
2545 2692 2861 2747 admodum
2919 2707 2984 2746 ac
3042 2690 3376 2762 pererudita
3418 2688 3479 2744 in
3509 2687 3691 2746 libros

2046 2783 2444 2856 Apologeticos
2471 2782 2879 2837 dissertatione
2904 2780 2972 2835 D.
2995 2780 3188 2835 NICOL.
3228 2780 3296 2834 LE
3326 2779 3570 2835 NOURBY
3591 2797 3689 2836 ar-

2044 2875 2160 2927 dua
2190 2888 2433 2943 quaeque
2465 2870 2837 2942 Septimianae
2884 2870 3163 2925 doctrinae
3194 2873 3493 2926 momenta
3514 2886 3688 2940 quam
3712 2904 3725 2916 ο

2046 2961 2285 3017 uberius
2307 2965 2362 3015 et
2392 2960 2619 3031 plenius
2649 2963 2916 3030 exponet.

2118 3050 2354 3106 Interim
2406 3048 2775 3104 subnectitur
2831 3047 3019 3102 brevis
3066 3050 3123 3102 et
3179 3044 3478 3102 luculenta
3508 3048 3688 3103 LAUR.

2046 3142 2340 3197 Mosusmu
2372 3139 2442 3194 de
2473 3143 2639 3193 (state
2669 3136 3045 3209 Apologetici,
3098 3136 3383 3207 initioque
3412 3151 3689 3209 perseeu-

2045 3230 2222 3287 tionis
2248 3228 2567 3285 Severianee
2597 3227 2953 3299 disquisitio.

2116 3320 2347 3375 Interea
2376 3317 2632 3373 decurrit
2674 3318 3087 3389 integerrimus
3114 3315 3461 3373 Tertulliani
3497 3319 3694 3372 textus

2045 3408 2496 3482 praecedentium
2566 3406 2889 3463 editionum
2964 3407 3259 3473 Rhenanz,
3328 3405 3693 3477 Pamelia-nae,

2044 3498 2414 3562 Franckanae,
2448 3498 2796 3568 Rigaltianw,
2829 3498 3256 3567 Parisionsium,
3296 3498 3519 3564 Venetas,
3552 3497 3696 3551 Hat-

2052 3588 2244 3653 lensis,
2266 3588 2723 3658 ii’irceburgensis
2751 3586 2928 3641 variis
2956 3586 3305 3642 lectionibus
3336 3585 3691 3655 illustratus,

2048 3677 2367 3732 multorum
2404 3681 2682 3748 praeterea
2704 3692 2913 3747 nempe
2942 3676 3127 3745 JUNII,
3159 3677 3397 3745 LATINII,
3420 3679 3696 3731 Wouws-

2049 3784 2149 3836 an,
2182 3768 2471 3833 SALMASII,
2506 3766 2819 3835 CIACCONII,
2840 3766 3165 3835 SCALIGERI,
3190 3766 3465 3833 SEMLERI,
3490 3765 3692 3820 Par-rs-

2048 3874 2150 3919 mi,
2183 3860 2466 3911 Lsorowx
2497 3854 2955 3911 correctionibus
2987 3855 3331 3927 castigatus,
3364 3872 3469 3910 nec
3502 3872 3616 3911 non
3638 3858 3697 3910 et

2050 3946 2367 4000 adornatus
2391 3944 2771 4016 amplissimis
2788 3944 3697 4015 RHENAN1,PAMELII,PANCIROLH,

290 4052 489 4109 opera,
521 4035 677 4089 adsit
708 4033 880 4088 modo
908 4033 1096 4087 bonus
1118 4032 1433 4103 dexterque
1466 4037 1635 4100 Deus,
1672 4034 1844 4088 finem
1870 4034 1941 4089 ad
1973 4018 2016 4085 C
2060 4035 2352 4103 Lacsnms,
2413 4036 2795 4100 ALBASPINEI,
2869 4037 3266 4099 HAVERCAMPI,
3344 4033 3697 4103 MURATORII,

292 4142 482 4196 usque
508 4124 779 4179 ultimum
813 4122 1205 4193 perducenda.

365 4214 542 4269 Nobis
572 4229 703 4267 vero
734 4210 877 4266 talia
909 4210 1355 4282 auspicantibus
1405 4210 1538 4265 felix
1570 4210 1945 4283 faustumque

288 4305 392 4370 sit,
424 4302 567 4357 illud
601 4301 808 4373 primis
857 4300 1109 4354 inﬁxum
1144 4300 1405 4370 vestigiis
1434 4300 1709 4371 relegere,
1736 4301 1879 4356 illud
1914 4320 1945 4357 a

288 4390 649 4447 Tertulliano
682 4390 896 4444 misere
943 4388 1111 4459 lapso
1164 4388 1441 4444 ediscere.
1478 4387 1703 4443 nullum
1737 4406 1945 4462 nempe

287 4480 430 4535 ﬁdei
463 4480 718 4535 serendae
751 4482 853 4533 aut
892 4478 1186 4533 servandae
1241 4494 1501 4548 unquam
1534 4478 1716 4533 fuisse
1745 4495 1944 4535 neces-

288 4570 516 4624 sarium
550 4567 900 4623 feracissimi
961 4565 1178 4639 ingenii
1210 4566 1567 4636 subsidium,
1602 4584 1706 4623 nec
1747 4573 1811 4624 ut
1842 4570 1944 4623 fir-

290 4674 455 4713 mum
490 4662 605 4713 stet
634 4662 691 4711 et
720 4656 1137 4711 inconcussum
1172 4655 1436 4711 Ecclesia:
1470 4656 1942 4729 fundamentum,

286 4746 742 4803 suil'ulciendam
777 4762 905 4800 esse
938 4744 1009 4799 ab
1044 4744 1352 4799 hominum
1374 4744 1649 4800 imbecilli
1684 4763 1860 4802 manu
1886 4753 1944 4803 et

285 4838 510 4891 caduca
570 4835 719 4889 hanc
774 4833 1097 4889 columnam
1148 4851 1214 4888 ac
1272 4836 1680 4905 ﬁrmamentum
1738 4839 1942 4891 veritu-

283 4928 357 4979 εἰς
388 4926 483 4995 (1).
511 4923 955 4978 Fundamentum
985 4924 1131 4977 enim
1161 4921 1324 4977 aliud
1346 4940 1501 4979 nemo
1531 4928 1702 4995 potest
1721 4942 1937 4995 ponere,

282 5024 492 5086 praeter
523 5013 582 5068 id
613 5012 753 5083 quod
778 5014 1022 5082 positum
1074 5018 1166 5077 est,
1208 5011 1349 5083 quod
1405 5017 1481 5067 est
1528 5014 1813 5070 Cnnrsrus
1842 5016 1939 5070 JE-

290 5120 393 5158 sus
421 5106 521 5171 (2).
555 5104 805 5157 Firmum
830 5100 1255 5172 fundamentum
1276 5103 1380 5156 Dei
1392 5103 1728 5171 stat,habens
1748 5107 1937 5173 signa-

296 5192 480 5245 culum
509 5193 607 5246 hoc
633 5208 646 5246 :
676 5192 947 5257 Cognovit
977 5191 1241 5245 Dominus
1270 5193 1369 5261 qui
1394 5200 1523 5247 sunt
1548 5194 1747 5263 ejus,et
1767 5194 1939 5250 disco-

290 5277 386 5331 ἀίει
406 5280 469 5332 ab
488 5281 777 5349 iniquitate
798 5280 975 5333 omnis
991 5280 1092 5350 qui
1106 5280 1359 5334 nominat
1376 5296 1577 5336 nomen
1597 5282 1820 5337 Domini
1837 5284 1935 5355 (3).

368 5368 449 5422 Ea
478 5371 566 5422 est
594 5369 814 5422 interea
846 5366 1092 5438 hujusce
1127 5367 1222 5438 qui
1249 5367 1472 5438 primus
1503 5370 1936 5428 occurrittestis

276 5456 447 5513 varia
480 5472 546 5512 ac
578 5455 759 5511 dubia
786 5454 1038 5523 indoles,
1067 5460 1131 5511 ut
1164 5455 1447 5513 nonnulla
1477 5457 1547 5513 de
1579 5463 1734 5514 recto
1782 5459 1941 5517 illius

385 5654 488 5721 1)Ι
522 5650 680 5709 Tim.
714 5667 800 5719 ιιι,
836 5651 924 5705 15.

385 5655 488 5721 1)Ι
522 5655 680 5709 Tim.
714 5667 800 5719 ιιι,
836 5655 898 5704 15

363 5655 442 5797 i2)
470 5726 493 5780 Ι
520 5725 655 5793 Cor,
690 5739 775 5789 ιιι,
810 5723 898 5778 11.

612 5854 883 5914 Pauor"
935 5852 986 5911 Ι.

412 5985 767 6156 151k

2060 4126 2122 4179 D.
2154 4129 2493 4179 CORBINIANI
2538 4123 2762 4178 Tuosne
2801 4128 2856 4179 et
2912 4123 3209 4178 variorum
3241 4122 3701 4178 commentariis.

2130 4212 2229 4268 His
2258 4217 2344 4267 tot
2373 4217 2429 4267 et
2457 4212 2659 4267 talium
2682 4213 2940 4267 virorum
2964 4229 3103 4267 cura
3126 4212 3375 4282 peractis
3401 4212 3471 4265 ad
3494 4227 3705 4264 cumu-

2055 4302 2199 4371 lum,
2232 4307 2297 4356 ut
2328 4301 2410 4356 ita
2440 4302 2654 4367 dicam,
2708 4302 2940 4357 accedet
2987 4301 3435 4373 copiosissimus
3472 4298 3706 4355 Tertul-

2056 4390 2569 4446 lianaelatinitatis
2622 4391 2817 4457 index,
2877 4390 3169 4463 praecipua
3225 4391 3326 4446 CH.
3374 4390 3702 4447 GODOFRED.

2056 4482 2321 4537 Scuurzu
2353 4497 2530 4551 opera
2560 4480 2844 4551 digestus.

2125 4570 2430 4639 Undejam
2455 4585 2624 4624 nemo
2651 4585 2767 4623 non
2784 4569 2941 4624 videt
2972 4584 3147 4641 quam
3172 4568 3382 4641 exigua
3401 4570 3566 4625 novis
3588 4568 3709 4625 edi-

2056 4659 2281 4713 toribus
2312 4657 2610 4729 provincia
2646 4662 2962 4724 remaneat,
2997 4662 3054 4712 et
3086 4674 3261 4728 quam
3296 4659 3374 4713 sit
3404 4658 3551 4713 nihil
3573 4675 3706 4729 pro-

2054 4748 2369 4819 pemodum
2420 4748 2491 4801 de
2548 4763 2652 4801 suo
2687 4763 2842 4818 penu
2874 4747 3231 4813 addendum,
3280 4747 3395 4802 nisi
3443 4747 3587 4804 forte
3634 4748 3707 4805 iis

2053 4837 2301 4892 dicenda
2333 4837 2452 4892 sint
2480 4840 2606 4891 tum
2663 4853 2789 4908 quae
2818 4853 2996 4907 supra
3039 4836 3420 4909 suscipienda
3449 4838 3703 4893 decrevi-

2052 4944 2207 4991 mus,
2239 4928 2309 4981 de
2341 4926 2685 4981 Tertulliani
2720 4943 2830 4981 usu
2878 4932 2935 4981 et
2980 4927 3346 4994 auctoritate,
3392 4944 3498 4983 nec
3528 4928 3705 4983 etiam

2050 5015 2109 5071 in
2143 5015 2214 5070 iis
2272 5017 2510 5071 sibimet
2567 5016 2806 5071 omnino
2856 5015 3098 5083 relictis,
3135 5016 3348 5071 eximia
3405 5034 3619 5089 nempe
3649 5020 3708 5072 et

2050 5104 2298 5160 breviori
2356 5108 2697 5161 occurrente
2746 5106 2816 5160 de
2861 5105 3063 5161 eodem
3101 5110 3450 5177 argumento
3481 5105 3705 5161 disser-

2049 5193 2464 5249 tatiunculaD.
2489 5193 3069 5249 CorbinianiThomze
3101 5213 3114 5261 ;
3138 5199 3262 5249 tum
3288 5210 3555 5265 quasnam
3580 5194 3704 5248 fue-

2050 5282 2167 5336 rint
2185 5284 2253 5337 ad
2276 5300 2463 5355 usque
2484 5288 2749 5355 tempora
2773 5288 2975 5339 nostra
3000 5282 3271 5355 praecipui
3294 5282 3351 5337 in
3378 5282 3703 5338 litterarum

1972 5394 2017 5459 Β
2050 5372 2187 5427 orbe
2218 5372 2277 5427 in
2311 5371 2743 5427 Tertullianum
2773 5372 3023 5445 impensi
3049 5372 3301 5439 labores,
3326 5389 3471 5445 quos
3490 5372 3703 5427 iterum

2053 5478 2086 5516 a
2116 5460 2355 5516 doctiss.
2407 5460 2699 5529 Ceillerio,
2728 5462 2997 5533 Lumper,
3022 5460 3267 5517 Schram
3296 5465 3353 5517 et
3390 5460 3705 5518 Schmnne-

2129 5657 2204 5729 (3)
2237 5657 2288 5713 II
2319 5656 2471 5713 Tim.
2506 5674 2568 5724 ιι,
2605 5656 2691 5713 19.
