4148 6188
361 312 431 371 Η
1840 312 2276 372 ΡΗΑΞΡΑΤῙΟ.
3698 315 3770 373 l2

354 458 558 511 mann,
582 440 1293 514 diligenterinvestigatos
1310 442 1601 514 accepturi
1626 445 2010 509 sumus;tum
2040 444 2096 511 Α
2126 445 2417 515 quotquot
2448 441 2851 510 ecclesiastici,
2910 442 3011 514 qui
3060 458 3328 498 summos
3376 458 3443 497 ac
3480 441 3776 514 legitimos

356 534 593 588 demum
628 531 922 586 coronidis
962 530 1167 597 instar,
1204 532 1445 587 uberius
1493 531 1552 585 in
1584 531 1695 586 hoc
1725 531 2003 603 prommio

354 619 646 691 supererit
701 622 795 673 Il
863 619 1175 691 indigitare
1238 637 1490 691 quonam
1526 637 1723 675 rerum
1778 621 2003 687 ordine,

353 710 637 765 librorum
691 709 859 776 serie,
906 708 1383 765 dissertationum
1418 711 1767 778 accessione,
1802 710 2006 765 lectio—

354 815 498 853 num
539 797 880 853 collatarum
914 798 1213 865 varietate,
1249 800 1805 854 commentariorum
1834 798 2002 855 uber-

352 891 471 943 tate
506 904 571 941 ac
628 886 877 955 delectu,
913 887 1300 958 appendicum
1335 892 1391 942 et
1422 888 1696 955 indicum
1748 888 2003 944 culmine

351 980 471 1033 haec
502 996 651 1035 nova
678 978 852 1034 editio
885 978 962 1033 sit
990 979 1060 1033 ab
1094 978 1225 1033 aliis
1258 980 1634 1034 secernenda.

812 1130 1196 1186 ARTICULUS
1259 1130 1537 1187 PRIMUS.

700 1236 772 1274 DE
808 1236 1192 1275 AUCTORITATE
1242 1236 1618 1275 TERTULLIANI
1628 1260 1639 1273 .

414 1335 749 1391 Auctoritas
782 1335 843 1390 in
892 1352 957 1391 eo
992 1335 1090 1407 qui
1132 1340 1456 1407 potestatem
1487 1335 1689 1390 habens
1719 1333 1865 1390 alios
1897 1336 1999 1390 do-

344 1431 452 1495 cet,
487 1430 638 1481 recte
669 1442 703 1480 a
751 1424 969 1496 duplici
1019 1425 1207 1497 capite
1262 1425 1594 1493 deducitur,
1630 1441 1838 1496 nempe
1868 1430 1997 1479 tum

344 1516 415 1571 ab
446 1514 635 1585 ipsius
666 1513 921 1569 scientiae
983 1514 1392 1581 aestimatione,
1453 1518 1579 1568 tum
1623 1514 1696 1568 ab
1729 1515 1996 1585 ejusdem

344 1604 677 1661 veracitatis
708 1603 946 1659 ﬁducia.

416 1693 525 1748 Uni
556 1696 612 1747 et
639 1691 747 1748 soli
779 1696 892 1747 Deo
920 1708 1157 1747 summa
1178 1690 1496 1747 auctoritas
1521 1695 1629 1762 est,
1662 1691 1879 1763 quippe
1902 1691 1996 1746 cui

344 1782 451 1837 soli
486 1798 721 1837 summa
746 1781 823 1837 sit
848 1782 1061 1837 veritas
1094 1782 1154 1836 in
1204 1782 1632 1852 cognoscendo,
1666 1786 1722 1837 et
1762 1798 1993 1837 summa
2025 1817 2071 1882 B

339 1873 401 1927 in
433 1872 679 1927 dicendo
710 1872 1016 1927 veracitas.

408 1959 689 2025 Quaelibet
722 1961 837 2015 alia
893 1978 958 2016 eo
1013 1960 1203 2029 major
1257 1960 1452 2015 evadit
1504 1960 1849 2029 auctoritas,
1881 1978 1994 2033 quo

335 2050 575 2121 prOpior
605 2050 675 2104 ad
708 2048 871 2104 illam
902 2049 1126 2105 accedit
1145 2053 1200 2105 et
1231 2049 1539 2121 perfectior
1555 2050 1823 2120 ejusdem
1859 2067 1993 2122 par-

340 2141 526 2209 ticeps
560 2138 835 2195 efﬁcitur.

421 2228 559 2282 llinc
591 2227 761 2283 nobis
792 2227 1106 2283 Catholicis
1137 2227 1299 2283 nulla
1329 2228 1437 2283 sub
1489 2228 1609 2283 sole
1642 2229 1848 2299 major,
1877 2228 1994 2283 imo

345 2318 603 2373 maxima
633 2317 692 2371 in
727 2316 869 2372 ccelo
901 2322 957 2372 et
988 2318 1047 2372 in
1080 2323 1255 2383 terra,
1293 2334 1395 2373 nec
1426 2317 1539 2372 alia
1570 2334 1635 2373 ac
1678 2318 1773 2371 Dei
1808 2318 1995 2389 ipsius

346 2413 455 2474 cst,
490 2406 757 2462 Ecclesiae
806 2407 1069 2462 docentis
1103 2410 1382 2479 potestas,
1417 2423 1543 2477 quae
1586 2407 1743 2463 verba
1774 2409 1997 2462 virtutis

351 2497 449 2550 Dei
482 2496 577 2567 (4),
630 2495 690 2549 in
744 2512 847 2566 quo
897 2500 1025 2551 sunt
1072 2511 1256 2551 omnes
1312 2497 1563 2551 thesauri
1606 2498 1894 2567 sapientiae
1944 2504 1997 2552 et

346 2587 599 2641 scicntia?
626 2585 928 2641 absconditi
957 2586 1055 2655 (5),
1087 2602 1214 2657 qua:
1245 2584 1540 2641 infallibili
1599 2601 1703 2639 nec
1731 2602 1992 2656 unquam

350 2675 421 2727 ad
477 2674 1044 2729 consummationem
1112 2673 1306 2729 seaculi
1366 2673 1690 2729 deﬁcienda
1746 2674 1993 2743 Spiritus

346 2762 541 2818 Sancti
572 2762 929 2834 assistentia,
962 2762 1186 2829 nititur,
1220 2763 1444 2834 regitur
1488 2778 1555 2818 ac
1586 2762 1989 2818 conﬁrmatur.

329 2891 345 2906 .
417 2852 593 2907 Porro
624 2852 899 2908 omnibus
931 2851 1242 2907 Catholicis
1275 2851 1374 2923 qui
1404 2866 1532 2907 sese
1553 2850 1817 2907 Ecclesia;
1849 2852 1991 2925 legi-

340 2942 517 2997 timos
549 2940 699 2996 ﬁlios
758 2943 1001 3014 probare
1048 2941 1305 3011 student,
1342 2957 1579 2997 necesse
1636 2957 1765 2996 esse
1824 2942 1993 2997 docet

338 3032 396 3086 B.
428 3029 764 3086 Vincentius
786 3030 1120 3097 Lirinensis,
1144 3033 1209 3085 ut
1225 3034 1563 3085 sanctorum
1596 3030 1834 3084 Patrum
1854 3030 1989 3085 ﬁdei

334 3120 674 3189 inhaereant,
730 3118 1193 3190 agglutinentur,
1252 3117 1665 3173 immoriantur
1694 3119 1789 3188 (6).
1839 3120 1979 3173 Eam

330 3226 482 3273 vero,
528 3209 929 3263 consentiente
982 3212 1107 3263 tota
1156 3208 1514 3273 Traditions,
1564 3205 1749 3276 legem
1780 3207 1849 3259 ad
1885 3223 1977 3261 as-
2009 3182 2051 3246 Ο

332 3314 572 3353 sensum
622 3297 901 3353 Patribus
934 3296 1330 3369 praestandum
1364 3294 1547 3367 ponit,
1582 3299 1649 3349 ut
1696 3294 1981 3366 quidquid

331 3402 443 3439 non
479 3402 663 3441 unum
696 3391 797 3441 aut
830 3387 977 3441 duos
998 3390 1256 3452 tantum,
1280 3385 1381 3441 sed
1403 3400 1607 3439 omnes
1630 3385 1847 3456 pariter
1867 3400 1983 3439 uno

331 3475 655 3546 eodemque
686 3492 973 3531 consensu
1034 3478 1252 3547 aperte,
1306 3474 1657 3545 frequenter,
1717 3489 1983 3545 perseve-

330 3568 527 3619 ranter
558 3565 843 3631 tenuisse,
894 3564 1221 3636 scripsisse,
1290 3563 1559 3620 docuisse
1619 3563 1980 3635 cognoveris,

330 3654 386 3707 id
420 3653 526 3709 tibi
560 3670 791 3725 quoque
850 3652 1144 3726 intelligas
1204 3653 1422 3723 absque
1467 3652 1589 3708 ulla
1618 3653 1982 3709 dubitatione

332 3746 715 3801 credendum.
1664 3739 1671 3746 ’

395 3835 667 3890 Patribus
698 3851 829 3891 vero
876 3834 1183 3907 sigillatim
1218 3833 1473 3905 sumptis
1507 3832 1669 3888 nulla
1690 3832 1803 3888 alia
1820 3849 1977 3889 com-

324 3926 471 3997 petit
501 3924 840 3993 auctoritas,
879 3924 991 3979 nisi
1022 3924 1266 3995 privata,
1286 3939 1354 3978 ex
1378 3922 1555 3978 variis
1579 3923 1977 3994 dignoscenda

320 4012 575 4079 indiciis,
604 4030 853 4085 quorum
881 4012 994 4069 alia
1024 4012 1342 4083 unicuique
1364 4016 1502 4068 sunt
1526 4012 1693 4084 quasi
1716 4013 1972 4085 propria,

319 4100 434 4155 alia
464 4116 595 4157 vero
628 4102 843 4157 deforis
874 4103 1207 4173 desumpta.

388 4195 449 4244 ln
486 4190 557 4246 iis
588 4195 783 4247 autem
815 4191 963 4263 ipsis
995 4190 1422 4246 consideranda
1440 4193 1580 4245 sunt
1601 4189 1722 4245 sive
1746 4205 1873 4261 quae
1894 4192 1965 4247 ad

316 4278 679 4336 intellectum
713 4285 864 4336 recte
912 4279 1271 4343 institutum,
1322 4279 1442 4334 sive
1493 4296 1619 4350 quae
1656 4280 1726 4334 ad
1760 4296 1967 4335 sanam

316 4368 679 4424 voluntatem
706 4370 1032 4440 pertinent;
1056 4368 1193 4423 hinc
1218 4368 1497 4422 nimirum
1523 4383 1723 4423 eorum
1749 4368 1963 4439 ingenii

314 4458 425 4522 vis,
450 4458 851 4513 doctrinarum
885 4459 1143 4522 ubertas,
1176 4458 1449 4528 loquendi
1484 4457 1691 4512 modus
1723 4474 1787 4512 ac
1820 4474 1962 4513 con-

2114 532 2447 588 sanctitatis
2460 532 2655 604 apices
2672 533 2933 586 nondum
2957 532 3517 602 fuerintadepti,nec
3542 535 3769 587 rectum

2116 622 2249 677 ﬁdei
2280 623 2575 676 tramitem
2608 621 3007 677 indeclinabili
3067 622 3213 692 pede
3270 621 3577 689 triverint;
3638 639 3769 677 cum

2115 712 2271 766 enim
2303 714 2401 767 l2
2436 712 2778 782 aliquandiu
2805 710 3012 766 saltem
3046 711 3105 764 in
3138 711 3472 766 orthodoxae
3498 711 3629 766 ﬁdei
3648 728 3771 783 gre-

2114 802 2231 855 mio
2263 801 2652 866 constiterint,
2686 800 2900 855 idcirco
2960 816 3193 857 omnem
3222 800 3341 855 illis
3390 800 3565 854 ﬁdem
3600 802 3769 856 abro-

2112 906 2249 962 gare
2281 907 2385 945 nec
2430 907 2534 962 par
2565 905 2669 944 nec
2702 891 2789 945 fas
2821 892 2947 945 est:
2980 889 3248 961 quinimo
3282 889 3340 944 in
3379 890 3601 960 quibus
3632 907 3767 945 cum

2112 978 2438 1034 Catholocis
2468 978 2831 1050 conspirant,
2865 979 2921 1033 in
2968 978 3040 1033 iis
3074 994 3140 1034 eo
3173 980 3362 1047 major
3391 993 3574 1051 penes
3607 979 3768 1050 ipsos

2112 1068 2328 1123 ﬁducia
2357 1074 2466 1135 est,
2495 1068 2649 1139 quod
2701 1068 2838 1123 hinc
2869 1072 2925 1122 et
2963 1068 3099 1123 inne
3135 1067 3521 1125 collusionem
3556 1068 3679 1124 ﬁeri
3710 1072 3768 1124 et

2112 1157 2297 1213 amice
2328 1158 2623 1228 conjurari
2646 1172 2818 1213 nemo
2850 1175 3031 1213 sanus
3061 1158 3439 1214 existimabit.

2183 1246 2281 1302 His
2338 1247 2641 1303 catholicis
2699 1248 2780 1301 rei
2828 1247 3150 1302 Patristicse
3216 1247 3421 1319 positis
3491 1246 3760 1315 criteriis,

2109 1353 2267 1391 nunc
2296 1336 2725 1392 deveniendum
2785 1341 2873 1392 est
2930 1337 3001 1391 ad
3037 1337 3408 1408 propositum
3443 1342 3711 1393 nostrum
3744 1354 3758 1405 ;

2109 1443 2265 1481 nunc
2296 1443 2461 1498 aequa
2491 1426 2656 1482 lance
2687 1442 2752 1481 ac
2784 1426 2952 1480 ﬁrma
2982 1426 3364 1482 aestimandus
3394 1434 3479 1483 est
3501 1429 3762 1493 QUINTUS

2106 1517 2415 1570 Ssp'rmms
2462 1516 2722 1571 FLORENS
2769 1516 3235 1579 TERTULLIANUS,
3279 1520 3366 1570 tot
3396 1520 3760 1572 vetustarum

2109 1604 2549 1677 disciplinarum
2604 1604 3035 1677 peritissimus;
3097 1604 3527 1677 philosophica,
3579 1604 3764 1660 histo-

2107 1693 2545 1765 rica,juridica,
2597 1694 2854 1749 oratoria
2903 1711 2969 1750 ac
3027 1694 3254 1766 poetica
3300 1694 3631 1750 eruditione
3662 1710 3765 1765 po-

2106 1786 2237 1839 tens
2267 1801 2280 1850 ;
2343 1783 2525 1839 multo
2557 1787 2890 1855 susceptam
2924 1788 3057 1839 ante
3102 1783 3278 1838 ﬁdem
3341 1783 3557 1839 forensi
3591 1782 3763 1839 laude

2107 1871 2357 1938 ﬂorens;
2418 1872 2715 1928 ﬂorentior
2773 1877 2830 1927 et
2886 1876 3121 1943 accepta
3178 1873 3311 1938 ﬁde,
3347 1876 3548 1943 utpote
3578 1872 3758 1927 totius

2105 1962 2573 2017 Christianorum
2625 1979 2838 2028 causae,
2892 1978 3087 2017 coram
3161 1961 3639 2032 imperatoribus,
3698 1960 3756 2015 in

2105 2051 2263 2106 orbis
2295 2052 2539 2107 Romani
2572 2052 2715 2120 foro,
2748 2050 3021 2107 defensor
3077 2054 3132 2105 et
3191 2055 3514 2122 patronus;
3568 2066 3690 2105 erae
3725 2067 3757 2105 a

2103 2140 2331 2196 Christo
2361 2141 2610 2196 Domino
2643 2140 2910 2196 secundae
2937 2157 3002 2195 ac
3034 2138 3438 2210 Apostolorum
3471 2138 3746 2211 proximae

2106 2246 2330 2302 prazco;
2392 2230 2620 2301 primus
2680 2228 2941 2284 Ecclesiae
2988 2228 3199 2283 Latinae
3232 2226 3401 2283 testis
3430 2232 3487 2283 et
3516 2228 3745 2296 vindex,

2104 2318 2219 2374 imo
2254 2335 2409 2373 unus
2439 2319 2609 2389 cujus
2656 2318 2921 2372 vindiciae
2971 2318 3040 2371 ad
3083 2333 3189 2371 nos
3219 2317 3627 2388 pervenerint;
3659 2316 3748 2371 in-

2105 2408 2299 2479 signes
2326 2407 2600 2463 Africanaa
2652 2407 2785 2461 ﬁdei
2828 2406 3137 2478 primitiae;
3179 2407 3438 2461 virorum
3472 2405 3750 2477 apostoli—

2104 2514 2305 2553 corum
2339 2496 2614 2551 alumnus
2640 2513 2653 2564 ;
2686 2495 2966 2567 magister
2996 2500 3054 2551 et
3083 2495 3207 2566 ipse
3240 2500 3583 2566 martyrum,
3606 2512 3749 2566 pon-

2103 2587 2329 2640 tiﬁcum
2361 2591 2419 2640 et
2448 2587 2795 2649 doctorum;
2854 2584 3049 2639 Romae
3098 2584 3168 2637 ad
3217 2600 3382 2638 sacra
3422 2588 3749 2655 provectus,

2102 2675 2555 2747 Carthaginique
2587 2675 2645 2728 in
2677 2674 3021 2745 presbyterii
3064 2672 3195 2728 albo
3227 2673 3553 2744 ascriptus;
3586 2690 3749 2728 arca-

2101 2781 2311 2820 norum
2340 2762 2771 2819 scientissimus
2800 2780 2815 2832 ;
2848 2763 3116 2817 omnium
3146 2779 3265 2817 suze
3297 2762 3485 2817 sitatis
3518 2762 3749 2817 haereti-

2100 2870 2299 2909 corum
2332 2852 2675 2920 debellator,
2723 2852 2842 2906 imo
2885 2852 3147 2907 Montani
3178 2868 3409 2907 eversor
3438 2851 3744 2921 egregius;

2098 2946 2155 2997 et
2179 2946 2395 2998 tamem
2444 2940 2692 3008 (utinam
2743 2940 2955 3006 absit!)
3008 2939 3385 3002 Montanista,
3419 2938 3744 3003 haereticus,

2099 3031 2507 3101 haereseosque
2564 3034 2740 3101 caput
2796 3033 3150 3095 emortuum,
3210 3025 3475 3081 Ecclesiae
3504 3026 3743 3080 tandem

2088 3122 2217 3191 jam
2250 3138 2365 3175 non
2396 3120 2570 3173 homo
2603 3118 2688 3172 l...

2162 3208 2262 3262 Cui
2292 3222 2423 3262 cum
2454 3210 2540 3261 tot
2570 3219 2905 3261 successere
2938 3203 3110 3271 vices,
3131 3202 3435 3274 multiplex
3460 3202 3589 3274 ejus
3613 3220 3743 3259 esse

2094 3296 2265 3351 debet
2314 3295 2645 3359 aestimatio,
2698 3292 2930 3364 aliaque
2961 3292 3151 3347 evadit
3204 3296 3377 3363 prout
3407 3291 3584 3346 aliam
3616 3292 3743 3363 ipse

2092 3390 2321 3440 tantum
2364 3402 2398 3439 a
2457 3401 2519 3440 se
2578 3384 2843 3438 diversus
2901 3382 3095 3438 induit
3124 3397 3458 3453 personam.
3500 3382 3578 3435 Ac
3608 3385 3743 3437 ante

2092 3474 2289 3530 omnia
2319 3474 2378 3529 in
2416 3490 2503 3541 eo,
2538 3472 2692 3527 haud
2728 3488 2897 3527 secus
2921 3488 2987 3526 ac
3019 3472 3075 3525 in
3108 3471 3333 3525 caateris
3364 3469 3626 3525 Ecclesiae
3649 3471 3747 3525 do-

2090 3564 2371 3631 ctoribus,
2406 3561 2753 3618 nonnullius
2801 3566 2890 3617 est
2921 3560 3093 3632 pretii
3127 3560 3523 3615 eruditionem
3548 3560 3740 3631 profa-

2090 3670 2226 3709 nam
2276 3670 2309 3707 a
2340 3669 2508 3708 sacra
2562 3649 2933 3722 supellectili,
2967 3649 3312 3720 scriptorem
3346 3649 3638 3720 privatum
3668 3647 3740 3702 ab

2087 3746 2323 3798 auctore
2365 3739 2662 3797 Catholico
2692 3738 2779 3793 vel
2831 3738 3208 3805 Montanista,
3242 3754 3365 3793 rem
3396 3754 3555 3792 mere
3583 3736 3737 3791 litte-

2087 3832 2301 3887 rariam
2333 3833 2434 3886 aut
2481 3827 2824 3884 historicam
2878 3844 2912 3883 a
2968 3843 3147 3882 causa
3177 3826 3512 3899 dogmatica
3542 3842 3735 3881 secer-

2085 3936 2247 3977 nere.

2148 4010 2221 4063 At
2252 4006 2395 4079 quid
2450 4021 2641 4061 causae
2702 4007 2857 4060 esset
2913 4020 3017 4060 cur
3074 4004 3133 4058 in
3196 4003 3301 4059 hoc
3343 4003 3535 4074 operis
3576 4018 3736 4058 mere

2076 4097 2363 4169 patristici
2395 4094 2672 4167 prommio
2706 4110 2770 4150 ac
2803 4094 2990 4165 primo
3023 4092 3223 4148 limine
3248 4093 3348 4147 diu
3378 4092 3436 4147 in
3471 4092 3739 4162 Septimii

2070 4187 2315 4258 profana
2368 4184 2541 4240 laude
2597 4183 2902 4239 morarer?
2952 4181 3156 4238 Paucis
3210 4182 3387 4254 igitur
3435 4180 3735 4237 absolvam

2069 4274 2263 4346 qualis
2322 4274 2400 4329 sit
2448 4273 2664 4343 rhetor,
2729 4271 3173 4344 grammaticus,
3228 4270 3591 4339 dialecticus,
3629 4286 3732 4325 seu

2070 4365 2269 4419 formas
2302 4361 2901 4427 excultorlitterariaz,
2924 4361 3185 4433 qualisve
3218 4362 3295 4417 sit
3325 4359 3738 4440 philosophus,

2071 4455 2429 4528 philologus,
2492 4452 2913 4523 antiquitatum
2968 4451 3301 4521 indagator,
3353 4449 3731 4504 historiarum

316 4548 587 4614 suetudo,
626 4548 780 4603 unde
810 4551 935 4602 tuto
994 4547 1153 4602 credi
1206 4550 1396 4617 potest
1450 4546 1603 4616 quod
1662 4562 1778 4601 non
1820 4548 1972 4603 deci-
2002 4558 2047 4622 Β
2076 4550 2270 4613 tenax,
2298 4544 2452 4615 juris
2484 4542 2730 4615 peritus,
2753 4540 2913 4597 omni
2943 4540 3323 4595 scientiarum
3347 4553 3554 4609 genere
3574 4554 3736 4593 exer-

238 4668 243 4669 ί
316 4636 589 4706 piantur;
643 4636 803 4691 illinc
861 4641 1055 4691 autem
1117 4652 1349 4690 morum
1402 4635 1684 4707 probitas,
1725 4636 1971 4708 vitaeque

317 4725 619 4796 sanctitas,
654 4743 767 4796 qua
797 4724 987 4780 omnis
1049 4723 1363 4797 depellitur
1412 4724 1670 4795 suspicio
1710 4741 1783 4779 an
1816 4725 1971 4781 deci-

318 4813 483 4885 piant
512 4819 615 4869 aut
645 4815 913 4886 decipere
946 4814 1142 4869 velint.

382 4904 466 4958 Ad
502 4904 623 4959 haec
654 4904 821 4975 quasi
856 4904 1176 4959 intrinseca
1205 4903 1572 4958 auctoritatis
1605 4904 1775 4974 signa
1804 4920 1969 4960 acce-

314 4993 462 5047 dunt
480 4998 605 5047 tum
632 4994 874 5048 diversae
897 4998 1246 5063 temporum,
1279 4991 1560 5061 locorum,
1585 4992 1964 5063 dignitatum,

310 5086 648 5153 castamque
680 5082 738 5136 in
774 5082 989 5153 quibus
1020 5086 1291 5137 auctores
1319 5082 1683 5153 scripserunt
1712 5083 1967 5137 circum-

308 5168 562 5237 stantiis,
598 5174 722 5225 tum
750 5170 1125 5241 potissimum
1159 5170 1304 5224 tanti
1338 5169 1506 5241 pretii
1529 5170 1821 5239 judicium
1850 5188 1966 5242 quo

310 5258 569 5315 Ecclesia
602 5259 918 5331 scriptores
978 5261 1264 5331 quosdam
1325 5258 1495 5315 titulo
1547 5260 1721 5315 tacito
1752 5260 1837 5315 vel
1872 5276 1965 5317 so-

306 5346 511 5415 lemni,
532 5348 771 5420 speciali
792 5348 879 5404 vel
904 5348 1325 5421 specialissimo
1347 5350 1555 5419 probat
1577 5354 1634 5404 et
1654 5349 1965 5421 diiudicat.

377 5438 459 5495 Ne
489 5455 621 5494 vero
653 5444 1033 5495 amoveantur
1091 5444 1191 5495 aut
1242 5443 1600 5511 respuantur
1648 5440 1963 5514 scriptorcs

382 5583 435 5652 (4
493 5583 667 5639 Hebr.
702 5600 741 5649 ι,
776 5584 828 5639 3.

383 5583 460 5726 (ὅέ
485 5654 603 5712 Col.
639 5672 702 5725 ιι,
734 5656 786 5709 3.

383 5654 460 5727 (5)
485 5654 603 5712 Col.
639 5672 702 5725 ιι,
734 5656 786 5709 3.

2084 4633 2493 4690 citatissimus.

2154 4724 2326 4780 Porro
2350 4722 2490 4794 quid
2514 4722 2584 4776 de
2617 4719 2803 4791 ipsius
2834 4718 3088 4783 dicendi,
3124 4717 3451 4772 disserendi
3475 4718 3531 4771 et
3561 4732 3734 4787 argu-

2080 4812 2381 4868 mentandi
2413 4826 2622 4877 genere
2655 4808 3028 4864 sentiendum
3051 4806 3150 4874 sit,
3175 4806 3350 4875 paulo
3372 4806 3524 4860 infra
3550 4806 3731 4861 habes

2080 4901 2375 4973 eleganter
2405 4904 2459 4955 et
2505 4900 2723 4955 diserte
2756 4916 2789 4952 a
2829 4896 3070 4953 doctiss.
3108 4901 3166 4950 D.
3208 4897 3453 4966 Lumper
3481 4893 3730 4965 explica-

2078 4997 2203 5045 tum
2234 4991 2334 5062 (7).
2373 4991 2563 5045 Pauca
2592 4992 2823 5043 tantum
2867 4986 3081 5041 addere
3120 4984 3303 5054 juvat,
3339 5000 3410 5039 ne
3440 4981 3729 5038 delicatis-

2080 5080 2269 5137 simus
2302 5079 2481 5134 lector
2514 5095 2580 5133 ac
2612 5075 2901 5150 politioris
2936 5076 3205 5129 minerva
3238 5071 3555 5128 studiosior
3584 5070 3733 5127 sale-

2079 5169 2200 5223 bris
2252 5166 2626 5222 Tertullianao
2687 5164 2998 5220 latinitatis
3057 5162 3317 5217 offendat
3376 5165 3432 5215 et
3490 5161 3730 5216 haereat.

2077 5258 2308 5313 Primus
2341 5257 2456 5312 fere
2488 5255 2754 5311 omnium
2804 5251 3200 5308 Tertullianus
3241 5250 3518 5321 dogmata
3547 5250 3732 5305 tradi-

2074 5351 2243 5403 turus
2275 5362 2340 5401 ac
2373 5345 2649 5417 mysteria
2674 5343 2983 5412 hucusque
3024 5337 3161 5393 latio
3198 5340 3455 5395 sermoni
3486 5353 3725 5410 prorsus

2074 5436 2295 5511 ignota,
2329 5435 2572 5506 proinde
2594 5450 2772 5489 novas
2813 5429 3111 5487 intrudere
3142 5428 3427 5486 formulas
3458 5446 3522 5484 ac
3552 5428 3722 5482 inau-

2165 5582 2219 5651 6)
2250 5579 2516 5635 Vincent.
2550 5576 2727 5632 Lirin.
2765 5573 3095 5651 (Ioniiponit.
3129 5573 3205 5644 Il,
3236 5574 3327 5629 20.

2165 5583 2219 5651 6)
2250 5583 2516 5635 Vincent.
2550 5583 2727 5632 Lirin.
2765 5583 2957 5629 Comm.

2141 5583 2217 5725 E7)
2250 5652 2378 5709 Vid.
2408 5651 2568 5721 infr.,
2602 5663 2732 5722 pag.
2767 5647 2957 5702 89-96.

3381 5955 3637 6148 ιη
