4148 6188
372 349 441 409 13
1830 336 2272 399 PRASFATIO.
3687 357 3763 417 η

368 481 479 535 dita
513 478 816 549 vocabula,
848 478 1058 535 saltem
1100 477 1213 533 alio
1245 492 1422 532 sensu
1474 477 1757 547 usurpata
1784 474 2000 545 potuit,
2030 473 2085 540 Α
2186 476 2365 527 Porro
2395 486 2529 527 cum
2551 472 2645 528 his
2675 474 2794 530 fere
2809 476 3293 535 omnibustitulis
3322 489 3772 545 commendatur

362 570 473 625 imo
498 572 552 623 et
578 568 803 624 debuit.
823 568 1187 625 Nascebatur
1217 583 1283 622 ac
1303 579 1730 638 propemonum
1751 563 1810 617 in
1835 563 2003 619 cunis

358 658 621 731 vagiebat
667 658 932 713 latinitas
983 657 1084 712 illa
1134 656 1549 720 ecclesiastica,
1604 671 1731 725 qua:
1765 670 1902 708 suos
1931 654 2002 709 ab

355 748 516 803 initio
547 748 757 803 habuit
790 749 1017 815 modos,
1053 765 1191 803 suas
1224 747 1345 801 sive
1397 745 1455 799 in
1487 744 1676 800 solute
1709 760 2000 809 sermone,

355 840 470 893 sive
502 839 557 892 in
590 838 921 910 rhythmico
954 836 1194 893 modulo
1239 836 1419 907 leges,
1452 834 1717 905 apprime
1746 838 2001 887 tractan-

354 928 443 981 dis
472 926 808 981 coelestibus
838 925 1226 982 sacramentis
1255 923 1749 992 accommodatas,
1773 922 1999 992 habuit,

351 1018 563 1083 sanxit,
598 1033 662 1071 ac
711 1016 977 1071 servavit.
1031 1015 1251 1079 Quibus
1283 1018 1478 1068 autem
1526 1011 1905 1067 eti'ormandis
1935 1027 2001 1065 ac

349 1123 450 1178 per
480 1123 582 1161 ora
615 1106 922 1161 hominum
950 1104 1288 1174 evulgandis
1318 1102 1473 1157 haud
1508 1101 1717 1173 exigua
1744 1104 1832 1155 est
1863 1102 2001 1155 Ter-

348 1195 578 1251 tulliani
602 1195 733 1250 laus
748 1194 961 1250 mirum
976 1195 1035 1249 in
1060 1194 1303 1249 modum
1331 1191 1652 1264 profuisse;
1670 1193 1705 1243 1
1722 1191 1769 1245 3
1785 1190 2000 1261 quippe

347 1286 515 1355 cujus
545 1284 847 1355 ingenium
900 1283 1192 1352 demirati,
1226 1298 1292 1336 ac
1340 1280 1629 1352 loquelam
1660 1278 1873 1349 ipsam,
1908 1296 1998 1332 ar-

345 1374 519 1429 duam
554 1373 686 1429 licet
715 1377 772 1428 et
794 1389 1085 1443 asperam,
1114 1371 1347 1440 imitati,
1377 1368 1593 1441 singuli
1627 1371 1758 1439 post
1778 1384 1911 1422 eum
1934 1384 1999 1422 ac

345 1462 667 1534 prmsertim
723 1462 921 1534 plures
952 1478 1103 1533 quos
1151 1461 1375 1531 peperit
1419 1459 1691 1513 Africana
1720 1456 1995 1521 Ecclesia,

340 1552 807 1607 clarissimorum
839 1551 1101 1606 virorum
1130 1550 1189 1604 in
1238 1550 1330 1604 his
1364 1547 1817 1620 tempestatibus
1850 1547 1998 1601 fera-

339 1641 593 1708 cissima,
641 1642 793 1697 duce
841 1641 1154 1713 Cypriane,
1189 1639 1302 1703 sui,
1337 1642 1401 1693 ut
1430 1638 1531 1708 ait,
1562 1636 1828 1709 magistri
1881 1652 1999 1691 me-

343 1731 669 1786 rentissimi
704 1730 926 1785 cultore
958 1730 1218 1797 assiduo,
1253 1745 1316 1784 se
1355 1744 1644 1800 suamque
1674 1726 1997 1781 orationem

342 1822 412 1876 ad
440 1820 791 1877 Tertulliani
819 1820 1137 1875 dictionem
1170 1818 1435 1874 certatim
1466 1818 1833 1873 efﬁnxerunt.

402 1981 575 2037 Haud
608 1982 715 2037 abs
747 1998 809 2037 re
838 1982 950 2037 erit
978 1980 1166 2037 obiter
1184 1981 1647 2037 animadvertere
1678 1980 1994 2051 quemdam

331 2072 625 2127 defectum
674 2071 957 2139 subiisse,
988 2076 1121 2143 post
1170 2073 1299 2142 ejus
1349 2089 1382 2126 a
1413 2074 1569 2125 recta
1618 2070 1731 2124 fide
1773 2069 1992 2124 disces-

328 2176 477 2225 sum,
532 2161 885 2216 Tertulliani
934 2160 1261 2233 ingenium.
1316 2160 1377 2215 In
1428 2159 1615 2225 libris,
1666 2158 1895 2225 ultima,
1930 2161 1994 2214 ut

325 2250 577 2321 videtur,
624 2254 791 2306 aatate
842 2268 951 2306 sua
1000 2250 1058 2304 in
1113 2250 1233 2306 fece
1287 2247 1668 2305 Montanismi
1714 2248 1989 2313 exaratis,

330 2344 427 2394 aut
455 2339 725 2411 asperior
772 2340 837 2394 ﬁt
868 2345 925 2394 et
975 2338 1338 2411 inaequalior,
1373 2336 1680 2409 impotenti
1710 2338 1988 2407 abreptus

329 2428 613 2500 loquendi
664 2428 989 2502 prurigine,
1022 2444 1089 2487 ac
1136 2427 1401 2500 inquieta
1448 2426 1858 2499 pugnacitate;
1890 2430 1991 2481 aut

329 2517 659 2573 obscuriori
713 2521 1022 2587 sententia,
1072 2518 1231 2573 velut
1262 2518 1331 2572 de
1380 2517 1694 2583 industria,
1728 2531 1856 2571 sese
1886 2516 1989 2571 ob-

324 2607 517 2676 volvit,
555 2624 662 2661 nec
712 2607 825 2661 nisi
868 2623 970 2678 per
1015 2607 1290 2663 intricata
1337 2606 1599 2677 loquitur
1630 2606 1981 2677 aenigmata;

336 2713 459 2767 quae
488 2698 823 2768 praesertim
851 2698 992 2753 vitia
1040 2697 1098 2751 in
1130 2696 1280 2752 libro
1312 2696 1381 2752 de
1411 2698 1610 2762 Pallio,
1646 2700 1702 2751 et
1726 2696 1987 2752 adversus

346 2788 761 2842 Valentiniano:
784 2787 951 2857 quasi
974 2786 1156 2859 digito
1184 2786 1480 2858 palpanda
1510 2791 1876 2841 oeccurrunt.

386 2946 674 3002 Eamdem
706 2946 765 3001 in
815 2947 986 3019 pejus
1037 2946 1427 3002 mutationem
1481 2947 1677 3002 forsan
1732 2947 1985 3019 reperire

323 3042 423 3103 est,
455 3053 621 3102 cum,
670 3034 757 3092 vel
789 3036 970 3091 oblita
1020 3035 1329 3107 incomptus
1380 3036 1860 3108 inconcinnaaque
1892 3037 1985 3090 di-

321 3126 532 3181 ctionis
566 3126 901 3195 asperitate,
938 3142 1061 3182 rem
1095 3127 1335 3197 penitus
1367 3142 1431 3181 ae
1454 3126 1878 3181 sententiarum
1901 3126 1983 3180 vi-

321 3231 478 3271 scera
496 3215 903 3287 introspicies.
930 3214 1031 3270 Illa
1049 3215 1429 3287 Apologetici,

320 3302 730 3375 librerumque
762 3304 832 3359 de
867 3304 1161 3372 Oratione,
1194 3304 1497 3376 Baptismo
1520 3322 1586 3359 ac
1620 3304 1990 3387 Paenitentia,

321 3395 607 3464 majestas
640 3409 705 3447 ac
726 3393 969 3465 grandis
1002 3393 1359 3464 eloquentia,
1390 3394 1684 3450 interdum
1712 3395 1999 3449 acerrima

335 3499 395 3538 ac
428 3482 702 3538 laconica
734 3483 1015 3537 brevitate
1046 3488 1393 3555 temperata,
1428 3484 1483 3538 in
1540 3484 1900 3539 inconditam
1930 3500 1995 3539 ae

319 3572 692 3627 difﬂuentem
724 3572 1079 3639 facundiam,
1103 3573 1277 3628 obvia
1299 3590 1567 3646 quaeque,
1599 3572 1687 3628 vel
1742 3573 1989 3641 insulsa,

310 3659 719 3730 jactitantem,
775 3676 877 3715 nec
926 3660 1349 3717 scurrilitatem
1411 3666 1511 3717 aut
1567 3661 1989 3733 petulantiores

320 3749 488 3819 joeos
521 3754 941 3821 aspernantem
975 3749 1272 3807 dilabitur.

386 3909 496 3965 Sed
537 3925 673 3963 cum
710 3910 854 3977 haec,
886 3914 951 3965 ut
976 3910 1117 3981 dixi,
1152 3911 1224 3966 ad
1278 3910 1585 3982 profanam
1621 3911 1851 3968 criticen
1881 3930 1986 3985 pe-

318 3998 437 4053 tius
469 4015 657 4071 quam
694 4000 765 4054 ad
791 4000 1183 4071 degmatieam
1209 4000 1552 4056 Tertulliani
1585 4002 1987 4058 auctoritatem

317 4086 566 4154 faciunt,
600 4088 716 4143 huc
772 4089 1017 4144 demum
1045 4088 1173 4145 vela
1226 4090 1459 4160 damus,
1494 4090 1651 4146 haud
1707 4090 1840 4155 alio,
1873 4092 1989 4153 nisi

316 4176 504 4242 inviti,
534 4177 667 4247 jam
710 4176 1061 4249 abripiendi.

388 4324 498 4375 Per
550 4319 939 4375 eruditionem
992 4337 1245 4388 sacram,
1280 4320 1477 4392 inquit
1525 4322 1834 4379 Walchius
1884 4324 1985 4395 (8),

322 4406 716 4481 intelligimus
764 4409 929 4463 illam
984 4426 1110 4481 qua:
1165 4416 1430 4466 versatur
1469 4412 1528 4466 in
1579 4412 1753 4467 rebus
1801 4430 1916 4469 non
1955 4431 1988 4469 a

320 4503 535 4552 natura
561 4499 865 4568 patefactis
880 4499 1221 4555 achumana
1244 4501 1517 4557 facultate
1539 4502 1981 4574 cognoscendis,

2115 560 2534 627 Tertullianus,
2570 562 2705 617 hinc
2738 565 3031 636 pracipua
3073 568 3438 628 desumenda
3467 580 3608 630 sunt
3637 594 3769 648 pro-

2114 650 2241 721 pria
2268 650 2381 721 ipsi
2413 666 2477 704 ac
2508 650 2827 721 peculiaria
2858 655 3224 711 auctoritatis
3256 659 3443 729 signa.

2181 738 2598 807 Tertullianus,
2636 746 2700 795 ut
2750 760 2781 796 a
2816 743 3006 798 Verbo
3041 746 3136 799 Dei
3168 746 3407 805 initium
3458 752 3767 824 faciamus,

2112 830 2272 885 illius
2301 830 2783 901 interpretationi,
2821 849 2885 886 ac
2937 834 3251 905 Exegeticm
3307 838 3564 896 scientiae
3598 861 3767 901 suam

2111 920 2278 974 atlert
2305 919 2631 990 symbolam
2680 922 2920 976 minime
2953 927 3407 994 aspernandam.
3455 930 3580 986 Sive
3613 934 3770 990 enim

2111 1008 2459 1077 Catholicus,
2503 1008 2621 1063 sive
2672 1010 3049 1077 Montanista,
3084 1029 3316 1084 semper
3372 1019 3570 1075 docuit
3622 1025 3769 1079 Scri-

2110 1102 2341 1169 pturam
2410 1098 2621 1152 veteris
2680 1099 2929 1170 novique
2996 1102 3358 1160 Testamenti
3404 1090 3767 1181 inspiratam

2112 1188 2292 1241 fuisse
2325 1188 2417 1258 (9).
2446 1187 2557 1242 Nec
2594 1187 2789 1243 minus
2812 1188 3121 1261 Scriptum?
3148 1194 3564 1263 plenitudinem
3588 1217 3768 1271 quam

2109 1276 2237 1345 ejus
2276 1275 2643 1331 divinitatem
2698 1277 2887 1333 adorat
2934 1280 3094 1351 (10):
3129 1299 3233 1339 nec
3283 1300 3413 1341 eam
3467 1289 3767 1349 adorando

2108 1365 2481 1420 traditionem
2516 1367 2721 1437 aufert,
2754 1368 2871 1421 imo
2914 1374 2971 1424 et
3000 1371 3068 1425 ad
3102 1388 3251 1441 eam,
3287 1390 3389 1429 seu
3422 1378 3493 1431 ad
3528 1385 3763 1448 aposto-

2109 1454 2196 1510 los
2227 1460 2283 1510 et
2322 1456 2641 1525 discipulos
2692 1458 2920 1513 Domini
2953 1461 3315 1518 referendam
3348 1481 3477 1521 esse
3505 1469 3764 1540 Scriptu-

2109 1562 2183 1599 rre
2237 1545 2776 1615 interpretationem
2829 1552 3027 1619 aperte
3078 1551 3333 1607 declarat
3362 1554 3496 1626 (11).
3548 1560 3765 1621 Quam-

2108 1634 2194 1688 vis
2240 1634 2447 1688 nullibi
2497 1653 2564 1690 ex
2595 1637 2857 1706 professo
2907 1638 2977 1693 de
3030 1656 3252 1697 canone
3304 1646 3403 1699 14
3450 1646 3762 1720 Scriptura;

2110 1741 2286 1779 sacrae
2336 1724 2699 1792 disseruerit,
2750 1743 2818 1781 ex
2870 1728 3047 1784 variis
3094 1734 3290 1788 tamen
3343 1735 3473 1803 ejus
3518 1754 3763 1809 operum

2028 1847 2076 1911 Β
2108 1813 2251 1869 locis
2299 1813 2491 1885 colligi
2540 1820 2751 1886 potest,
2784 1816 2964 1873 libros
3015 1836 3213 1877 sacres
3264 1826 3467 1881 nostra
3515 1832 3685 1883 aetate
3731 1847 3767 1886 a

2106 1904 2551 1975 pscudocriticis
2620 1922 2649 1960 e
2715 1922 2961 1963 numero
3031 1911 3449 1970 canonicorum
3520 1918 3761 1991 ejectos,

2104 1996 2258 2049 inter
2286 2010 2484 2048 sacros
2515 1994 2917 2068 divinitusque
2966 1998 3289 2071 inspirates
3339 2003 3409 2059 ab
3440 2021 3505 2060 eo
3537 2022 3759 2065 connu-

2106 2083 2320 2140 merari
2351 2083 2485 2156 (12).

2171 2263 2246 2313 At
2296 2261 2591 2332 susdeque
2637 2262 2881 2318 vertitur
2930 2264 3275 2323 Tertulliani
3325 2272 3603 2344 exegetici
3656 2290 3754 2330 au-

2100 2348 2361 2418 ctoritas,
2394 2350 2567 2405 modo
2608 2351 2751 2406 ﬁdes
2805 2352 2882 2407 sit
2915 2353 3042 2423 ejus
3070 2356 3279 2413 editori
3311 2361 3653 2429 novissimo,
3686 2381 3753 2419 ac

2099 2438 2515 2510 procacissime
2545 2440 2943 2509 obtrectatori,
2974 2443 3027 2499 J.
3062 2446 3279 2503 Salom.
3314 2449 3593 2521 Semlero,
3628 2454 3752 2525 qui,

2100 2530 2403 2600 praefracta
2450 2530 2661 2597 fronte,
2711 2532 2964 2587 asseruit
3013 2533 3158 2590 hunc
3202 2539 3525 2609 scriptorem
3584 2544 3758 2598 oculis

2093 2622 2209 2674 suis
2237 2619 2604 2691 manibusque
2636 2638 2916 2693 nunquam
2946 2640 3237 2696 usurpasse
3285 2627 3537 2685 Graecum
3567 2630 3759 2688 ullum

2095 2708 2332 2764 codicem
2379 2711 2799 2779 Evangeliorum
2850 2716 2945 2767 aut
2992 2715 3385 2787 Epistolarum,
3437 2719 3760 2779 aliorumve

2095 2815 2396 2853 sacrorum
2429 2798 2770 2869 Bibliorum,
2807 2818 2911 2856 nec
2947 2819 3211 2875 unquam
3247 2807 3475 2865 Graecos
3507 2811 3759 2878 codices,

2096 2892 2297 2958 utpote
2353 2886 2737 2954 adulteratos,
2799 2890 3077 2947 adhibere
3133 2894 3432 2966 voluisse;
3483 2931 3553 2941 ——-
3602 2900 3759 2958 hune

2096 2978 2734 3044 eumdem,Graecerum
2759 2980 3027 3036 codicum
3051 2982 3441 3043 libentissime
3465 2990 3751 3061 nescium,

2096 3065 2329 3121 Latinos
2359 3066 2539 3121 libros
2570 3068 2904 3139 corrupisse
2928 3074 2984 3124 et
3015 3072 3248 3128 auxisse
3280 3074 3490 3146 glessis
3525 3084 3755 3136 senten-

2096 3155 2310 3226 tiisque
2355 3156 2740 3227 interpelatis,
2774 3158 3111 3215 adhucdum
3141 3164 3577 3239 superstitibus,
3612 3185 3751 3239 qua-

1445 3216 1984 3287 Prtescriptionum,

2106 3262 2225 3300 rum
2253 3247 2463 3319 primus
2501 3254 2551 3300 et
2581 3247 2727 3300 solus
2772 3256 2962 3303 auctor
2989 3260 3175 3305 certus
3216 3216 3301 3308 est
3331 3254 3425 3309 ille
3460 3216 3753 3315 Teriullia-

2099 3352 2200 3389 nus
2231 3336 2365 3407 (13).
2420 3335 2531 3390 Sed
2584 3352 2875 3407 quaenam,
2925 3340 3158 3411 amabo,
3191 3342 3335 3399 tides
3394 3344 3532 3401 huic
3582 3348 3751 3405 inno-

2097 3425 2271 3480 vandi
2303 3425 2587 3496 prurigini
2613 3426 2755 3481 adeo
2782 3427 3089 3498 petulanti,
3114 3435 3177 3486 ut
3207 3432 3361 3487 idem
3386 3437 3599 3492 audeat
3620 3455 3753 3509 pro-

2100 3514 2253 3570 fiteri
2286 3515 2521 3569 Latinos
2552 3532 2756 3571 omnes
2807 3519 3124 3589 scriptores
3156 3538 3458 3594 nunquam
3489 3526 3548 3581 in
3594 3526 3757 3585 hisce

2100 3602 2307 3675 primis
2340 3603 2567 3659 saeculis
2612 3604 2795 3661 libros
2846 3605 3075 3664 Graecos
3126 3612 3517 3683 consuluisse,
3549 3633 3754 3675 omnes

2100 3709 2218 3748 una
2247 3693 2587 3763 conjurasse
2621 3699 2685 3749 ut
2715 3711 2893 3751 novas
2921 3698 3150 3769 glossas
3191 3700 3390 3758 invitis
3418 3704 3752 3762 Graecorum

2100 3780 2418 3849 codicibus,
2452 3782 2575 3837 suis
2618 3782 2785 3839 libris
2833 3801 2902 3840 ex
2932 3788 3199 3843 consulto
3231 3789 3589 3861 insererent;
3624 3796 3752 3867 ejus

2097 3887 2231 3926 vero
2284 3870 2502 3926 Latinae
2550 3872 2956 3930 translationis
2999 3877 3185 3947 prima
3216 3880 3382 3934 initia
3428 3892 3479 3937 et
3510 3885 3751 3941 recentia

2097 3961 2415 4016 rudimenta
2460 3962 2532 4017 ab
2578 3962 2766 4034 ipsius
2815 3965 3155 4022 Tertulliani
3204 3972 3488 4042 tempore,
3531 3973 3644 4029 nisi
3676 3976 3747 4031 ab

2098 4052 2347 4123 ipsemet
2377 4053 2562 4107 oriri?
2592 4055 2701 4109 Sed
2733 4055 2873 4126 quid
2906 4072 2973 4111 ea
3003 4073 3480 4132 commemorem,
3515 4064 3654 4120 dum
3685 4065 3745 4120 in

2097 4142 2206 4197 hac
2237 4142 2439 4197 eadem
2472 4142 2882 4200 dissertatione
2909 4145 3253 4202 Tertulliani
3296 4150 3653 4208 obtrectator
3678 4171 3744 4209 eo

2098 4230 2355 4286 audaciai
2388 4231 2701 4300 devenerit,
2732 4237 2817 4301 ut,
2848 4234 3115 4290 discussis
3146 4244 3265 4291 tam
3310 4238 3459 4309 longi
3487 4243 3746 4312 temporis

2097 4321 2350 4389 tenebris,
2384 4320 2466 4375 ita
2496 4322 2650 4376 enim
2698 4322 2895 4390 habet,
2927 4324 3053 4395 ipse
3098 4326 3240 4381 adeo
3268 4343 3450 4383 novus
3501 4345 3567 4383 ac
3599 4347 3744 4402 prai-

2096 4415 2367 4482 posterus
2398 4410 2593 4478 homo,
2642 4412 2966 4469 inauditam
3016 4414 3088 4469 ab
3121 4416 3280 4469 omni
3311 4421 3462 4472 retro
3494 4419 3750 4492 antiqui-

2094 4504 2213 4555 tate
2271 4500 2722 4570 deprehenderit
2766 4503 3083 4573 quamdam
3137 4505 3577 4575 conjuratorum
3627 4514 3749 4566 tam

321 4587 417 4640 sed
448 4585 739 4642 divinitus
768 4589 1098 4643 manifestis
1131 4606 1197 4644 ac
1230 4589 1602 4646 sanctissime
1635 4591 1832 4647 codice
1864 4592 1978 4663 (cui
2010 4604 2056 4667 D
2090 4590 2419 4645 Grecorum
2448 4607 2624 4662 quam
2660 4592 3025 4658 Latinorum,
3051 4594 3247 4649 Roma:
3274 4598 3637 4669 degentium,
3661 4617 3750 4657 so.

318 4680 371 4729 et
398 4676 739 4731 veneranda
769 4679 993 4733 accedit
1043 4679 1300 4735 Traditie
1346 4679 1676 4751 catholica),
1710 4698 1981 4753 compre-

321 4763 546 4820 hensis.
580 4765 801 4822 Notitia
832 4767 1042 4822 harum
1096 4785 1291 4823 rerum
1337 4768 1514 4823 variis
1548 4774 1778 4825 constat
1810 4771 1984 4825 disci-

320 4852 525 4924 plinis,
575 4871 789 4927 nempe
847 4856 1166 4929 Theologia
1240 4858 1563 4930 Exegetica,
1624 4858 1982 4932 Dogmatica,

325 4941 637 5009 Pelemica,
672 4943 902 5010 Morali,
954 4945 1300 5017 Symbolica,
1353 4947 1739 5015 Catechetica,
1784 4948 1985 5005 Homi-

322 5028 512 5104 letica,
550 5050 669 5089 una
697 5050 830 5089 cum
864 5034 1121 5091 Historia
1151 5034 1576 5093 Ecclesiastica.

328 5332 356 5404 ἒ
386 5263 473 5387 ἐξ)
524 5262 673 5319 Bibl.
726 5264 1018 5321 Patristic.
1072 5266 1211 5323 edit.
1266 5282 1395 5323 nov.
1450 5267 1566 5324 Ien.
1621 5269 1779 5337 1834,
1830 5286 1877 5327 ο.
1928 5271 1984 5338 7,

398 5405 600 5487 (9)(312
632 5422 650 5460 ι
678 5406 1169 5487 de_gultu_femin.
1197 5414 1407 5487 cap.__3.
1464 5418 1540 5469 De
1570 5415 1989 5487 Resurrectione

328 5481 538 5559 carnis,
572 5494 697 5559 cap.
743 5481 832 5559 22.
858 5481 1005 5559 ‘Lib.
1042 5500 1101 5537 In
1134 5481 1282 5538 Adtu'
1319 5484 1481 5541 Marc.
1535 5502 1661 5559 cap.
1693 5490 1764 5557 6;
1799 5486 1898 5543 lib.
1933 5504 1986 5556 ν,

330 5496 538 5545 carnis,
572 5496 697 5606 cap.
743 5496 832 5535 zz.
881 5496 1005 5536 ιλιι).
1042 5500 1101 5537 In
1134 5496 1265 5538 Λαιν.
1319 5496 1481 5541 Marc.
1535 5502 1619 5559 ca}

330 5551 517 5629 cap]
552 5550 638 5629 ili
689 5594 700 5607 .
738 5550 802 5606 de
831 5555 1047 5622 Anima,
1084 5572 1210 5629 cap.
1243 5560 1297 5611 2.
1328 5628 1331 5629 ν
1616 5574 1619 5579 ’

397 5622 515 5767 (10)
549 5621 667 5678 Lib.
703 5630 882 5681 contr.
919 5621 1172 5701 Herinog:
1194 5645 1246 5685 c.
1276 5628 1367 5683 22.

402 5695 482 5761 (ll
548 5695 821 5767 Scorpiac.
856 5714 985 5767 cap.
1024 5701 1106 5755 12.

402 5695 515 5767 (ll)
548 5695 821 5769 Scorpiac.
856 5714 985 5771 cap.
1024 5701 1106 5755 12.

2094 4682 2383 4747 cietatem,
2428 4696 2497 4735 ex
2549 4682 2719 4751 cujus
2769 4682 3000 4737 ofﬁcina
3051 4683 3201 4740 clam
3252 4687 3517 4757 prodiere
3566 4689 3751 4746 multa

2091 4768 2460 4835 Tertulliani,
2485 4769 2767 4825 nonnulla
2789 4770 3103 4829 Clementis
3127 4773 3523 4843 Alexandrini,
3550 4777 3750 4835 omnia

2096 4857 2293 4913 Irenaei
2344 4876 2536 4931 opera,
2588 4858 2759 4931 plane
2804 4863 3182 4933 supposititia
3226 4868 3282 4919 et
3331 4866 3578 4937 spuria?
3617 4869 3746 4924 Hac

2096 4963 2221 5018 qua:
2281 4964 2416 5003 cum
2475 4948 2731 5019 primum
2782 4949 3127 5021 prodierint,
3186 4955 3469 5025 portentis
3529 4956 3748 5014 similia

2096 5036 2303 5093 merito
2347 5036 2547 5093 habita
2595 5038 2756 5094 fuere
2804 5040 2874 5095 ab
2906 5040 3051 5111 ipsis
3106 5042 3425 5100 Germaniae
3477 5045 3616 5103 viris
3644 5047 3745 5104 de-

2168 5265 2280 5339 (12)
2314 5267 2394 5323 Cf.
2426 5268 2668 5323 Gottefr.
2723 5268 2990 5341 Lumper.
3036 5271 3171 5326 Hist.
3228 5272 3404 5330 Theol.
3458 5275 3641 5335 Critic.
3688 5278 3754 5336 de

2098 5341 2705 5423 vitahscriptisnatque
2752 5342 2929 5397 doctr.
2980 5341 3076 5398 SS.
3128 5348 3242 5399 PP.
3275 5350 3319 5401 t.
3363 5346 3484 5417 VII,
3539 5367 3664 5423 cap.
3696 5354 3750 5421 6,

2099 5417 2206 5468 art.
2242 5412 2292 5479 1,
2329 5430 2383 5481 p.
2418 5413 2523 5465 242
2555 5419 2603 5468 et
2628 5430 2743 5483 sqq.

2171 5485 2284 5555 (13)
2318 5486 2540 5538 Dissert.
2576 5486 2640 5539 de
2670 5485 2831 5539 varia
2872 5493 2926 5540 et
2958 5487 3147 5542 incert.
3200 5489 3381 5547 indole
3409 5493 3526 5548 hor.
3561 5494 3750 5549 libror.

2099 5558 2329 5635 adAopp.
2372 5556 2627 5635 _T_ertull._
2643 5558 2934 5635 34.119158
2982 5559 3325 5635 Magdeburg.
3380 5581 3529 5621 rurs.
3561 5582 3753 5622 recusa

2102 5629 2259 5700 1828,
2293 5634 2334 5685 t.
2372 5629 2441 5698 ν,
2474 5646 2571 5701 pp.
2610 5630 2869 5684 176-313.
