4148 6188
339 347 414 407 i5
1820 348 2264 413 PRAEFATIO.
3676 348 3751 407 16

334 477 614 533 ctissimis
644 476 911 549 impetita
963 495 1027 533 ac
1078 480 1381 550 proﬂigata
1419 480 1552 551 (14),
1603 480 1747 535 satis
1776 484 1886 549 est,
1920 484 1984 535 ut
2012 482 2067 550 Α
2097 478 2379 552 pugnavit
2405 478 2467 534 in
2498 479 2607 535 hoc
2655 477 2997 551 elegantiori
3031 494 3097 533 ac
3145 476 3435 550 pulchello
3467 479 3535 535 de
3564 480 3753 535 Paeni-

334 567 642 637 reprobata
666 566 1063 637 derideantur,
1097 569 1438 639 exposuisse
1472 570 1603 637 (15).

406 656 617 725 Magna
649 665 841 709 autem
876 658 1136 726 assurgit
1158 660 1491 728 dogmatica
1521 657 1859 712 Tertulliani
1883 658 1989 713 Ca-

331 744 531 798 tholici
556 745 875 799 auctoritas
902 770 915 811 ;
950 763 1054 799 nec
1080 747 1375 801 interdum
1400 748 1767 801 Montanistaa
1796 765 1990 818 asper-

334 833 543 887 nanda.
599 832 913 904 Triplicem
966 835 1123 889 enim
1177 852 1291 906 quo
1343 836 1433 890 usi
1479 837 1636 890 fuere
1687 836 1885 890 Patres
1928 836 1987 890 in

334 922 677 993 exponenda
709 922 821 975 ﬁde
872 924 1132 988 modum,
1166 941 1375 995 nempe
1415 929 1542 980 tum
1574 924 1986 996 symbolicum,

334 1025 449 1079 quo
508 1007 855 1079 gravissima
914 1010 1049 1066 ﬁdei
1108 1011 1402 1082 dogmata,
1455 1028 1716 1067 connexa
1762 1011 1984 1082 paucis,

334 1098 608 1153 continuo
641 1097 1003 1164 recitantur;
1035 1104 1162 1153 tum
1197 1099 1575 1170 polemicum,
1608 1101 1678 1155 ad
1714 1099 1988 1156 refellen-

332 1187 437 1241 dos
469 1184 746 1256 Gentiles,
790 1187 1045 1253 Judaeos,
1079 1195 1180 1243 aut
1233 1189 1533 1245 haereticos
1581 1190 1987 1245 accommoda-

326 1279 454 1329 tum
485 1293 498 1343 ;
527 1279 655 1330 tum
684 1275 1078 1332 discursivum
1112 1294 1213 1332 seu
1266 1278 1714 1345 cateeheticum,
1751 1278 1850 1349 qui
1882 1295 1984 1350 pro

327 1362 794 1418 Christianorum
843 1363 1106 1420 ﬁdelium
1158 1384 1292 1435 usu,
1343 1368 1514 1422 modo
1572 1384 1777 1432 unum,
1814 1368 1983 1422 modo

204 1454 219 1479 ’
324 1451 573 1507 alterum
627 1453 879 1523 explicat
937 1454 1216 1510 doctrina:
1275 1461 1587 1527 punctum,
1649 1456 1865 1511 mirum
1922 1457 1982 1511 in

328 1541 569 1596 modum
605 1542 744 1596 item
780 1542 987 1598 Noster
1018 1544 1481 1615 comprehendit.

398 1631 496 1686 15
531 1635 676 1685 Nam
722 1636 839 1685 tres
870 1632 1004 1686 ﬁdei
1054 1632 1338 1688 formulas
1390 1632 1584 1703 habet,
1618 1650 1795 1689 unam
1829 1651 1981 1689 eam-

328 1738 440 1793 que
472 1722 795 1777 breviorem
828 1723 884 1776 in
927 1722 1078 1778 libro
1111 1725 1183 1779 de
1218 1726 1541 1796 Virginibus
1570 1726 1815 1780 vetandis
1844 1726 1982 1797 (16),

329 1812 571 1867 alteram
620 1812 947 1885 longiorem
1004 1813 1063 1869 in
1125 1816 1647 1887 Praescrijlionibus
1695 1817 1983 1872 Haeretico-

326 1917 451 1955 rum
480 1904 616 1972 (17),
667 1903 900 1957 tertiam
952 1908 1007 1959 et
1060 1905 1441 1960 recentiorem
1493 1905 1553 1960 in
1586 1905 1680 1960 tib.
1728 1906 1983 1961 adversus

328 1995 614 2047 Praxeam
647 1992 778 2061 (18).

400 2081 628 2135 Primus
678 2080 829 2136 inter
877 2082 1137 2150 Latinos,
1190 2083 1482 2155 quoslibet
1538 2085 1836 2139 nascentis
1886 2089 1981 2138 Ec-

326 2169 517 2225 clesiae
575 2169 772 2225 hostes
828 2171 1130 2240 polemicis
1188 2177 1243 2227 et
1302 2172 1675 2244 apologaticis
1746 2174 1983 2245 scriptis

324 2274 641 2330 aggressus
670 2263 776 2313 est.
826 2260 1120 2315 Adversus
1163 2261 1320 2315 enim
1371 2267 1572 2332 gentes
1604 2262 1843 2333 scripsit
1886 2279 1978 2316 se-

324 2352 483 2417 ptem
516 2363 663 2416 quos
695 2347 1111 2419 inscripsimus
1142 2350 1524 2421 Apologeticos
1556 2350 1746 2419 libros,
1773 2366 1981 2421 nempe

324 2436 473 2490 duos
506 2435 685 2490 libros
714 2436 785 2490 ad
814 2438 1096 2501 Nationes,
1130 2442 1188 2493 et
1237 2440 1644 2509 Apologeticum
1675 2456 1979 2511 magnum,

324 2525 482 2580 hunc
513 2526 583 2579 ad
617 2526 915 2596 praesides,
946 2526 1079 2582 illos
1111 2528 1181 2582 ad
1230 2527 1457 2597 plebem
1492 2530 1781 2594 directos;
1814 2529 1978 2596 item,

324 2614 390 2667 de
449 2615 771 2669 Testimonio
829 2618 1057 2684 animae,
1117 2634 1217 2671 seu
1272 2617 1626 2688 Apologetici
1679 2622 1857 2687 caput
1916 2617 1980 2671 17

328 2702 566 2757 uberius
616 2706 972 2772 tractatum;
1024 2708 1081 2759 et
1116 2704 1322 2760 librum
1372 2706 1442 2760 ad
1489 2706 1809 2777 Scapulam,
1863 2722 1978 2777 quo

325 2791 397 2844 de
429 2790 651 2860 injuste
679 2806 746 2846 ac
794 2791 1017 2846 crudeli
1064 2795 1469 2862 persecutione
1518 2795 1895 2866 conqueritur
1923 2798 1980 2849 et

323 2876 793 2935 Christianorum
845 2879 1090 2934 virtutes
1137 2879 1412 2935 laudibus
1462 2882 1626 2936 effert
1684 2898 1696 2934 :
1761 2881 1978 2954 quibus

324 2966 629 3034 accedunt,
663 2967 733 3020 ad
766 2967 1043 3039 Martyres
1076 2968 1344 3040 apologia
1373 2970 1443 3024 de
1475 2969 1739 3041 martyrii
1770 2970 1976 3041 gloria,

323 3056 395 3110 ad
447 3053 810 3111 Christianos
854 3057 920 3111 de
969 3056 1302 3127 Spectaculis
1350 3057 1719 3113 ethnicorum
1752 3060 1976 3130 fugien-

322 3144 415 3199 dis
446 3143 799 3209 dehortatio,
834 3144 903 3198 ad
937 3162 1141 3201 omnes
1190 3144 1307 3201 sive
1338 3146 1551 3201 Christi
1584 3147 1703 3201 sive
1734 3147 1976 3201 deorum

2101 571 2269 625 tentia
2299 568 2494 624 libello
2523 587 2535 624 :
2572 569 2970 640 sophistarum
3019 568 3260 623 demum
3307 567 3533 624 insulsa
3564 568 3754 639 philo-

2098 660 2464 729 sopliumena
2501 658 2564 712 de
2594 658 2809 722 Anima,
2860 656 3137 727 explodit.
3168 657 3283 711 Hoc
3338 657 3639 713 indefesso
3673 658 3755 712 la-

2097 747 2235 801 bore
2268 753 2544 818 perpeluo
2590 746 2906 801 certamine
2957 746 3276 800 decertavit
3307 746 3709 802 Tertullianus
3744 765 3756 803 :

2098 852 2370 907 cumque,
2405 840 2570 890 aetate
2602 835 2924 907 provectior
2957 852 3022 889 ac
3051 834 3290 889 vulnere
3320 834 3637 891 insanabili
3669 836 3756 891 af-

2096 924 2309 992 ﬂictus,
2344 924 2400 978 in
2434 924 2695 978 Montani
2746 927 2940 995 partes
2972 923 3304 989 desciisset,
3352 925 3571 979 nedum
3612 925 3756 993 nihil

2097 1013 2167 1068 ab
2196 1014 2415 1084 impetu
2449 1013 2792 1081 remitteret,
2828 1013 3021 1068 aerius
3054 1028 3183 1068 sese
3215 1014 3285 1068 ad
3318 1011 3524 1085 praelia
3554 1013 3749 1069 accin-

2094 1104 2178 1157 xit
2222 1119 2288 1157 ac
2317 1102 2428 1157 sibi
2476 1102 2693 1158 dixisse
2726 1102 2885 1158 visus
2934 1108 3023 1158 est
3057 1120 3069 1157 :
3102 1102 3199 1157 Vae
3236 1102 3379 1157 mihi
3434 1102 3485 1157 si
3517 1119 3630 1157 non
3662 1102 3747 1157 di-

2096 1192 2383 1246 micavero
2413 1190 2425 1245 ι

2165 1280 2399 1335 Primus
2426 1280 2636 1335 iterum
2669 1279 2763 1334 hic
2796 1278 3020 1334 Latinis
3050 1277 3295 1334 auribus
3327 1279 3487 1335 dedit
3514 1277 3749 1335 auscul-

2092 1370 2339 1424 tandum
2372 1385 2437 1424 ac
2482 1368 2778 1424 luculento
2826 1384 3093 1423 sermone
3125 1368 3541 1423 concinnatum
3592 1368 3663 1422 de
3690 1382 3749 1421 re

2093 1458 2424 1530 dogmatica
2450 1458 2506 1511 in
2542 1458 2733 1529 specie
2761 1456 3037 1512 distincta
3066 1460 3405 1511 tractatum.
3426 1457 3581 1511 Adeo
3613 1472 3746 1511 vero

2092 1546 2153 1601 in
2185 1547 2345 1602 hisce
2376 1547 2751 1619 dogmatibus
2783 1546 3028 1601 seorsim
3060 1546 3340 1617 sumptis,
3363 1544 3659 1609 excelluit,
3687 1547 3749 1597 ut

2093 1635 2283 1690 ausim
2317 1636 2527 1705 dicere,
2565 1635 3011 1691 decurrentibus
3057 1634 3118 1688 in
3163 1635 3519 1689 immensum
3554 1633 3746 1699 annis,

2091 1723 2237 1778 nihil
2296 1724 2630 1780 adhucdum
2685 1724 2972 1795 prodiisse
3023 1724 3121 1795 qui
3174 1721 3520 1778 Tertulliani
3566 1720 3748 1777 libros

2091 1813 2156 1868 de
2188 1813 2457 1882 Oratione,
2491 1813 2554 1869 de
2582 1816 2880 1885 Baptismo,
2912 1815 2979 1869 de
3027 1814 3381 1879 Paznitentia,
3416 1811 3480 1865 de
3511 1811 3747 1865 Patien-

2088 1903 2191 1969 tia,
2218 1906 2575 1973 caeterosque
2600 1919 2748 1973 quos
2784 1902 3145 1971 dogmaticos
3178 1900 3590 1955 inscribendos
3615 1914 3750 1953 cen-

2090 1992 2337 2060 suimus,
2372 2009 2682 2064 superasse
2714 1992 2920 2047 merito
2951 1991 3340 2047 existimetur.

2160 2070 2390 2136 Interea
2420 2081 2574 2136 haud
2608 2082 2835 2136 inﬁcias
2867 2081 2959 2136 ibo
3008 2080 3094 2136 vel
3147 2080 3369 2151 optima
3399 2077 3748 2133 Tertulliani

2090 2170 2309 2241 scripta
2340 2170 2473 2225 hinc
2519 2178 2574 2225 et
2600 2170 2737 2225 inde
2784 2170 3034 2242 plurimo
3089 2167 3420 2240 sphalmate
3452 2167 3745 2232 laborare,

2092 2259 2276 2313 multa
2306 2258 2432 2313 labe
2477 2276 2767 2314 venenosa
2815 2258 3041 2313 foedari.
3086 2259 3221 2321 Qua)
3273 2273 3406 2311 cum
3439 2254 3658 2327 optimo
3689 2258 3747 2310 et

2089 2347 2329 2402 salutari
2364 2347 2623 2402 antidoto
2655 2348 3028 2419 aliquatenus
3060 2350 3285 2411 sanata,
3317 2344 3515 2400 videas
3544 2342 3741 2413 velim,

2090 2453 2157 2491 ex
2190 2438 2289 2490 16
2323 2453 2496 2508 opera
2543 2442 2799 2491 veterum
2830 2437 3124 2491 editorum
3174 2434 3389 2489 iterum
3434 2432 3741 2503 recensita,

2090 2526 2162 2581 ad
2194 2526 2441 2580 frontem
2474 2526 2716 2595 hujusce
2749 2525 2889 2580 torni
2924 2525 3116 2580 afﬁxa.

2160 2614 2352 2668 Altera
2409 2620 2604 2668 manet
2660 2614 2961 2685 integrior,
3025 2629 3129 2669 nec
3187 2612 3335 2668 satis
3393 2610 3743 2667 celebranda

2089 2702 2433 2759 Tertulliani
2468 2703 2614 2773 laus,
2649 2704 2889 2758 moralis
2924 2719 3133 2775 nempe
3178 2719 3245 2757 ac
3277 2700 3645 2773 paraenetica,
3675 2714 3745 2754 ex

2090 2792 2294 2847 multia
2323 2793 2451 2864 ejus
2482 2794 2846 2848 desumenda
2892 2792 3085 2858 libris,
3121 2792 3193 2846 ad
3245 2806 3439 2846 mores
3466 2788 3743 2844 Cbristia-
3796 2819 3803 2831 -

2087 2898 2194 2935 nos
2227 2881 2674 2952 pertinentibus.
2708 2883 2967 2946 Quorum
2990 2881 3205 2953 duplex
3225 2884 3314 2935 est
3339 2878 3519 2935 series
3545 2894 3557 2931 :
3585 2876 3743 2947 prior

2086 2974 2218 3025 ante
2241 2976 2583 3043 susceptum
2603 2973 2675 3027 ab
2697 2977 2930 3027 auctore
2949 2968 3424 3031 Montanismum,
3453 2964 3738 3036 posterior

2085 3060 2158 3115 ab
2190 3076 2256 3115 eo
2279 3061 2404 3131 jam
2436 3060 2793 3114 Montanista
2840 3059 3152 3129 descripta.
3189 3056 3363 3110 Porro
3395 3055 3454 3107 in
3487 3056 3736 3123 utraque

2085 3150 2155 3203 ad
2189 3150 2386 3204 vivum
2408 3148 2754 3219 exprimitur
2773 3147 2902 3201 vitae
2925 3146 3262 3200 Christianae
3286 3140 3590 3212 speculum
3616 3140 3737 3195 sive

323 3231 577 3287 cultores
608 3231 674 3286 de
704 3233 1029 3289 Idololatria
1051 3239 1107 3289 et
1126 3234 1332 3312 grandi
1360 3234 1538 3305 hujus
1564 3233 1827 3290 criminis
1850 3251 1981 3306 gra-
2012 3221 2055 3286 C
2094 3237 2153 3291 in
2209 3237 2337 3306 ejus
2394 3238 2551 3290 fonte
2609 3235 2869 3306 perenni,
2928 3234 3190 3287 oratione
3240 3230 3466 3301 privata
3521 3233 3578 3284 et
3628 3246 3736 3301 pu-

326 3321 526 3375 vitate.

395 3409 615 3464 Justini
668 3410 1023 3482 philosophi,
1052 3412 1251 3468 Irenaai
1296 3413 1569 3481 martyris
1618 3416 1675 3468 et
1723 3411 1974 3468 aliorum

327 3514 580 3571 quorum
627 3499 868 3555 nomina
910 3501 1037 3571 ipse
1066 3519 1183 3573 prae
1214 3518 1276 3557 se
1308 3502 1440 3570 fert,
1474 3502 1715 3573 vestigia
1746 3502 1974 3558 insecu-

326 3594 445 3657 tus,
479 3587 699 3643 Judaeis
750 3589 1025 3645 Messiam
1056 3607 1089 3645 a
1139 3591 1439 3662 prophetis
1488 3592 1829 3663 praedictum
1875 3592 1975 3647 ad-

324 3678 559 3733 venisse
590 3678 954 3734 demonstrat
980 3679 1088 3750 (19)
1116 3698 1128 3746 ;
1157 3695 1478 3752 omnesque
1508 3681 1828 3750 haereticos,
1854 3685 1977 3735 tum

331 3767 655 3838 generatim
709 3767 767 3821 in
829 3769 1370 3840 Prwscriptionibus,
1431 3787 1502 3825 ne
1554 3770 1682 3842 ipso
1739 3769 1975 3840 quidem

325 3855 603 3910 Montano
634 3861 891 3927 excepto,
909 3856 1168 3928 jugulat,
1188 3863 1311 3912 tum
1338 3859 1665 3930 speciatim,
1690 3858 1977 3929 singulari

323 3945 494 4014 quasi
523 3944 841 4001 certamine
894 3946 1170 4001 confodit.
1230 3947 1374 4002 Hinc
1409 3948 1565 4002 enim
1614 3946 1975 4002 inconditam

323 4031 734 4088 Gnosticorum
791 4038 1080 4089 catervam
1133 4036 1326 4091 decies
1374 4036 1645 4105 exagitat,
1694 4035 1872 4089 vincit
1923 4041 1977 4090 et

324 4121 636 4177 contundit
703 4123 837 4195 (20),
918 4142 1021 4179 nec
1088 4124 1239 4179 hanc
1312 4125 1519 4193 aciem,
1588 4129 1651 4180 ut
1723 4124 1970 4192 videtur,

323 4208 436 4266 nisi
502 4210 669 4266 hoste
739 4213 867 4267 fuso
926 4214 1265 4285 fugatoque,
1335 4213 1418 4269 vel
1490 4213 1768 4269 emeritus
1825 4218 1975 4268 vete-

321 4315 625 4369 ranusque
675 4299 865 4367 miles,
915 4301 1191 4356 deseruit.
1244 4302 1520 4357 Praxeam
1568 4301 1827 4373 insuper,
1870 4301 1971 4372 qui

316 4386 503 4442 Deum
538 4404 744 4459 unum,
779 4390 875 4444 sed
914 4406 1031 4445 non
1081 4390 1327 4458 trinum,
1360 4390 1681 4458 asserebat,
1716 4405 1820 4445 nec
1852 4407 1969 4447 non

315 4481 373 4532 et
403 4476 771 4547 Montanum,
804 4479 876 4533 ad
925 4494 1101 4550 quem
1147 4478 1557 4535 miserabiliter
1599 4479 1829 4549 defecit,
1861 4496 1968 4551 op-

382 4670 497 4740 (14)
527 4671 609 4726 Cf.
658 4672 791 4728 Joh.
838 4678 979 4728 Dan.
1035 4674 1372 4729 Schumann
1420 4674 1575 4731 Obss.
1628 4676 1688 4728 in
1736 4678 1960 4731 veterib.

310 4742 513 4817 Eccles.
560 4746 819 4817 scriptor.
870 4763 1012 4816 spec.
1061 4748 1131 4801 ΙΙΙ
1177 4754 1230 4801 et
1278 4746 1348 4800 IV
1392 4746 1582 4802 seecut.
1616 4747 1685 4801 de
1732 4755 1965 4817 mterpo-
1994 4740 2040 4805 D

311 4814 905 4891 latz'onLguibusdani
934 4818 1119 4891 Codici
1148 4819 1209 4871 N.
1247 4818 1297 4871 Τ.
1350 4818 1725 4891 Tertullianeo
1772 4814 1963 4891 perpe-

308 4902 433 4939 ram
463 4886 1042 4959 uf/ictishgonjectura.
1097 4890 1340 4942 Hannov.
1398 4890 1553 4959 1776,
1589 4890 1747 4954 1777,
1772 4886 1963 4945 ’4ο.’--

309 4960 366 5010 C.
405 4960 493 5010 W.
534 4957 622 5011 Fr.
658 4957 911 5013 Walchii
940 4962 1004 5014 de
1038 4960 1322 5014 authentia
1353 4957 1550 5015 libror.
1586 4961 1788 5017 Irena’i
1817 4979 1959 5017 con-

308 5034 401 5106 tra
428 5029 835 5106 J._Sat.78er_nt.
872 5031 931 5085 in
964 5048 1127 5086 novv.
1163 5038 1521 5106 _commentt.
1555 5033 1756 5088 societ.
1789 5036 1959 5106 regias

309 5099 677 5174 Goettingst.
715 5101 778 5168 V,
814 5120 937 5174 par.
973 5121 1033 5169 ιι,
1066 5121 1122 5173 ρ.
1154 5104 1208 5158 3.

378 5115 601 5226 )BLUUE.
635 5115 677 5155 t.
722 5115 778 5168 v,
814 5120 937 5174 par.
973 5121 1033 5169 ιι,
1066 5121 1122 5173 ρ.
1154 5115 1208 5158 ὅ.

378 5172 533 5245 (15),,
594 5172 628 5245 ξ.
684 5189 813 5244 qua)
856 5175 1005 5231 intra
1053 5174 1239 5229 obiter
1290 5173 1765 5244 perstringuntur
1810 5180 1851 5230 t.
1912 5178 1955 5245 Ι,

592 5244 751 5370 5ἓὸἑη
773 5251 909 5373 ἕὲἕ;
961 5252 1001 5301 t.
1040 5248 1106 5318 ΙΙ,
1137 5262 1265 5318 pag.
1313 5246 1440 5314 548,
1493 5246 1618 5312 549,
1669 5247 1795 5314 551,
1827 5243 1953 5320 552,

376 5386 492 5457 (16)
522 5390 657 5456 Cap.
694 5388 744 5442 ι.

375 5458 493 5526 (17)
523 5458 658 5528 Cap.
692 5459 777 5515 13.

380 5529 489 5597 (18)
518 5528 656 5601 Cap.
688 5532 742 5585 2.

374 5601 616 5676 (19)_Cf._
658 5602 723 5656 G.
794 5604 859 5658 Η.
928 5603 1342 5676 Sehaﬁ‘enberg
1404 5608 1692 5659 comment.
1750 5604 1950 5661 Acade-

301 5676 429 5728 mic.
475 5671 541 5728 de
584 5674 817 5743 Iustino,
869 5677 1203 5733 Tertulliano
1260 5671 1335 5733 et"
1354 5676 1631 5747 Cypriane
1677 5675 1805 5733 adv.
1847 5680 1949 5734 Ju-

2085 3324 2237 3379 blica
2267 3326 2399 3396 (21),
2445 3325 2566 3380 sive
2614 3323 2672 3376 in
2704 3323 2831 3392 ejus
2880 3321 3117 3375 ﬂuentis
3152 3318 3486 3385 uberrimis,
3538 3334 3737 3373 sacra-

2086 3414 2303 3468 mentis
2334 3429 2542 3483 nempe
2585 3412 2716 3482 (22),
2749 3411 2871 3465 sive
2900 3410 2960 3463 in
2994 3409 3180 3479 ipsius
3212 3407 3441 3463 actibus
3473 3424 3735 3463 commu-

2082 3504 2257 3558 nibus
2288 3503 2400 3574 (23)
2432 3506 2533 3556 aut
2567 3497 3071 3571 praestantissimis
3102 3499 3236 3569 (24),
3271 3499 3391 3553 sive
3436 3496 3495 3551 in
3528 3496 3740 3551 ritibus

2086 3591 2373 3663 liturgicis
2404 3590 2504 3661 qui
2536 3592 2587 3645 ei
2634 3594 2934 3644 externam
2993 3588 3242 3642 formam
3293 3584 3555 3640 efﬁciunt
3584 3585 3736 3655 (25);

2085 3682 2203 3736 sive
2232 3682 2292 3734 in
2322 3678 2575 3734 vitandis
2612 3677 2711 3732 ubi
2764 3676 3126 3748 periclitatur
3174 3675 3372 3731 anima
3401 3674 3742 3729 Christiana

2085 3770 2313 3836 mundi,
2366 3768 2629 3824 carnisve
2676 3765 2967 3822 illecebris
3007 3766 3141 3837 (26),
3194 3772 3295 3819 aut
3338 3762 3734 3834 suscipiendis

2087 3860 2242 3914 unde
2304 3874 2372 3914 ea
2424 3856 2710 3913 reviviscit
2776 3855 3052 3926 operibus
3111 3855 3242 3925 (27),
3303 3859 3403 3908 aut
3460 3852 3731 3907 obeunda

2085 3964 2201 4018 qua
2246 3946 2601 4015 gloriﬁcatur
2660 3944 2919 4016 martyrii
2978 3946 3218 3997 cruenta
3268 3941 3533 4011 palaestra
3594 3939 3725 4009 (28).

2084 4035 2365 4105 Equidem
2397 4034 2455 4087 in
2480 4033 2572 4088 his
2599 4031 2923 4087 tractandis
2941 4029 3305 4100 frequentius
3334 4026 3483 4081 ultra
3503 4026 3721 4080 limites

2084 4125 2368 4195 legitimos
2400 4121 2687 4192 abripitur
2717 4120 2958 4191 rigidior
2996 4118 3362 4174 Montanistae
3395 4116 3686 4187 asperitas
3713 4132 3726 4183 ;

2082 4220 2141 4269 at
2171 4218 2339 4267 caute
2381 4211 2563 4266 errori
2616 4209 2819 4265 latenti
2870 4210 2928 4263 in
2961 4208 3176 4264 nostris
3226 4205 3394 4261 libris
3428 4204 3725 4277 provisum

2080 4308 2189 4357 est.
2252 4302 2526 4356 Praeterea
2578 4297 2813 4354 nonnisi
2870 4294 3298 4352 effervescentis
3357 4291 3597 4365 ingenii,
3654 4293 3727 4347 ad

2080 4406 2295 4462 magna
2313 4389 2621 4445 excitantis
2642 4404 2708 4443 ac
2738 4401 3111 4443 communem
3139 4384 3448 4439 hominum
3485 4382 3724 4437 modum

2079 4479 2429 4549 excedentis,
2460 4477 2718 4550 impetus
2749 4476 3093 4548 plerumque
3121 4473 3420 4529 notandus
3449 4475 3558 4527 est.

2076 4679 2222 4732 daeos
2251 4675 2452 4745 disput.
2493 4673 2673 4728 Lund.
2708 4671 2876 4727 Gotb.
2907 4670 3066 4734 1820,
3098 4668 3271 4745 ιιι-4ο,

2145 4748 2259 4819 (20)
2291 4737 2353 4801 In
2386 4746 2519 4819 libr.
2564 4745 2864 4819 Scorpion,
2887 4745 3036 4819 _adv.
3085 4740 3379 4819 Gnosticos,
3435 4737 3725 4819 adp._llc_r-

2075 4809 2310 4888 mogen.,
2374 4818 2498 4873 adv.
2537 4809 2968 4888 ,Marcioan;
3026 4846 3094 4853 —
3149 4813 3411 4888 adversus
3482 4809 3724 4888 Valenti-

2072 4882 2331 4959 nia'nos';
2390 4921 2456 4929 —
2513 4887 2577 4944 de
2636 4888 2812 4943 Carne
2864 4888 3067 4943 Christi
3121 4906 3139 4953 ;
3194 4886 3258 4940 de
3313 4882 3725 4939 Rcsurrectz‘one

2069 4980 2273 5019 carnis.

2161 5035 2253 5101 21)
2285 5034 2405 5087 Lib.
2439 5031 2502 5085 de
2533 5030 2804 5087 Oratione.

2161 5037 2253 5101 21)
2285 5037 2405 5087 Lib.
2439 5037 2502 5085 de
2533 5037 2804 5087 Oratione.

2138 5037 2251 5178 (22)
2286 5106 2405 5178 Lib.
2451 5102 2516 5178 de
2556 5102 2954 5178 paptisnio__de
2999 5099 3359 5178 Paenitentia,
3406 5096 3475 5178 .de
3506 5094 3719 5178 [iu-cha-l

2067 5165 2268 5244 ristia';
2304 5176 2403 5231 tib.
2437 5175 2502 5229 de
2542 5165 2736 5230 Coron.
2768 5174 2952 5240 Mitit.,
2999 5174 3069 5228 de
3098 5170 3489 5230 Matrimonia;
3521 5167 3628 5222 lib.
3651 5165 3723 5220 ad

2284 5320 2356 5372 De
2390 5317 2686 5385 Patientia,
2719 5315 2785 5370 de
2812 5316 2977 5371 Cultu
3004 5314 3272 5386 feminar.

2135 5321 2248 5391 (23)
2284 5321 2356 5372 De
2390 5321 2684 5385 Patientia,

2134 5394 2247 5462 (24)
2279 5392 2354 5445 De
2388 5392 2547 5462 Virg.
2580 5388 2684 5442 vel.

2158 5460 2248 5518 25)
2280 5468 2358 5517 De
2388 5460 2542 5516 Orat.

2158 5465 2228 5518 25
2280 5468 2358 5517 De
2388 5465 2542 5516 Orat.

2156 5465 2248 5605 sel
2278 5538 2357 5588 De
2386 5532 2625 5605 Spectac.

2153 5600 2244 5671 27)
2278 5611 2353 5660 De
2382 5602 2694 5665 Paenitent,
2727 5600 2798 5655 de
2824 5600 3004 5671 Jejun.

2153 5609 2221 5662 27
2278 5611 2353 5660 De
2382 5609 2694 5665 Paenitent.,
2727 5609 2798 5655 de
2824 5609 2863 5655 Jt

2131 5609 2244 5749 (28;
2273 5676 2352 5733 Ad
2381 5675 2642 5743 Martyr.,
2678 5672 2863 5743 Scorp.

2136 5467 2151 5607 ἓ
