4148 6188
408 262 473 318 ιτ
1873 249 2312 310 PR/EFA'I‘IO.
3730 257 3804 313 is

469 390 690 442 Habeas
718 385 901 458 igitur
948 385 1123 441 velim
1156 385 1615 440 TERTULLIANUM
1647 399 1712 437 ex
1746 382 1872 437 suis
1911 385 2039 437 tan-
2073 382 2127 448 Α
2156 381 2284 435 dam
2304 398 2470 453 super
2494 382 2852 439 altitudinem
2890 382 3119 437 nubium
3141 382 3251 455 (33)
3280 384 3292 439 l
3317 387 3390 438 Ut
3410 385 3566 439 enim
3598 387 3801 457 Satan,

400 478 692 535 tummodo
725 476 961 548 scriptis
994 492 1059 531 ac
1091 474 1211 530 solo
1246 474 1525 546 peculiari
1561 490 1712 545 penu
1746 488 2039 527 commcn-

394 569 607 624 datum.
642 567 1091 635 ,Commendant
1146 580 1279 619 eum
1339 567 1614 635 praeterea
1671 561 1792 616 haec
1850 562 2042 632 prisca

393 658 603 729 quibus
635 655 925 711 scribebat
970 658 1251 725 tempora,
1288 652 1514 724 primus
1546 651 1697 705 inter
1727 650 1915 716 Afros,
1949 649 2038 703 in-

389 752 475 803 ter
517 746 754 801 Latinos
786 745 1013 816 primus
1065 748 1197 815 post
1236 741 1542 813 pontiﬁces
1592 740 1902 803 Romanos,
1938 738 2037 809 qui

388 836 623 908 agnitus
673 834 881 889 saltem
918 834 994 889 sit
1023 838 1081 888 et
1114 835 1379 888 servatus
1414 848 1427 885 :
1462 830 1656 885 fausta
1702 827 2037 883 docentium

386 934 439 982 et
469 923 897 997 discipulorum
948 926 1235 993 tempora,
1283 936 1416 975 cum
1448 920 1507 973 in
1561 935 1707 973 novo
1757 917 2039 972 Christia-

387 1031 595 1070 norum
651 1012 876 1069 semine
911 1012 1154 1068 ferveret
1202 1009 1446 1065 calidior
1472 1007 1682 1062 Christi
1715 1011 1772 1062 et
1819 1010 2036 1077 marty-

387 1120 515 1158 rum
548 1101 816 1175 sanguis,
852 1117 985 1156 cum
1027 1099 1341 1155 adhucdum
1390 1098 1768 1169 Apostolorum
1809 1111 1915 1151 vox
1960 1109 2039 1149 so~

381 1195 534 1248 itaret
591 1208 655 1246 ac
705 1193 1203 1262 repraesentaretur
1260 1189 1460 1258 facies,
1518 1202 1650 1241 cum
1710 1184 2038 1240 authenticw

380 1298 570 1337 eorum
630 1282 837 1337 litterae
889 1280 1080 1351 palam
1138 1279 1508 1333 recitarentur
1554 1277 1689 1347 (29).
1723 1278 2035 1328 Commen-

379 1372 520 1426 dant
553 1386 687 1425 eum
719 1374 777 1425 et
807 1370 948 1424 urbs
979 1368 1166 1440 patria
1200 1383 1264 1422 ac
1316 1364 1571 1422 Ecclesia
1607 1365 1778 1435 cujus
1809 1363 2036 1434 primus

381 1459 510 1525 fuit,
576 1474 752 1530 quem
809 1457 1168 1523 noverimus,
1232 1456 1541 1522 sacerdos;
1604 1453 1914 1524 Carthago,
1972 1454 2039 1507 ut

378 1548 589 1604 amula
620 1552 804 1603 Roma
837 1547 1062 1613 victrix,
1097 1547 1179 1602 sic
1211 1564 1244 1601 a
1275 1545 1387 1600 ﬁde
1433 1544 1676 1613 devicta,
1713 1547 1775 1597 ut
1806 1560 1838 1597 a
1868 1544 2034 1597 Petro

377 1637 676 1706 Roma,sic
706 1655 741 1692 a
773 1635 919 1691 Petri
952 1634 1260 1707 discipulis
1291 1633 1577 1705 acquisita
1603 1650 1616 1699 ;
1653 1649 1819 1700 nova,
1844 1632 1892 1687 si
1922 1632 2032 1708 vis,

2150 471 2234 525 ita
2264 472 2357 525 hic
2384 470 2610 543 fulgure
2643 471 2929 542 superbiae
2961 472 3244 543 dejectus,
3277 472 3485 527 cecidit
3507 474 3799 545 semelque

2151 560 2371 630 lapsus,
2408 578 2479 616 an
2513 561 2846 626 surrexerit,
2884 578 3053 616 nemo
3081 561 3168 617 vel
3203 564 3380 618 audet
3411 565 3796 633 percunctari-

2152 651 2226 705 De
2277 650 2587 706 Salomone
2638 650 2953 721 quaeritur;
3005 651 3075 705 de
3121 652 3369 724 Origene
3420 652 3797 724 disputatur;

2150 739 2218 794 de
2247 739 2607 794 Tertulliano
2648 740 2871 794 siletur.
2908 740 3193 795 Diuturno
3228 746 3423 796 tamen
3475 741 3638 797 senio
3670 758 3803 797 con-

2146 828 2357 896 tabuit,
2390 846 2494 884 nec
2541 829 2593 884 ei
2634 828 2818 883 defuit
2862 828 3102 900 longum
3154 830 3467 900 paenitendi
3516 830 3796 900 spatium.

2144 918 2429 973 Mansisse
2488 934 2620 973 vero
2682 917 2888 973 misere
2935 918 3319 989 pervicacem,
3352 936 3417 974 ac
3475 919 3632 975 velut
3680 936 3796 975 uno

2147 1006 2262 1061 ictu
2298 1022 2412 1075 quo
2462 1008 2579 1061 ruit
2626 1006 2970 1062 delirantem
3018 1008 3090 1063 ad
3142 1024 3328 1077 usque
3374 1008 3794 1080 octogesimum

2146 1095 2327 1150 ferme
2359 1095 2543 1151 aetatis
2574 1112 2691 1151 suae
2723 1113 2966 1164 annum,
3000 1096 3117 1151 imo
3167 1112 3269 1167 per
3318 1098 3711 1168 quadraginta
3740 1101 3797 1152 et

2148 1184 2403 1256 amplius
2450 1202 2656 1250 annos,
2691 1185 2923 1240 stetisse
2971 1186 3201 1240 infensa
3248 1185 3307 1239 in
3358 1185 3673 1241 Ecclesiam
3710 1186 3796 1241 ira

2148 1274 2417 1343 ferocem,
2453 1291 2518 1329 ac
2566 1273 2681 1329 tela
2711 1273 2798 1329 vel
2831 1274 3135 1329 deﬁciente
3187 1290 3364 1328 manu
3396 1274 3791 1341 minitantem,

2147 1361 2352 1418 ultima
2381 1363 2509 1434 ejus
2559 1362 2778 1435 scripta
2806 1362 3057 1417 nimium
3090 1363 3343 1418 suadent
3374 1366 3431 1417 et
3461 1363 3793 1418 revincunt.

2217 1540 2427 1611 Ecquis
2461 1557 2595 1613 ergo
2625 1540 3033 1596 inscrutabilia
3062 1540 3163 1596 Dei
3202 1540 3429 1611 judicia
3456 1558 3569 1598 non
3604 1542 3792 1598 refor-

2146 1630 2471 1695 midet,non
2503 1630 2788 1685 horreat?
2818 1630 2958 1695 Quis
2991 1631 3061 1684 ad
3094 1630 3250 1684 hunc
3280 1631 3457 1686 ﬁnem
3481 1647 3786 1687 cessurum

379 1731 433 1781 at
464 1742 715 1782 suorum
751 1726 1067 1780 infantium
1092 1725 1215 1795 jam
1253 1723 1386 1779 felix
1422 1726 1605 1777 mater
1622 1726 1678 1777 et
1694 1720 2030 1788 exsultans;
2067 1756 2111 1818 Β
2148 1719 2265 1773 fore
2285 1723 2406 1774 tam
2432 1719 3086 1774 faustumTEn'rULuANI
3109 1719 3339 1774 initium
3368 1719 3788 1775 existimasset?

372 1831 553 1887 quam
588 1816 764 1870 modo
793 1814 1019 1869 nobiles
1050 1818 1251 1886 partus
1283 1812 1409 1867 orbi
1443 1811 1874 1878 renuntiarunt,
1902 1814 2024 1865 tum

372 1909 663 1976 martyres
710 1902 1033 1975 Scyllitani,
1086 1908 1209 1956 tum
1258 1901 1574 1972 Perpetuae,
1615 1898 1927 1954 Felicitatis
1969 1904 2027 1955 et

372 1994 671 2049 sociorum
723 2004 958 2065 agmen,
994 2007 1242 2063 quorum
1290 1989 1611 2060 Septimius
1664 1992 1862 2043 noster
1915 1989 2026 2043 fuit

372 2099 626 2148 coaevus,
658 2083 800 2148 imo,
832 2086 899 2135 ut
946 2080 1297 2151 quibusdam
1351 2078 1561 2150 placet,
1608 2078 1776 2132 testis
1824 2082 1882 2132 et
1930 2094 2026 2133 en-

373 2171 691 2226 comiastes
724 2170 856 2239 (30).
890 2168 1148 2224 Ecclesia
1178 2168 1297 2223 haec
1329 2167 1429 2222 diu
1473 2166 1781 2222 sanctitate
1812 2166 2025 2221 ﬂorens

371 2265 426 2316 et
476 2260 745 2316 doctrina
788 2259 1043 2313 virorum
1096 2257 1207 2312 sibi
1266 2274 1300 2311 a
1346 2255 1700 2311 Tertulliano
1748 2256 2024 2311 continuo

368 2349 840 2413 succedentium,
874 2348 1032 2403 haud
1065 2363 1234 2402 secus
1266 2363 1332 2401 ac
1364 2345 1413 2401 si
1444 2344 1536 2400 hic
1584 2344 1791 2400 Noster
1820 2361 2023 2399 eorum

368 2438 613 2510 ingenia
659 2437 1016 2506 excitaverit,
1049 2453 1262 2491 manus
1310 2436 1380 2491 ad
1435 2434 1693 2506 praelium
1741 2435 2023 2501 docuerit,

371 2528 615 2583 ordines
664 2528 737 2583 ad
788 2527 969 2582 aciem
1021 2524 1353 2593 intruxerit,
1387 2524 1588 2595 eisque
1635 2540 1877 2589 novum,
1930 2538 2025 2577 ve-

367 2617 477 2672 luti
543 2617 677 2673 belli
735 2621 1041 2685 tesseram,
1093 2614 1392 2681 indiderit,
1444 2613 1849 2685 efﬁnxeritque
1905 2612 2025 2668 elo-

364 2705 665 2775 quium,in
698 2708 821 2759 toto
852 2702 1125 2775 deinceps
1156 2701 1503 2756 occidentali
1533 2703 1669 2757 orbe
1691 2701 2023 2757 Christiano

367 2793 793 2866 evulgandum.
826 2790 1251 2848 Commendant
1280 2807 1413 2846 eum
1437 2795 1494 2846 et
1524 2791 1627 2845 viri
1662 2789 2020 2846 sanctissimi

361 2880 725 2952 quibuscum
758 2878 938 2935 simul
970 2879 1188 2950 deguit,
1223 2882 1326 2933 aut
1372 2883 1749 2935 conversatus
1782 2884 1888 2948 est,
1923 2883 2023 2935 aut

358 2971 736 3036 necessitate,
772 2971 868 3024 17
906 2968 1307 3025 studiorumve
1336 2967 1621 3023 similium
1671 2968 2021 3024 commercio

351 3060 630 3129 junctus,
689 3059 940 3114 Irenmus
992 3074 1167 3129 quem
1219 3058 1668 3114 venerabundus
1730 3058 2019 3128 meminit,

356 3112 659 3219 'Cai‘usqu'e
688 3112 1455 3219 liippolytusque,ejusdem
1486 3112 1688 3203 irenasi
1722 3112 2019 3219 discipuli;
2052 3112 2095 3179 C

356 3236 636 3292 Clemens
684 3236 1117 3293 Alexandrinus
1148 3254 1395 3304 coaevus,
1426 3236 1816 3307 Origenesque
1848 3253 2023 3308 quem

360 3326 566 3381 Romze
629 3326 875 3381 fortasse
934 3327 1172 3382 obvium
1230 3325 1458 3389 habuit,
1506 3326 1726 3381 summi
1784 3326 2023 3381 demum

358 3416 781 3486 episcoporum
832 3415 1126 3487 Episcopi,
1160 3416 1260 3488 qui
1309 3415 1748 3485 integerrimam
1792 3415 1903 3485 ipsi
1935 3416 2023 3469 in-

358 3500 663 3557 stillavere
694 3503 1046 3570 doctrinam,
1079 3519 1252 3573 quam
1287 3507 1469 3558 totam
1503 3504 1695 3557 Romae
1727 3519 1859 3557 cum
1893 3520 2025 3557 san-

353 3591 540 3663 guine
569 3607 679 3645 suo
712 3591 961 3661 apostoli
1013 3593 1403 3664 profuderunt
1434 3593 1568 3662 (31).
1600 3593 2024 3647 Commendant

355 3695 495 3734 eum
527 3684 583 3733 et
634 3679 889 3735 sexcenti
927 3697 1075 3752 quos
1126 3699 1241 3753 prae
1285 3680 1471 3735 oculis
1506 3680 1709 3735 habuit
1755 3686 2021 3736 auctores

356 3768 688 3839 cujuslibet
718 3769 971 3841 generis,
1006 3769 1156 3826 sacri
1188 3774 1245 3825 et
1294 3769 1541 3841 profani,
1580 3770 1862 3836 historici,
1898 3769 2021 3840 phi-

356 3856 622 3928 losophi,
667 3864 873 3929 poetas,
916 3858 1074 3928 juris
1132 3859 1514 3929 omniumque
1572 3857 2020 3930 disciplinarum

354 3947 558 4017 periti,
594 3963 847 4017 quorum
896 3946 1197 4003 volumina
1228 3952 1513 4003 nocturna
1561 3964 1739 4003 manu
1771 3948 2023 4004 versavit

350 4040 412 4091 et
438 4036 679 4105 diurna,
715 4053 780 4091 ac
803 4036 863 4090 in
887 4036 1163 4091 omnibus
1185 4037 1308 4093 suis
1330 4037 1564 4093 tabellis
1588 4038 1833 4109 praeﬁxit
1868 4038 2023 4093 testi-

357 4125 589 4180 monia.
622 4125 1051 4180 Commendant
1079 4141 1214 4180 eum
1248 4129 1305 4180 et
1353 4128 1594 4198 posteri,
1629 4126 1751 4181 sive
1786 4127 1857 4181 ab
1890 4128 2019 4198 ipso

354 4213 640 4285 proximi,
674 4214 795 4269 sive
825 4214 1289 4284 novissimi,tum
1321 4230 1677 4287 congeneres
1707 4217 1836 4286 ejus
1867 4216 2019 4270 Afri-

353 4303 519 4367 cani,
566 4319 818 4374 quorum
868 4304 985 4358 dux
1032 4303 1099 4359 D.
1134 4303 1478 4375 Cyprianus,
1527 4304 1792 4375 Septimii
1837 4304 2018 4360 libros

350 4391 675 4463 petiturus,
708 4392 900 4447 dicere
948 4393 1291 4447 consuevit:
1327 4392 1411 4447 Da
1460 4392 1809 4464 magistrum
1861 4393 2013 4464 (32);

2145 1808 2288 1862 Dato
2318 1809 2427 1863 sub
2461 1808 2719 1864 ineuntis
2751 1807 2947 1863 szsculi
2978 1812 3169 1861 ortum
3203 1808 3592 1879 Apologetico,
3614 1809 3788 1864 babi-

2133 1888 2329 1968 tisque
2375 1897 2595 1953 caeteris
2628 1914 2728 1967 pro
2780 1914 2958 1952 causa
3001 1896 3331 1952 Christiana
3378 1898 3778 1966 concionibus,

2137 1986 2498 2043 confirmatis
2552 1987 2686 2042 inde
2738 1986 3172 2042 confessoribus
3229 1992 3332 2042 aut
3390 1987 3461 2042 ad
3510 1986 3784 2061 lauream

2138 2076 2493 2149 martyribus
2514 2077 2745 2144 evectis,
2771 2076 3098 2131 defervente
3137 2076 3612 2148 persecutionum
3638 2082 3786 2133 aestu

2137 2182 2202 2221 ac
2232 2165 2557 2237 respirante
2606 2164 2912 2238 paululum
2946 2165 3225 2231 Ecclesia,
3258 2166 3497 2221 tandem
3540 2167 3789 2237 quadra-

2136 2256 2297 2327 ginta
2318 2255 2499 2310 ferme
2523 2256 2691 2309 annis
2716 2256 2786 2309 ad
2826 2271 3025 2326 pacem
3074 2255 3417 2327 composita,
3445 2257 3571 2326 jam
3605 2273 3789 2312 novus

2135 2361 2326 2400 rerum
2361 2345 2501 2399 ordo
2551 2345 2847 2400 oriebatur
2882 2348 2939 2399 et
2981 2344 3300 2415 jucundior
3329 2349 3664 2416 temporum
3700 2345 3787 2399 fa-

2135 2434 2286 2501 cies;
2324 2435 2475 2505 jam,
2527 2436 2836 2506 suspensis
2893 2433 3157 2498 auribus,
3211 2434 3332 2489 sive
3390 2438 3613 2506 gentes,
3668 2434 3788 2489 sive

2132 2523 2470 2589 Christiani,
2502 2522 3038 2595 evangelizantibus
3073 2539 3294 2593 pacem,
3328 2523 3783 2595 evangelizanti-

2132 2612 2245 2667 bus
2285 2612 2440 2667 bona
2489 2612 2961 2668 assentabantur.
3009 2612 3170 2675 Quod
3225 2617 3417 2667 autem
3473 2614 3529 2667 in
3579 2612 3785 2668 Galliis

2131 2700 2402 2769 Irenaeus,
2435 2702 2493 2755 in
2528 2702 2767 2773 Egypto
2798 2701 3085 2767 Clemens,
3121 2700 3179 2754 in
3213 2700 3377 2756 Latio
3410 2701 3783 2773 Hippolytus,

2133 2791 2330 2847 hocin
2382 2790 2586 2859 Africa,
2621 2790 2731 2844 hoc
2778 2789 2835 2843 in
2869 2793 2987 2845 toto
3032 2789 3342 2845 Occidente
3386 2790 3786 2846 Tertullianus

2130 2880 2437 2934 videbatur
2482 2883 2719 2933 acturus
2757 2894 2769 2932 :
2803 2879 2946 2933 adeo
2979 2882 3062 2943 ut,
3104 2878 3319 2934 divicta
3368 2879 3556 2949 plebe,
3591 2880 3787 2934 devin-

2131 2972 2405 3024 cerentur
2460 2972 2517 3021 et
2563 2966 2790 3021 nobiles
2849 2968 3287 3036 sapientesque,
3320 2970 3376 3021 et
3422 2967 3494 3020 ab
3543 2968 3661 3022 imo
3710 2968 3784 3023 ad

2132 3072 2433 3113 summum
2485 3055 2873 3110 aediﬁcaretur
2916 3053 3172 3109 Ecclesia
3206 3055 3669 3126 condereturque
3699 3072 3785 3110 or-

2136 3147 2224 3202 bis
2272 3146 2665 3201 Christianus.
2704 3145 2827 3198 Haac
2860 3147 3003 3210 erat,
3050 3142 3109 3197 ni
3164 3143 3349 3210 fallor,
3382 3146 3617 3216 egregia
3649 3161 3785 3215 pars

2133 3236 2226 3291 cui
2258 3234 2666 3291 destinabatur
2690 3232 3274 3297 Tertullianus.Quid
3306 3233 3522 3305 plura?
3554 3234 3783 3300 cecidit,

2133 3327 2207 3381 ad
2236 3327 2521 3396 infernum
2567 3322 2856 3391 detractus,
2892 3324 2949 3376 in
2981 3322 3317 3393 profundum
3369 3323 3476 3377 laci
3506 3322 3634 3395 (3i).
3669 3324 3787 3379 Hoc

2132 3420 2258 3471 erat
2302 3430 2437 3485 ergo
2487 3412 2542 3467 in
2580 3410 2973 3483 investigabili
3006 3411 3104 3466 18
3140 3412 3237 3466 Dei
3287 3412 3536 3483 decreto,
3571 3419 3634 3467 ut
3663 3412 3785 3469 hac

2133 3521 2282 3560 nova
2326 3508 2413 3559 tot
2465 3502 2807 3557 vulneribus
2865 3501 3206 3557 adolescens
3258 3503 3532 3567 Ecclesia,
3563 3502 3783 3558 Judaeis

2132 3594 2392 3662 tandem,
2439 3591 2723 3656 Ethnicis,
2756 3590 3054 3645 Gnosticis
3101 3592 3505 3663 triumphatis,
3538 3609 3599 3647 se
3648 3593 3783 3648 huic

2131 3680 2470 3738 otl‘ensionis
2518 3680 2700 3752 lapidi
2735 3680 3106 3751 impingeret,
3139 3697 3203 3734 ac
3250 3682 3388 3736 dum
3419 3682 3563 3736 tanti
3598 3682 3782 3737 animi

2134 3770 2397 3826 subsidio
2465 3768 2712 3825 recreari
2772 3773 3092 3824 mereretur
3140 3794 3154 3837 ;
3214 3771 3487 3826 eumdem
3546 3769 3781 3842 lapsum

2133 3860 2445 3925 amitteret,
2478 3859 2773 3913 infensum
2805 3857 3141 3924 sustineret,
3167 3858 3549 3915 reluctantem
3584 3876 3648 3914 ac
3680 3876 3783 3930 per

2132 3948 2523 4020 quadraginta
2574 3964 2760 4003 annos
2791 3951 2850 4001 in
2885 3947 3088 4002 matris
3120 3964 3236 4002 sua;
3278 3949 3569 4020 gremium
3603 3948 3784 4005 insul-

2130 4042 2354 4094 tantem
2384 4036 2747 4107 lugeret.Nec
2768 4037 2892 4107 jam
2926 4038 3307 4107 quaerendum
3335 4042 3442 4108 est,
3479 4042 3543 4092 ut
3576 4038 3779 4095 multis

2130 4124 2369 4199 placuit,
2396 4142 2469 4180 an
2504 4124 2636 4197 plus
2666 4124 2934 4180 Ecclesiae
2967 4126 3252 4197 profuerit
3281 4142 3458 4197 quam
3492 4128 3776 4195 nocuerit,

2130 4214 2319 4286 magis
2350 4231 2481 4269 vero
2514 4232 2584 4269 an
2636 4214 2749 4269 sibi
2784 4215 2854 4269 ad
2899 4213 3099 4283 vitam,
3130 4230 3312 4270 necne
3339 4214 3641 4286 profuerit.
3676 4218 3776 4271 Ec-

2128 4303 2317 4361 clesiae
2364 4304 2524 4358 homo
2573 4319 2682 4358 non
2728 4312 2828 4369 est,
2859 4302 2955 4358 ille
2987 4308 3071 4359 tot
3098 4303 3399 4359 laboribus
3443 4305 3773 4375 defunctus,

2128 4397 2213 4449 tot
2243 4392 2661 4449 certaminibus
2691 4393 2874 4447 redux
2897 4393 2908 4446 l
2934 4392 3163 4447 Utinam
3193 4409 3324 4448 vero
3358 4393 3570 4449 melius
3600 4397 3778 4451 conﬁ-

351 4484 489 4535 tum
525 4484 839 4551 nostrates,
877 4497 1125 4552 quorum
1176 4497 1362 4552 praeco
1394 4481 1475 4537 Cl.
1511 4482 1852 4536 Bossuetius
1880 4482 2017 4537 Mel-
2048 4478 2094 4542 Ι)
2129 4482 2339 4539 damus
2369 4481 2462 4536 his
2490 4481 2599 4552 piis
2630 4481 2948 4537 identidem
2980 4498 3082 4552 per
3110 4498 3285 4553 opera
3329 4484 3455 4554 ejus
3487 4486 3772 4555 respersis

351 4569 604 4637 densis,
666 4570 893 4641 quoties
951 4569 1383 4625 Tertullianum
1464 4573 1712 4635 excitat,
1773 4572 1831 4624 in
1908 4570 2015 4626 has

348 4675 533 4714 voces
569 4663 670 4713 aut
718 4659 935 4714 similia
968 4676 980 4714 :
1016 4660 1269 4731 Magnum
1318 4661 1529 4726 virum,
1560 4661 1743 4714 virum
1772 4677 2015 4731 gravem,

348 4750 711 4815 auctoritate,
737 4748 982 4820 pondere
1007 4753 1301 4821 potentem,
1337 4763 1642 4820 erumpere
1674 4748 1923 4804 videtur.

426 4841 709 4909 Magnum
752 4837 935 4910 igitur
974 4839 1178 4902 QUINTI
1222 4839 1480 4893 Ssp'rmu
1524 4838 1840 4894 FLORENTIS
1864 4839 2018 4893 Tea-

347 4942 627 4981 TULLIANI
651 4943 865 4982 nomen
895 4945 906 4983 :
934 4933 991 4982 at
1012 4932 1233 4998 quanto
1255 4928 1534 4998 majus,ni
1557 4928 1697 4983 velut
1715 4930 1935 5001 fulgur,
1955 4929 2020 4984 de

344 5018 491 5071 caelo
543 5017 820 5072 cecidisset
870 5016 967 5071 illc
1019 5016 1302 5072 Africanas
1336 5016 1604 5072 Ecclesiae
1652 5019 1892 5090 Lucifer,
1923 5019 2019 5089 qui

352 5121 531 5160 mane
560 5106 878 5168 oriebatur;
898 5106 1011 5161 nisi
1034 5106 1093 5160 in
1116 5110 1329 5161 terram
1355 5106 1797 5179 corruisset,qui
1822 5107 2021 5163 vulne-

348 5193 529 5246 rabat
575 5198 812 5264 gentes;
848 5193 963 5249 nisi
1019 5193 1249 5249 dixisset
1292 5196 1353 5248 in
1411 5193 1570 5249 corde
1615 5210 1709 5249 suo
1754 5211 1767 5249 :
1820 5196 2015 5251 Ascen-

434 5424 549 5500 (ξῼ)
584 5430 661 5500 pe
689 5427 1009 5500 Brwscript.
1045 5444 1170 5500 cap.
1203 5428 1292 5483 36.

433 5497 551 5641 (30)
576 5496 658 5552 Cf.
692 5496 997 5557 DisserL'J.
1030 5500 1090 5554 Α.
1116 5496 1377 5573 Noesselt,
1409 5501 1589 5575 infra.

434 5567 522 5639 (31
584 5571 920 5641 Ρνεεεενίρι.,
951 5587 1001 5627 c.
1033 5571 1121 5626 36.

434 5567 551 5641 (31)
584 5571 920 5644 Ρνεεεενίρι.,
951 5587 1001 5627 c.
1033 5571 1121 5626 36.

2125 4572 2419 4644 precibus,
2456 4588 2518 4625 ac
2539 4575 2737 4625 votum
2760 4572 2888 4640 ejus
2911 4570 3362 4642 adimpleamus,
3396 4590 3527 4628 cum
3554 4574 3774 4630 diceret

2126 4659 2605 4716 catechumenis:
2656 4661 2853 4730 Igitur,
2908 4659 3194 4725 benedicti,
3246 4676 3377 4731 quos
3431 4665 3612 4734 gratia
3671 4666 3774 4719 Dei

2125 4755 2421 4820 exspectat,
2455 4764 2581 4803 cum
2610 4748 2676 4802 de
2726 4748 2823 4803 illo
2855 4750 3199 4803 sanctissimo
3248 4750 3468 4806 lavacro
3514 4755 3644 4808 novi
3666 4770 3769 4809 na-

2126 4840 2254 4893 talis
2300 4838 2621 4905 ascenditis,
2655 4842 2704 4891 et
2734 4839 2942 4908 primas
2970 4854 3167 4892 manus
3198 4839 3343 4909 apud
3385 4840 3609 4896 Matrem
3647 4860 3771 4898 cum

2124 4926 2393 4997 fratribus
2421 4926 2675 4997 aperitis,
2708 4927 2873 4996 petite
2905 4925 2972 4979 de
3005 4932 3193 4993 Patre,
3227 4930 3395 4997 petite
3424 4929 3487 4983 de
3515 4932 3769 4997 Domino,

2123 5016 2360 5087 peculia,
2392 5017 2629 5083 gratias,
2665 5015 3072 5069 distributiones
3123 5019 3545 5089 clz.1rismalum,
3597 5022 3777 5093 subji-

2126 5106 2308 5161 cie-nte
2336 5124 2353 5159 :
2384 5106 2579 5174 Petite,
2611 5108 2663 5159 et
2692 5106 2993 5174 accipietis,
3029 5107 3227 5175 inquit.
3274 5108 3554 5174 Quaeszstis
3603 5112 3772 5181 enim,

2125 5198 2176 5249 et
2208 5194 2494 5249 invenistis
2517 5210 2538 5258 ;
2564 5194 2851 5265 pulsastis,
2878 5201 2928 5249 et
2957 5202 3212 5265 apertum
3241 5203 3317 5250 est
3346 5196 3510 5253 vobis.
3546 5199 3775 5254 Tantum

2215 5435 2304 5507 32)
2341 5435 2399 5490 S.
2434 5433 2766 5507 Hieronym.
2802 5438 2880 5490 De
2909 5432 3109 5507 Script.
3142 5435 3329 5491 eccles.

2216 5506 2305 5578 33)
2336 5507 2586 5578 Isa.rx1v,
2624 5508 2708 5575 12,
2744 5506 2827 5560 14.

2217 5577 2307 5649 34)
2337 5577 2498 5649 Ibid.,
2532 5579 2618 5633 15.
