4148 6188
306 274 381 333 19
1782 271 2221 333 ΡΡιιΕΡΑΤΙΟ.
3646 286 3726 345 20

308 421 402 463 oro
459 408 539 471 ut,
574 420 698 460 cum
752 405 959 476 petitis,
992 406 1159 461 etiam
1217 406 1600 460 TERTULLIANI
1658 406 1954 475 peccatoris
1982 407 2038 473 Α
2068 410 2715 480 crementum.Apostoli
2739 416 3039 485 acceptam
3063 430 3096 469 a
3118 415 3359 471 Domino
3391 415 3723 472 doctrinam

310 494 677 551 memineritis
702 493 832 565 (35).
2064 497 2311 551 tradunt
2342 499 2617 554 Omnibus
2644 501 2715 555 ad
2748 519 2896 573 quas
2939 504 3260 561 mittuntur
3297 504 3591 561 Ecclesiis.
3623 508 3731 560 Ec-

2068 584 2259 640 clesie
2300 586 2423 642 iste
2476 591 2676 645 tenent
2706 591 3048 649 ﬁrmissime
3097 593 3259 649 illam
3320 594 3722 666 apostolorum

2070 674 2419 746 doctrinam,
2454 694 2521 734 ac
2568 678 2791 735 ceteris
2842 683 3303 751 communicant,
3338 701 3463 755 que
3497 688 3731 755 aposto-

2070 762 2261 819 lorum
2293 765 2587 823 neminem
2617 769 2906 827 viderunt.
2944 773 3013 828 Et
3041 790 3246 829 omnes
3277 776 3400 829 iste
3432 774 3728 844 Ecclesie,

2072 852 2323 912 invicem
2356 857 2715 927 coadunate,
2746 878 2929 917 unum
2960 862 3236 935 idemque
3266 880 3476 935 corpus
3504 864 3566 919 in
3597 862 3729 918 uni-

2071 946 2192 997 tate
2239 944 2502 1013 ejusdem
2554 948 2851 1016 doctrine,
2902 952 3289 1023 ejusdemque
3331 953 3466 1008 ﬁdei
3516 952 3728 1008 consti-

2076 1036 2271 1087 tuunt.
2305 1034 2446 1097 Quis
2476 1053 2647 1106 porro
2680 1038 2998 1096 Ecclesiam
3044 1043 3213 1113 hanc,
3248 1042 3585 1098 columnam
3618 1043 3733 1096 im-

2080 1122 2359 1178 mobilem
2408 1126 2695 1195 veritatis,
2729 1129 2975 1197 deseret,
3009 1136 3074 1186 ut
3123 1132 3515 1203 amplectatur
3544 1136 3734 1187 sectas

2079 1210 2151 1265 ab
2183 1212 2385 1267 eadem
2434 1216 2731 1285 sejunctas
2752 1218 2779 1272 ?
2810 1222 2924 1274 Hoc
2956 1225 3045 1275 est
3093 1220 3542 1276 celeberrimum
3590 1222 3734 1276 Ter-

2078 1298 2371 1355 tullianee
2405 1306 2861 1376 prescriptionis
2891 1315 3332 1380 argumentum,
3356 1309 3617 1381 palmare
3647 1314 3734 1364 te-

2082 1387 2206 1444 lum
2264 1392 2446 1446 totius
2506 1392 2804 1464 polemice
2857 1396 3221 1468 Christiane,
3273 1398 3737 1470 pulcherrimum

2086 1496 2228 1534 sane
2278 1496 2344 1535 ac
2373 1479 2827 1540 invictissimum
2858 1488 3009 1557 quod
3060 1504 3314 1558 usquam
3347 1488 3500 1543 inter
3548 1488 3738 1543 disce-

2088 1572 2319 1639 ptantes
2348 1570 2521 1625 fuerit
2551 1580 2924 1645 usurpatum.

2159 1663 2365 1729 Itaque,
2390 1660 2583 1731 inquit
2615 1679 2865 1735 magnus
2899 1664 2995 1721 ille
3021 1664 3127 1733 vir,
3160 1672 3234 1721 tot
3262 1682 3327 1721 ac
3353 1669 3527 1723 tante
3554 1667 3737 1722 Eccle-

2088 1750 2214 1812 εἰῶ,
2247 1765 2362 1803 una
2392 1754 2471 1804 est
2502 1751 2604 1806 illa
2632 1754 2701 1807 ab
2731 1754 2992 1825 apostolis
3036 1758 3247 1827 prima,
3280 1772 3353 1811 ex
3400 1772 3501 1826 qua
3555 1771 3741 1811 omnes

2070 1836 2329 1908 (Prescr.
2361 1855 2407 1891 c.
2438 1840 2552 1910 20).
2586 1871 2647 1880 -
2684 1842 2965 1912 Apostolos
3022 1845 3251 1899 Domini
3296 1844 3557 1899 habemus
3608 1860 3746 1899 auc-

2069 1930 2229 1992 tores,
2262 1944 2357 1997 qui
2410 1943 2510 1982 nec
2559 1930 2672 1999 ipsi
2719 1931 3014 2003 quidquam
3060 1949 3130 1987 ex
3176 1948 3275 1988 suo
3321 1932 3575 2003 arbitrio,
3608 1931 3748 2004 quod

2073 2015 2409 2083 inducerent,
2440 2017 2731 2090 elegerunt
2755 2038 2769 2089 ;
2793 2021 2885 2075 sed
2921 2025 3201 2093 acceptam
3228 2040 3262 2077 a
3293 2022 3511 2077 Christo
3562 2021 3737 2076 disci-

2072 2104 2285 2176 plinam
2350 2105 2588 2175 ﬁdeliter
2649 2110 2977 2165 nationibus
3063 2112 3480 2181 assignaverunt
3565 2109 3748 2180 (lbid.,

2078 2210 2199 2264 cap.
2231 2194 2307 2264 6).
2344 2225 2409 2234 —
2453 2194 2627 2250 Nulla
2648 2198 2768 2268 jam
2816 2215 2945 2269 gens
2974 2200 3079 2254 Dei
3106 2204 3379 2254 extranea
3410 2202 3509 2267 est,
3543 2200 3597 2252 in
3631 2214 3748 2252 om-

881 680 1280 736 ARTICULUS
1320 680 1389 735 II.

809 804 880 846 DE
920 804 1033 845 USU
1071 805 1464 845 TERTULLIANI.

388 939 550 1003 Quod
583 940 755 996 modo
778 942 849 995 ad
870 942 1329 1013 dignoscendam
1352 957 1547 997 veram
1578 942 1964 997 TERTULLIANI

316 1028 745 1102 auctoritatem,
786 1030 895 1087 hoc
942 1033 1013 1086 ad
1065 1036 1288 1087 rectum
1336 1031 1735 1103 antiquissimi
1784 1031 1963 1101 hujus

317 1120 510 1175 Patris
541 1137 716 1176 usum
748 1122 942 1177 acrius
974 1122 1212 1177 omnino
1238 1122 1526 1193 judicium
1558 1121 1778 1192 requiri
1809 1120 1963 1177 arbi-

321 1210 570 1263 tramur.
592 1214 809 1264 lterum
842 1211 1023 1281 igitur
1054 1211 1227 1265 debet
1258 1210 1317 1265 in
1348 1211 1476 1281 ejus
1507 1211 1742 1281 scriptis
1772 1211 1965 1265 consi-

319 1296 510 1352 derari
541 1302 668 1353 tum
718 1300 975 1355 auctoris
1024 1316 1179 1354 nunc
1212 1298 1509 1369 Catholici,
1544 1316 1698 1353 nunc
1746 1302 1969 1354 Monta-

315 1385 485 1441 niste
516 1388 943 1459 conditio,tum
968 1388 1256 1444 librorum
1280 1389 1551 1443 doctrina
1574 1392 1675 1443 aut
1700 1388 1972 1458 eruditio,

316 1478 562 1547 utraque
580 1494 713 1533 vero
740 1482 842 1533 aut
869 1494 1054 1544 sacra,
1089 1483 1189 1534 aut
1212 1479 1475 1550 profana.
1509 1478 1687 1533 Sacra
1707 1478 1974 1548 ejusdem

315 1564 584 1621 doctrina
620 1568 691 1622 ad
744 1566 997 1623 ﬁdei“)
1032 1568 1330 1639 dogmata,
1362 1566 1614 1623 eruditio
1642 1583 1773 1623 vero
1806 1567 1878 1621 ad
1911 1583 1985 1631 ea,

316 1670 441 1726 que
465 1660 603 1712 tunc
628 1657 686 1712 in
712 1656 967 1713 Ecclesia
989 1658 1083 1731 agi
1104 1657 1391 1724 solebant,
1426 1674 1529 1713 seu
1554 1657 1625 1712 ad
1666 1672 1759 1711 res
1793 1656 1979 1711 disci-

310 1743 486 1813 pline
516 1746 820 1802 referenda
848 1750 956 1803 est.

381 1835 464 1890 Ne
494 1835 553 1890 in
585 1835 941 1893 immensum
991 1837 1110 1891 hec
1142 1836 1353 1907 previa
1396 1836 1620 1890 monita
1669 1838 1955 1903 crescant,

309 1940 426 1979 non
479 1930 747 1980 nostrum
780 1931 869 1981 est
898 1926 1017 1981 hec
1048 1925 1349 1997 sigillatim
1391 1927 1717 1994 decurrere,
1752 1940 1857 1979 nec
1887 1924 1957 1980 ad

310 2016 599 2070 amussim
631 2014 826 2070 omnia
856 2015 929 2069 ab
980 2032 1045 2071 eo
1078 2020 1230 2070 recte
1264 2018 1363 2070 aut
1394 2019 1656 2086 proterve
1684 2014 1840 2068 dicta
1871 2030 1961 2068 re-

310 2116 567 2168 censere,
602 2120 727 2174 que
780 2104 901 2158 sive
948 2104 1020 2158 ad
1079 2104 1366 2175 exegesim
1421 2119 1671 2172 sacram,
1723 2101 1844 2157 sive
1892 2101 1965 2155 ad

311 2190 729 2262 dogmaticam,
762 2192 1112 2248 moralemve
1146 2193 1522 2264 theologiam,
1558 2192 1680 2247 sive
1710 2192 1781 2246 ad
1814 2190 1965 2246 ritus

313 2296 579 2336 moresve
634 2281 934 2351 Ecclesiae,
994 2287 1448 2353 temporumque
1507 2299 1571 2337 ac
1626 2280 1971 2352 opinionum

314 2368 625 2425 historiam
656 2376 943 2442 spectant.

386 2458 683 2515 Nonnulla
706 2466 936 2516 tantum
966 2462 1554 2533 precipuadoctrine
1574 2459 1975 2516 Tertullianee

321 2549 538 2619 capita,
571 2550 1039 2621 gravissimeque
1086 2552 1351 2621 ejusdem
1385 2556 1596 2619 errata,
1628 2549 1976 2605 summatim

320 2635 699 2710 indigitanda
728 2644 886 2705 sunt,
906 2656 971 2695 ac
1002 2641 1305 2695 excitanda
1336 2640 1663 2711 insigniora
1694 2640 1822 2709 ejus
1841 2654 1979 2707 ope-

316 2743 447 2784 rum
484 2730 633 2800 loca,
667 2748 792 2802 que
826 2730 1199 2802 potissimum
1230 2731 1289 2786 in
1320 2734 1620 2802 exegetico,
1648 2729 1974 2801 dogmatico'

314 2820 544 2889 morali,
580 2820 836 2890 liturgico
868 2824 924 2874 et
955 2822 1178 2875 ascetico
1203 2837 1315 2876 usu
1347 2820 1775 2891 veniunt,qu0d
1808 2818 1879 2873 ad
1912 2834 1979 2872 ea

314 2907 549 2980 plenius
582 2908 1047 2981 introspicienda
1078 2927 1205 2966 sese
1236 2910 1486 2966 alacrior
1515 2912 1782 2981 accingat
1812 2908 1973 2981 quis-

318 2998 451 3070 quis
474 2998 554 3053 rei
587 2998 901 3070 patrietice
932 3000 1148 3068 studet,
1186 3017 1251 3055 ac
1282 3000 1604 3071 presertim
1633 2998 1975 3071 junioribus

316 3086 627 3160 theologie
674 3093 731 3143 et
759 3088 1092 3161 patrologie
1146 3090 1477 3145 candidatis
1507 3088 1688 3143 tutior
1736 3087 1972 3158 expedi-

316 3173 549 3246 tiorque
576 3174 671 3230 via
698 3180 912 3246 pateat.

392 3266 539 3319 Ante
570 3264 769 3319 omnia
812 3264 957 3319 illud
993 3264 1166 3337 plena
1210 3281 1346 3320 voce
1396 3264 1669 3337 praedicat
1719 3268 1972 3319 TERTUL-

328 3358 754 3423 LuNUS,totum
786 3354 919 3409 ﬁdei
951 3354 1290 3410 Christiane
1321 3353 1635 3410 editicium
1667 3354 1726 3409 in
1759 3354 1977 3409 ﬁrmis-

330 3444 484 3499 sima
530 3444 770 3499 veritate
816 3444 1117 3513 historica,
1160 3461 1223 3499 ac
1267 3446 1599 3501 veneranda
1648 3443 1980 3499 traditionis

337 3533 682 3588 auctoritate
704 3533 1046 3589 subsistere.
1078 3538 1208 3588 Hec
1235 3540 1375 3590 sunt
1396 3535 1551 3590 enim
1582 3533 1986 3590 ineluctabilis

337 3623 511 3692 facta,
547 3622 784 3694 quibus,
804 3622 963 3678 velut
992 3640 1151 3678 enea
1180 3629 1383 3679 catena
1413 3641 1479 3679 ac
1511 3641 1707 3695 aurea,
1736 3628 1861 3679 tota
1892 3640 1983 3679 res

337 3711 669 3768 Christiana
693 3713 941 3785 pendet:
980 3714 1129 3769 Deus
1155 3712 1325 3769 Pater
1354 3714 1535 3770 mittit
1565 3714 1776 3769 Filium
1808 3731 1985 3769 suum

336 3803 395 3856 in
428 3802 585 3858 hunc
614 3802 997 3873 mundum,ut
1026 3801 1344 3857 Ecclesium
1376 3802 1770 3859 Christianam
1802 3803 1986 3857 ediﬁ-

336 3898 444 3949 cet.
477 3892 651 3948 Jesus
683 3891 954 3947 Christus
984 3892 1054 3947 ad
1105 3892 1261 3946 hunc
1292 3894 1565 3948 eumdem
1599 3893 1774 3947 ﬁnem
1807 3892 1988 3946 mittit

338 3980 633 4053 apostolos
664 3998 825 4050 suos,
858 3986 917 4037 et
945 3981 1111 4036 docet
1141 3980 1273 4035 illos
1302 3982 1574 4037 veritates
1623 3997 1827 4037 omnes
1859 3997 1986 4051 que

338 4070 477 4127 huic
507 4071 877 4128 ediﬁcationi
910 4071 1364 4126 fundamentum
1405 4071 1789 4143 suppeditant
1812 4074 1869 4124 et
1898 4072 1986 4124 in-

349 4325 361 4335 .
413 4252 527 4335 (ἒῦ)
557 4252 631 4307 De
675 4249 962 4335 baptismo,
997 4265 1121 4321 cap.
1173 4249 1257 4329 1Q,
1291 4247 1496 4303 ultima
1543 4248 1741 4330 verba:
1774 4247 1852 4335 Ea
1899 4251 1991 4335 est

338 4324 696 4394 judiciorum
725 4324 817 4394 Vde
847 4324 988 4377 viris
1019 4324 1279 4394 summis
1317 4338 1431 4375 non
1465 4337 1595 4394 raro
1624 4324 1992 4394 varietas_,__ut

344 4390 478 4451 cum
528 4395 600 4450 ad
633 4393 846 4449 coelum
896 4411 1083 4465 usque
1112 4392 1473 4449 extolluntur
1508 4392 1592 4465 ab
1622 4392 1736 4461 bis,
1770 4390 1991 4465 abillis

2078 2298 2205 2336 nem
2234 2290 2463 2349 terram,
2495 2289 2546 2338 et
2591 2285 2650 2339 in
2690 2289 2952 2342 terminos
2995 2288 3147 2342 orbis
3217 2289 3512 2356 Evangelia
3562 2302 3749 2341 corus-

2084 2376 2243 2426 cante
2268 2372 2366 2441 (De
2396 2375 2615 2439 Anima,
2646 2391 2693 2428 c.
2726 2375 2837 2442 49).
2896 2378 3271 2431 Innocentiam
3304 2394 3337 2430 a
3376 2382 3489 2431 Deo
3538 2376 3745 2441 cdocti,

2087 2465 2142 2514 et
2167 2462 2408 2530 perfecte
2435 2479 2565 2517 eam
2612 2465 2884 2529 novimus,
2918 2475 2976 2518 ut
3008 2482 3041 2519 a
3066 2467 3309 2536 perfecto
3348 2466 3615 2536 magistro
3646 2481 3744 2519 re-

2086 2549 2345 2617 velatam,
2374 2560 2425 2605 et
2456 2550 2693 2620 ﬁdeliter
2736 2555 3098 2620 custodimus,
3132 2560 3190 2609 ut
3226 2556 3293 2609 ab
3344 2556 3745 2625 incontempti-

2088 2638 2193 2693 bili
2236 2640 2533 2711 dispectore
2580 2642 2905 2697 mandatam
2958 2645 3227 2715 (Apolog.,
3255 2660 3299 2699 c.
3336 2643 3451 2714 45).
3490 2645 3591 2699 Nec
3638 2643 3751 2697 dis-

2082 2736 2293 2797 pectore
2338 2737 2519 2785 tamen
2547 2730 2761 2800 deﬁciet
2802 2732 2919 2789 haec
2966 2742 3124 2788 sexta
3176 2750 3344 2804 quam
3396 2736 3526 2787 tunc
3576 2733 3750 2802 magis

2083 2818 2362 2887 aediﬁcari
2403 2820 2568 2888 scias,
2601 2838 2722 2876 cum
2766 2822 2911 2877 cedi
2954 2824 3171 2879 videtur
3217 2824 3310 2892 (ad
3353 2823 3537 2893 Scap.,
3572 2838 3616 2876 c.
3655 2821 3734 2891 5).

2083 2908 2278 2963 Plures
2302 2910 2594 2981 efﬁcimur,
2627 2914 2837 2981 quoties
2866 2915 3127 2967 metimur
3158 2929 3192 2966 a
3222 2913 3376 2965 vobis
3409 2928 3421 2965 :
3453 2925 3637 2964 semen
3666 2917 3745 2963 est

2084 2999 2309 3066 sanguis
2343 2999 2798 3055 Christianorum
2832 3001 3100 3071 (Apolog.,
3134 3016 3253 3069 cap.
3290 2998 3399 3069 49).

2162 3089 2232 3139 At
2280 3096 2548 3141 memento
2595 3088 2774 3142 claves
2822 3086 2936 3157 ejus
2990 3086 3078 3141 hic
3123 3088 3418 3141 Dominum
3473 3088 3659 3153 Petro,
3700 3094 3752 3144 et

1943 3204 1946 3207 λ
2000 3154 2043 3220 C
2082 3190 2180 3240 per
2225 3190 2353 3228 eum
2399 3176 2657 3231 Ecclesia:
2703 3154 2995 3245 reliquisse
3046 3175 3285 3247 (Scorp.,
3320 3192 3366 3229 c.
3406 3175 3517 3245 10).
3564 3175 3752 3230 Habes

2086 3265 2331 3331 Romam,
2381 3263 2528 3318 unde
2576 3264 2732 3319 nobis
2778 3280 2986 3335 quoque
3029 3265 3337 3319 auctoritas
3386 3272 3590 3335 presto
3642 3269 3740 3320 est.

2087 3354 2199 3408 Ista
2228 3369 2393 3424 quam
2420 3352 2571 3422 felix
2600 3354 2858 3419 Ecclesia,
2888 3356 2983 3409 cui
3031 3358 3199 3409 lotam
3230 3354 3538 3409 doctrinam
3587 3370 3746 3423 apos-

2093 3442 2199 3497 toli
2251 3459 2372 3497 cum
2426 3444 2697 3513 sanguine
2748 3459 2847 3499 suo
2902 3444 3325 3515 profuderunt!
3381 3444 3745 3516 (Prescripl.,

2093 3550 2213 3605 cap.
2247 3533 2361 3604 36.)

2168 3624 2268 3678 20
2299 3627 2429 3678 Hec
2454 3639 2589 3695 ergo
2612 3623 2867 3679 Ecclesia
2888 3641 3025 3690 una,
3062 3623 3398 3697 apostolica,
3425 3625 3739 3693 catholica,

2096 3718 2321 3782 sancta,
2368 3712 2720 3769 immortalis
2770 3730 2835 3769 ac
2876 3714 3146 3786 visibilis,
3182 3732 3283 3771 seu
3334 3715 3617 3780 Romana,
3653 3713 3747 3770 cui

2096 3804 2191 3871 jus
2223 3803 2496 3873 competit
2526 3803 2771 3858 docendi
2821 3820 3025 3860 omnes
3057 3808 3283 3876 gentes,
3317 3822 3486 3859 suam
3529 3805 3599 3858 ab
3634 3819 3748 3858 uno

2098 3892 2275 3956 fonte,
2308 3892 2483 3945 verbo
2516 3892 2615 3946 Dei
2666 3908 2899 3964 nempe,
2932 3892 3053 3947 sive
3086 3892 3326 3964 scripto,
3358 3892 3479 3947 sive
3509 3892 3750 3956 tradito,

2098 3979 2422 4035 doctrinam
2456 3979 2686 4053 accipit.
2721 3982 2895 4036 Porro
2937 3982 3009 4037 ad
3035 3982 3319 4052 eamjure
3348 3981 3582 4053 proprio
3616 3996 3753 4051 per-

2050 4070 2244 4153 .tinet
2301 4073 2427 4124 tum
2484 4069 2833 4126 traditiones
2894 4069 3258 4142 dignoscere,
3295 4070 3645 4125 conﬁrmare
3697 4072 3755 4123 et

2097 4260 2232 4308 scrt.
2290 4254 2346 4307 in
2413 4252 2635 4306 Tertull.
2691 4252 2919 4323 Apolog.
2970 4251 3105 4307 libb.
3166 4251 3237 4306 ad
3281 4252 3401 4308 Nat.
3434 4256 3488 4306 et
3538 4251 3635 4323 lib.
3683 4250 3754 4323 ad

2101 4324 2259 4394 Scap.
2318 4354 2387 4363 ——
2441 4325 2569 4379 Joh.
2628 4322 3107 4394 WQHopfmann
3167 4325 3395 4379 Dissert.
3457 4324 3517 4391 ρ.
3574 4322 3633 4377 S.
3685 4322 3741 4375 F.

2102 4396 2433 4451 Tertulliani
2488 4410 2614 4466 qua:
2669 4404 2964 4465 supersunt
3015 4396 3209 4451 omnia
3266 4398 3322 4450 in
3380 4396 3748 4466 Montanismo

345 4467 749 4539 deprimantur
779 4462 1107 4539 adimam.
1142 4468 1227 4520 ita
1253 4464 1610 4539 l'erearccidit
1635 4462 1991 4519 Tertulliano
2024 4527 2061 4539 ἢ
2097 4469 2303 4537 scripta
2331 4462 2549 4539 videri,
2576 4462 2829 4522 Vitemb.
2866 4468 3024 4537 1738,
3062 4467 3243 4539 ing/1°;
3274 4470 3327 4522 J.
3358 4469 3423 4521 A.
3457 4464 3747 4529 Noesselt,

348 4527 548 4595 nostro
574 4557 587 4606 ;
617 4539 770 4595 sicut
792 4537 948 4594 enim
973 4556 1087 4593 non
1114 4538 1326 4592 desunt
1352 4536 1513 4591 illius
1536 4541 1989 4609 contemptores,
2022 4527 2069 4592 D
2101 4527 2329 4594 DisSert.
2365 4539 2462 4603 Ill,
2518 4527 2583 4593 de
2630 4555 2752 4593 rera
2802 4545 2968 4595 (etate
3006 4527 3079 4593 'ac
3125 4527 3373 4593 doctrina
3414 4527 3750 4609 scriptorum

346 4612 427 4666 ita
456 4613 714 4667 vindices
746 4618 803 4667 et
831 4610 1164 4665 laudatores
1196 4615 1403 4663 nactus
1434 4614 1524 4663 est
1553 4608 1994 4678 plurimos,eos-

349 4700 459 4754 que
492 4700 770 4755 perquam
824 4682 1113 4755 liberales.
1149 4681 1329 4735 Fuere
1379 4681 1596 4755 quibus
1641 4680 1842 4755 omnia
1868 4682 1996 4755 ejus

348 4751 525 4826 opera
546 4751 673 4826 qu-e
697 4761 1015 4825 supersunt
1037 4754 1095 4807 in
1137 4753 1525 4826 Montanismo
1548 4751 1766 4826 scripta
1795 4751 1994 4807 viden-

348 4823 477 4893 tur;
513 4823 653 4882 dum
685 4823 785 4883 alii
816 4843 946 4881 eum
979 4827 1050 4881 ad
1079 4823 1418 4881 sceleratam
1449 4825 1707 4879 Montani
1740 4842 1998 4879 commu-

353 4900 587 4955 nionem
640 4898 940 4969 delapsum
978 4915 1106 4953 esse
1154 4902 1387 4966 negant.
1423 4896 1570 4958 Quin
1604 4914 1717 4951 non
1763 4898 1999 4951 defuere

353 4972 451 5042 qui
486 4971 911 5026 Tertullianum
963 4970 1260 5042 celebrant
1289 4986 1321 5022 a
1354 4969 1660 5042 martyrio,
1684 4969 1837 5038 quod
1860 5041 1867 5042 ί
1890 4969 1997 5023 sub

353 5039 525 5097 Decio
578 5044 929 5097 sustinuisse
982 5042 1210 5096 dicitur.
1248 5041 1326 5094 De
1360 5039 1451 5093 his
1482 5047 1539 5095 et
1568 5041 1699 5095 aliis
1734 5042 1802 5095 ad
1856 5041 1998 5094 Ter-

352 5114 583 5168 tulliani
637 5114 961 5181 historiam,
995 5114 1518 5184 auctoritatemque
1572 5112 2000 5184 pertinentibus

354 5187 425 5241 cf.
458 5186 828 5257 Magdeburg.
863 5190 999 5241 cent.
1040 5186 1132 5251 Ill,
1166 5202 1288 5255 cap.
1330 5187 1432 5250 1‘3;
1467 5218 1535 5225 —
1582 5186 1780 5240 Joach.
1827 5186 2000 5238 cht-

357 5258 533 5327 gravii
560 5259 917 5322 Exercztatio,
952 5258 1016 5311 dc
1060 5260 1227 5325 lapsu
1262 5258 1484 5311 Tertull.
1518 5260 1589 5311 ad
1617 5259 1996 5322 Montanistas,

355 5336 593 5400 Argent.
647 5332 805 5395 4704,
841 5331 929 5395 40,
963 5360 1031 5369 —-
1060 5327 1648 5400 TimanniiGessellii
1696 5330 1830 5381 Hist.
1886 5344 1994 5381 sae.

354 5406 403 5457 et
443 5399 635 5458 ecclcs.
687 5403 751 5456 Ν.
809 5403 862 5455 T.
913 5418 967 5472 p.
1028 5402 1167 5465 299;
1213 5399 1364 5472 Petri
1421 5400 1596 5455 Alixii
1657 5402 1883 5455 Dissert.
1934 5399 1999 5453 de

356 5476 472 5529 vita
527 5483 578 5529 et
623 5475 837 5543 scriptis
894 5471 1239 5538 Tertulliani,
1302 5471 1483 5533 Paris,
1546 5472 1720 5543 1680,,
1762 5474 1868 5536 8°;
1928 5501 1996 5512 ——

358 5549 437 5600 De
488 5545 544 5599 la
601 5542 792 5613 Motte,
856 5548 1097 5600 Histoire
1155 5546 1219 5599 de
1279 5544 1497 5599 Tertull.
1558 5550 1609 5598 et
1675 5542 1992 5614 d‘0rigene,

361 5618 544 5689 Lugd.
612 5619 766 5686 1701,
828 5618 1015 5685 ίη-8ο;
1076 5649 1141 5655 -
1198 5615 1378 5672 Nicol.
1440 5616 1515 5671 Le
1573 5616 1819 5686 Nourry,
1879 5615 1994 5669 Dis-

2104 4627 2231 4683 quae
2256 4614 2571 4681 supersunt.
2607 4611 2666 4678 ρ.
2704 4611 2846 4681 Sept.
2878 4612 2964 4683 Fl.
3003 4610 3357 4665 Tertulliani.
3409 4609 3533 4664 Hal.
3570 4609 3746 4674 1757;

2105 4682 2295 4752 ejusd.
2348 4692 2457 4738 tres
2502 4691 2788 4738 comment.
2846 4682 2915 4737 ad
2966 4683 3105 4736 Hist.
3164 4683 3346 4738 eccles.
3396 4683 3750 4752 pertinentes.

2106 4756 2232 4809 Hal.
2270 4755 2445 4821 1817;
2476 4785 2546 4796 —
2574 4754 2695 4809 Jos.
2731 4756 2858 4808 Ant.
2909 4754 3160 4809 Cantova
3204 4753 3268 4809 de
3319 4754 3581 4824 Septimio
3611 4751 3749 4824 σεδ.

2106 4828 2422 4898 Epiphanio
2468 4827 2681 4881 dissert.
2717 4826 2787 4893 Il,
2821 4825 3046 4880 Mediol.
3104 4826 3258 4898 1783,
3291 4826 3349 4878 Ba
3374 4823 3398 4891 ;’
3422 4856 3487 4865 —
3519 4824 3586 4898 Η.
3618 4823 3751 4878 Chr.

2106 4897 2468 4953 Baltenstedt
2500 4899 2827 4953 Tertullinus
2857 4899 3059 4953 Geistes
3082 4897 3436 4966 fahigkeiten.
3471 4897 3755 4967 Religion:

2108 4970 2422 5025 Izenntnisse
2469 4972 2582 5024 und
2634 4971 2937 5039 Thcologie,
2972 4969 3068 5039 III,
3102 4973 3435 5031 commentt.,
3487 4968 3756 5039 llelmst.,

2112 5043 2265 5100 1785.
2302 5043 2468 5094 in-80.
2502 5072 2569 5080 -—-
2613 5052 2760 5111 Aug.
2813 5043 3083 5096 Neander
3129 5042 3559 5109 Antignosticus,
3614 5038 3760 5095 Geist

2106 5113 2196 5167 des
2246 5112 2573 5167 Tertullian.
2631 5114 2743 5167 und
2803 5116 3024 5167 Einteit.
3089 5115 3147 5165 in
3204 5112 3391 5165 dessen
3434 5111 3757 5181 Schriften.,

2107 5184 2609 5249 Berol.18;’5;—
2666 5190 2755 5238 Fr.
2814 5187 3077 5238 Munster
3132 5182 3449 5237 Primordia
3505 5184 3759 5239 Ecclesiae

2107 5259 2401 5325 Africana",
2457 5256 2637 5309 liavn.
2691 5257 2849 5319 1820,
2902 5256 3088 5315 ill-"1°;
3139 5284 3207 5291 —
3256 5258 3312 5307 Ο.
3361 5255 3483 5310 Jos.
3539 5255 3752 5318 Hefele,

2108 5327 2420 5383 Tertullian
2467 5329 2550 5380 als
2597 5328 2872 5395 Apologcl.
2931 5327 2989 5379 in
3044 5329 3190 5395 Drey
3239 5334 3290 5380 et
3337 5328 3433 5383 all.
3489 5330 3755 5394 Tui/inger

2111 5399 2361 5467 Theolog.
2422 5400 2651 5465 Quartal
2704 5427 2773 5437 -—
2828 5398 3015 5452 schist.
3075 5411 3169 5451 an.
3230 5398 3408 5465 1838;
3460 5429 3529 5439 —
3577 5398 3632 5451 J.
3679 5403 3748 5450 Α.

2106 5470 2699 5535 Moehler.Patrologie
2719 5468 2845 5524 oder
2864 5468 3180 5523 christliche
3193 5467 3749 5538 Literaergeschichte,

2104 5543 2535 5669 giggtéusgegeben
2568 5555 2667 5595 von
2711 5539 2777 5595 D.
2814 5541 2873 5596 F.
2904 5540 2969 5596 X.
3021 5539 3405 5615 Reithmayr.,
3432 5537 3744 5610 'Regensb.

4143 3868 4146 4009 l
