4148 6188
283 221 361 279 23

1766 210 2214 286 PRJEFATIO.

3619 223 3694 281 24

284 348 466 405 vitam
500 362 763 420 regresso
794 366 860 405 ac
892 350 949 404 in
983 349 1141 405 cmlis
1173 349 1721 422 assumpto,iterum
1744 349 1935 404 remit-
1964 339 2020 406 Δ
2122 356 2345 407 Rursus
2376 351 2640 406 eamdem
2673 366 2909 406 carnem
2944 368 2976 405 a
3006 355 3243 423 peccato
3274 354 3593 405 recreatam
3642 356 3701 405 et

288 443 480 494 temus
511 438 611 493 ἓξ
646 439 717 492 ad
750 439 1029 493 eximium
1062 456 1209 510 opus
1240 442 1323 495 .D.
1387 440 1461 493 Le
1519 440 1767 509 Nourry'
1802 438 1932 511 (inf.

286 544 404 599 cap.
464 528 543 597 9),
604 527 704 597 qui
736 528 963 599 egregie
995 529 1306 583 contundit
1336 528 1664 601 pervicaces
1696 529 1935 583 Marcio-

288 615 399 682 nis,
462 615 701 686 Apellis,
765 616 1131 687 aliorumque
1190 618 1602 674 Gnosticorum
1661 619 1937 673 adiuven-

286 703 497 758 tiones.

359 794 519 848 ldem
551 794 917 850 adamussim
950 812 1017 851 ea
1049 814 1173 867 qua:
1205 798 1275 853 de
1304 798 1527 868 angelis
1558 800 1614 852 et
1658 794 1936 851 daemoni—

286 883 399 938 bus
431 883 607 939 habet
637 884 1057 954 Tertullianus,
1089 887 1337 958 explicat
1358 887 1501 943 ibid.
1536 903 1662 957 cap.
1696 886 1783 940 40.

354 989 861 1059 Tertullianus,de
894 992 1130 1048 homine
1162 994 1458 1049 disserens
1491 994 1665 1048 variis
1697 992 1821 1047 suis
1876 990 1935 1045 in

283 1078 545 1151 scriptis,
598 1081 788 1151 primo
824 1081 1003 1137 tradit
1032 1082 1327 1137 hominem
1363 1083 1647 1138 facturam
1680 1097 1807 1135 esse
1836 1078 1936 1134 Dei

283 1169 585 1237 creatoris,
619 1175 889 1224 constare
921 1186 988 1224 ex
1018 1171 1248 1226 duabus
1281 1171 1649 1235 substantiis,
1701 1182 1939 1239 corpore

283 1274 349 1313 ac
378 1256 685 1324 anima,ad
719 1258 1165 1315 similitudinem
1195 1260 1317 1314 Filii
1352 1265 1408 1316 et
1432 1260 1686 1331 Spiritus
1719 1259 1937 1313 factum

283 1364 453 1419 opus,
485 1352 541 1404 et
570 1348 886 1419 imaginem
920 1348 1039 1419 Dei,
1064 1349 1242 1405 totius
1274 1349 1668 1405 universitatis
1700 1364 1937 1419 posses-

284 1452 475 1492 sorem
538 1452 686 1505 esse,
741 1443 915 1509 atque
975 1438 1033 1493 in
1066 1438 1171 1494 hoc
1198 1439 1270 1494 ab
1301 1440 1428 1511 ipso
1460 1439 1575 1494 Deo
1606 1442 1937 1493 extructum

287 1525 570 1593 fuisse,ut
600 1527 877 1583 dominus
904 1544 1031 1584 esse
1063 1534 1278 1600 posset,
1310 1529 1450 1582 dum
1484 1528 1549 1582 ﬁt
1605 1545 1637 1583 a
1693 1526 1938 1582 Domino

287 1612 410 1684 (lib.
474 1632 545 1683 1v,
595 1616 717 1671 adv.
778 1615 968 1683 Marc.,
1023 1633 1148 1688 cap.
1183 1618 1273 1686 37,
1306 1616 1407 1672 lib.
1439 1634 1474 1671 v
1505 1633 1630 1687 cap.
1667 1617 1770 1684 17;
1804 1616 1936 1669 adv.

2047 457 2180 495 cum
2241 441 2438 496 anima
2494 440 2745 495 rediviva
2806 443 3230 510 resurgentem,
3265 439 3357 493 his
3387 438 3697 493 adumbrat

2047 530 2496 585 delineamentis
2558 547 2569 584 :
2635 530 2769 584 Cum
2824 531 3015 583 anima
3077 531 3182 583 Deo
3240 529 3527 598 allegitur,
3582 529 3697 599 ipsa

2048 622 2227 689 (caro)
2258 624 2355 681 est,
2380 637 2496 689 quas
2524 621 2709 690 efﬁcit,
2742 628 2801 673 ut
2832 620 3027 673 anima
3058 619 3231 689 allegi
3252 624 3441 689 possit.
3478 618 3701 672 Scilicet

2047 726 2171 763 caro
2203 710 2470 776 abluitur,
2504 710 2604 765 23
2636 719 2697 764 ut
2728 710 2915 763 anima
2948 709 3304 763 emaculetur.
3350 711 3492 764 Caro
3539 709 3701 776 ungi-

2049 808 2162 865 tur,
2188 803 2247 853 ut
2278 800 2467 853 anima
2496 800 3007 854 consecretur.Caro
3037 799 3314 867 signatur,
3336 806 3397 852 ut
3426 804 3479 851 et
3508 798 3701 851 anima

2046 890 2336 942 muniatur
2368 930 2380 941 .
2451 889 2590 943 Caro
2657 904 2857 941 manus
2921 887 3267 958 impositione
3321 886 3698 952 adumbratur,

2047 979 2189 1031 utet
2231 980 2421 1031 anima
2476 977 2686 1047 spiritu
2745 977 3122 1031 illuminetur.
3182 978 3324 1031 Caro
3373 989 3601 1045 corpore
3650 981 3701 1027 et

2046 1067 2319 1135 sanguine
2377 1066 2585 1121 Christi
2643 1068 2905 1132 vescitur,
2968 1074 3025 1119 ut
3084 1068 3133 1119 et
3161 1066 3352 1119 anima
3380 1063 3443 1118 de
3470 1064 3575 1118 Deo
3605 1078 3698 1115 sa-

2046 1158 2271 1226 ginetur
2296 1155 2401 1227 (De
2460 1159 2695 1209 Resurr.
2758 1172 2943 1222 carn.,
3004 1156 3082 1221 8).
3142 1154 3394 1223 Sequitur
3450 1154 3698 1205 animam

2046 1245 2336 1299 nubentem
2388 1245 2591 1312 spiritu
2620 1260 2771 1310 caro,
2804 1247 2863 1298 ut
2894 1244 3071 1299 dotale
3100 1244 3461 1313 mancipium,
3494 1245 3542 1295 et
3584 1242 3700 1307 iam

2045 1350 2157 1389 non
2186 1336 2394 1390 animi?
2417 1332 2751 1404 famula.sed
2778 1332 3077 1403 spiritus.0
3112 1331 3327 1386 beatum
3358 1330 3699 1384 connubium

2046 1422 2096 1475 si
2127 1437 2232 1475 non
2268 1421 2551 1475 admiserit
2584 1418 2965 1474 adulterium!
2986 1419 3086 1484 (De
3115 1418 3464 1487 Anima,41.)
3497 1416 3699 1472 Carnis

2049 1510 2286 1564 demum
2320 1526 2452 1564 cum
2488 1509 2715 1565 Christo
2747 1508 2976 1563 ovantis
2997 1508 3362 1579 triumphum
3394 1506 3699 1578 splendide

2050 1598 2328 1654 describit
2361 1616 2372 1654 :
2407 1600 2506 1654 Hic
2536 1598 2729 1669 (Jesus
2760 1598 3117 1669 Christus)...
3151 1599 3339 1652 carnis
3364 1611 3574 1668 quoque
3601 1596 3696 1650 de-

285 1704 596 1773 Praxeam,
629 1720 755 1776 cap.
792 1706 894 1773 12;
923 1705 989 1761 de
1016 1686 1215 1777 Spect.,
1248 1722 1373 1777 cap.
1405 1708 1473 1774 2;
1506 1686 1591 1760 de,
1629 1705 1935 1760 Resurrect.

2050 1690 2285 1758 positum
2329 1690 2508 1742 servat
2564 1690 2627 1741 in
2680 1688 2989 1757 semetipso,
3046 1686 3414 1741 arrhabonem
3466 1700 3695 1740 summa:

279 1794 483 1847 carnis.
518 1809 643 1863 cap.
675 1794 730 1859 5,
760 1795 834 1865 6).

354 1898 751 1955 Tertullianus
779 1901 887 1955 etsi
922 1902 1295 1973 quibusdam,
1330 1901 1579 1974 carptim
1611 1902 1739 1972 ejus
1789 1899 1933 1956 scri-

282 1991 382 2060 pta
438 1988 782 2056 libentibus,
836 1991 1101 2046 videatur
1138 1992 1207 2047 de
1252 1991 1487 2046 homine
1517 1995 1573 2045 et
1603 1990 1799 2045 anima
1825 1990 1933 2043 du-

284 2076 424 2131 riori
457 2093 525 2131 ac
556 2077 849 2149 pinguiori
881 2080 1141 2135 minerva
1171 2080 1592 2152 philosophari,
1620 2080 1668 2134 si
1703 2078 1934 2150 penitus
1964 2108 1976 2134 ι

286 2182 454 2221 mens
486 2166 613 2236 ejus
646 2168 1321 2240 introspiciatur,merito
1354 2171 1537 2225 ardua
1567 2186 1633 2224 ac
1663 2166 1927 2224 subtilis-

284 2254 438 2310 sima
469 2255 925 2329 anthropologiae
957 2275 1023 2313 ac
1054 2258 1443 2330 psychologiaa
1475 2274 1687 2313 arcana
1717 2255 1929 2312 acutis-

284 2342 435 2399 simo
466 2345 674 2400 obtutu
709 2353 1046 2416 penetrasse
1075 2348 1462 2404 aestimabitur
1492 2348 1622 2418 (41).

359 2450 615 2507 Platonis
644 2453 800 2508 enim
831 2453 1035 2522 instar,
1071 2460 1295 2525 partem
1355 2455 1565 2509 animae
1622 2450 1934 2522 distinguit

286 2539 786 2611 duplicem,unam
822 2542 1058 2613 quidem
1094 2543 1515 2614 intelligentem
1548 2559 1612 2597 ac
1634 2539 1931 2612 sapientiai

291 2629 513 2699 sedem,
548 2628 789 2686 alteram
824 2648 955 2687 vero
987 2648 1195 2687 caecam
1228 2636 1283 2688 et
1312 2630 1708 2703 intelligentiae
1734 2644 1931 2700 exper-

288 2725 403 2773 tem
438 2715 659 2793 λόγικον
694 2725 752 2775 et
780 2716 1043 2794 ἄλογον);
1077 2721 1336 2777 animam
1380 2724 1576 2775 autem
1634 2736 1666 2772 a
1720 2718 1955 2795 spiritu

286 2806 595 2880 distingui,
650 2826 828 2865 sensu
886 2810 1174 2881 gnostico,
1221 2814 1396 2881 negat
1429 2826 1440 2863 :
1476 2809 1536 2863 Si
1564 2824 1791 2880 separas
1818 2807 1936 2877 spi-

283 2896 460 2952 ritum
488 2902 545 2951 et
572 2900 841 2965 animam,
872 2916 1068 2970 separa
1096 2908 1146 2955 et
1175 2915 1374 2971 opera;
1399 2900 1563 2969 agant
1592 2900 1649 2953 in
1706 2897 1935 2951 discreto

284 2987 500 3057 aliquid
554 2988 731 3054 ambo,
791 3004 1031 3044 seorsum
1090 2992 1315 3057 anima,
1358 3004 1603 3045 seorsum
1660 2988 1925 3058 spiritus,

284 3078 477 3132 anima
503 3076 625 3133 sine
652 3080 858 3149 spiritu
890 3081 1052 3145 vivat,
1071 3080 1300 3149 spiritus
1328 3081 1449 3133 sine
1476 3080 1665 3133 anima
1693 3078 1932 3139 spiret...
1966 3084 2009 3152 ρ

286 3169 437 3233 Ergo
464 3167 573 3221 duo
603 3183 710 3221 non
742 3172 923 3236 erunt,
984 3182 1109 3238 quae
1164 3168 1349 3224 dividi
1401 3184 1511 3222 non
1557 3170 1783 3237 possunt
1833 3165 1937 3234 (De

286 3253 517 3321 Anima,
551 3270 674 3325 cap.
712 3255 823 3325 lO).

360 3363 503 3414 Cum
535 3360 733 3415 anima
760 3360 917 3415 idem
949 3362 1028 3417 sit
1069 3378 1134 3416 ac
1166 3362 1428 3433 spiritus,
1461 3361 1788 3416 necessario
1843 3376 1939 3416 se-

292 3448 497 3519 quitur
527 3447 734 3503 animie
766 3449 1155 3521 proprietates
1187 3451 1419 3505 easdem
1454 3465 1581 3505 esse
1599 3467 1664 3505 ac
1683 3449 1939 3521 proprie-

287 3540 439 3593 tates
470 3536 755 3608 spiritus;
802 3537 939 3593 hinc
998 3539 1257 3594 animam
1313 3555 1440 3594 esse
1497 3540 1849 3611 simplicem,
1910 3555 1944 3594 a

289 3641 532 3697 corpore
590 3630 955 3696 separatam;
990 3632 1108 3681 tam
1137 3627 1284 3683 duas
1315 3642 1405 3682 res
1438 3643 1616 3698 quam
1649 3628 1937 3694 diversas;

287 3730 396 3768 nec
448 3714 691 3785 proinde
719 3715 1157 3787 impingendum
1195 3720 1285 3771 est
1314 3716 1373 3770 in
1409 3716 1466 3770 id
1501 3718 1654 3787 quod
1687 3721 1742 3772 et
1772 3718 1843 3771 ab
1874 3735 1961 3774 eo.

289 3802 619 3875 appellatur
648 3807 953 3876 corporalis
985 3810 1042 3860 et
1069 3806 1459 3877 efﬁgiata,seu
1494 3806 1551 3859 in
1586 3806 1775 3877 specie
1806 3810 1861 3860 et
1880 3822 1941 3861 re

286 3891 887 3960 subsistens;aliunde
920 3894 1228 3948 conﬁtetur
1260 3911 1388 3950 eam
1420 3894 1521 3949 Dei
1554 3894 1694 3948 ﬂatu
1718 3899 1939 3961 natam,

288 3986 500 4037 natura
529 3981 944 4054 Christianam,
976 3982 1309 4037 substantia
1338 3981 1940 4054 simplicem,liberam

288 4070 537 4142 arbitrii,
572 4071 939 4138 rationalem,
972 4072 1387 4139 immortalem,
1421 4088 1537 4127 non
1568 4088 1636 4126 ex
1666 4065 1944 4143 gratia,ut

288 4177 493 4218 omnes
551 4162 734 4219 ferme
785 4165 1030 4228 veteres,
1088 4161 1189 4217 sed
1250 4177 1317 4216 ex
1373 4166 1582 4217 natura
1630 4176 1777 4217 sua:
1812 4178 1941 4217 eam

286 4266 421 4306 vero
452 4256 581 4324 post
613 4256 958 4324 praesentem
991 4250 1143 4305 hanc
1172 4250 1379 4317 vitam,
1409 4249 1494 4305 vel
1544 4250 1739 4306 dolere
1786 4251 1939 4322 apud

292 4338 532 4406 inferos,
563 4341 651 4395 vel
682 4341 936 4411 gaudere
962 4340 1019 4394 in
1048 4339 1207 4395 ccclis
1244 4339 1425 4410 (Ibid.,
1470 4355 1594 4407 cap.
1649 4339 1758 4410 58).
1820 4338 1940 4394 Etsi

2043 1777 2232 1832 totius.
2288 1777 2753 1844 Quemadmodum
2808 1779 2955 1831 enim
2997 1777 3156 1832 nobis
3182 1775 3546 1831 arrhabonem
3576 1776 3691 1846 spi-

2040 1869 2180 1922 ritus
2209 1865 2463 1938 reliquit,
2496 1869 2573 1922 ita
2604 1873 2657 1922 et
2686 1883 2717 1922 a
2746 1867 2903 1922 nobis
2930 1865 3292 1921 arrhabonem
3320 1867 3506 1920 carnis
3531 1880 3689 1919 acce-

2041 1958 2146 2021 dit,
2177 1965 2225 2011 et
2254 1958 2405 2011 vexit
2438 1958 2499 2011 in
2545 1957 2735 2010 caelum
2792 1958 2990 2025 pignus
3046 1954 3214 2009 totius
3266 1968 3500 2010 summ
3554 1954 3690 2007 illuc

2040 2046 2361 2118 quandoque
2390 2045 2720 2115 redigendae.
2754 2045 2944 2100 Securi
2970 2050 3155 2114 estote,
3187 2060 3313 2098 caro
3342 2051 3393 2098 et
3430 2044 3685 2112 sanguis;

2041 2137 2348 2207 usurpastis
2377 2138 2423 2190 et
2448 2136 2643 2189 cwtum
2670 2137 2719 2190 et
2768 2151 2998 2205 regnum
3054 2135 3153 2189 Dei
3208 2134 3265 2188 in
3322 2132 3532 2187 Christo
3590 2130 3692 2199 (De

2042 2224 2279 2277 Resurr.
2314 2240 2473 2278 carn.
2507 2239 2557 2277 c.
2588 2224 2699 2292 54).

2113 2312 2228 2366 Nec
2260 2312 2316 2365 in
2350 2310 2458 2366 hoc
2489 2311 2696 2365 animai
2724 2311 2959 2381 integrae
2991 2314 3049 2365 et
3080 2310 3364 2373 innocuas,
3400 2322 3576 2378 quam
3629 2305 3687 2359 in

2040 2401 2218 2471 lapsae
2276 2417 2342 2455 ac
2398 2399 2699 2455 maculatae
2755 2403 2911 2453 statu
2969 2397 3349 2453 describendo
3384 2394 3688 2449 infelicior.

2044 2488 2339 2561 Originale
2404 2493 2706 2561 peccatum
2774 2488 3066 2551 admittit,
3124 2486 3408 2555 docetque
3463 2483 3693 2555 egregie

2045 2578 2357 2650 quomodo,
2391 2594 2567 2649 quam
2601 2576 2715 2631 late
2747 2580 2802 2632 et
2834 2575 3183 2646 primigenia
3206 2573 3368 2628 labes
3413 2570 3693 2643 serpserit

2045 2686 2110 2723 ac
2140 2682 2346 2722 omnes
2376 2667 2639 2721 infecerit
2671 2682 2683 2719 :
2718 2666 2915 2719 Anima
2946 2664 3188 2720 hominis
3236 2663 3382 2717 velut
3437 2661 3691 2716 surculus

2045 2760 2282 2828 quidam
2311 2773 2380 2812 ea:
2408 2758 2638 2811 matrice
2670 2755 2851 2809 Adam
2882 2755 2941 2809 in
2970 2755 3336 2826 propaginem
3369 2751 3593 2807 deducta
3639 2758 3691 2804 et

2045 2848 2383 2917 genitalibus
2429 2848 2653 2915 feminae
2707 2846 2878 2916 foveis
2933 2843 3340 2910 commandata,
3389 2857 3513 2894 cum
3542 2838 3694 2893 omni

2044 2954 2147 2991 sua
2202 2942 2467 3007 paratum
2525 2934 2845 3006 pullulabit,
2892 2940 3000 2987 etc.
3032 2934 3131 3003 (De
3160 2930 3350 2985 Anim.
3387 2929 3495 2999 19).
3524 2931 3690 2982 Sata-~
3726 2996 3733 3001 ι

2045 3044 2177 3081 nam
2200 3029 2595 3097 pronuntias...
2628 3040 2723 3094 per
2750 3038 2908 3092 quem
2941 3022 3097 3075 homo
3134 3036 3168 3073 a
3218 3017 3527 3089 primordio
3585 3018 3696 3071 cir-

2046 3124 2363 3171 cumventus
2411 3122 2469 3167 ut
2515 3120 2849 3183 praeceptum
2876 3111 2973 3163 Dei
2997 3108 3294 3177 excederet,
3325 3112 3379 3161 et
3404 3114 3695 3178 propterea

2049 3208 2107 3260 in
2141 3207 2367 3259 mortem
2397 3203 2570 3267 datus,
2603 3199 2800 3255 exinde
2828 3201 3001 3253 totum
3026 3214 3196 3268 genus
3223 3198 3291 3252 de
3338 3212 3433 3252 suo
3486 3198 3697 3251 semine

2050 3293 2338 3365 infectum,
2371 3305 2491 3346 sua?
2515 3290 2683 3343 etiam
2711 3286 3086 3342 damnationis
3118 3286 3405 3341 traducem
3432 3287 3561 3356 fecit
3592 3287 3693 3356 (De

2050 3381 2289 3435 Testim.
2324 3379 2515 3445 Anim.
2550 3378 2625 3442 3).

2120 3469 2440 3525 Audiamus
2472 3482 2629 3521 nunc
2656 3465 2927 3522 eumdem
2960 3464 3175 3521 Christi
3207 3466 3399 3519 ortum
3431 3464 3491 3518 in
3523 3464 3695 3518 terris

2051 3558 2220 3631 quasi
2252 3574 2400 3613 novo
2433 3555 2657 3612 cantico
2709 3555 3114 3610 concinentem
3148 3571 3161 3609 :
3194 3556 3341 3609 Nove
3396 3553 3553 3607 nasci
3607 3552 3693 3607 de-

2052 3649 2207 3704 bebat
2236 3648 2417 3703 ’novae
2443 3646 2757 3701 nativitatis
2790 3644 3136 3699 dedicator...
3172 3649 3300 3699 Haec
3328 3646 3405 3698 est
3434 3643 3695 3697 nativitas

2048 3754 2209 3805 nova,
2243 3738 2375 3791 dum
2405 3736 2561 3792 homo
2590 3736 2843 3790 nascitur
2898 3735 2957 3788 in
3011 3735 3140 3803 Deo,
3199 3735 3255 3787 in
3316 3747 3420 3803 quo
3477 3730 3696 3786 homine

2048 3828 2189 3881 Deus
2236 3830 2397 3880 natus
2442 3828 2540 3893 est,
2573 3840 2749 3879 carne
2777 3824 2997 3894 antiqui
3024 3824 3252 3877 seminis
3280 3828 3544 3891 suscepta,
3575 3820 3696 3873 sine

2048 3917 2255 3972 semine
2284 3918 2530 3985 antiquo,
2563 3917 2626 3969 ut
2656 3914 2814 3968 illam
2843 3928 2978 3968 novo
3004 3913 3231 3977 semine,
3281 3908 3338 3964 id
3392 3913 3473 3963 est
3525 3908 3694 3978 spiri-

2052 4006 2282 4073 taliter,
2340 4006 2666 4074 reformaret
2730 4002 2969 4057 exclusis
3035 4000 3383 4071 antiquitatis
3446 3996 3697 4051 sordibus

2049 4096 2328 4166 expiatam
2358 4092 2460 4165 (De
2490 4108 2663 4147 carne
2692 4090 2926 4160 Christi,
2961 4107 3009 4145 c.
3042 4089 3152 4160 l7).

2123 4181 2486 4238 Tertulliano
2534 4180 2806 4253 apparuit
2862 4178 3198 4234 humanitas
3257 4179 3313 4231 et
3367 4172 3697 4245 benignitas

2049 4272 2360 4327 Salvatoris
2392 4272 2449 4325 in
2484 4287 2679 4340 carne,
2712 4269 2968 4324 Verbum
3002 4284 3132 4323 caro
3167 4268 3697 4335 factum,tanquam

2052 4362 2315 4418 omnium
2352 4360 2486 4415 ﬁdei
2544 4358 2958 4431 mysteriorum
3019 4356 3372 4427 principium
3430 4358 3487 4409 et
3539 4351 3697 4417 ﬁnis,

288 4427 555 4520 ali°_1°°°
583 4429 787 4484 doceat
816 4429 1096 4520 anime").
1132 4432 1265 4483 ante
1297 4426 1686 4520 "_ni"°r§alem
1745 4444 1936 4483 Γθδυν·
1970 4456 2016 4520 D
2050 4467 2205 4505 novae
2232 4448 2544 4504 creationis
2570 4426 2871 4519 fastigium
2896 4450 2953 4502 et
2974 4426 3696 4510 fundamentum,unicum

286 4517 603 4573 rectionem
650 4533 753 4573 nec
802 4516 1020 4589 puniri,
1054 4534 1157 4573 nec
1189 4518 1473 4589 gaudere:
1508 4518 1748 4587 insuper
1778 4533 1933 4587 quaa-

290 4606 425 4661 dam
458 4610 695 4678 peccata
726 4611 857 4678 post
884 4612 1134 4661 mortem
1168 4606 1323 4661 illico
1357 4606 1525 4661 nobis
1556 4606 1772 4661 luenda
1816 4606 1936 4662 fore

287 4695 400 4751 sub
433 4696 832 4767 expectatione
864 4695 1329 4751 resurrectionis.

358 4802 603 4858 Carnem
638 4801 831 4873 ipsam
863 4802 1117 4858 hominis
1148 4802 1365 4857 mirum
1398 4803 1456 4856 in
1485 4803 1725 4858 modum
1757 4804 1933 4876 glori-

285 4891 425 4946 ﬁcat
454 4890 878 4956 Tertullianus,
910 4908 1015 4946 nec
1045 4908 1395 4962 quamquam
1426 4892 1619 4947 forsan
1652 4910 1719 4947 ex
1754 4893 1934 4947 Patri-

283 4980 397 5035 bus
429 4979 685 5050 reperias
713 4982 812 5051 qui
840 4982 909 5034 de
940 4996 1006 5035 ea
1037 4980 1359 5052 insigniora
1391 4981 1617 5036 dixerit.
1655 4981 1937 5050 Quodcun-

285 5084 408 5140 que,
443 5066 655 5138 inquit,
690 5068 855 5123 limus
882 5068 1314 5139 exprimebatur,
1368 5068 1611 5124 Christus
1667 5070 1939 5139 cogitaba-

284 5161 377 5212 tur
428 5156 586 5213 homo
631 5160 921 5228 futurus...
953 5162 1042 5214 Ita
1075 5159 1239 5213 limus
1271 5160 1510 5230 illejam
1540 5163 1668 5213 tunc
1705 5159 1939 5213 induens

285 5246 592 5317 imaginem
626 5246 828 5301 Christi
853 5249 1033 5317 futuri
1062 5249 1121 5302 in
1166 5264 1345 5316 carne,
1404 5263 1513 5301 non
1570 5250 1789 5301 tantum
1843 5248 1942 5302 Dei

286 5350 421 5407 opus
452 5339 590 5407 erat,
616 5336 718 5390 sed
743 5338 794 5390 et
819 5337 1024 5407 pignus
1056 5335 1157 5407 (De
1190 5351 1408 5391 resurr.
1441 5352 1601 5390 earn.
1636 5352 1687 5389 c.
1719 5337 1773 5389 6.

2046 4538 2251 4594 mundi
2285 4538 2525 4593 orientis
2553 4535 2971 4603 meditullium,
3006 4536 3160 4589 unde
3217 4531 3415 4589 omnia
3472 4533 3531 4587 in
3590 4547 3695 4584 nos

2045 4628 2197 4683 bona
2253 4627 2611 4691 derivantur,
2674 4641 2789 4695 quo
2839 4628 3049 4679 cuncta
3075 4640 3205 4695 quae
3235 4623 3416 4678 Deum
3450 4619 3699 4690 religant

2044 4721 2099 4771 et
2125 4716 2415 4782 homines,
2459 4718 2728 4768 remeant
2784 4718 2839 4769 et
2894 4716 3337 4768 connectantur.
3400 4710 3543 4764 Hinc
3599 4712 3694 4762 Se-

2045 4804 2235 4876 ptimii
2266 4804 2577 4858 vehemens
2612 4806 2667 4857 et
2697 4802 2885 4857 acrior
2916 4802 3171 4873 impetus
3201 4818 3317 4871 quo
3348 4800 3407 4853 in
3438 4796 3696 4854 admira-

2043 4892 2264 4947 tionem
2296 4891 2469 4945 Verbi
2497 4890 2784 4945 incarnati
2816 4891 3062 4962 rapitur,
3096 4906 3210 4960 quo
3242 4888 3559 4959 cujuslibet
3589 4886 3697 4941 hoc

2048 4996 2329 5053 magnum
2363 4980 2599 5051 pietatis
2633 4987 3066 5034 sacramentum
3098 4978 3185 5033 vel
3247 4977 3446 5033 leviter
3502 4977 3697 5047 impu-

2048 5071 2282 5143 gnantis
2340 5068 2553 5139 impios
2603 5085 2783 5123 ausus
2814 5069 2999 5139 carpit
3028 5073 3083 5123 et
3114 5067 3376 5121 retundit
3408 5082 3420 5119 :
3456 5081 3572 5135 quo
3604 5064 3699 5118 in-

2050 5160 2244 5214 sanire
2285 5159 2535 5227 videtur,
2568 5175 2682 5229 pra;
2716 5158 2898 5213 nimio
2930 5158 2985 5211 in
3021 5156 3317 5211 Christum
3379 5159 3583 5208 natum
3642 5157 3700 5207 et

2050 5265 2288 5319 passum
2319 5254 2558 5319 stupore
2592 5265 2603 5303 :
2637 5247 2743 5303 Sed
2800 5250 2911 5315 iam
2970 5246 3077 5314 hic,
3136 5243 3328 5314 inquit
3395 5242 3694 5306 Marcioni,

2049 5337 2331 5409 responde,
2365 5339 2675 5406 interfector
2699 5337 2956 5392 veritatis
2988 5353 3006 5390 :
3036 5338 3227 5392 Nonne
3251 5349 3377 5389 vere
3397 5333 3695 5402 cruciﬁxus

359 5462 471 5536 (44)
501 5461 648 5518 Vide
676 5461 797 5516 hanc
828 5460 1155 5517 luculenter
1183 5461 1446 5533 exposita
1474 5461 1531 5516 in
1565 5476 1737 5533 opere
1761 5461 1885 5533 jam
1916 5460 2153 5519 laudato
2182 5463 2236 5518 J.
2269 5464 2333 5516 A.
2395 5460 2651 5517 Maehler.
2713 5460 2987 5531 Patrolog,
3018 5463 3060 5515 t.
3121 5459 3190 5531 Il,
3251 5476 3308 5532 p.
3369 5460 3491 5515 364.
3548 5470 3688 5511 vers.

286 5553 422 5625 galt.
