4148 6188
106 57 417 179 -ῃ

263 287 336 344 25
1734 279 2174 341 PREFATIO.

3585 288 3668 346 26

263 424 339 472 est
371 415 542 470 Deus?
570 430 760 468 nonne
786 429 911 468 vere
954 418 1227 479 mortuus,
1289 422 1349 468 ut
1390 430 1515 469 vere
1566 414 1907 483 cruciﬁxus?
1938 414 1987 479 Α
2018 411 2344 485 baptizatos
2377 415 2496 469 sive
2528 415 2803 481 infantes,
2855 416 2974 471 sive
3016 414 3268 493 adultos,
3330 418 3533 473 eodem
3567 419 3668 475 be-

262 520 438 559 nonne
464 518 585 557 vere
622 504 985 557 resuscitatus
1017 507 1103 556 Ρ...
1140 504 1313 557 Parce
1352 506 1535 559 unicae
1574 504 1695 572 spei
1744 504 1919 556 totius

258 594 416 648 orbis.
446 591 583 659 Quid
605 592 851 647 destruis
877 595 1251 647 necessarium
1266 592 1495 647 dedecus
1525 592 1697 662 ﬁdei?
1726 591 1907 660 Quod-

256 698 467 753 cunque
495 683 596 735 Deo
629 682 925 751 indignum
956 685 1058 748 est,
1098 682 1241 735 mihi
1268 681 1516 752 expedit.
1546 680 1735 735 Salvus
1766 697 1907 748 sum,

250 773 429 825 sinon
451 770 760 840 confundor
808 770 872 824 de
923 772 1153 826 Domino
1189 786 1325 825 meo.
1384 771 1490 837 Qui
1531 771 1661 833 mei,
1708 770 1906 838 inquit,

251 862 509 929 confusus
535 862 728 929 fuerit,
759 860 1075 930 confundor
1131 868 1183 914 et
1227 874 1323 927 ego
1382 859 1521 929 ejus.
1571 860 1732 913 Alias
1799 874 1912 911 non

250 950 469 1003 invenio
496 950 759 1003 materias
802 949 1167 1017 con/usionis,
1222 962 1346 1018 quae
1400 962 1488 1001 me
1530 962 1629 1017 per
1676 950 1911 1001 contem-

246 1042 401 1109 ptum
433 1038 653 1091 ruboris
702 1037 932 1106 probent
990 1036 1121 1091 bene
1170 1037 1544 1107 impudentem
1579 1040 1635 1090 et
1664 1037 1911 1105 feliciter

251 1130 501 1180 stultum.
534 1127 705 1181 Natus
733 1134 809 1181 est
859 1126 954 1180 Dei
996 1124 1200 1190 Filius,
1246 1141 1353 1180 non
1413 1126 1516 1180 24
1562 1124 1745 1195 pudet,
1778 1124 1910 1195 quia

252 1216 565 1284 pudendum
596 1219 695 1268 est.
731 1215 794 1267 Et
850 1218 1098 1268 mortuus
1145 1218 1224 1269 est
1278 1214 1382 1269 Dei
1438 1213 1636 1267 Filius.
1678 1212 1910 1265 Prorsus

251 1302 514 1357 credibile
561 1306 658 1369 est,
721 1304 850 1373 quia
900 1304 1149 1373 ineptum
1178 1305 1258 1356 est
1290 1318 1309 1361 ;
1342 1305 1393 1356 et
1421 1302 1689 1373 sepultus,
1721 1317 1911 1355 rosur-

252 1392 414 1446 rexit.
452 1390 676 1446 Certum
704 1399 797 1460 est,
831 1392 972 1460 quia
997 1389 1341 1461 impossibile
1366 1390 1469 1461 (De
1527 1392 1695 1445 Carn.
1746 1389 1905 1457 Chr.,

253 1496 372 1551 cap.
404 1479 488 1549 5).

322 1586 448 1640 Haec
483 1585 632 1640 satis
664 1590 861 1651 sunto,
893 1589 958 1640 ut
997 1590 1283 1656 quantum
1319 1586 1375 1639 in
1423 1586 1767 1657 exponenda
1800 1584 1910 1639 lide

258 1673 585 1745 dogmatica
619 1675 895 1744 prodesse
919 1675 1103 1745 possit
1126 1673 1527 1729 Tertullianus
1558 1676 1905 1730 innotescat.

258 1762 377 1817 Alia
417 1761 700 1833 perplura
743 1767 881 1817 sunt
940 1764 1217 1834 dogmata
1275 1779 1424 1833 quae,
1469 1764 1539 1818 ab
1588 1780 1653 1818 eo
1711 1764 1912 1817 eadem

260 1852 518 1906 ubertate
551 1857 779 1906 asserta
826 1869 891 1907 ac
926 1851 1165 1907 uberius
1223 1870 1256 1906 a
1314 1853 1653 1907 doctissimo
1708 1853 1773 1907 D.
1835 1852 1911 1908 Le

260 1944 483 2010 Nourry
514 1944 936 2005 commentata,
959 1941 1138 1995 habes
1163 1940 1221 1995 in
1256 1941 1504 2012 hujusce
1536 1942 1679 1997 torni
1702 1941 1908 1995 decur-

256 2045 322 2084 su
351 2029 569 2085 iterum
605 2029 665 2083 in
696 2028 884 2083 lucem
912 2030 1155 2100 prolata.

321 2145 507 2207 Quam
568 2144 803 2216 egregie
860 2147 1129 2215 recteque
1178 2144 1497 2216 Septimius
1565 2145 1912 2201 intellexerit

250 2250 441 2288 veram
477 2235 899 2305 sinceramque
929 2250 1183 2305 operosae.
1229 2239 1284 2289 et
1334 2234 1599 2306 practice
1633 2234 1767 2290 fidei
1803 2252 1908 2289 no-

251 2328 377 2377 stra;
411 2323 739 2389 notionem,
775 2323 923 2377 nihil
960 2324 1150 2394 magis
1210 2323 1378 2378 nobis
1445 2324 1702 2379 ostendit
1733 2340 1909 2395 quam

251 2412 624 2483 amplissima
674 2412 999 2484 disciplinae
1052 2412 1336 2484 liturgica:
1396 2413 1729 2484 descriptio,
1771 2430 1906 2468 con-

252 2499 509 2572 fertaque
544 2506 807 2557 veterum
855 2503 1078 2556 rituum
1110 2503 1297 2572 copia,
1349 2502 1407 2556 in
1454 2502 1729 2557 omnibus
1779 2504 1907 2571 ejus

253 2590 479 2661 scriptis
513 2589 757 2645 diffusa.
792 2594 933 2644 Cum
968 2589 1202 2645 maximi
1236 2590 1401 2661 pretii
1453 2590 1567 2645 sint
1597 2607 1726 2662 qua:
1757 2591 1908 2645 hanc

255 2679 574 2750 primorum
623 2679 972 2735 Sil-culorum
1006 2679 1379 2751 disciplinam
1431 2684 1605 2751 atque
1658 2697 1906 2736 consue-

254 2768 480 2823 tudines
512 2768 817 2833 exhibent,
840 2768 1070 2838 singula
1089 2769 1401 2823 ati‘eremus
1432 2785 1605 2839 quam
1637 2774 1908 2826 accurate

259 2854 525 2928 liturgioa
559 2858 937 2925 documenta,
970 2874 1096 2928 qua:
1138 2857 1195 2911 in
1227 2857 1492 2929 Septimii
1519 2860 1754 2931 scriptis
1785 2876 1905 2914 me-

258 2952 584 3001 morantur.

322 3061 388 3115 Et
419 3067 539 3116 uta
572 3062 871 3133 baptismo
900 3061 1220 3129 ordiamus,
1250 3066 1514 3119 vetustus
1564 3063 1657 3118 hic
1706 3066 1910 3119 doctor

254 3151 423 3205 tradit
447 3150 644 3222 primo
676 3150 801 3205 loco
834 3150 1125 3206 laboriosa
1154 3169 1330 3222 opera
1374 3158 1510 3207 ante
1541 3153 1899 3225 baptismum
1934 3156 1977 3223 ί]

255 3238 648 3311 suscipienda,
710 3240 944 3295 crebras
984 3241 1299 3306 orationes,
1323 3242 1573 3312 jejunio,
1608 3242 1905 3312 genicula-

254 3326 435 3382 tiones
459 3334 519 3383 et
550 3326 912 3399 pervigilias,
946 3345 1079 3383 cum
1148 3330 1515 3385 confessione
1574 3330 1777 3385 saltem
1811 3348 1902 3385 oc-

253 3416 401 3470 culta
424 3417 699 3472 omnium
740 3423 893 3471 retro
925 3422 1343 3489 peccatorum;
1401 3418 1610 3474 deinde
1656 3436 1782 3490 quas
1832 3421 1904 3475 ad

253 3505 627 3561 collationem
663 3505 937 3577 baptismi
960 3507 1309 3577 pertineant,
1331 3508 1545 3561 trinam
1578 3508 1905 3563 immersioo

254 3609 401 3660 nem,
436 3599 494 3649 et
537 3596 725 3649 trium
758 3595 1147 3651 sanctissimae
1188 3596 1491 3651 Trinitatis
1524 3613 1904 3668 personarum

253 3681 705 3748 invocationem,
730 3690 1022 3753 postremo
1054 3702 1182 3755 quae
1215 3686 1672 3756 subsequantur,
1700 3702 1907 3757 nempe

256 3774 589 3827 unctionem
626 3776 760 3844 post
787 3772 1103 3840 lavacrum,
1129 3774 1565 3846 impositionem
1600 3792 1902 3843 manuum,

256 3866 325 3927 et,
385 3866 451 3916 ut
508 3860 785 3933 pluribus
845 3864 1051 3917 merito
1101 3863 1289 3917 visum
1362 3868 1469 3931 est,
1530 3862 1905 3919 collationem

256 3950 508 4021 Spiritus
554 3951 747 4005 sancti
778 3967 880 4021 per
936 3952 1400 4006 conﬁrmationis
1451 3958 1903 4021 sacramentum,

254 4037 364 4093 imo
415 4044 475 4094 et
533 4039 913 4094 Eucharistiaa
978 4039 1487 4112 participationem
1538 4044 1645 4112 (Cf.
1699 4041 1799 4096 lib.
1844 4042 1908 4098 de

254 4130 580 4199 Baptismo).

316 4245 726 4301 Tertullianus
748 4245 1102 4317 peculiarem
1126 4251 1443 4303 tractatum
1469 4249 1539 4303 de
1560 4247 1909 4303 Poenitentia

257 4336 650 4402 concinnavit,
682 4336 995 4408 pulchrum
1029 4338 1172 4394 adeo
1209 4355 1275 4393 ac
1306 4336 1653 4409 elegantem,
1681 4343 1745 4394 ut
1775 4356 1908 4395 eum

255 4425 514 4480 nonnulli
562 4426 693 4481 ausi
726 4428 847 4481 sint
903 4427 1014 4499 ipsi
1067 4444 1374 4499 perperam
1432 4428 1787 4500 abjudicare,
1848 4430 1906 4483 in

2022 502 2226 557 neﬁcio
2258 504 2505 559 donatos
2529 505 2732 559 fuisse.

2092 610 2488 665 Hierarchiam
2523 610 2977 667 ecclesiasticam
3013 630 3044 666 a
3094 611 3261 668 laicis
3312 611 3670 681 distinctam,

2019 699 2195 752 variis
2226 700 2572 755 instructam
2593 701 3145 771 ordinibus,quibus
3169 719 3275 755 sua
3291 707 3431 756 sunt
3451 703 3675 770 munia,

2020 805 2245 859 suaque
2292 790 2526 861 propria
2560 792 2818 855 nomina,
2854 791 3008 861 apud
3043 792 3345 846 haereticos
3376 792 3675 846 disturba-

2019 882 2137 931 tam
2173 883 2273 931 aut
2295 879 2528 948 penitus
2584 879 2955 947 exstinctam,
3008 879 3421 935 inconcussam
3456 898 3587 935 vero
3620 885 3677 935 et

2020 967 2091 1019 ab
2115 967 2396 1037 apostolis
2430 968 2497 1021 ad
2536 984 2722 1038 usque
2753 970 3071 1023 novissima
3120 974 3383 1041 tempora
3433 971 3675 1041 perenni

2020 1055 2389 1110 successione
2421 1058 2572 1127 apud
2605 1057 2933 1112 Catholicos
2958 1058 3675 1128 servatam,Tertullianus

2019 1144 2237 1214 passim
2273 1148 2597 1214 profitetur,
2657 1164 2722 1200 ac
2782 1146 3101 1217 priesertim
3145 1147 3201 1199 in
3262 1164 3439 1202 aureo
3479 1148 3579 1203 illo
3613 1148 3677 1203 de

2018 1235 2531 1303 Praescriptionibus
2565 1235 2732 1299 libro,
2767 1252 2935 1303 quem
2997 1235 3142 1289 forte
3187 1236 3380 1290 adhuc
3411 1236 3667 1290 Catholi-

2019 1337 2122 1374 cus
2154 1322 2529 1392 conscripsit,
2580 1322 2697 1391 jam
2754 1340 2885 1377 vero
2946 1324 3301 1379 Montanista
3347 1324 3548 1390 edidit,
3606 1325 3664 1379 in

2016 1426 2128 1479 quo
2163 1410 2460 1465 haereticos
2493 1410 2580 1465 sui
2615 1412 2893 1482 temporis
2919 1408 3217 1483 suggillet,
3244 1412 3397 1483 quod
3434 1414 3673 1469 ordina-

2017 1498 2205 1553 tiones
2236 1516 2435 1554 eorum
2472 1501 2992 1567 temerariae,leves,
3024 1501 3674 1575 inconstantes,quippe

2018 1604 2151 1641 cum
2186 1588 2337 1643 alius
2371 1588 2543 1643 hodie
2576 1591 2669 1646 25
2735 1592 3035 1660 episcopus,
3086 1606 3215 1644 eras
3275 1590 3465 1645 alius:
3504 1591 3673 1646 hodie

2019 1677 2314 1744 diaconus,
2366 1679 2465 1749 qui
2507 1694 2635 1733 eras
2687 1680 2854 1734 lector
2906 1696 2926 1740 ;
2985 1678 3157 1734 hodie
3205 1680 3511 1751 presbyter,
3573 1681 3675 1751 qui

1945 1785 1992 1851 Β
2023 1781 2152 1820 eras
2174 1766 2379 1821 laicus.
2413 1768 2609 1837 (lbid.,
2635 1784 2685 1822 c.
2721 1769 2831 1838 41.)

2092 1873 2554 1939 Matrimonium,
2589 1891 2723 1929 cum
2773 1875 3044 1946 Apostolo
3071 1880 3234 1930 vocat
3266 1892 3546 1947 magnum
3582 1895 3673 1933 sa-

2020 1967 2388 2017 cramentum
2425 1980 2438 2030 ;
2496 1968 2558 2017 at
2586 1965 2759 2034 juxta
2819 1964 3118 2019 mrechiam
3152 1969 3201 2019 et
3245 1967 3673 2034 fornicationem

2020 2049 2186 2104 docet
2216 2054 2467 2121 reputari
2493 2053 2899 2123 conjunctiones
2920 2054 3187 2120 occultas,
3213 2070 3309 2107 nec
3332 2057 3498 2124 prius
3527 2055 3674 2125 apud

2017 2141 2321 2194 Eeclesiam
2342 2146 2630 2211 professas,
2688 2158 2787 2196 nec
2832 2142 2898 2195 ab
2948 2158 3191 2213 episcopo
3231 2144 3570 2213 presbyteris
3619 2149 3674 2198 et

2019 2228 2263 2283 diaconis
2289 2232 2627 2298 monogamis
2669 2230 2977 2301 postulatos
3020 2234 3120 2302 (De
3180 2231 3429 2301 Pudicit,
3489 2250 3538 2286 c.
3596 2234 3672 2303 4).

2018 2318 2410 2389 Cuiqueﬁillud
2448 2324 2683 2373 notum:
2719 2320 2868 2377 Unde
2906 2320 3255 2391 sufﬁciamus
3292 2321 3360 2375 ad
3391 2338 3670 2376 enarran-

2017 2405 2142 2459 dam
2220 2408 2537 2475 felicitatem
2618 2409 2737 2468 eius
2810 2412 3174 2479 matrimonii,
3233 2410 3371 2479 quod
3431 2410 3672 2465 Ecclesia

2017 2496 2281 2550 conciliat
2304 2500 2355 2550 et
2385 2496 2673 2565 conﬁrmat
2708 2498 2923 2552 oblatio
2957 2503 3008 2552 et
3052 2498 3303 2568 obsignat
3345 2497 3669 2564 benedictio,

2016 2586 2203 2654 angeli
2231 2587 2583 2656 renuntiant,
2618 2588 2782 2641 Pater
2812 2592 2935 2642 rato
2969 2587 3133 2644 habet
3161 2591 3185 2640 .9
3216 2588 3321 2659 (Ad
3372 2586 3478 2643 Ux.
3531 2585 3571 2641 l.
3604 2602 3668 2653 11,

2017 2688 2065 2727 c.
2099 2674 2176 2743 6.)

2090 2766 2214 2816 Haec
2248 2764 2482 2817 demum
2518 2765 2588 2819 de
2610 2780 2777 2835 prece
2831 2766 2952 2821 sive
2983 2766 3226 2837 privata,
3264 2767 3381 2821 sive
3412 2765 3664 2836 publica,

2019 2852 2087 2905 de
2110 2851 2291 2907 sacris
2325 2853 2664 2924 synaxibus,
2699 2871 2765 2909 ac
2792 2856 3091 2909 Dominica
3125 2872 3310 2912 cmna.
3358 2854 3667 2910 Tertullia-

2018 2958 2129 2995 nus
2162 2940 2371 2995 habet:
2407 2941 2726 2997 Christiani
2761 2945 3027 3010 orabant,
3062 2942 3272 2997 cmlum
3324 2942 3666 3021 suspicien-

2016 3033 2122 3098 tes,
2145 3030 2418 3102 expansis
2453 3031 2749 3094 manibus,
2784 3032 2840 3085 in
2877 3032 3091 3087 Christi
3138 3032 3295 3086 cruci
3353 3030 3507 3085 afﬁxi
3544 3046 3664 3085 mo-

2017 3120 2156 3173 dum
2193 3136 2259 3174 ac
2290 3121 2562 3189 formam,
2595 3120 2781 3191 capite
2840 3122 3020 3189 nudo,
3071 3120 3233 3175 vultu
3280 3136 3534 3190 voceque
3567 3120 3667 3174 de-

2018 3209 2219 3277 missa,
2280 3210 2349 3263 ad
2404 3211 2695 3265 Orientem
2760 3211 3020 3267 conversi
3090 3227 3103 3277 ;
3156 3214 3287 3265 ante
3346 3210 3664 3265 orationem

2014 3315 2227 3353 manus
2276 3299 2532 3364 abluere,
2584 3300 2854 3370 penulam
2928 3301 3239 3370 deponere,
3321 3299 3667 3369 plerumque

2015 3386 2167 3442 soliti
2196 3404 2209 3455 ;
2245 3386 2340 3440 alii
2374 3387 2526 3441 inter
2548 3388 2834 3442 orandum
2880 3388 3231 3457 assidentes,
3268 3388 3364 3443 alii
3387 3388 3496 3442 sub
3530 3403 3667 3441 con-

2016 3480 2217 3547 spectu
2244 3476 2359 3543 Dei,
2410 3475 2614 3548 angelo
2645 3477 2838 3533 adhuc
2870 3476 3151 3533 orationis
3183 3481 3395 3546 stante,
3428 3484 3581 3532 stare
3613 3479 3669 3530 et

2017 3564 2162 3636 ipsis
2222 3565 2579 3620 reverentius
2640 3567 3001 3622 aestimantes
3057 3584 3070 3634 ;
3132 3566 3377 3621 alternis
3426 3566 3663 3619 demum

2016 3654 2383 3709 Psalmorum
2412 3655 2683 3710 cantibus
2707 3660 2763 3710 et
2793 3655 3029 3727 hymnis
3063 3672 3190 3710 sese
3222 3658 3568 3721 recreantes,
3602 3668 3668 3707 ac

2017 3746 2145 3814 post
2179 3759 2403 3814 precem
2437 3744 2702 3798 osculum
2729 3746 2887 3816 pacis
2928 3762 3037 3800 non
3066 3744 3515 3811 subtrahentes;
3542 3741 3670 3797 sine

2018 3831 2325 3897 monitore,
2359 3832 2455 3903 qui
2487 3850 2622 3888 voce
2655 3834 2901 3905 praeiret,
2939 3835 3038 3889 sed
3091 3834 3159 3888 de
3216 3838 3448 3904 pectore
3494 3837 3670 3902 atque

2016 3919 2226 3974 intimo
2256 3921 2448 3975 cordis
2480 3923 2689 3976 affectu
2725 3923 3142 3993 deprecantes;
3195 3922 3287 3976 die
3336 3920 3476 3976 solis
3535 3936 3669 3975 cum

2016 4007 2215 4064 laetitia
2245 4011 2688 4079 convenientes;
2726 4016 2851 4065 tum
2900 4028 3196 4066 sacrorum
3259 4011 3546 4065 librorum
3590 4008 3671 4063 le-

2018 4097 2195 4153 ctioni
2220 4104 2533 4167 vacantes;
2569 4100 2786 4171 scripta
2826 4100 3002 4156 simul
3036 4100 3477 4172 prophetarum,
3512 4114 3670 4153 com-

2020 4188 2423 4258 mentariaque
2454 4190 2861 4257 Apostolorum
2924 4190 3273 4255 recitantes;
3318 4186 3671 4242 admonitio-

2018 4293 2152 4331 nem
2188 4277 2553 4348 praesidentis
2612 4279 2950 4345 audientes;
2990 4283 3117 4333 tum
3167 4275 3582 4348 castigationes
3615 4277 3673 4328 et

2019 4382 2329 4421 censuram
2362 4366 2622 4421 divinam
2643 4367 3019 4439 excipientes,
3053 4386 3086 4422 a
3136 4364 3671 4422 communicatione

2020 4455 2300 4510 orationis
2325 4460 2381 4511 et
2411 4461 2728 4512 conventus
2760 4462 2815 4512 et
2864 4456 3057 4511 omnis
3107 4456 3292 4511 sancti
3347 4452 3672 4509 commercii

256 4529 603 4618 “Tm”?
640 4515 995 4618 Wﬁmmia"
1042 4522 1177 4618 δῖηθ
1216 4516 1320 4618 “vel
1366 4522 1499 4618 poft
1540 4519 1907 4618 Paptismum
1939 4528 1986 4593 D
2020 4544 2498 4615 delinquentibus
2550 4546 2841 4615 relegatis.
2878 4546 3143 4618 Episcopi
3205 4545 3296 4600 his
3354 4543 3673 4617 synaxibus

258 4604 478 4673 publice
501 4606 847 4676 privatimve
904 4612 1147 4677 peractas
1181 4608 1329 4661 ritus
1390 4608 1745 4678 affectusque
1805 4625 1906 4679 ap-

260 4693 432 4760 prime
464 4694 770 4757 describit,
804 4696 888 4749 uti
922 4695 1297 4767 aliquatenus
1354 4696 1547 4751 videre
1588 4701 1675 4751 est
1733 4696 1905 4768 paulo

260 4779 418 4850 infra,
452 4783 555 4837 ubi
590 4783 661 4836 de
684 4783 1099 4855 exomologesi,
1133 4802 1256 4855 qua:
1278 4802 1405 4841 cum
1432 4786 1699 4857 provolvit
1730 4786 1904 4842 homi-

262 4886 390 4940 nem,
423 4873 613 4943 magis
662 4873 904 4933 relevat;
961 4889 1087 4927 cum
1143 4874 1458 4943 squalidum
1514 4876 1673 4943 facit,
1727 4876 1906 4943 magis

263 4958 573 5014 mandatum
624 4960 801 5015 reddit
836 4979 995 5027 ;cum
1041 4971 1277 5032 accusat,
1324 4968 1545 5018 excusat
1575 4982 1593 5024 ,'
1623 4980 1748 5018 cum
1777 4980 1903 5017 con-

264 5044 482 5119 demnat,
509 5050 762 5104 absolvit.
797 5051 898 5121 (De
931 5050 1133 5107 Pcnnit.
1169 5068 1217 5107 c.
1250 5054 1328 5119 9.)

324 5161 395 5217 De
452 5165 825 5220 Eucharistia
875 5167 1173 5223 disserens
1248 5168 1644 5224 Tertullianus
1728 5170 1907 5225 tradit

264 5250 612 5309 Christianos
645 5271 881 5310 summo
935 5272 1105 5311 mane
1165 5257 1470 5312 convenire
1528 5259 1904 5315 consuevisse

262 5338 321 5391 ad
352 5342 699 5413 mysterium
732 5344 841 5399 hoc
872 5345 1288 5401 celebrandum
1318 5365 1329 5414 ;
1365 5346 1546 5404 laicos
1606 5348 1675 5404 de
1709 5348 1904 5421 praesi-

267 5427 515 5487 dentium
542 5450 721 5488 manu
745 5439 1175 5491 sacramentum
1190 5436 1517 5509 sumpsisse
1540 5454 1552 5504 ;
1579 5437 1636 5492 in
1653 5436 1903 5509 propriis

270 5520 529 5576 manibus
562 5522 975 5594 accepisse;in
1023 5525 1289 5597 proprias
1348 5528 1554 5581 domos
1606 5525 1900 5581 intulisse.

271 5610 326 5660 ut
351 5608 568 5681 jejuni,
614 5611 725 5667 sub
779 5628 896 5668 una
942 5612 1135 5685 specie
1177 5614 1596 5688 participarent
1624 5632 1643 5671 :
1700 5629 1903 5671 recens

2018 4634 2431 4705 prazsidebant,
2470 4640 2525 4689 et
2555 4652 2753 4691 eorum
2810 4636 3183 4703 auctoritate,
3231 4632 3570 4705 prazsbyteri
3616 4635 3674 4685 et

2019 4722 2269 4791 diaconi,
2305 4723 2527 4795 probati
2564 4724 2753 4793 electi,
2786 4726 3022 4780 seniores
3055 4721 3418 4794 nuncupati;
3457 4739 3490 4776 a
3542 4720 3671 4791 qui-

2016 4810 2127 4865 bus
2176 4828 2279 4866 ncc
2325 4813 2395 4867 de
2446 4812 2690 4867 aliorum
2751 4830 2953 4881 manu,
3030 4812 3088 4867 in
3143 4817 3405 4882 tempore
3461 4810 3669 4876 victus,

2016 4901 2189 4955 etiam
2227 4899 2593 4957 antelucanis
2628 4902 2899 4968 emtibus,
2933 4900 3313 4956 Eucharistiaa
3344 4916 3675 4956 sacramen-

2015 4992 2136 5045 tum
2172 4990 2290 5046 sive
2322 4992 2699 5061 sumendum,
2736 4992 2854 5047 sive
2887 4990 3326 5056 reservandum,
3391 4996 3454 5044 ut
3516 4988 3673 5043 domi

2016 5084 2335 5146 sumerent,
2372 5080 2753 5151 excipiebant.
2790 5081 2966 5135 Erant
2998 5085 3053 5135 et
3084 5085 3292 5151 praeter
3323 5079 3474 5133 diem
3510 5078 3672 5148 solis,

2010 5166 2370 5238 jejuziiorum
2433 5174 2489 5224 et
2545 5170 2861 5225 stationum
2916 5171 3063 5238 dies,
3123 5170 3341 5240 quibus
3391 5167 3674 5239 prolixius

2017 5258 2282 5323 orabant,
2314 5275 2506 5329 genua
2542 5258 2843 5315 ﬂectentes
2866 5276 2998 5314 cum
3033 5258 3257 5330 reliquo
3315 5258 3675 5312 humilitatis

2017 5363 2197 5417 more,
2259 5349 2329 5402 ad
2391 5364 2553 5403 aram
2596 5348 2841 5416 diutius,
2877 5353 3113 5421 accepto
3144 5363 3384 5419 corpore
3416 5348 3670 5417 Domini,

2016 5440 2259 5493 stantes.
2293 5437 2471 5493 Erant
2526 5440 2582 5493 et
2614 5437 2767 5494 horae
2826 5438 2942 5494 diei
2998 5437 3402 5505 solemniores,
3463 5454 3674 5508 nempe

2013 5525 2205 5592 tertia,
2231 5530 2411 5593 sexta,
2444 5543 2617 5594 nona,
2652 5533 2862 5599 praeter
2896 5527 3187 5599 legitimas
3220 5528 3517 5583 orationes
3542 5542 3672 5596 quas

2013 5614 2283 5688 ingressu
2310 5615 2459 5672 lucis
2494 5621 2550 5672 et
2590 5616 2781 5673 noctis
2821 5617 3204 5687 debebantur,
3239 5617 3435 5672 cibum
3494 5617 3552 5668 et
3572 5611 3660 5665 la-
