4148 6188
384 346 459 403 2'1
1864 343 2306 404 ΡΒᾸΞΡΑΤΙΟ.
3719 340 3797 399 28

382 491 623 532 vacrum
658 473 861 545 praeire
891 473 1177 542 solebant,
1209 473 1547 547 vigiliisque
1578 476 2025 532 noctisinterci-
2056 479 2111 544 Α
2140 479 2211 534 de
2256 481 2541 549 patientia
2592 478 2825 547 virtute,
2871 478 2943 533 de
2989 493 3138 533 vano
3191 474 3497 531 mulierum
3546 474 3701 529 cultu
3746 477 3799 529 et

384 564 638 629 debent;
672 566 944 617 caterum
990 562 1138 616 nihil
1170 564 1408 618 omnino
1471 565 1876 637 praescriptum
1922 571 2031 636 est,

387 653 501 708 nisi
532 651 693 706 omni
724 652 781 705 in
807 656 1067 722 tempore
1099 657 1155 706 et
1193 652 1317 707 loco
1349 670 1533 708 orare.
1575 654 1728 709 Nihil
1759 671 1892 710 vero
1949 672 2038 711 ce-

384 740 606 797 lebrius
644 756 819 810 quam
853 757 985 794 cum
1026 758 1189 796 omna
1238 742 1301 795 fit
1359 759 1482 813 qua
1543 746 1723 815 Agape
1771 745 2033 812 dicitur;

389 850 502 887 non
538 830 701 903 prius
730 831 1123 885 discumbitur
1150 849 1324 901 quam
1357 834 1540 887 oratio
1584 834 1655 887 ad
1688 836 1861 889 Deum
1892 852 2036 905 pra-

391 925 695 992 gustetur;
721 920 932 986 editur,
968 924 1254 990 quantum
1285 922 1607 978 esurientes
1642 925 1910 995 frugique
1942 942 2036 979 ca-

391 1011 597 1082 piunt;
654 1008 897 1078 bibitur,
954 1015 1239 1080 quantum
1280 1011 1505 1081 pudicis
1562 1011 1701 1067 utile
1746 1019 1851 1068 est.
1904 1013 2040 1068 Post

391 1116 641 1165 orenam,
678 1115 826 1168 aqua
883 1098 954 1153 ad
995 1115 1206 1153 manus
1236 1099 1559 1156 abluendas
1590 1102 1927 1173 porrigitur,
1956 1102 2039 1156 lu-

394 1189 557 1245 mina
590 1189 659 1243 ad
696 1205 883 1259 usque
932 1187 1122 1243 lucem
1179 1189 1293 1244 diei
1340 1192 1858 1259 accendebantur;
1912 1198 2037 1248 tum

395 1284 623 1334 remota
654 1294 877 1344 mensa,
905 1277 1315 1347 unusquisque
1335 1280 1405 1334 ad
1442 1279 1725 1351 hymnum
1758 1281 2037 1352 aliquem,

395 1374 498 1423 aut
528 1368 907 1437 desumptum
938 1382 1007 1421 ex
1027 1365 1328 1438 Scriptura
1348 1372 1678 1441 sancta,aut
1707 1370 1778 1425 de
1807 1370 2041 1441 prOprio

389 1456 624 1527 ingenio
656 1454 939 1524 elicitum,
1002 1454 1059 1509 in
1101 1455 1281 1510 totius
1339 1473 1651 1513 consessus
1708 1464 1763 1514 et
1819 1476 2041 1514 corona

388 1545 577 1601 medio
610 1545 962 1609 canendum,
984 1550 1364 1615 provocatur:
1392 1556 1513 1601 tum
1546 1549 1816 1618 precibus
1848 1553 2041 1621 grates

394 1636 513 1691 Deo
575 1636 928 1702 referuntur,
990 1638 1044 1688 et
1094 1634 1228 1688 inde
1285 1634 1600 1691 disceditur
1655 1638 1726 1693 ad
1775 1640 2040 1693 eamdem

394 1742 595 1779 curam
629 1723 927 1778 modestia
958 1728 1015 1778 et
1047 1723 1360 1794 pudicitia,
1395 1726 1495 1796 qui
1526 1744 1640 1781 non
1672 1731 1793 1782 tam
1819 1744 2041 1783 coenam

395 1816 770 1878 coenaverint,
807 1830 982 1883 quam
1033 1812 1425 1883 disciplinam.
1479 1819 1640 1870 Hanc
1698 1816 1950 1871 hostiam
1974 1817 2044 1871 de

395 1903 567 1958 corde
618 1902 903 1967 devotam,
966 1901 1077 1954 ﬁde
1144 1906 1392 1972 pastam,
1460 1905 1701 1960 veritate
1757 1911 2040 1977 curatam,

398 1992 498 2047 26
528 1990 865 2045 innocentia
894 1990 1204 2061 integram,
1238 1993 1505 2047 castitate
1536 1996 1840 2066 mundam,
1860 2012 2043 2067 agape

398 2085 756 2144 coronatam,
789 2096 921 2134 cum
974 2096 1189 2150 pompa
1246 2097 1486 2151 operum
1529 2084 1839 2154 bonorum,
1891 2086 2045 2139 inter

399 2169 659 2241 psalmos
691 2176 747 2222 et
766 2167 1014 2240 hymnos
1045 2169 1354 2225 deductam
1385 2172 1455 2225 ad
1488 2173 1589 2227 Dei
1623 2173 1824 2241 altare,
1847 2174 2045 2229 omnia

399 2276 432 2313 a
460 2261 568 2314 Deo
592 2258 1063 2328 impetraturam.
1096 2257 1409 2313 Christiani
1441 2263 1793 2317 mactabant.

472 2364 743 2419 Strictius
776 2380 840 2418 ac
875 2363 1085 2417 festino
1118 2365 1260 2435 pede
1283 2369 1589 2437 cujusnam
1624 2370 1700 2424 sit
1728 2387 1868 2426 usus
1902 2372 2043 2426 Ter-

397 2451 631 2509 tulliani
664 2452 721 2507 in
785 2470 844 2507 re
898 2453 1103 2507 morali
1134 2459 1190 2508 et
1221 2456 1492 2523 ascetica,
1528 2462 1591 2512 ut
1638 2461 2044 2531 promisimus,

400 2544 720 2613 carpimus.
798 2541 956 2596 Illico
1032 2559 1098 2596 ac
1156 2543 1342 2614 primo
1408 2546 1830 2617 explorandum
1898 2549 2047 2604 foret

404 2632 649 2702 quinam
682 2630 955 2701 qualesve
987 2632 1204 2686 fuerint
1233 2632 1695 2691 Christianorum
1731 2655 1944 2693 mores.
1968 2641 2047 2693 Ea

397 2719 700 2790 disciplina
728 2721 1021 2789 patientia
1041 2721 1249 2777 divina
1276 2740 1437 2792 agere
1464 2742 1579 2790 nos,
1604 2728 1795 2797 inquit
1818 2728 2043 2795 Noster,

396 2811 530 2864 satis
552 2810 909 2878 manifestum
965 2826 1078 2864 esse
1106 2811 1251 2866 vobis
1275 2817 1471 2882 potest,
1504 2831 1630 2870 cum
1686 2822 1841 2871 tanta
1871 2819 2046 2872 homi—

400 2914 532 2952 num
553 2897 867 2965 multitudo,
914 2914 1046 2968 pars
1100 2916 1241 2969 pene
1270 2903 1447 2974 major
1491 2906 1738 2961 civitatis
1762 2908 2046 2978 cujusque,

397 2987 457 3039 in
513 2984 740 3040 silentio
780 2994 835 3041 et
888 2987 1155 3041 modestia
1200 2992 1434 3060 agimus,
1491 2996 1703 3062 singuli
1747 2999 1890 3066 forte
1934 2998 2051 3051 noti

399 3077 578 3145 magis
599 3092 759 3147 quam
793 3091 1012 3143 omnes;
1044 3093 1140 3132 nec
1169 3079 1392 3135 aliunde
1441 3085 1745 3152 noscibiles,
1791 3103 1956 3155 quam
1985 3086 2051 3140 de

396 3165 779 3219 emendatione
810 3166 1069 3221 vitiorum
1090 3168 1189 3238 (Ad
1215 3168 1474 3240 Scapu1.,
1500 3189 1548 3226 c.
1581 3174 1660 3244 2).

468 3271 600 3325 Jam
642 3287 776 3326 vero
809 3277 1029 3343 quanta
1083 3273 1547 3334 Christianorum
1606 3280 1860 3337 charitas
1920 3300 2044 3354 qua

397 3360 491 3415 vel
544 3360 811 3415 ethnicos
884 3361 943 3414 in
1004 3362 1452 3424 admirationem
1512 3371 1699 3441 rapit:
1763 3372 1904 3438 Vide,
1957 3372 2050 3426 in-

399 3451 616 3521 quiunt,
650 3454 707 3504 ut
740 3452 974 3505 invicem
1004 3468 1061 3507 se
1102 3453 1371 3523 diligunt,
1411 3468 1463 3512 et
1523 3463 1582 3514 ut
1628 3476 1725 3531 pro
1779 3461 2051 3517 alterutro

400 3541 545 3594 mori
590 3541 702 3594 sint
746 3543 941 3611 parati
972 3546 989 3595 !
1028 3543 1138 3614 Ipsi
1208 3547 1356 3600 enim
1404 3548 1619 3604 ethnici
1676 3550 1744 3605 ad
1797 3551 2054 3607 occiden-

401 3629 534 3683 dum
578 3630 911 3684 alterutrum
961 3633 1266 3701 paratiores
1328 3636 1591 3708 (Apolog.
1650 3640 1759 3707 39).
1825 3642 2054 3705 Quanta

406 3719 727 3789 conjugum
800 3718 1263 3776 Christianorum
1327 3725 1589 3793 castitas,
1671 3733 1727 3783 et
1784 3728 2051 3784 calibum

405 3806 727 3862 multorum
787 3807 1113 3878 integritas,
1172 3816 1228 3865 et
1308 3812 1603 3885 virginum
1673 3817 2051 3874 innocentia!

405 3896 545 3965 Quid
576 3897 725 3951 enim
755 3897 971 3966 insigne
988 3901 1355 3971 praeferimus,
1393 3905 1507 3958 nisi
1538 3908 1779 3977 primam
1837 3911 2056 3979 sapien-

405 3986 563 4052 tiam,
597 4002 701 4055 qua
747 3986 952 4056 frivola
1006 3987 1267 4046 humana
1312 4008 1510 4047 manus
1548 4011 1710 4065 opera
1763 4013 1874 4052 non
1928 3998 2058 4053 ado-

407 4090 637 4141 ramus;
668 4076 1084 4148 abstinentiam,
1107 4094 1215 4149 qua
1237 4080 1304 4133 ab
1328 4081 1504 4138 alieno
1526 4088 1897 4156 temperamus
1920 4105 2057 4159 ;pu-

407 4164 679 4231 dicitiam,
705 4181 869 4235 quam
898 4181 996 4220 nec
1032 4169 1202 4221 oculis
1231 4174 1708 4237 contaminamus;
1738 4178 2055 4231 misericor-

408 4254 583 4317 diam,
607 4270 721 4324 qua
742 4270 910 4325 super
941 4255 1253 4329 indigentes
1271 4261 1583 4329 ﬂectimur;
1631 4266 1807 4336 ipsam
1854 4268 2057 4322 verita-

406 4346 536 4407 tem,
599 4360 714 4411 qua
765 4343 1092 4413 offendimus
1128 4362 1150 4407 ;
1193 4348 1370 4418 ipsum
1431 4352 1755 4419 libertatem,
1819 4372 1923 4427 pro
1954 4374 2061 4427 qua

411 4432 557 4485 mori
586 4433 838 4486 novimus
860 4437 878 4487 Ι
908 4433 1057 4501 (Lib.
1086 4453 1122 4501 Ι,
1158 4438 1227 4491 ad
1251 4438 1516 4506 Nation.,
1552 4460 1600 4496 c.
1626 4444 1952 4515 4.)Cuinam
1973 4446 2061 4499 in-

409 4518 678 4575 auditum
711 4524 800 4574 est
832 4537 1010 4591 quam
1044 4523 1253 4581 invicte
1286 4528 1684 4587 Tertullianus
1721 4550 1853 4589 cum
1895 4533 2059 4588 Chri-

411 4608 741 4664 stianorum
776 4610 1039 4666 moribus
1088 4614 1347 4671 conferat
1394 4618 1879 4693 philosophorum
1912 4641 2061 4695 pra-

412 4696 783 4753 stantissima
870 4701 1134 4771 exempla
1201 4707 1520 4779 modestia,
1581 4712 2059 4782 aquanimitatis,

415 4787 574 4854 fidei,
628 4786 1026 4858 simplicitatis
1099 4791 1343 4863 (Apolog.
1422 4812 1557 4869 cap.
1600 4800 1688 4870 46)
1731 4802 1759 4855 ?
1816 4803 2064 4859 Cateras

412 4876 567 4931 inter
599 4875 1063 4934 Christianorum
1099 4882 1343 4939 virtutes
1384 4887 1636 4943 maxime
1672 4891 1913 4946 emicuit
1946 4902 2064 4949 tam

414 4964 619 5021 sedula
662 4983 836 5036 quam
887 4967 1035 5023 dura
1088 4971 1452 5041 jejuniorum
1511 4978 1897 5051 observantia,
1951 4999 2070 5053 qua

415 5071 530 5109 non
566 5055 762 5110 minus
802 5074 979 5126 quam
1014 5059 1143 5115 aliis
1194 5063 1512 5120 virtutibus
1562 5070 1634 5122 ab
1683 5070 1934 5127 ethnicis
1986 5073 2068 5127 di-

417 5144 786 5233 screpabant.
841 5146 955 5201 Nec
1001 5148 1072 5204 iis
1130 5151 1273 5208 satis
1344 5155 1453 5209 fuit
1534 5174 1648 5212 non
1713 5160 1903 5215 solum
1962 5179 2069 5233 pu-

418 5231 588 5286 blicis
620 5232 675 5285 in
713 5232 1171 5305 calamitatibus,
1208 5243 1306 5296 sed
1350 5244 1481 5301 aliis
1506 5247 1683 5303 etiam
1709 5249 1917 5305 diebus
1950 5231 2068 5306 tiam

421 5337 618 5375 severa
643 5328 993 5395 austeraque
1033 5329 1402 5399 jejuniorum
1460 5337 1868 5395 observatione
1923 5342 2071 5396 iram

419 5410 519 5464 Dei
546 5410 798 5481 placare,
824 5416 925 5469 sed
959 5418 1020 5470 in
1049 5435 1200 5476 sacco
1230 5425 1427 5494 etiam,
1462 5428 1544 5481 ait
1572 5428 1990 5499 Tertullianus,
2023 5434 2075 5485 et

419 5500 607 5591 cinere
634 5502 968 5591 (volutantes,
1002 5508 1213 5565 invidia
1265 5515 1458 5569 calum
1490 5516 1772 5572 tundimus
1826 5520 2071 5591 (Apolog,

423 5606 549 5679 cap.
588 5590 696 5661 40).
721 5591 845 5647 Huc
875 5594 1178 5655 referenda
1208 5601 1398 5658 forent
1427 5603 1824 5676 pulcherrima
1863 5624 1989 5679 qua
2014 5590 2075 5664 in

420 5678 592 5735 libris
626 5679 979 5751 specialibus
1017 5689 1395 5759 Iconcinnavit
1424 5691 1630 5749 Noster
1677 5694 1748 5750 de
1805 5678 2073 5765 oratione,

2141 575 2492 639 ornamento,
2527 569 2599 623 de
2629 567 2833 622 illicita
2871 567 3303 637 spectaculorum
3350 563 3695 634 frequentia,
3728 564 3799 618 de

2144 658 2462 712 idololatria
2488 664 2544 712 et
2572 657 2751 712 variis
2783 657 3046 726 ejusdem
3081 655 3411 727 speciebus,
3432 655 3503 709 de
3533 654 3801 725 martyrii

2145 764 2261 818 pra
2285 747 2559 803 omnibus
2591 746 2981 802 excellentiori
3006 744 3511 817 magnanimitate.

2218 856 2341 921 His,
2398 854 2690 910 coronidis
2746 855 2954 920 instar,
3009 854 3396 909 adnectantur
3466 850 3681 907 selecta
3734 867 3801 905 ex

2146 944 2489 999 Tertulliani
2522 945 2798 1015 operibus
2834 943 3083 998 ascetica
3113 944 3485 999 documenta.

2221 1054 2569 1109 Christianus
2614 1057 2789 1108 Deum
2828 1058 3001 1120 timet,
3050 1067 3158 1106 non
3189 1049 3455 1105 homines.
3480 1080 3548 1089 -—
3581 1071 3611 1098 «
3659 1048 3797 1115 Nos,

2149 1142 2250 1213 qui
2278 1142 2389 1196 sub
2438 1147 2548 1197 Deo
2615 1142 2881 1197 omnium
2940 1140 3307 1212 speculatore
3357 1137 3800 1210 dispungimur,

2149 1232 2366 1301 quique
2399 1235 2673 1285 aternam
2696 1231 2767 1285 ab
2801 1247 2866 1286 eo
2893 1246 3122 1301 poenam
3157 1228 3555 1302 providemus,
3587 1228 3798 1281 merito
3842 1262 3845 1263 ν

2150 1318 2260 1375 soli
2292 1320 2636 1375 innocentia
2676 1319 3061 1385 occurrimus,
3104 1323 3160 1373 et
3190 1334 3292 1389 pro
3324 1316 3579 1372 scientia
3613 1314 3798 1387 pleni-

2150 1410 2375 1477 tudine,
2398 1415 2456 1465 et
2488 1426 2591 1481 pro
2618 1408 2977 1465 latebrarum
3011 1406 3376 1470 difﬁcultate,
3427 1409 3484 1460 et
3528 1420 3631 1475 pro
3678 1420 3799 1459 ma-

2152 1499 2462 1570 gnitudine
2496 1497 2810 1563 cruciatus,
2843 1513 2961 1552 non
2998 1494 3284 1564 diuturni,
3338 1509 3534 1547 verum
3591 1491 3801 1562 sempi-

2152 1588 2324 1655 terni,
2355 1605 2488 1643 eum
2520 1587 2818 1654 timentes,
2854 1602 3026 1657 quem
3057 1586 3265 1639 timere
3296 1583 3529 1638 debebit
3556 1590 3611 1637 et
3653 1581 3798 1652 ipse,

2152 1679 2252 1748 qui
2280 1678 2558 1732 timentes
2582 1676 2848 1747 judicat;
2883 1676 3087 1743 Deum,
3132 1691 3246 1729 non
3298 1669 3703 1745 proconsulem
3730 1668 3799 1722 ti-

2153 1771 2379 1822 mentes
2409 1766 2728 1837 (lnApotog.
2765 1766 3021 1836 cap.45).
3060 1785 3086 1812 ››

2074 1854 2121 1918 Β
2222 1876 2360 1929 Deus
2417 1874 2484 1929 ad
2534 1874 2919 1943 paenitentiam
2969 1870 3225 1940 impellit.
3260 1899 3326 1908 —
3366 1890 3395 1917 ‹‹
3452 1871 3673 1921 Bonum
3715 1866 3803 1919 est

2152 1964 2453 2035 poenitere,
2489 1980 2561 2018 an
2593 1980 2706 2017 non
2730 1963 2756 2017 Ὺ
2794 1960 2940 2023 Quid
2978 1958 3223 2014 revolvis
3252 1958 3279 2012 ‘t
3310 1961 3460 2011 Deus
3519 1953 3797 2027 praecipit.

2149 2054 2222 2107 At
2269 2053 2483 2107 etenim
2543 2051 2638 2106 ille
2692 2067 2805 2105 non
2856 2048 3115 2121 pracipit
3170 2050 3421 2112 tantum,
3478 2045 3579 2099 sed
3626 2043 3797 2098 etiam

2154 2142 2437 2196 hortatur.
2463 2140 2677 2197 Invitat
2720 2139 2956 2211 pramio
3008 2136 3295 2202 salutem;
3330 2136 3563 2205 jurans,
3620 2132 3794 2188 etiam

2151 2231 2511 2298 vivodicens,
2563 2229 2722 2301 cupit
2753 2227 2909 2283 credi
2968 2228 3063 2283 27
3127 2225 3257 2280 sibi.
3316 2223 3359 2278 Ο
3408 2224 3609 2278 beatos
3670 2237 3797 2289 nos,

2154 2337 2404 2392 quorum
2432 2336 2610 2375 causa
2650 2324 2801 2373 Deus
2838 2314 3032 2387 jurat!
3075 2314 3117 2369 Ο
3170 2313 3549 2382 miserrimos,
3598 2310 3645 2366 si
3697 2326 3801 2364 nec

2146 2410 2375 2481 juranti
2396 2409 2644 2464 Domino
2673 2405 2971 2462 credimus
3007 2404 3135 2473 (lib.
3184 2402 3250 2456 de
3279 2402 3475 2455 Paznit.
3510 2415 3635 2469 cap.
3671 2398 3797 2463 4).»

2221 2520 2575 2572 Peccatorem
2606 2514 2674 2568 ad
2702 2529 2755 2568 se
2802 2514 3166 2567 revertentem
3202 2509 3341 2562 Deus
3372 2507 3604 2573 benigne
3626 2503 3800 2557 susci-

2153 2609 2251 2677 pit.
2286 2637 2354 2645 —
2377 2626 2405 2656 «
2437 2605 2577 2669 Quis
2600 2602 2696 2657 ille
2744 2600 2914 2656 nobis
2949 2596 3366 2670 intelligendus
3398 2595 3567 2649 Pater
3592 2594 3619 2647 ‘?
3645 2595 3799 2647 Dens

2156 2694 2407 2760 scilicet;
2433 2698 2554 2747 tam
2589 2693 2751 2747 Pater
2801 2706 2990 2755 nemo,
3026 2692 3144 2743 tam
3196 2686 3330 2758 pius
3362 2700 3555 2739 nemo.
3590 2683 3643 2737 Is
3664 2697 3801 2752 ergo

2154 2788 2211 2839 te
2241 2783 2427 2837 filium
2463 2798 2662 2849 suum,
2686 2780 2795 2836 etsi
2859 2783 3162 2850 acceptum
3201 2776 3272 2831 ab
3331 2791 3396 2830 eo
3442 2768 3800 2844 prodegeris,

2156 2872 2482 2929 etsinudus
2500 2870 2767 2940 redieris,
2792 2868 3054 2939 recipiet,
3112 2864 3251 2936 quia
3300 2861 3543 2919 redisti:
3584 2857 3801 2929 magis-

2159 2979 2271 3035 que
2294 2962 2363 3016 de
2399 2976 2668 3032 regressu
2700 2964 2821 3027 tuo,
2849 2972 3026 3028 quam
3081 2954 3152 3008 de
3209 2951 3451 3006 alterius
3490 2947 3807 3004 sobrietate

2157 3051 2467 3107 latabitur.
2492 3050 2601 3105 Sed
2638 3048 2687 3102 si
2712 3048 2983 3119 poeniteat
3040 3058 3107 3096 ex
3157 3039 3421 3095 animo...
3482 3036 3529 3091 si
3576 3049 3805 3107 porcos,

2157 3140 2533 3194 immundum
2566 3135 2862 3205 relinquas
2892 3147 3092 3203 pecus,
3125 3129 3175 3183 si
3206 3134 3430 3199 patrem
3456 3129 3683 3195 repetas
3718 3121 3807 3176 vel

2077 3228 2118 3293 C
2159 3231 2466 3294 offensum,
2527 3226 2766 3296 Deliqui,
2819 3222 3044 3286 dicens,
3092 3219 3285 3284 Pater,
3340 3231 3441 3270 nec
3469 3214 3669 3285 dignus
3716 3226 3809 3282 ego

2150 3319 2271 3390 jam
2300 3316 2481 3373 vocari
2503 3321 2653 3369 tuus.
2686 3315 2935 3366 Tantum
2962 3308 3176 3363 relevat
3223 3304 3511 3360 confessio
3578 3300 3812 3357 delicto-

2161 3423 2307 3475 rum,
2339 3408 2624 3476 quantum
2684 3397 3081 3455 dissimulatio
3139 3398 3465 3466 exaggerat.
3502 3388 3802 3447 Confessio

2160 3496 2316 3551 enim
2348 3490 2766 3549 satisfactionis
2785 3486 3101 3544 consilium
3128 3489 3237 3551 est,
3264 3481 3659 3538 dissimulatio
3677 3495 3810 3535 con-

2160 3583 2431 3640 tumacia
2467 3580 2716 3654 (Ibidem,
2742 3595 2873 3650 cap.
2914 3577 2988 3645 8).

2234 3714 2261 3742 ‹‹
2295 3689 2702 3760 Exomologesis
2726 3681 3134 3758 prosternendi
3167 3684 3221 3736 et
3252 3677 3681 3734 humiliﬁcandi
3714 3676 3814 3730 ho-

2166 3780 2343 3837 minis
2402 3776 2713 3848 disciplina
2771 3779 2878 3842 est,
2940 3769 3439 3828 conversationem
3498 3766 3815 3836 injungens

2165 3866 2579 3925 misericordia
2600 3864 2838 3919 illicem.
2862 3868 2936 3918 De
2969 3862 3097 3932 ipso
3127 3874 3354 3930 quoque
3403 3855 3607 3910 habitu
3641 3859 3815 3924 atque

2163 3960 2318 4015 victu
2366 3956 2627 4022 mandat,
2677 3970 2846 4010 sacco
2896 3956 2953 4006 et
3011 3947 3191 4005 cineri
3251 3946 3549 4011 incubare,
3602 3957 3814 4012 corpus

2167 4048 2442 4105 sordibus
2469 4047 2803 4109 obscurare,
2839 4040 3105 4097 animum
3164 4034 3512 4092 maeroribus
3543 4031 3814 4102 dejicere,

2166 4137 2266 4193 illa
2296 4153 2424 4208 qua
2456 4133 2731 4206 peccavit,
2770 4130 2918 4186 tristi
2968 4126 3312 4184 tractatione
3344 4126 3568 4179 mutare
3604 4138 3616 4188 ;
3652 4124 3815 4175 cate-

2168 4243 2299 4281 rum
2334 4229 2565 4297 pastum
2623 4227 2679 4278 et
2725 4224 2929 4293 potum
2989 4234 3137 4289 pura
3169 4230 3360 4281 nosse,
3424 4228 3544 4267 non
3600 4208 3819 4265 ventris

2170 4316 2413 4383 scilicet,
2447 4313 2548 4369 sed
2581 4312 2789 4368 anima
2814 4322 3025 4364 causa:
3089 4304 3436 4377 plerumque
3482 4316 3615 4355 vero
3657 4299 3814 4369 jeju-

2171 4406 2285 4461 niis
2318 4419 2517 4476 preces
2551 4401 2725 4464 alere,
2757 4396 3162 4469 ingemiscere,
3208 4389 3535 4462 lacrymari,
3598 4392 3653 4442 et
3698 4402 3823 4440 mu-

2173 4497 2296 4569 gire
2329 4492 2452 4547 dies
2481 4495 2803 4559 noctesque
2829 4487 2901 4541 ad
2924 4483 3239 4540 Dominum
3266 4479 3446 4534 Deum
3478 4482 3667 4544 tuum,
3700 4490 3826 4545 pre-

2092 4603 2138 4667 Ι)
2172 4562 2422 4656 sbyteris
2454 4578 2699 4667 advolvi,
2733 4581 2790 4631 et
2820 4573 3013 4630 charis
3044 4570 3142 4627 Dei
3177 4564 3597 4667 adgenicular’i,
3621 4562 3824 4664 .omni-

2172 4654 2283 4730 bus
2314 4670 2590 4726 fratribus
2622 4664 2938 4738 legationes
2962 4656 3390 4733 deprecationis
3416 4671 3533 4710 sua
3551 4654 3825 4724 injunge-

2174 4779 2235 4818 re
2266 4760 2514 4833 (Ibidem,
2548 4774 2597 4815 c.
2621 4758 2697 4827 9).

2248 4869 2495 4927 Ridenda
2522 4864 2873 4938 poenitentia,
2936 4874 3062 4931 quae
3108 4856 3341 4913 delicias
3371 4870 3483 4909 non
3512 4852 3723 4924 objicit.
3755 4877 3825 4893 —-

2183 4984 2204 5012 α
2239 4959 2489 5030 Adjicito
2510 4958 2582 5013 ad
2610 4959 2939 5027 sumptum,
2983 4947 3307 5020 conquirito
3357 4944 3614 5001 altilium
3665 4957 3830 4997 enor-

2180 5067 2334 5107 mem
2369 5049 2653 5119 saginam,
2678 5046 2952 5101 defacato
2987 5041 3350 5097 senectutem
3383 5034 3541 5089 vini:
3577 5047 3832 5102 cumque

2180 5118 2679 5212 quiinterrogarit
2708 5133 2944 5190 cuinam
2996 5146 3061 5184 ea
3111 5125 3400 5195 largiaris,
3450 5120 3700 5193 Deliqui,
3752 5118 3835 5174 di-

2182 5209 2315 5298 cito,
2350 5230 2409 5283 in
2459 5235 2664 5296 Deum,
2719 5228 2776 5280 et
2823 5219 3119 5293 periclitor
3176 5217 3234 5269 in
3284 5220 3566 5268 aternum
3624 5209 3831 5285 perire.

2184 5320 2383 5388 Itaque
2416 5335 2572 5372 nunc
2630 5314 2853 5384 pendeo
2914 5313 2972 5364 et
3004 5308 3357 5363 maceror-et
3405 5302 3722 5365 excrucior,
3771 5301 3833 5351 ut

2185 5415 2365 5463 Deum
2399 5383 2766 5461 reconciliem
2818 5399 2985 5466 mihi,
3036 5412 3211 5468 quem
3270 5393 3660 5465 delinquendo
3709 5383 3831 5439 Iasi

2185 5496 2341 5569 (Ibid.
2375 5513 2503 5568 cap.
2539 5495 2647 5565 ll).
2682 5515 2710 5541 »

2258 5606 2566 5661 Christiano
2596 5601 2837 5658 mundus
2863 5597 3139 5653 estinstar
3165 5594 3417 5650 carceris.
3442 5619 3504 5630 —
3526 5609 3554 5638 «
3577 5583 3634 5639 Si
3666 5597 3831 5638 reco-

2187 5694 2447 5768 gitemus
2495 5694 2693 5766 ipsum
2755 5686 2946 5761 magis
2997 5684 3286 5743 mundum
3334 5690 3622 5736 carcerem
3679 5686 3830 5742 esse,
