4148 6188
306 322 375 379 29
1786 332 2228 393 ΡΗᾸΕΡΑΤΙΟ.
3617 329 3696 386 30

308 455 484 510 exiisse
513 469 618 509 vos
651 470 681 509 e
712 470 962 521 carcere,
997 472 1173 527 quam
1226 458 1286 512 in
1318 474 1609 517 carcerem
1641 461 1937 535 introisse,
1969 476 2022 542 Α
2054 465 2295 520 noribus
2350 464 2625 520 omnibus
2676 462 2855 519 simul
2903 468 2958 518 et
3008 458 3434 517 ornamentis...
3467 461 3698 524 Quanta

306 542 701 615 intelligemus.
725 544 972 614 Majores
994 546 1262 601 tenebras
1296 548 1470 604 habet
1501 552 1781 622 mundus,
1809 570 1936 625 quae

304 633 593 688 hominum
643 634 959 705 praecordia
987 645 1306 704 excaecant;
1357 639 1663 709 graeviores
1705 646 1939 698 catenas

303 722 480 777 induit
523 724 807 791 mundus,
842 741 967 796 quis
1000 725 1158 796 ipsas
1205 726 1435 782 animas
1464 728 1769 785 hominum
1804 749 1938 786 con-

302 812 586 884 stringunt
612 831 624 881 ;
669 814 900 885 pejores
929 813 1341 871 immunditias
1372 819 1629 889 exspirat
1658 823 1939 888 mundus,

298 899 560 957 libidines
591 902 924 958 hominum.
958 903 1163 959 Plures
1192 910 1486 977 postremo
1522 911 1780 965 mundus
1813 928 1941 966 reos

297 992 565 1057 continet,
597 991 821 1047 scilicet
842 992 1183 1049 universum
1219 995 1521 1051 hominum
1543 1014 1749 1069 genus.
1773 1000 1940 1055 Judi-

296 1080 375 1135 cia
404 1081 653 1152 denique
684 1098 800 1136 non
834 1084 1227 1154 proconsulis,
1262 1086 1363 1141 sed
1396 1086 1501 1142 Dei
1527 1088 1784 1145 sustinet
1815 1089 1939 1161 (lib.

295 1170 361 1225 ad
388 1171 642 1242 Martyr.,
675 1187 800 1241 cap.
832 1174 909 1240 2).
944 1195 973 1223 »

363 1286 640 1358 Exemplo
675 1287 889 1343 Christi
915 1289 1330 1346 contemnendae
1350 1290 1583 1347 divitiae.
1620 1324 1687 1333 -—
1718 1293 1945 1349 «Omni

300 1392 434 1448 pene
461 1377 523 1431 in
558 1375 682 1431 loco
715 1376 784 1431 de
806 1380 1232 1433 contemnendo
1257 1380 1470 1435 saeculo
1499 1382 1816 1455 Scripturis
1838 1383 1945 1437 do-

300 1466 525 1521 minicis
541 1470 968 1522 commonetur.
988 1467 1103 1523 Nec
1122 1468 1309 1539 major
1325 1471 1397 1524 ad
1412 1472 1671 1542 pecunia:
1690 1478 1947 1528 contem-

300 1562 452 1629 ptum
488 1556 818 1611 exhortatio
866 1557 1155 1627 subjacet,
1205 1575 1383 1629 quam
1416 1562 1569 1631 quod
1602 1563 1726 1633 ipse
1758 1564 1947 1617 Domi-

302 1661 403 1699 nus
430 1645 490 1697 in
546 1644 683 1698 ullis
728 1645 950 1699 divitiis
999 1645 1328 1716 invenitur;
1384 1666 1615 1722 semper
1665 1668 1949 1723 pauperes

291 1733 589 1804 justiﬁcat,
626 1732 834 1789 divites
866 1735 1247 1806 predamnat.
1276 1738 1362 1791 Ita
1393 1738 1810 1795 detrimentum
1844 1758 1943 1812 pa-

2050 553 2334 609 conl‘essio
2368 562 2452 609 est
2484 554 2647 609 malae
2681 554 2784 619 rei,
2818 553 2987 623 cujus
3021 556 3287 606 auctores
3321 566 3496 621 quam
3530 564 3699 603 acce-

2050 644 2301 715 ptissimi
2334 644 2457 699 sine
2490 648 2626 698 nota
2656 660 2772 697 non
2804 638 2973 697 sunt!
3012 664 3032 690 ιν
3072 639 3252 709 (Ibid.,
3286 656 3411 709 cap.
3443 638 3560 708 :22.)

2123 750 2411 806 Commdii's
2467 751 2799 805 Christianis
2856 751 3088 804 velitum
3140 750 3515 802 interesse.-——
3547 766 3574 793 «
3607 745 3692 797 An

2048 838 2145 894 ille
2178 839 2518 911 recogitabit
2547 857 2611 895 eo
2644 845 2902 909 tempore
2933 840 3002 892 de
3034 838 3168 903 Deo,
3204 834 3389 908 posito
3422 833 3563 903 illic,
3599 832 3699 886 ubi

2050 928 2197 983 nihil
2229 934 2319 983 est
2348 929 2417 983 de
2448 929 2560 983 Deo
2584 927 2671 985 Ρ...
2704 927 3053 982 Pudicitiam
3117 925 3356 989 ediscet,
3417 921 3701 977 attonitus

2052 1018 2109 1072 in
2154 1017 2409 1073 mimos?
2448 1018 2567 1073 imo
2600 1018 2657 1072 in
2689 1018 2849 1073 omni
2882 1014 3214 1088 spectaculo
3247 1013 3473 1069 nullum
3509 1012 3703 1083 magis

2051 1107 2397 1163 scandalum
2429 1112 2711 1175 occurret,
2745 1124 2923 1179 quam
2955 1107 3080 1178 ipse
3122 1104 3217 1160 ille
3277 1102 3591 1157 mulierum
3650 1104 3708 1155 et

2052 1196 2309 1251 virorum
2358 1197 2684 1251 accuratior
2717 1197 2937 1261 cultus,
2968 1197 3096 1265 ipsa
3124 1193 3451 1257 consensio,
3483 1191 3615 1263 ipsa
3647 1190 3706 1244 in

2056 1287 2350 1341 favoribus
2382 1290 2482 1341 aut
2511 1286 2865 1357 conspiratio
2902 1290 3001 1340 aut
3032 1283 3343 1348 dissensio,
3364 1282 3517 1336 inter
3548 1297 3610 1335 se
3641 1280 3711 1334 de

2055 1376 2401 1430 commercio
2434 1375 2724 1430 scintillas
2757 1374 3066 1429 libidinum
3091 1370 3711 1428 conﬂabellant.Nemo

2055 1465 2308 1535 denique
2340 1465 2397 1519 in
2432 1463 2763 1535 spectaculo
2797 1464 3052 1518 ineundo
3086 1462 3248 1532 prius
3294 1461 3529 1532 cogitat,
3593 1458 3711 1513 nisi

2054 1553 2235 1607 videri
2287 1558 2342 1606 et
2390 1554 2651 1608 videre...
2686 1555 2920 1607 Avertat
2955 1553 3103 1605 Deus
3134 1568 3167 1604 a
3198 1550 3322 1605 suis
3356 1553 3579 1603 tantam
3611 1564 3709 1601 vo-

2055 1642 2298 1713 luptatis
2327 1643 2580 1697 exitiosaz
2615 1642 2995 1713 cupiditatem
3030 1640 3193 1712 (Ibid.
3226 1656 3343 1710 cap.
3377 1639 3490 1706 25).
3529 1659 3549 1686 »

2134 1761 2283 1815 Vera:
2316 1760 2765 1814 Christianorum
2797 1760 3106 1829 voluptates
3139 1758 3198 1811 in
3247 1754 3344 1810 hoc
3390 1753 3611 1810 smculo.
3645 1782 3715 1793 —-

296 1823 499 1877 tientia;
552 1822 855 1878 fastidium
906 1823 1219 1895 opulentiae
1271 1827 1793 1896 praeministravit:
1841 1830 1944 1884 de-

2062 1872 2082 1901 ι(
2112 1850 2243 1904 Jam
2272 1866 2427 1904 nunc
2452 1849 2501 1903 si
2533 1855 2705 1921 putas
2734 1846 3178 1902 delectamentis
3200 1845 3429 1916 exigere
3452 1842 3712 1914 spatium

295 1916 629 1967 monstrans
679 1928 783 1983 per
839 1912 1220 1983 abjectionem
1280 1914 1641 1983 divitiarum,
1692 1917 1935 1973 laesuras

293 2017 522 2073 quoque
553 2017 755 2056 earum
804 2003 1231 2076 computandas
1271 2021 1386 2059 non
1418 2021 1545 2061 esse
1576 2006 1697 2075 (lib.
1728 2008 1795 2061 de
1826 2008 1934 2061 Pa-

290 2092 437 2146 ticnt.
470 2107 606 2161 cap.
642 2092 720 2160 7).
756 2112 785 2139 »

356 2208 464 2262 Cur
498 2207 571 2262 de
598 2211 773 2262 morte
799 2209 1105 2263 amicorum
1138 2225 1246 2264 non
1292 2209 1601 2267 dolendum.
1632 2243 1700 2252 —-
1734 2236 1760 2262 ‹‹
1793 2215 1934 2266 Cum

289 2302 513 2352 constet
546 2298 618 2352 de
664 2298 1088 2352 resurrectione
1136 2304 1526 2370 mortuorum,
1576 2306 1741 2356 vacat
1772 2301 1940 2356 dolor

290 2387 527 2451 mentis,
560 2391 726 2441 vacat
755 2391 812 2440 et
840 2384 1205 2457 impatientia
1250 2388 1487 2444 doloris.
1524 2390 1636 2444 Cur
1668 2407 1802 2461 ergo
1835 2390 1936 2445 do-

289 2474 424 2543 leas,
460 2476 517 2530 si
562 2476 804 2547 periisse
860 2493 975 2530 non
1023 2475 1257 2531 credis?
1305 2478 1589 2534 Profectio
1621 2484 1728 2544 est,
1763 2495 1939 2551 quam

291 2570 456 2635 putas
505 2569 783 2619 mortem.
839 2564 964 2618 Non
998 2569 1087 2619 est
1134 2564 1449 2633 lugendus,
1478 2568 1579 2638 qui
1627 2568 1941 2632 antecedit,

290 2653 383 2707 sed
415 2652 596 2724 plane
628 2653 1073 2708 desiderandus.
1105 2654 1205 2709 28
1233 2655 1291 2709 Id
1325 2672 1554 2727 quoque
1585 2658 1943 2711 desiderium

292 2742 580 2813 patientia
610 2742 1083 2814 temperandum.
1116 2746 1228 2797 Cur
1264 2745 1417 2799 enim
1447 2745 1833 2801 immoderate
1865 2746 1944 2801 fe-

288 2847 376 2884 ras
433 2830 679 2901 abiisse,
740 2848 911 2902 quem
973 2848 1106 2885 mox
1164 2834 1607 2903 subsequeris?
1664 2836 1944 2891 Cmterum

286 2919 657 2992 impatientia
687 2920 747 2974 in
771 2920 1113 2989 hujusmodi
1137 2925 1194 2976 et
1226 2923 1348 2993 spei
1384 2929 1594 2979 nostrai
1616 2925 1765 2980 male
1798 2925 1946 2979 omi-

287 3013 474 3076 natur,
514 3014 578 3064 et
624 3009 798 3064 {idem
847 3010 1281 3080 praevaricatum
1333 3013 1401 3066 Et
1450 3013 1743 3069 Christum
1790 3014 1949 3069 laedi-

288 3114 436 3163 mus,
492 3114 639 3152 cum
689 3102 958 3153 evocatos
1009 3115 1276 3170 quosque
1331 3101 1402 3155 ab
1455 3100 1575 3172 illo,
1627 3103 1795 3174 quasi
1832 3102 1951 3165 mi-

2047 1938 2180 2007 hoc,
2212 1956 2317 1993 cur
2350 1943 2472 1992 tam
2507 1938 2776 2008 ingratus
2808 1953 2890 2007 es,
2926 1940 2989 1990 ut
3014 1939 3101 1990 tot
3150 1939 3208 1989 et
3254 1932 3402 1988 tales
3452 1931 3717 2001 volupta-

2043 2041 2133 2092 tes
2168 2044 2199 2080 a
2233 2028 2343 2081 Deo
2376 2027 2743 2081 contributas
2776 2025 2881 2080 tibi
2915 2025 3059 2081 satis
3087 2042 3202 2079 non
3237 2023 3475 2091 habeas,
3525 2037 3712 2090 neque

2046 2117 2481 2189 recognoscas?
2511 2117 2658 2181 Quid
2691 2116 2844 2171 enim
2873 2115 3219 2185 jucundius,
3254 2130 3430 2185 quam
3463 2112 3563 2166 Dei
3597 2116 3705 2164 Pa-

2046 2208 2159 2262 tris
2195 2212 2245 2261 et
2278 2206 2511 2262 Domini
2546 2204 2987 2261 reconciliatio?
3021 2221 3198 2275 quam
3230 2202 3491 2258 veritatis
3551 2216 3708 2254 reve-

2042 2280 2236 2351 1atio?
2294 2312 2471 2367 quam
2514 2312 2772 2351 errorum
2807 2293 3164 2366 recognitio?
3200 2310 3373 2364 quam
3408 2296 3704 2346 tantorum

2051 2392 2201 2442 retro
2235 2386 2577 2440 criminium
2609 2386 2822 2440 venia?
2854 2386 2985 2449 Quae
3020 2384 3208 2453 major
3229 2380 3705 2452 voluptas,quam

2050 2475 2352 2531 fastidium
2409 2474 2594 2546 ipsius
2664 2473 3000 2545 voluptatis,
3056 2489 3232 2543 quam
3284 2467 3480 2525 saeculi
3532 2467 3713 2522 totius

2053 2570 2445 2636 contemptus,
2480 2580 2659 2634 quam
2691 2580 2825 2617 vera
2855 2562 3116 2630 libertas,
3143 2578 3321 2631 quam
3355 2554 3711 2613 conscientia

2053 2654 2304 2724 integra,
2337 2671 2512 2725 quam
2543 2654 2660 2708 vita
2690 2652 3012 2719 sufﬁciens,
3048 2667 3225 2722 quam
3280 2648 3483 2704 mortis
3530 2646 3708 2701 timor

2056 2743 2256 2799 nullus
2287 2745 2472 2814 (Ibid,
2505 2760 2629 2814 cap.
2667 2743 2752 2811 29)
2775 2743 2802 2796 ?
2838 2764 2865 2790 ››

2127 2852 2259 2905 Mali
2285 2849 2585 2905 sacerdotes
2610 2849 2810 2903 Iudicis
2836 2848 3066 2919 pejores.
3100 2877 3165 2888 —
3197 2872 3224 2895 (ς
3259 2845 3422 2915 ξΡιεοὶ]
3475 2842 3664 2898 scelus
3690 2839 3702 2895 l

2059 2940 2250 2996 Semel
2282 2939 2467 2994 Judaei
2503 2937 2731 2992 Christo
2762 2953 2970 2990 manus
3001 2936 3359 3001 intulerunt;
3392 2933 3492 2987 isti
3540 2930 3708 3001 impii

2061 3029 2389 3084 sacerdotes
2450 3028 2548 3083 29
2611 3025 2869 3097 quotidie
2919 3040 3130 3095 corpus
3160 3024 3287 3093 ejus
3317 3021 3630 3075 lacessunt.
3665 3020 3707 3074 Ο

2038 3130 2276 3173 imanus
2309 3108 3018 3188 praecidendailgVideri'nt
3048 3131 3120 3167 an
3144 3113 3268 3183 jam
3303 3128 3404 3183 per
3434 3108 3709 3164 similitu-

288 3188 595 3282 εϐτξξῦἀοε,
664 3204 781 3243 D011
848 3189 1260 3259 aequanimiter
1325 3190 1648 3262 accipimus
1714 3192 1946 3264 (Ibidem
1978 3190 2257 3282 C‘diuem
2277 3198 2509 3260 dictum
2542 3202 2638 3260 sit
2671 3221 2684 3259 :
2719 3198 2905 3257 Si‘te'
2940 3204 3137 3256 manus
3194 3206 3292 3255 tua
3346 3197 3708 3266 scandalizat,

288 3291 334 3331 c.
359 3276 437 3346 9).
470 3297 499 3325 ››

355 3392 668 3447 Patientia
695 3393 961 3446 encomia.
997 3424 1063 3433 —
1120 3415 1146 3445 υ
1175 3393 1328 3449 Satis
1376 3394 1624 3452 idoneus
1654 3380 1948 3469 patientiae

291 3485 604 3551 sequester
668 3481 843 3535 Deus.
914 3481 974 3536 Si
1026 3481 1305 3553 injuriam
1373 3484 1715 3557 deposueris
1771 3474 1950 3559 penes

293 3585 449 3635 eum,
484 3569 653 3624 ultor
679 3574 805 3638 est;
838 3571 887 3626 si
919 3572 1226 3641 damnum,
1279 3573 1581 3630 restitutor
1608 3581 1733 3645 est;
1766 3576 1817 3631 si
1847 3577 1951 3632 do-

292 3656 497 3726 lorem,
540 3659 804 3714 medicus
849 3665 976 3727 est;
1027 3661 1074 3716 si
1107 3666 1380 3729 mortem,
1430 3666 1812 3722 resuscitator
1841 3671 1947 3723 est.

290 3747 596 3809 Quantum
630 3748 923 3819 patientia
970 3749 1128 3820 licet,
1164 3756 1226 3805 ut
1254 3757 1434 3808 Deum
1486 3754 1699 3810 habeat
1727 3756 1949 3812 debito-

286 3838 458 3892 rem?
516 3853 627 3892 nec
696 3836 1026 3907 immerito;
1087 3841 1286 3895 omnia
1342 3843 1497 3897 enim
1556 3844 1770 3915 placita
1823 3846 1951 3916 ejus

280 3931 502 3993 tuetur,
543 3926 822 3981 omnibus
876 3928 1172 3983 mandatis
1219 3931 1348 4000 ejus
1380 3931 1713 3988 intervenit.
1751 3934 1951 3990 Fidem

278 4015 487 4083 munit,
530 4031 736 4087 pacem
782 4016 1090 4088 gubernat,
1125 4018 1498 4075 dilectionem
1550 4022 1810 4092 adjuvat,
1841 4024 1950 4078 hu-

279 4105 603 4161 militatem
637 4106 898 4173 instruit,
932 4108 1334 4178 pmnilentiam
1364 4116 1683 4185 exspectat,
1717 4129 1948 4169 exomo-

278 4192 530 4267 logesim
571 4194 855 4266 assignat,
891 4213 1125 4252 carnem
1176 4198 1347 4269 regit,
1402 4201 1675 4270 spiritum
1736 4208 1946 4272 servat,

280 4283 564 4356 linguam
626 4283 832 4350 frenat,
888 4302 1128 4341 manum
1160 4287 1439 4356 continet,
1474 4290 1828 4346 tentationes
1860 4292 1951 4345 in-

279 4373 497 4445 culcat,
541 4374 823 4429 scandala
856 4374 1036 4446 pellit,
1070 4377 1350 4449 martyrio
1382 4385 1774 4450 consummat,
1802 4399 1949 4453 pau-

279 4479 477 4533 perem
517 4463 882 4531 consolatur,
916 4463 1151 4519 divitem
1183 4468 1797 4538 temperat,inlirmum
1832 4488 1947 4526 non

284 4552 574 4617 extendit,
606 4552 893 4607 valentem
952 4570 1068 4608 non
1127 4556 1443 4623 consumit,
1506 4556 1734 4613 fidelem
1794 4560 1949 4615 dele-

282 4645 417 4710 ctat,
453 4639 743 4713 gentilem
777 4640 1001 4709 invitat,
1034 4659 1265 4698 servum
1310 4645 1581 4717 Domino,
1632 4647 1943 4705 Dominum

286 4728 393 4784 Deo
449 4732 855 4796 commendat,
906 4731 1184 4788 feminam
1223 4740 1485 4801 exornat,
1511 4736 1700 4793 virum
1734 4755 1943 4810 appro-

280 4816 411 4885 bat;
449 4823 695 4874 amatur
724 4818 781 4873 in
815 4836 1015 4890 puero,
1048 4820 1326 4877 laudatur
1352 4823 1411 4878 in
1436 4826 1677 4895 juvene,
1700 4828 1946 4898 suspici-

284 4909 372 4960 tur
402 4908 464 4961 in
498 4923 679 4975 sene;
710 4908 769 4962 in
803 4909 962 4963 omni
994 4925 1158 4979 sexu,
1190 4910 1249 4966 in
1284 4913 1442 4968 omni
1474 4918 1639 4972 aetate
1686 4918 1945 4974 formosa

282 5001 363 5050 est
392 4997 654 5065 (Ibidem,
688 5014 816 5068 cap.
850 4999 957 5070 17).
988 5018 1018 5051 ››

346 5112 636 5168 Adversus
688 5116 1011 5184 spectacula
1066 5120 1115 5171 et
1174 5118 1421 5175 theatra.
1455 5151 1524 5161 —
1558 5144 1586 5171 ‹‹
1624 5122 1944 5194 Impudici-

283 5200 417 5256 tiam
452 5218 694 5257 omnem
728 5204 958 5258 amoliri
999 5206 1298 5275 jubemur.
1363 5211 1477 5265 Hoc
1532 5211 1713 5282 igitur
1771 5214 1943 5269 modo

287 5290 459 5346 etiam
495 5310 533 5346 a
562 5292 788 5347 theatro
814 5300 1338 5369 separamur,quod
1373 5305 1462 5355 est
1493 5301 1781 5372 privatum
1814 5320 1946 5359 con-

285 5380 596 5436 sistorium
628 5381 1023 5453 impudicitiae,
1058 5386 1155 5440 ubi
1208 5389 1353 5443 nihil
1403 5391 1705 5462 probatur,
1766 5410 1943 5464 quam

286 5471 439 5611 εἷς]ῗὰ
506 5470 646 5526 alibi
704 5487 822 5527 non
880 5473 1163 5544 probatur
1219 5476 1342 5548 (lib.
1404 5479 1469 5536 de
1525 5480 1739 5553 Spect.,
1798 5499 1940 5556 cap.

385 5602 396 5611 .
438 5582 461 5609 ι

358 5562 461 5631 )..

357 5663 587 5721 Scenici
610 5681 821 5739 semper
850 5668 1113 5740 infames.
1141 5702 1207 5715 -
1240 5695 1269 5724 ‹‹
1302 5676 1515 5735 Arcent
1544 5676 1806 5737 scenicos
1838 5678 1942 5736 ho-

2058 3300 2285 3371 amputa
2314 3312 2453 3352 eam.
2487 3297 2619 3359 Quae
2651 3292 2836 3364 magis
2869 3292 3247 3363 amputanda,
3280 3305 3455 3360 quam
3486 3287 3545 3340 in
3580 3284 3709 3356 qui-

2030 3386 2171 3455 I'b‘us
2204 3384 2431 3465 Domini
2456 3389 2666 3456 corpus
2690 3376 3163 3465 scandalizatur!
3201 3403 3230 3429 »
3253 3377 3447 3451 (lib.de
3476 3376 3710 3432 Idolola-

2059 3478 2193 3542 tria,
2226 3464 2348 3546 cap.
2382 3475 2463 3543 7.)
2499 3478 2539 3505 ν
2590 3488 2631 3503 ⁷ο
2684 3491 2699 3503 ·
2746 3488 2766 3503 θ

2132 3584 2326 3637 Mulier
2357 3583 2670 3638 Christiana
2699 3581 3009 3635 hominibus
3035 3580 3251 3650 placere
3288 3577 3543 3646 negligit,
3598 3575 3705 3628 imo

2061 3671 2261 3727 horret.
2318 3703 2386 3711 —-
2450 3695 2470 3721 α
2534 3672 2823 3737 Perl'ectae,
2857 3670 2935 3735 :id
2973 3674 3060 3724 est
3088 3666 3431 3725 Christianae
3464 3664 3711 3736 pudicae,

2063 3761 2480 3834 appetitionem
2530 3760 2620 3815 sui
2673 3777 2787 3815 non
2838 3763 3069 3814 tantum
3122 3774 3235 3811 non
3304 3755 3708 3826 appetendam,

2063 3852 2162 3907 sed
2197 3851 2372 3905 etiam
2407 3849 2823 3905 exsecrandum
2856 3848 3021 3902 vobis
3052 3846 3252 3901 sciatis
3289 3863 3301 3900 :
3336 3841 3713 3916 primo,quod

2063 3957 2177 3995 non
2210 3940 2279 3993 de
2310 3940 2536 4010 integra
2567 3936 2924 3993 conscientia
2954 3936 3111 3991 venit
3140 3934 3401 3991 studium
3442 3931 3709 4005 placendi

2060 4045 2163 4100 per
2188 4030 2475 4097 decorem,
2510 4044 2685 4098 quem
2743 4025 3090 4080 naturaliter
3146 4024 3517 4079 iuvitatorem
3577 4021 3709 4076 libi-

2060 4118 2216 4172 dinis
2264 4118 2507 4171 scimus.
2560 4116 2706 4182 Quid
2759 4116 2940 4186 igitur
2987 4114 3045 4168 in
3104 4119 3159 4168 te
3212 4113 3428 4167 excites
3486 4111 3706 4167 malum

2059 4208 2260 4263 istud?
2290 4206 2430 4278 quid
2464 4206 2696 4271 invitas,
2732 4205 2902 4275 cujus
2933 4210 2987 4259 te
3022 4204 3312 4276 profiteris
3343 4199 3706 4265 extraneum?

2059 4301 2185 4351 tum
2212 4297 2368 4367 quod
2420 4294 2845 4351 tentationibus
2897 4294 3048 4348 viam
3099 4292 3324 4364 aperire
3373 4308 3487 4345 non
3536 4289 3709 4344 debe-

2061 4404 2215 4453 mus,
2249 4402 2376 4456 quze
2410 4401 2836 4455 nonnunquam
2865 4382 3042 4453 (quod
3076 4382 3229 4436 Deus
3261 4399 3293 4435 a
3319 4380 3447 4435 suis
3492 4378 3709 4449 abigat)

2059 4475 2332 4530 instando
2375 4474 2722 4545 perﬁciunt;
2772 4476 2925 4527 certe
2972 4470 3059 4526 vel
3109 4470 3322 4541 spiritu
3370 4466 3714 4525 scandalum

1979 4580 2024 4644 D
2061 4568 2398 4635 permovent
2424 4564 2517 4634 (De
2548 4562 2707 4617 Cultu
2735 4563 2893 4631 fem.,
2927 4560 3027 4615 lib.
3062 4577 3126 4628 ιι,
3159 4577 3286 4630 cap.
3316 4560 3392 4629 2).
3420 4579 3447 4611 »ι

2125 4675 2291 4727 Fucos
2322 4670 2608 4735 adhibere,
2640 4670 2801 4741 quale
2847 4670 3075 4723 crimen.
3126 4698 3197 4710 ——
3245 4690 3272 4716 «
3326 4667 3451 4722 Non
3502 4683 3705 4738 supcr—

2055 4761 2439 4833 grediendum
2472 4760 2531 4814 in
2563 4759 2825 4815 ornando
2858 4774 3095 4829 corpore
3128 4756 3299 4827 ultra,
3332 4773 3508 4827 quam
3551 4756 3706 4827 quod

2055 4850 2352 4921 simplices
2400 4853 2456 4904 et
2504 4848 2861 4903 sufﬁcientes
2895 4844 3192 4901 munditia:
3257 4844 3703 4916 concupiscunt,

2055 4939 2210 4994 ultra
2236 4955 2414 5009 quam
2446 4937 2692 4993 Domino
2724 4937 2986 5009 placere;
3022 4936 3079 4990 in
3114 4935 3279 4991 illum
3311 4933 3467 4989 enim
3518 4932 3703 4988 delin-

2055 5032 2266 5100 quunt,
2317 5045 2442 5098 quas
2498 5032 2689 5083 cutem
2721 5026 3211 5082 medicaminibus
3246 5028 3495 5096 ungunt,
3530 5039 3709 5095 genas

2056 5120 2267 5173 rubore
2296 5116 2663 5172 maculant...
2697 5116 2975 5187 Displicet
3004 5115 3120 5169 illis
3154 5114 3432 5169 nimirum
3469 5112 3710 5184 plastica

2057 5208 2155 5261 Dei
2191 5225 2203 5263 :
2240 5209 2296 5261 in
2330 5207 2473 5278 ipsis
2504 5207 2886 5277 redarguunt,
2939 5205 3374 5278 reprehendunt
3422 5202 3708 5258 artiﬁcem

2054 5298 2343 5352 omnium.
2379 5296 2837 5368 Reprehendunt
2866 5295 3020 5349 enim
3054 5312 3186 5350 cum
3216 5294 3704 5360 emendant,cum

2054 5386 2359 5459 adjiciunt,
2388 5386 2591 5459 utique
2621 5386 2693 5442 ab
2736 5386 3064 5442 adversario
3124 5387 3344 5440 artiﬁce
3400 5391 3704 5441 sumentes

2055 5478 2397 5534 addimenta
2435 5476 2569 5544 ista,
2602 5476 2661 5531 id
2692 5480 2781 5531 est
2805 5474 3057 5531 diabolo.
3091 5496 3118 5525 »
3153 5476 3309 5547 (Ibid.
3346 5492 3473 5547 cap.
3506 5477 3587 5545 5.)

2123 5596 2312 5661 Imago
2340 5593 2591 5648 mulieris
2622 5591 2975 5649 Christianas.
3008 5623 3075 5633 —
3112 5612 3135 5641 α
3167 5593 3400 5649 Prodite
3423 5592 3543 5661 jam
3574 5606 3697 5657 vos,

2054 5680 2499 5741 medicamentis
2547 5684 2605 5738 et
2656 5682 3012 5740 ornamentis
3066 5685 3342 5741 extructa
3407 5678 3696 5749 apostolo-
