4148 6188
405 326 476 382 31
1906 316 2343 378 ΡΗΙΕῙΡΑΤΙΟ.
3737 323 3817 381 39

407 470 630 511 rum....
685 456 861 524 caput
910 452 1141 506 maritis
1190 452 1485 522 subjicite,
1534 456 1591 507 et
1639 450 1783 507 satis
1844 452 2061 504 ornatae
2090 447 2141 513 Α
2248 452 2389 505 Deus
2420 451 2696 506 amandus
2727 456 2789 506 ut
2848 456 3030 520 Pater,
3090 450 3360 506 timendus
3415 454 3474 505 ut
3531 451 3817 507 Dominus.

408 543 609 607 eritis;
647 558 858 595 manus
893 541 1044 596 lanis
1076 546 1373 612 occupate,
1408 542 1584 612 pedes
1614 540 1771 594 domi
1806 538 2061 609 ﬁgite,§et

412 632 546 703 plus
578 648 755 702 quam
790 630 845 684 in
882 647 1023 684 auro
1066 630 1399 700 placebunt.
1459 630 1675 685 Vestite
1728 646 1828 684 vos
1878 628 2059 683 serico

408 721 743 793 probitatis,
780 719 1014 792 byssino
1048 719 1399 786 sanctitatis,
1434 736 1692 790 purpura
1743 718 2059 791 pudicitiae.

404 810 621 865 Taliter
675 809 1077 880 pigmentataa,
1141 810 1321 863 Deum
1384 809 1675 864 habebitis
1738 814 2058 864 amatorem

412 898 599 970 (Ibid.,
635 916 758 969 cap.
794 899 901 967 l3).
942 920 967 946 ››

475 1005 823 1060 Christianus
855 1005 1153 1075 voluptates
1186 1005 1388 1060 mundi
1416 1007 1609 1075 fugere
1637 1005 1806 1061 debet.
1832 1029 1942 1056 -—-«
1975 1012 2059 1063 Tu

410 1094 757 1167 peregrinus
790 1093 991 1148 mundi
1026 1093 1224 1164 hujus,
1260 1094 1403 1148 civis
1457 1111 1725 1166 supernas
1785 1094 2058 1150 Hierusa-

407 1183 594 1253 lem.,.
660 1182 812 1239 Nihil
860 1182 965 1236 tibi
1000 1198 1130 1237 cum
1164 1183 1396 1254 gaudiis
1427 1183 1647 1253 smculi,
1678 1186 1794 1238 imo
1826 1190 2059 1240 contra-

404 1272 557 1326 rium
591 1272 788 1327 debes.
826 1271 1098 1327 Saeculum
1129 1273 1277 1326 enim
1328 1272 1604 1342 gaudebit,
1655 1289 1744 1328 vos
1794 1291 1916 1329 vero
1968 1273 2056 1329 tu-

401 1362 621 1432 gebitis.
657 1364 721 1414 Et
749 1361 942 1431 felices
975 1360 1052 1415 ait
1084 1361 1398 1431 lugentes...
1454 1361 1663 1417 Omnia
1711 1362 2061 1434 imaginaria

401 1450 462 1506 in
497 1450 728 1520 saeculo,
766 1454 821 1504 et
852 1449 999 1504 nihil
1030 1449 1145 1505 veri
1180 1450 1305 1521 (lib.
1339 1450 1406 1505 de
1439 1451 1656 1506 Corona
1685 1452 1906 1521 militis,
1929 1469 2056 1523 cap.

410 1540 517 1609 13).
560 1561 587 1587 η

476 1646 739 1701 Adversus
768 1649 1064 1701 veritatem
1094 1644 1259 1700 nulla
1283 1648 1649 1717 prmscriptio.
1674 1679 1742 1687 —
1765 1670 1791 1697 ‹‹
1818 1648 2059 1703 Veritati

404 1752 578 1789 nemo
611 1736 984 1806 praescribere
1016 1738 1234 1806 potest;
1271 1752 1381 1790 non
1418 1736 1669 1808 spatium
1702 1741 2055 1809 temporum,

2171 569 2240 579 —
2298 562 2325 587 «
2385 539 2626 595 Justitia
2674 541 2771 596 Dei
2808 539 3108 613 plenitudo
3140 543 3227 595 est
3259 538 3579 595 divinitatis
3610 540 3820 610 ipsius,

2174 627 2452 684 exhibens
2487 630 2667 685 Deum
2704 631 3111 702 perfectum,et
3142 636 3367 701 patrem
3399 632 3456 683 et
3486 628 3817 684 dominum:

2116 782 2117 785 η
2171 722 2420 788 patrem,
2455 718 2796 787 clementia;
2830 719 3153 783 dominum,
3188 716 3497 788 disciplina
3534 723 3821 789 :patrem,

2171 810 2459 877 potestate
2489 808 2744 877 blanda;
2778 808 3106 873 dominum,
3140 824 3339 863 severa
3370 824 3383 860 :
3418 806 3819 878 patrem,dili-

2170 898 2444 966 gendum,
2483 898 2614 968 pie;
2666 898 2995 962 dominum,
3053 898 3383 953 timendum
3443 897 3815 952 necessarie:

2172 984 2558 1056 diligendum,
2595 988 2733 1058 quia
2782 987 2950 1042 malit
3008 986 3409 1059 paenitentiam
3471 985 3815 1058 peccatoris,

2171 1089 2347 1144 quam
2382 1081 2653 1144 mortem;
2677 1081 2733 1131 et
2762 1076 3110 1142 timendum,
3143 1076 3283 1145 quia
3315 1074 3458 1129 nolit
3487 1078 3819 1146 peccatores

2172 1164 2259 1218 sui
2286 1165 2410 1235 jam
2446 1182 2560 1220 non
2592 1167 2957 1237 poenitentes.
2991 1167 3124 1220 Ideo
3158 1165 3247 1219 lex
3293 1168 3607 1235 utrumque
3660 1164 3817 1218 dit'li-

2172 1253 2257 1307 nit
2317 1269 2330 1307 :
2389 1255 2597 1325 Diliges
2653 1257 2843 1323 Deum,
2893 1258 2945 1310 et
2974 1254 3192 1309 timebis
3220 1255 3411 1309 Deum.
3447 1252 3616 1307 Aliud
3649 1254 3816 1307 obse-

2171 1343 2358 1398 cutori
2393 1344 2715 1416 proposuit,
2753 1344 2910 1398 aliud
2942 1342 3470 1398 exhorbitatori.Ad
3494 1341 3691 1397 omnia
3721 1358 3815 1395 oc-

2170 1433 2355 1486 currit
2385 1433 2487 1487 tibi
2526 1435 2695 1499 Deus,
2731 1433 2885 1489 idem
2918 1431 3271 1505 percutiens,
3305 1431 3406 1486 sed
3437 1435 3493 1485 et
3550 1446 3766 1485 sanans
3800 1447 3813 1484 :

2171 1520 2554 1593 mortiﬁcans,
2614 1524 2715 1578 sed
2774 1527 2831 1577 et
2877 1521 3178 1577 viviﬁcans
3207 1538 3221 1588 ;
3255 1519 3597 1585 humilians,
3628 1519 3731 1573 sed
3762 1522 3819 1574 et

2170 1609 2535 1678 sublimans;
2567 1613 2825 1666 condens
2849 1610 3027 1677 mala,
3068 1611 3169 1665 sed
3228 1614 3285 1665 et
3340 1625 3541 1680 pacem
3596 1608 3816 1664 faciens

2170 1698 2349 1769 (Ibid.,
2384 1716 2509 1772 cap.
2546 1701 2613 1755 13
2643 1706 2699 1756 et
2729 1701 2837 1772 14).
2876 1723 2896 1749 ι

408 1825 522 1879 non
558 1823 880 1894 patrocinia
913 1839 1319 1895 personarum,
1372 1842 1486 1879 non
1548 1826 1918 1899 privilegium
1978 1847 2064 1885 re-
2092 1819 2137 1883 Β
2241 1834 2555 1906 Hucusque
2586 1836 2805 1891 bonum
2838 1851 2966 1890 esse
2996 1851 3062 1889 ac
3103 1832 3411 1905 perutilem
3463 1830 3810 1888 Tertulliani

405 1911 669 1983 gionum.
730 1914 810 1967 Ex
859 1913 951 1967 his
983 1912 1138 1967 enim
1176 1913 1290 1967 fere
1320 1916 1681 1970 consuetudo
1714 1916 1947 1973 initium
1982 1920 2053 1975 ab

406 1999 605 2071 aliqua
638 2001 971 2071 ignorantia
997 2000 1086 2055 vel
1120 2000 1498 2073 simplicitate
1528 2004 1754 2075 sortita,
1790 2006 1848 2062 in
1881 2026 2057 2065 usum

405 2105 509 2159 per
539 2090 972 2145 successionem
1034 2090 1463 2161 corroboratur,
1523 2098 1580 2147 et
1639 2094 1716 2149 ita
1776 2096 2058 2153 adversus

404 2176 707 2233 veritatem
775 2178 1125 2233 vindicatur.
1186 2179 1297 2233 Sed
1349 2179 1631 2236 Dominus
1664 2188 1864 2239 noster
1893 2185 2059 2241 Chri-

409 2268 540 2321 stus
570 2268 848 2322 veritatem
898 2283 981 2333 se,
1043 2284 1155 2321 non
1216 2271 1701 2326 consuetudinem
1757 2274 2058 2345 cognomi-

408 2354 566 2411 navit
595 2355 720 2426 (lib.
756 2358 822 2412 de
857 2357 1173 2427 Virginibus
1206 2358 1439 2425 veland.,
1474 2375 1600 2431 cap.
1638 2362 1708 2430 1).
1744 2384 1770 2411 ››

482 2470 599 2525 Νοη
628 2487 697 2525 eo:
721 2473 969 2542 personis
1001 2472 1134 2543 ﬁdes
1187 2473 1497 2543 probanda,
1554 2476 1644 2531 sed
1700 2494 1939 2548 persona
1991 2496 2063 2535 ex

408 2558 533 2628 ﬁde.
590 2591 658 2599 ——
709 2582 737 2609 «
796 2565 917 2616 Non
950 2578 1019 2617 ex
1042 2565 1303 2632 personis
1331 2564 1628 2633 probamus
1659 2567 1840 2637 ﬁdem,
1871 2568 1963 2624 sed
1991 2586 2063 2624 ex

410 2648 518 2719 ﬁde
543 2664 835 2719 personas;
873 2666 1042 2705 nemo
1072 2652 1305 2722 sapiens
1335 2657 1442 2723 est,
1478 2653 1588 2709 nisi
1624 2654 1810 2710 ﬁdelis
1845 2675 1856 2711 :
1893 2675 2062 2714 nemo

410 2738 621 2807 major,
656 2738 767 2794 nisi
801 2739 1169 2795 Christianus
1206 2766 1217 2794 :
1253 2757 1423 2796 nemo
1456 2748 1652 2799 autem
1673 2744 2061 2813 Christianus,

412 2825 524 2879 nisi
562 2827 659 2897 qui
695 2829 765 2882 ad
799 2828 975 2883 ﬁnem
1013 2845 1198 2900 usque
1248 2836 1703 2900 perseveraverit
1757 2836 1854 2903 (De
1902 2842 2064 2893 Prae-

406 2916 565 2985 sript.
592 2915 801 2971 advers.
833 2919 1028 2973 liceret.
1063 2934 1189 2989 cap.
1223 2920 1298 2988 3).
1332 2941 1359 2969 »

483 3021 733 3077 Nonalia
765 3024 1061 3092 quaerenda
1111 3026 1366 3091 scientia,
1439 3044 1605 3099 quam
1663 3031 1788 3085 Jesu
1839 3031 2062 3087 Christi.

2171 1940 2344 1978 usum
2376 1941 2443 1979 ex
2470 1925 2748 1980 omnibus
2781 1942 2904 1996 quae
2935 1925 3006 1978 de
3034 1924 3161 1994 ejus
3198 1923 3461 1977 doctrina
3519 1919 3813 1993 congessi-

2170 2031 2302 2069 mus
2359 2015 2523 2071 enixe
2577 2016 2821 2088 probare
2876 2014 3130 2070 voluisse
3187 2014 3646 2083 videmur;jam
3675 2028 3810 2065 vero

2169 2103 2396 2158 crimini
2434 2104 2600 2160 nobis
2631 2105 2837 2161 merito
2868 2105 3032 2159 foret.
3078 2103 3136 2157 ni
3193 2103 3264 2156 ad
3326 2118 3567 2173 pravum
3627 2115 3811 2155 unum

2173 2194 2613 2263 priscavendum
2644 2192 2793 2248 nihil
2823 2192 3052 2248 consilii
3084 2192 3454 2245 adderemus.
3486 2194 3581 2259 At,
3614 2204 3815 2259 quem-

2170 2283 2485 2338 admodum
2516 2288 2798 2354 quantum
2833 2282 3107 2354 prodesse
3138 2285 3314 2351 queat
3340 2281 3488 2350 {ejus
3548 2276 3817 2332 doctrina

2172 2372 2509 2440 statuimus,
2569 2374 2649 2428 ita
2704 2389 2771 2428 ex
2828 2374 2957 2443 ejus
2998 2370 3295 2426 erroribus
3326 2368 3696 2423 inferendum
3727 2368 3817 2420 est

2171 2478 2348 2531 quam
2383 2477 2588 2515 nocere
2623 2461 2869 2532 possint,
2903 2476 3080 2531 quam
3111 2458 3228 2513 acri
3254 2456 3480 2528 judicio
3512 2456 3639 2526 ejus
3670 2453 3815 2509 scri-

2174 2555 2272 2623 pta
2299 2551 2655 2605 secernenda
2684 2550 2823 2605 sint.
2857 2552 3033 2603 Porro
3077 2547 3191 2603 alia
3247 2544 3585 2602 communia
3640 2542 3817 2597 habet

2173 2640 2466 2711 paradoxa
2520 2656 2653 2693 cum
2709 2636 3101 2703 Montanistis,
3164 2635 3279 2691 alia
3333 2651 3463 2689 vero
3515 2634 3656 2688 adeo
3700 2631 3809 2686 sibi

2174 2728 2411 2800 propria
2438 2733 2502 2782 ut
2531 2726 2919 2783 haaresiarcha
2963 2726 3098 2781 inde
3157 2723 3423 2793 evaserit,
3482 2739 3549 2778 ac
3604 2720 3817 2775 horum

2175 2834 2438 2873 errorum
2498 2816 2753 2872 asseclas
2782 2813 3270 2882 Tertullianistas,
3300 2829 3369 2868 ex
3397 2816 3633 2867 auctore
3665 2826 3817 2864 nun-

2172 2910 2436 2979 cupatos,
2473 2905 2799 2976 protulerit.

2246 3030 2478 3086 Certum
2514 3029 3027 3099 indubitatumque
3073 3031 3163 3083 est
3217 3023 3643 3081 Tertullianum
3701 3037 3816 3075 non

409 3140 479 3204 -—-
503 3132 530 3158 ‹‹
564 3110 744 3166 Nobis
775 3112 1113 3167 curiositate
1136 3119 1569 3204 φριξεξξςριξξθεξ
1587 3109 2066 3197 βξίξεέπξὲἱξᾷῖεῑυξκξ
2428 3119 2725 3174 erroribus
2782 3135 2848 3173 ac
2898 3116 3297 3172 deliramentis
3328 3112 3817 3204 Montanistarum

405 3198 632 3264 Jesum,
691 3216 793 3255 nec
852 3190 1268 3272 inquisitiones
1289 3190 1432 3272 ᾖῖὲί
1447 3190 1872 3277 ξΕνξιίρἐἱῆὤῖ
1892 3204 2065 3263 ’Guiri

2177 3190 2619 3280 subscripsisse,
2651 3224 2851 3263 verum
2909 3207 3085 3261 etiam
3146 3206 3345 3260 eadem
3404 3200 3819 3258 ardentissime

407 3292 722 3359 credimus,
756 3293 902 3348 nihil
948 3294 1354 3350 desideramus
1413 3296 1564 3351 ultra
1624 3300 1877 3355 credere.
1942 3302 2059 3356 Hoc

410 3379 569 3488 enim
629 3380 790 3488 prius
847 3383 949 3436 30

405 3469 640 3524 credere
673 3460 1643 3545 debeamuejlbittf-cipi'inii;-

478 3577 555 3629 De
581 3577 906 3633 clericorum
936 3580 1293 3634 continentia.
1331 3609 1397 3622 --
1428 3604 1455 3631 ‹‹
1501 3583 1714 3647 Quanti
1768 3584 1951 3657 igitur
2010 3591 2066 3641 et

410 3669 643 3734 quantas
699 3666 759 3720 in
818 3666 1233 3723 ecclesiasticis
1266 3669 1572 3726 ordinibus
1604 3673 1676 3726 de
1708 3674 2093 3731 continentia‘

409 3760 745 3823 censentur,
775 3760 872 3827 qui
906 3764 1021 3814 Deo
1052 3762 1271 3815 nubere
1309 3761 1664 3830 maluerunt,
1721 3765 1817 3835 qui
1875 3766 2067 3822 carnis

412 3861 532 3899 suas
591 3844 871 3902 honorem
933 3848 1337 3916 instituerunt,
1394 3852 1614 3921 quique
1664 3869 1727 3907 se
1750 3855 1873 3923 jam
1910 3853 2067 3910 illius

414 3934 659 4005 pudoris
687 3935 839 3990 ﬁlios
869 3937 1229 4005 dicaverunt,
1264 3939 1596 3995 occidentes
1625 3941 1683 3995 in
1736 3959 1796 3997 se
1854 3958 2067 3997 concu-

416 4022 768 4094 piscentiam
802 4024 1063 4082 libidinis
1094 4032 1151 4082 et
1183 4032 1373 4083 totum
1404 4027 1548 4084 illud
1583 4032 1734 4101 quod
1769 4031 1924 4086 intra
1966 4048 2067 4102 pa-

416 4111 680 4168 radisum
742 4131 857 4169 non
891 4116 1080 4185 potuit
1111 4116 1410 4171 admitti...
1447 4118 1589 4172 Inde
1618 4120 1770 4189 apud
1803 4136 1908 4174 nos
1942 4120 2069 4191 ple-

417 4201 553 4256 nius
616 4208 794 4273 atque
846 4204 1189 4259 instructius
1252 4207 1651 4276 praescribitur
1705 4208 1882 4263 unius
1941 4223 2069 4263 esse

418 4291 782 4347 matrimonii
838 4297 1105 4361 oportere
1163 4294 1262 4364 qui
1320 4295 1671 4366 adleguntur
1717 4297 1777 4350 in
1809 4296 2069 4352 ordinem

417 4380 840 4436 sacerdotalem
869 4382 968 4453 (De
994 4382 1213 4439 Exhort.
1247 4382 1415 4449 δαείη
1450 4400 1498 4439 c.
1530 4385 1585 4454 7,
1622 4384 1729 4452 13).
1757 4407 1785 4434 ››

496 4495 657 4549 Homo
709 4497 893 4566 imago
922 4498 1021 4552 Dei
1041 4514 1138 4569 per
1169 4498 1405 4552 liberum
1435 4500 1747 4554 arbitrium.
1784 4530 1852 4540 -—
1883 4524 1910 4551 ‹‹
1944 4502 2069 4558 Non

422 4582 570 4637 facie
602 4583 772 4638 homo
807 4587 877 4639 ad
913 4587 1265 4642 uniformem
1299 4587 1399 4642 Dei
1433 4604 1746 4660 expressus
1778 4596 1906 4659 est;
1970 4593 2073 4647 sed
2102 4554 2147 4619 Β

421 4669 482 4724 in
544 4687 611 4727 ea
669 4673 1001 4730 substantia
1048 4693 1226 4747 quam
1260 4677 1331 4731 ab
1364 4678 1489 4748 ipso
1528 4680 1636 4734 Deo
1666 4680 1862 4747 traxit,
1897 4681 1954 4735 id
1986 4686 2075 4737 est

423 4760 653 4828 animae,
682 4763 749 4816 ad
787 4764 1031 4819 formam
1067 4766 1166 4821 Dei
1199 4767 1608 4838 respondentis
1640 4773 1695 4824 et
1726 4769 1949 4825 arbitrii
1981 4770 2075 4825 sui

424 4848 692 4905 libertate
722 4856 778 4905 et
810 4858 1093 4923 potestate
1136 4855 1407 4926 signatus
1462 4860 1569 4911 est.
1629 4858 1796 4915 Hunc
1852 4864 2073 4916 statum

421 4939 550 5009 ejus
581 4940 950 4997 confirmavit
982 4944 1157 4998 etiam
1195 4944 1321 5015 ipsa
1353 4944 1461 4999 lex.
1501 4946 1625 5001 Non
1682 4949 1839 5003 enim
1902 4966 2075 5021 pone-

424 5030 586 5081 retur
644 5027 734 5084 lex
795 5030 844 5085 ei
877 5032 976 5103 qui
1011 5049 1125 5087 non
1161 5033 1400 5089 haberet
1429 5034 1779 5105 obsequium
1812 5038 2074 5092 debitum

423 5116 533 5188 legi
567 5116 623 5171 in
660 5136 766 5173 sua
798 5127 1083 5191 potestate
1113 5140 1125 5176 :
1160 5140 1263 5177 nec
1298 5140 1502 5176 rursus
1530 5126 1906 5181 comminatio
1932 5143 2079 5181 mor-

422 5205 500 5260 tis
560 5210 1015 5281 transgressioni
1076 5212 1483 5280 ascriberetur,
1546 5212 1594 5266 si
1653 5229 1767 5267 non
1827 5218 1882 5267 et
1939 5230 2077 5269 con-

425 5297 687 5365 temptus
744 5297 890 5370 legis
930 5300 988 5355 in
1022 5300 1246 5355 arbitrii
1277 5298 1608 5354 libertatem
1641 5299 1861 5356 homini
1895 5302 2075 5375 depu-

425 5385 665 5439 taretur.
701 5388 808 5442 Sed
840 5393 894 5443 et
926 5388 1072 5444 alias
1108 5388 1277 5460 quale
1306 5392 1450 5455 erat,
1513 5392 1577 5441 ut
1632 5390 1812 5446 totius
1871 5393 2077 5447 mundi

429 5472 736 5545 possidens
768 5475 963 5544 homo,
990 5494 1104 5533 non
1138 5479 1195 5532 in
1230 5477 1438 5550 primis
1470 5476 1652 5532 animi
1684 5480 1775 5534 sui
1808 5483 2079 5553 passione

429 5567 719 5635 regnaret,
779 5565 1027 5623 aliorum
1088 5565 1383 5637 dominus,
1446 5566 1538 5622 sui
1570 5567 1827 5627 famulus
1857 5572 1980 5643 (lib.
2013 5589 2077 5641 ιι,

430 5652 654 5709 advers.
690 5657 985 5730 Marcion,
1020 5673 1146 5731 cap.
1178 5656 1236 5728 5,
1265 5656 1343 5728 6).
1384 5678 1406 5710 ι

2170 3298 2527 3370 propinasse.
2586 3296 2928 3352 Istiusmodi
2988 3302 3121 3351 sunt
3166 3293 3366 3349 omnia
3395 3292 3613 3364 quibus
3644 3304 3819 3344 suum

2155 3366 2523 3455 .i’a'l‘hlitum
2555 3387 2777 3458 passim
2811 3391 2866 3441 et
2896 3385 3221 3456 procaciter
3249 3382 3507 3438 venditat
3535 3405 3549 3446 ;
3606 3378 3819 3449 quibus

2069 3468 2087 3517 ἷ
2118 3466 2136 3514 ³
2171 3460 2462 3533 s'écdridas
2495 3476 2731 3548 nuptias
2762 3493 2876 3531 non
2910 3474 3101 3530 solum
3132 3475 3393 3542 damnat,
3430 3471 3530 3526 sed
3580 3469 3823 3538 insuper

2172 3567 2582 3623 enormitatem
2618 3570 2784 3621 vocat
2814 3565 2973 3621 omni
3006 3564 3251 3619 crimine
3284 3563 3563 3632 majorem
3584 3557 3821 3630 ,quibus

2173 3656 2444 3712 illicitum
2478 3673 2626 3724 esse,
2661 3661 2900 3727 urgente
2931 3652 3352 3725 persecutionis
3382 3656 3548 3713 metu,
3581 3654 3705 3701 tum
3740 3646 3823 3699 fu-

2175 3748 2331 3817 gere,
2364 3752 2490 3800 tum
2524 3760 2654 3800 sese
2686 3743 2932 3815 pecunia
2961 3744 3054 3796 31
3092 3741 3379 3795 redimere
3410 3740 3596 3793 docet.
3625 3739 3691 3791 At
3739 3750 3821 3789 re-

2177 3835 2325 3906 fugit
2358 3834 2589 3888 animus
2623 3833 2835 3887 referre
2865 3830 3113 3900 injurias
3143 3846 3288 3899 quas
3314 3826 3570 3882 evomuit
3624 3825 3823 3879 doctor

2176 3923 2273 3978 ille
2304 3928 2601 3992 protervus
2632 3925 2833 3975 contra
2862 3919 2964 3973 Dei
2997 3916 3315 3983 Ecclesiae;
3350 3914 3563 3985 quibus
3615 3911 3823 3966 Catho-

2174 4011 2319 4067 licos
2369 4011 2619 4081 impetit,
2643 4026 2790 4081 quos
2822 4006 3042 4079 passim
3078 4004 3333 4076 appellat
3364 4002 3616 4073 Psyches,
3647 3999 3702 4054 id
3736 4002 3825 4054 est

2178 4098 2461 4155 animales
2483 4098 2752 4154 homines
2777 4114 2841 4152 ac
2865 4093 3401 4151 carnales.Eosdem
3432 4089 3624 4162 arguit
3645 4088 3824 4160 quod,

2178 4205 2393 4261 agapes
2432 4187 2797 4255 celebrando,
2832 4183 3019 4241 ventri
3049 4181 3422 4252 indulgerent
3471 4184 3528 4236 et
3577 4177 3828 4250 impudi-

2178 4278 2333 4335 citiis
2389 4293 2627 4349 operam
2685 4278 2908 4341 darent,
2972 4274 3456 4342 confessoresque
3509 4270 3569 4323 in
3599 4282 3829 4323 carcere

2179 4369 2446 4423 detentus
2504 4367 2576 4422 ad
2634 4362 3147 4437 intemperantiam
3208 4358 3643 4432 compellerent.
3679 4357 3826 4411 Prae-

2179 4458 2383 4529 cipuos
2423 4456 2602 4512 habes
2665 4452 3007 4510 Tertulliani
3074 4450 3436 4507 Montanistze
3495 4463 3739 4512 errores,
3798 4460 3828 4500 e

2178 4547 2394 4618 quibus
2426 4563 2632 4601 ansam
2661 4544 2908 4617 arripuit
2938 4542 3063 4615 ipse
3096 4540 3378 4613 prodendi
3400 4538 3599 4594 odium
3629 4551 3824 4605 suum,

2183 4637 2566 4705 animumque
2596 4651 2731 4707 erga
2761 4631 3089 4689 Catholicos
3120 4628 3613 4685 infensissimum.

2253 4771 2631 4827 Pervenimus
2658 4769 2727 4824 ad
2760 4783 2986 4823 errores
3016 4765 3115 4837 qui
3146 4762 3502 4821 Tertulliano
3533 4760 3833 4817 haeresiar-

2185 4861 2303 4917 chm
2337 4860 2553 4932 proprii
2581 4863 2722 4913 sunt
2757 4874 2821 4913 ac
2852 4855 3216 4929 peculiares;
3247 4870 3311 4909 ac
3344 4869 3414 4907 ne
3460 4852 3519 4906 in
3579 4850 3652 4905 ilI‘
3668 4866 3829 4906 men-

2185 4968 2319 5006 sum
2377 4949 2812 5021 protrahamur,
2872 4947 2944 5001 ad
3004 4940 3832 5014 Pamelii,Rigaltii,cmtero-

2185 5055 2431 5109 rumque
2462 5042 2990 5093 commentatorum
3030 5040 3200 5089 notas
3232 5032 3381 5086 infra
3411 5031 3833 5102 subjiciendas,

2186 5128 2307 5182 haec
2340 5127 2676 5183 minutatim
2710 5126 3013 5199 pensanda
3045 5121 3417 5177 remittimus.
3477 5119 3838 5175 Notabiliora

2187 5234 2453 5290 promere
2510 5217 2785 5273 sufficiat.
2845 5218 2923 5269 Ac
2981 5226 3168 5283 prlmo
3204 5210 3347 5278 loco,
3379 5208 3681 5281 Virginem
3718 5209 3839 5265 Dei-

2188 5323 2387 5379 param
2418 5306 2813 5378 virginitatem
2845 5304 2903 5357 in
2936 5304 3106 5372 partu
3139 5298 3410 5354 amisisse
3470 5300 3647 5355 audet
3700 5313 3831 5369 pro-

2188 5395 2358 5451 ﬁteri.
2392 5397 2541 5451 Tum
2573 5396 2645 5450 de
2676 5393 2890 5455 anima,
2924 5391 3031 5445 etsi
3061 5385 3346 5442 nonnulla
3370 5388 3619 5459 benigne
3649 5384 3833 5456 expli-

2188 5485 2374 5543 canda
2405 5500 2732 5553 censemus,
2762 5478 2950 5537 multa
2980 5475 3142 5534 nullo
3174 5480 3343 5550 pacto
3375 5475 3704 5533 excusanda
3742 5489 3831 5529 re-

2190 5576 2452 5641 manent,
2486 5573 2591 5644 uti,
2624 5568 2875 5643 exempli
2924 5584 3123 5636 causa,
3181 5583 3312 5640 qua:
3368 5563 3720 5622 solemniora
3777 5565 3836 5619 et

2190 5663 2350 5721 omni
2407 5662 2579 5719 modo
2609 5657 2988 5734 corpulentia
3017 5656 3234 5728 debita,
3266 5672 3334 5713 ea
3360 5668 3593 5726 quoque
3624 5652 3835 5709 adesse
