4148 6188
284 340 351 400 33
1761 321 2204 388 PREFATIO.
3587 330 3668 391 34

284 467 686 539 anima,ipsam
710 483 780 522 ex
802 466 1036 539 proprio
1054 482 1192 522 sexu
1228 465 1533 537 distingui,
1555 462 1641 518 vel
1678 474 1905 515 mascu-
1934 457 1991 523 Α
2021 470 2175 519 mus,
2208 469 2341 508 cum
2364 452 2606 524 quinam
2630 452 2848 508 fuerint
2876 452 2933 508 in
2958 469 3024 511 eo
3058 455 3321 511 virorum
3353 459 3662 517 doctorum

280 560 383 615 lino
417 557 635 612 scilicet
668 555 754 611 vel
790 555 1102 624 feminino;
1135 556 1381 625 trinam,
1444 552 1617 609 sicuti
1676 553 1732 605 et
1789 564 1910 603 cor-

276 666 422 721 pora,
451 664 552 718 per
580 646 847 717 longum,
881 645 1066 700 latum
1112 648 1202 700 est
1234 645 1615 717 profundum,
1676 640 1907 694 dimen-

271 740 475 793 sionem
510 737 726 791 habere
754 761 768 801 ;
802 735 1062 806 corporis
1092 734 1342 789 humani
1376 732 1629 804 speciem
1663 745 1727 783 ac
1758 729 1904 798 ﬁgu-

268 844 384 882 ram
414 843 525 899 prae
557 842 619 881 se
652 827 839 892 terre;
892 841 1005 879 non
1061 840 1189 879 esse
1249 822 1553 895 qualitatis
1602 817 1795 873 inanis
1853 819 1909 870 et

270 933 471 985 vacuas,
499 916 601 971 sed
634 932 760 987 quae
780 914 965 969 teneri
994 913 1199 985 possit,
1240 913 1389 969 acrei
1437 908 1649 967 coloris
1703 924 1769 962 ac
1816 906 1906 960 lu-

273 1007 474 1061 cidam.
510 1003 860 1061 Notabiliter
880 1003 1121 1075 insuper
1150 1007 1307 1058 errat
1336 999 1753 1067 Tertullianus,
1776 1012 1907 1051 cum

274 1097 428 1150 docet
456 1094 775 1151 Ecclesium
824 1094 907 1149 ibi
963 1094 1139 1149 etiam
1172 1094 1396 1159 haberi,
1454 1089 1551 1145 ubi
1597 1092 1737 1144 sunt
1793 1086 1909 1139 duo

272 1184 352 1240 vel
386 1193 517 1253 tres,
551 1183 689 1239 licet
745 1183 925 1239 laici:
987 1184 1086 1239 Ubi
1131 1187 1256 1249 tres,
1314 1181 1566 1236 Ecclesia
1624 1181 1720 1246 est,
1786 1174 1911 1230 licet

277 1276 440 1329 laici!
472 1273 770 1329 horribilis
800 1290 941 1329 sane
969 1273 1310 1345 propositio,
1343 1288 1412 1325 ex
1442 1286 1557 1341 qua
1586 1265 1912 1323 funestiora

271 1363 406 1419 bene
428 1362 618 1418 multa
647 1379 749 1434 pro
782 1362 1041 1417 Ecclesia
1072 1363 1537 1431 consequuntur.

333 1479 567 1534 Silentio
602 1482 875 1550 praetereo
908 1477 1054 1533 alios
1084 1492 1312 1532 errores
1372 1491 1521 1546 quos
1584 1490 1698 1528 non
1749 1470 1910 1525 solus

269 1569 385 1641 ipse
451 1567 869 1639 propugnavit,
918 1567 1019 1621 sed
1072 1575 1130 1621 et
1187 1566 1284 1619 alii
1346 1581 1415 1619 ex
1471 1560 1909 1626 vetustioribus,

272 1656 613 1727 caeteroquin
646 1656 704 1709 in
730 1671 790 1709 re
818 1656 1080 1710 nondum
1104 1656 1175 1708 ab
1208 1653 1467 1708 Ecclesia
1498 1649 1739 1705 definita
1772 1666 1784 1714 ;
1818 1664 1905 1702 ex.

270 1746 463 1818 gratia,
492 1744 945 1815 rebaptizandos
979 1759 1107 1797 esse
1132 1744 1205 1797 ab
1239 1740 1526 1797 haereticis
1556 1739 1905 1810 baptizatos;

272 1836 398 1889 item
423 1850 493 1889 eo
528 1834 776 1888 refertur
805 1832 1003 1904 opinio
1038 1831 1527 1893 millenariorum,
1588 1832 1645 1883 et
1694 1826 1909 1881 descri-
1943 1830 1989 1893 Β

271 1924 379 1996 ptio
400 1922 663 1993 paradisi
697 1938 873 1992 quem
906 1922 964 1974 in
996 1920 1298 1992 Apologet,
1331 1935 1457 1988 cap.
1519 1918 1607 1984 47,
1662 1914 1914 1987 appellat

268 2011 449 2068 locum
478 2011 690 2065 divinae
731 2010 1107 2075 amoenitatis,
1166 2008 1518 2079 recipiendis
1576 2010 1909 2060 sanctorum

268 2100 573 2170 spiritibus
603 2098 991 2163 destinatum,
1027 2105 1083 2153 et
1122 2097 1374 2151 maceria
1416 2096 1670 2166 quadam
1729 2093 1910 2163 igneae

266 2206 413 2242 zona:
444 2205 482 2242 a
507 2186 715 2242 notitia
744 2187 903 2241 orbis
946 2184 1281 2241 communis
1324 2189 1713 2257 segregatum.
1770 2180 1911 2245 Qui-

265 2277 723 2331 busaddendum
760 2276 917 2330 venit
939 2276 1093 2345 quod
1123 2274 1301 2328 habet
1332 2274 1402 2327 de
1426 2270 1646 2341 angelis
1679 2274 1911 2341 aposta-

265 2366 355 2433 tis,
389 2367 495 2437 qui
533 2364 683 2419 ﬁlias
715 2364 1025 2419 hominum
1050 2366 1449 2435 cognoverunt
1479 2362 1609 2431 (42).

324 2460 467 2535 Illud
510 2484 705 2535 autem
743 2483 1080 2551 portentum
1125 2494 1357 2549 aequare
1417 2477 1665 2543 videtur,
1721 2473 1914 2544 inquit

262 2576 456 2625 auctor
492 2570 743 2640 quidam
775 2569 905 2623 vitae
928 2567 1296 2631 Tertulliani,
1319 2566 1510 2620 virum
1546 2564 1701 2618 hunc
1752 2561 1914 2617 scili-

266 2667 364 2726 cet,
396 2658 650 2714 sublimi
682 2657 915 2729 iugenio
948 2657 1252 2723 donatum,
1275 2655 1448 2709 ﬁdem
1480 2651 1789 2708 conciliare
1812 2667 1912 2722 po—

266 2750 441 2802 tuisse
474 2746 827 2817 bujusmodi
861 2745 1177 2810 erroribus,
1211 2745 1284 2799 ob
1312 2743 1569 2798 visiones
1601 2740 1913 2795 mulierum

271 2836 478 2906 quibus
518 2852 683 2907 aeque
715 2851 780 2890 ac
804 2834 993 2890 sancti
1023 2833 1275 2905 Spiritus
1306 2829 1760 2887 revelationibus
1792 2845 1915 2883 om-

274 2924 576 2979 nimodam
611 2924 784 2979 fidem
817 2922 1153 2993 praestabat.

333 3043 475 3096 Hinc
549 3057 679 3095 cum
740 3039 1097 3111 praalaudato
1157 3041 1394 3093 auctore
1447 3035 1915 3093 concludendum

268 3136 347 3185 est
379 3132 494 3201 (45)
521 3131 645 3201 jam
668 3146 773 3184 nos
791 3146 825 3184 a
851 3127 1209 3184 Tertulliano
1229 3126 1395 3199 lapso
1420 3125 1717 3181 admoneri
1743 3141 1913 3196 quam

2021 543 2269 614 impensi
2306 543 2555 607 labores,
2590 541 2712 596 sive
2747 542 2818 596 ad
2878 543 3106 599 codices
3167 547 3668 617 transcribendos,

2022 632 2141 688 sive
2174 633 2244 687 ad
2270 631 2555 686 editiones
2578 632 2978 701 proferendas,
3026 634 3144 688 sive
3204 635 3273 688 ad
3335 641 3557 690 textum
3609 638 3667 692 in

2021 722 2359 777 recentibus
2382 720 2601 791 linguis
2630 720 3127 791 transferendum,
3152 722 3270 778 sive
3302 725 3371 779 ad
3402 726 3668 795 quaedam

2021 811 2100 865 rei
2128 809 2535 865 Tertullianeze
2560 815 2779 881 puncta
2809 810 3111 881 sigillatim
3175 813 3557 880 enucleanda,
3608 815 3668 871 in

2021 900 2268 955 decursu
2321 897 2692 966 swculorum,
2753 899 3003 970 singulis
3064 900 3427 958 volventibus
3472 904 3669 971 annis,

2018 1004 2321 1044 recensere
2344 989 2689 1043 summatim
2713 990 3147 1060 aggrediamur.
3173 990 3331 1046 Nihil
3361 992 3519 1047 enim
3552 1009 3671 1049 ma-

2019 1078 2109 1150 gis
2144 1078 2401 1133 ostendit
2431 1094 2607 1147 quam
2640 1081 2727 1131 tot
2756 1078 3011 1132 virorum
3048 1080 3105 1133 in
3139 1082 3414 1137 eumdem
3469 1086 3669 1137 aucto-

2022 1184 2141 1222 rem
2173 1183 2421 1238 operosa
2453 1183 2518 1221 ac
2555 1167 2850 1221 indefessa
2876 1167 3403 1240 aemulatio,quanti
3436 1171 3672 1225 Tertul-

2018 1256 2244 1311 lianum
2277 1256 2477 1311 fecerit
2504 1256 2698 1311 omnis
2731 1259 2883 1311 retro
2915 1258 3239 1329 antiquitas
3272 1275 3339 1313 ac
3383 1260 3673 1315 recentior

2019 1345 2293 1408 eruditio,
2344 1348 2567 1415 quanta
2627 1344 2802 1398 fuerit
2859 1346 2986 1415 ejus
3045 1347 3383 1416 auctoritas,
3437 1349 3671 1420 qualive

2020 1433 2325 1505 diligentia
2356 1450 2420 1487 ac
2453 1432 2760 1501 prudentia
2791 1434 3042 1506 quisque
3075 1436 3202 1505 ejus
3236 1438 3473 1508 scriptis
3522 1454 3667 1493 usus

2019 1521 2567 1577 fuerit.Przehabitis
2595 1522 2795 1576 eadem
2818 1522 2876 1576 in
2911 1540 2969 1577 re
2999 1525 3307 1595 studiis,ac
3342 1526 3667 1596 praesertim

2020 1613 2156 1666 Car.
2193 1612 2459 1679 Traugott
2484 1610 2696 1665 Goltlob
2723 1611 3131 1667 Schmnemann
3162 1630 3295 1669 rara
3343 1615 3665 1669 admodum

2017 1699 2378 1754 Bibliotheca
2400 1699 3026 1770 historico-litteraria,
3054 1701 3357 1773 libentius,
3382 1719 3483 1773 pro
3507 1720 3672 1759 more

2021 1793 2219 1844 nostro
2251 1804 2317 1843 ac
2340 1789 2496 1857 jure,
2518 1792 2768 1856 utentes,
2804 1790 2993 1859 primo
3026 1791 3096 1844 de
3117 1791 3416 1846 codicibus
3467 1808 3669 1845 manu-

2021 1878 2275 1949 scriptis,
2311 1894 2560 1947 quorum
2597 1876 2807 1932 notitia
2832 1878 2903 1932 ad
2940 1895 3126 1949 usque
3159 1896 3264 1935 nos
3321 1880 3671 1952 pervenerit,

2020 1983 2207 2037 pauca
2238 1966 2593 2032 libabimus;
2646 1970 2770 2020 tum
2832 1967 3177 2034 editionum,
3227 1968 3561 2024 versionum
3602 1986 3669 2025 ac

2022 2055 2587 2110 commentationum
2621 2054 2876 2125 amplam
2902 2057 3110 2111 seriem
3145 2057 3217 2112 ad
3250 2057 3517 2129 singulos
3565 2074 3671 2113 an-

2022 2162 2150 2215 nos,
2185 2148 2475 2215 quantum
2510 2143 2765 2214 licuerit,
2798 2144 3119 2200 referemus
3153 2146 3287 2217 (44).

2361 2290 2389 2355 §
2419 2286 2457 2341 l.
2489 2304 2559 2341 ns
2596 2302 2897 2343 CODICIBUS
2934 2305 3333 2344 TERTULLIANI.

2099 2412 2278 2467 «Post
2318 2412 2737 2483 antiquissima
2792 2413 3085 2484 Cypriani,
3146 2413 3455 2485 Lactantii,
3509 2414 3667 2470 Hila-

2023 2501 2114 2567 rii,
2154 2500 2413 2565 Eusebii,
2472 2500 2686 2571 Ruﬁni,
2748 2500 3108 2573 Hieronymi,
3142 2502 3481 2575 Augustini,
3521 2504 3671 2559 Vin-

2023 2589 2199 2644 centii
2232 2590 2576 2657 Lirinensis,
2638 2591 2707 2645 de
2761 2591 3103 2645 Tertulliani
3168 2592 3355 2659 libris,
3412 2593 3671 2663 ingenio,

2025 2678 2371 2734 auctoritate
2402 2680 2763 2748 testimonia,
2827 2679 2989 2735 nulla
3044 2680 3295 2736 subinde
3344 2697 3446 2753 per
3501 2682 3672 2753 plura

2025 2767 2237 2822 saecula
2268 2773 2572 2822 remanent
2602 2769 2731 2839 ejus
2762 2768 3406 2841 vestigia,obrutusque
3437 2770 3672 2826 videtur

2025 2857 2136 2911 sub
2158 2856 2532 2911 celeberrimo
2582 2856 2792 2911 Gelasii
2831 2874 2991 2928 papae
3050 2859 3303 2927 decreto,
3363 2860 3462 2929 qui
3524 2859 3670 2913 indi-

2027 2945 2240 3000 stincta
2297 2945 2424 3014 ejus
2468 2960 2643 3015 Opera
2701 2944 2853 2998 inter
2909 2947 3243 3018 apocrypha
3308 2948 3666 3002 amandavit.

2024 3034 2261 3089 Excitus
2309 3034 2547 3089 tandem
2606 3049 2672 3088 ex
2729 3033 2802 3087 iis
2868 3035 3331 3106 apocryphorum
3382 3037 3666 3104 tenebris,

2026 3140 2230 3178 rursus
2263 3123 2322 3177 in
2353 3121 2543 3176 lucem
2571 3121 2783 3193 prodiit
2814 3122 2967 3177 circa
3003 3124 3195 3178 fausta
3216 3123 3404 3179 Caroli
3463 3124 3654 3195 Magni

266 3198 486 3274 lubrica
517 3198 613 3273 res
645 3218 1047 3273 sithominum
1085 3216 1437 3281 intellectus,
1470 3215 1540 3270 de
1570 3231 1631 3270 se
1663 3214 1907 3269 nimium
1941 3198 1984 3264 C
2022 3219 2309 3285 tempore,
2361 3229 2493 3267 cum
2542 3228 2609 3266 ex
2660 3211 2906 3267 immani
2940 3213 3329 3268 barbarorum
3415 3213 3663 3269 colluvie

264 3323 658 3381 praeualens,
691 3307 923 3363 sibiuni
976 3306 1173 3361 omnia
1212 3306 1497 3370 tribuens,
1546 3303 1913 3374 nimiumque

262 3398 530 3463 credens,
558 3413 664 3451 nec
695 3397 794 3451 82
828 3394 1474 3465 aliorum,maximequc
1506 3392 1693 3464 ipsius
1725 3393 1916 3447 Eccle-

261 3485 350 3541 sia:
384 3484 717 3557 respiciens
777 3482 1229 3539 auctoritatem!
1292 3498 1471 3553 quam
1531 3481 1644 3545 cito
1706 3480 1913 3552 privati

263 3574 587 3643 cujuslibet
618 3572 916 3643 ingenium
950 3571 1209 3627 subverti
1242 3570 1452 3641 queat!
1479 3586 1657 3641 quam
1695 3585 1915 3640 pronus

261 3664 530 3732 ejusdem
568 3662 630 3716 in
652 3678 877 3716 errores
908 3660 1146 3733 lapsus!
1184 3677 1360 3731 quam
1386 3676 1517 3714 vere
1548 3659 1635 3727 de
1692 3657 1918 3713 Tertul-

265 3752 420 3806 liano
452 3752 512 3805 in
555 3750 1103 3806 suiCommonitorii
1139 3766 1263 3819 cap.
1324 3749 1392 3803 48
1452 3747 1919 3819 pronuntiaverit

266 3845 323 3895 B.
376 3839 731 3894 Vincentius
790 3838 1143 3893 Lirinensis:
1202 3838 1581 3893 Tertullianus
1652 3835 1922 3891 catholici

262 3932 563 3997 dogmatis,
596 3928 651 3983 id
689 3937 767 3983 est
796 3929 1125 3983 universalis
1158 3944 1221 3982 ac
1249 3930 1476 3981 vetusta
1534 3926 1667 3995 ﬁdei
1719 3941 1920 3996 parum

263 4027 449 4083 tenax,
514 4033 589 4072 ac
633 4017 897 4072 disertior
951 4018 1124 4071 multo
1182 4033 1349 4087 quam
1397 4016 1643 4085 felicior,
1701 4017 1921 4069 mutata

260 4109 512 4179 deinceps
544 4109 841 4171 sententia,
874 4108 1001 4176 fecit
1040 4106 1115 4161 ad
1170 4112 1485 4160 extremum
1546 4104 1686 4174 quod
1741 4104 1810 4158 de
1858 4118 1918 4158 eo

261 4196 440 4251 beatus
469 4198 757 4265 confessor
786 4196 1032 4249 Hilarius
1061 4194 1294 4265 quodam
1356 4194 1469 4249 loco
1517 4192 1751 4247 scribit:
1812 4192 1911 4246 Se-

264 4288 476 4356 quenti,
514 4286 727 4355 inquit,
761 4300 947 4339 errore
974 4283 1230 4339 detraxit
1255 4285 1483 4354 scriptis
1529 4281 1918 4353 prebabilibus

259 4376 653 4430 auctoritatem
664 4415 676 4427 .

827 4540 1082 4597 ARTICU
1095 4540 1221 4596 LUS
1262 4540 1358 4597 III.

455 4674 531 4712 DE
576 4673 927 4712 LITTERARIIS
965 4674 1343 4714 TBRTULLIANI
1373 4672 1720 4711 ANNALIBUS.

320 4817 490 4871 Modo
526 4833 838 4888 perpensa,
866 4820 997 4872 utut
1027 4817 1150 4872 fieri
1182 4816 1724 4879 licuit;Tertulliani
1758 4816 1911 4871 mul-

261 4902 433 4975 tiplici
469 4905 846 4974 auctoritate,
896 4911 1070 4977 atque
1110 4906 1285 4972 datis,
1343 4923 1467 4976 qua:
1518 4906 1644 4961 ausi
1706 4921 1911 4960 sumus

267 5007 323 5046 ac
350 4994 586 5065 potiora
616 4995 998 5062 duximus,de
1016 4996 1453 5065 rectoejusdem
1488 5011 1596 5049 usu
1622 4994 1908 5062 consiliis,

251 5079 361 5147 jam
390 5099 459 5137 ex
494 5083 609 5137 hoc
643 5082 846 5139 ordine
878 5100 1073 5139 rerum
1117 5084 1364 5139 minime
1415 5081 1709 5139 declinare
1756 5082 1909 5138 vide-

285 5296 429 5374 '(t'2)
460 5296 602 5351 Haec
633 5302 691 5374 et
715 5297 836 5374 alia
858 5297 1206 5374 Tertulliani
1241 5299 1537 5374 paradoxa
1568 5298 1721 5353 infra
1746 5314 1911 5369 repe-

257 5369 360 5421 ries
391 5385 537 5423 cum
574 5370 833 5426 antidoto
863 5370 1130 5436 Pamelii,
1164 5375 1220 5427 et
1244 5369 1382 5426 alibi
1422 5369 1553 5425 aliis
1612 5386 1909 5425 commen-

256 5441 507 5494 tatorum
565 5442 721 5497 notis
773 5448 1014 5510 sanata;
1067 5444 1138 5498 ab
1198 5443 1499 5498 erroribus
1549 5443 1907 5513 quibusdam

258 5523 567 5633 perperam
610 5513 721 5595 ipsi
772 5514 1080 5599 im'putatis
1112 5514 1573 5598 .Tortullianum
1650 5514 1910 5570 vindicat

295 5598 455 5633 umn-
492 5583 764 5633 szlmth-
797 5588 989 5633 hut/ira
1037 5594 1232 5633 tantum
1263 5589 1393 5633 ΡΡ.Δ
1442 5592 1484 5633 t-
1548 5586 1665 5633 VII-
1707 5603 1756 5633 ο-
1816 5589 1903 5633 Η-

295 5598 455 5657 ump.
492 5583 764 5642 Biblioth.
796 5583 989 5643 histor.
1037 5588 1232 5643 critica
1260 5589 1395 5655 PP.,
1442 5592 1485 5642 t.
1548 5586 1666 5657 Vll,
1707 5603 1756 5641 c.
1816 5589 1906 5655 11,

262 5668 310 5721 ρ.
330 5656 437 5709 709
466 5671 643 5728 seqq.

2023 3319 2253 3359 emersa
2283 3307 2733 3358 renascerentur
2762 3303 2959 3359 studia
2984 3304 3337 3359 litterarum.
3366 3306 3500 3369 Quae
3556 3304 3667 3359 im-

2025 3392 2230 3464 primis
2251 3392 2495 3447 floruere
2525 3392 2806 3461 Lugduni,
2840 3392 2899 3447 in
2920 3397 3151 3448 vetusta
3191 3393 3540 3449 eruditionis
3599 3408 3666 3449 ac

2025 3481 2374 3552 eloquentiae
2404 3480 2632 3535 Gallicae
2666 3482 2821 3547 sede,
2856 3497 2959 3535 nec
2994 3499 3199 3553 parum
3237 3483 3447 3537 favisse
3479 3482 3675 3537 archi-

2026 3569 2283 3641 episcopi
2338 3570 2788 3641 Lugdunenses,
2843 3570 3167 3625 Leidradus
3217 3572 3369 3637 inter
3427 3588 3574 3642 quos
3623 3575 3680 3626 et

2026 3660 2385 3727 Agobardus,
2418 3665 2842 3713 memorantur.
2882 3660 3055 3714 Porro
3088 3659 3519 3715 Tertullianum
3552 3676 3668 3731 prin

2028 3747 2303 3802 omnibus
2346 3748 2405 3801 in
2466 3746 2689 3801 deliciis
2732 3747 3009 3803 habuisse
3068 3750 3412 3819 Agobardus
3471 3748 3669 3804 existi-

2030 3838 2284 3892 mandus
2309 3841 2418 3903 est,
2451 3836 2669 3907 quippe
2720 3838 2887 3906 cujus
2943 3843 3174 3892 exstant
3221 3838 3421 3909 plures
3473 3855 3672 3893 manu-

2029 3925 2231 3996 scripti
2260 3925 2488 3981 codices
2520 3940 2732 3979 nomen
2766 3927 2896 3996 ejus
2928 3942 3042 3997 prae
3093 3942 3155 3982 se
3199 3927 3468 3983 ferentes.
3530 3927 3675 3982 Hinc

2028 4014 2242 4087 igitur:

2616 4159 2715 4213 83
2748 4158 2967 4214 Saeculo
2998 4176 3068 4214 Ix.

2100 4283 2205 4336 «1ο
2234 4283 2387 4337 Inter
2444 4297 2581 4336 ann.
2631 4281 2735 4335 814
2795 4286 2852 4336 et
2894 4283 3020 4337 840.
3078 4285 3117 4337 Ι.
3169 4282 3349 4339 Codex
3400 4282 3674 4351 Agobardi

2028 4371 2207 4445 prior,
2241 4371 2665 4437 membranac.,
2697 4370 2909 4425 litteris
2938 4372 3283 4437 uncialibus
3327 4373 3674 4429 minusculis

2027 4461 2396 4533 elegantibus
2428 4477 2493 4515 ac
2517 4458 2717 4514 nitidis
2747 4464 3044 4527 exaratus,
3074 4462 3179 4515 204
3213 4461 3308 4517 fol.
3333 4462 3477 4517 in-li°
3527 4479 3678 4517 com-

1943 4571 1988 4636 Β
2020 4556 2250 4623 pactus,
2281 4554 2564 4604 vetustate
2596 4548 2780 4604 nimia
2828 4548 2983 4605 lacer
3031 4566 3095 4605 ac
3158 4551 3438 4607 diuturno
3499 4552 3677 4607 udore

2023 4639 2359 4711 marginum
2380 4655 2651 4694 corrosus
2675 4638 3300 4708 aclancinatus,exstat
3322 4640 3378 4693 in
3404 4639 3675 4698 Biblioth.

2022 4730 2277 4800 reg.sub
2310 4745 2472 4782 num.
2517 4728 2671 4782 1622.
2705 4728 2837 4782 Jam
2895 4744 3074 4799 prope
3128 4729 3403 4783 manibus
3451 4730 3675 4799 absque

2021 4816 2277 4889 periculo
2310 4816 2546 4871 tractari
2582 4833 2697 4870 non
2733 4821 2980 4888 poterat,
3015 4834 3148 4873 cum
3193 4835 3376 4889 nuper
3423 4818 3673 4873 eximius

2019 4906 2119 4962 ille
2149 4906 2327 4961 codex
2358 4906 2594 4961 tandem
2630 4907 2846 4960 recenti
2868 4922 3044 4975 opera
3076 4909 3392 4961 resarcitus
3423 4914 3532 4976 est,
3568 4925 3672 4963 nec

2021 4995 2199 5051 salvis
2223 4999 2417 5049 tamen
2447 4994 2713 5065 pluribus
2736 4993 3005 5050 foliorum
3026 4995 3297 5051 frustulis
3330 4996 3667 5067 pellucidis,

2022 5084 2083 5140 in
2118 5084 2335 5155 quibus
2360 5082 2583 5153 aliquot
2605 5083 2939 5139 emicabant
2969 5090 3293 5156 grammata
3325 5102 3449 5157 quaa
3491 5102 3670 5153 nunc,

2242 5294 2835 5350 CorbinianiThomaa
2869 5294 3103 5350 dissert.
3166 5296 3351 5362 final.,
3411 5314 3504 5369 op.
3548 5300 3669 5369 cit.,

2188 5370 2218 5405 ς)
3456 5368 3461 5369 ,

2023 5368 2355 5509 “(ilibus
2398 5435 2754 5509 doctissimas
2800 5438 3243 5493 Scbmnemanni
3312 5441 3531 5496 notitiae
3563 5442 3667 5497 ad-

2022 5508 2215 5584 denda
2242 5508 2620 5584 censuimus,_
2646 5508 2767 5564 haec
2808 5510 3040 5584 uncinis
3066 5512 3434 5584 Apraafigenda
3495 5529 3660 5584 cura-

2020 5583 2231 5649 vimus,
2255 5586 2462 5637 caetera
2492 5580 2659 5639 novis
2690 5585 2921 5639 tantum
2944 5580 3158 5649 titulis,
3193 5580 3295 5641 aut
3316 5586 3427 5642 alio
3450 5583 3654 5640 distin-

2022 5656 2220 5713 ximus
2250 5653 2475 5713 ordine.
