4148 6188
415 313 492 373 35
1918 299 2371 365 PREFATIO.
3748 312 3831 372 se

410 442 675 515 margine
704 438 1029 505 deficiente,
1073 436 1159 493 vel
1205 437 1475 493 obstante
1520 450 1699 507 opaco
1760 433 2056 505 linimine,
2090 436 2145 504 Α
2174 434 2345 489 «VII.
2376 435 2519 491 Eod.
2549 439 2730 509 temp.
2766 436 2948 494 Codex
2976 438 3315 495 Colberlinu:
3357 443 3536 512 prior,
3614 457 3827 515 quem,

410 529 955 604 exstinguuntur.ln
982 531 1043 581 2°
1062 526 1339 593 folio,sub
1358 524 1530 581 titulo
1565 524 2066 580 recentiorimanu

410 641 472 678 ac
502 621 711 676 litteris
745 615 1496 690 quadratisinseriptomac
1525 618 1754 668 vetusto
1772 617 2065 667 caractere

406 714 723 783 leguntur:
758 724 925 761 LIBER
963 722 1212 761 OBLATUS
1252 721 1323 759 AD
1364 721 1573 758 summa
1612 721 1660 757 s.
1704 718 1945 756 STEPIINI
1988 719 2059 756 sx

408 818 549 857 voro
590 813 872 854 woman!
913 812 1026 850 ειη.
1060 797 1119 848 In
1151 792 1591 858 cod.fol.verso,
1616 807 1711 846 mc
1748 807 1898 845 sum
1925 807 2062 845 TER-

410 907 675 947 TULLIANI
709 903 987 943 LIB.XXIII.
1014 883 1290 955 Sequitur
1311 882 1485 936 index
1516 882 1659 935 iste:
1685 898 1757 934 AD
1781 895 2060 934 NATIONES

412 1000 524 1036 LIB.
556 997 681 1046 I,IT.
712 994 785 1033 AD
820 992 1095 1031 NATIONES
1128 992 1165 1027 Ι.
1186 990 1238 1027 Β.
1266 990 1325 1027 ΙΙ.
1353 989 1421 1027 DE
1454 985 1921 1026 PRZESCRIPTIONE
1950 986 2064 1022 ΗΞ.-

406 1085 736 1126 RETICOBUM
781 1082 947 1120 LIBER
986 1081 1025 1128 Ι,
1068 1080 1140 1117 DE
1180 1078 1529 1116 SCORPIAGEZ
1587 1077 1657 1114 DE
1715 1074 2060 1113 TEBTIMONIO

402 1178 682 1216 ANIMzﬁ—
726 1174 797 1210 DE
836 1170 1152 1209 coaom—
1187 1169 1257 1206 DE
1298 1166 1675 1206 SPECTACULIS
1718 1166 1802 1203 LIS
1831 1149 1944 1219 (sic)
1990 1164 2060 1201 ne

406 1263 764 1305 IDOLOLATRIA
804 1262 865 1299 LA
908 1245 1022 1314 (sio)
1067 1274 1133 1283 —
1170 1260 1239 1297 DE
1280 1259 1439 1297 censu
1476 1255 1664 1295 ΔΝΙΜᾸΞ
1704 1269 1773 1280 -
1812 1256 1880 1293 ne
1920 1256 2056 1292 om-

405 1356 655 1396 TIONE—
694 1354 762 1391 DE
803 1352 966 1390 CUI/I'U
1005 1349 1316 1388 FEMINARUM
1362 1363 1428 1372 —
1469 1348 1541 1385 IT.
1586 1347 1653 1385 DE
1694 1346 1853 1385 CULTU
1892 1344 2057 1381 FEMI-

410 1445 595 1485 NARUM
618 1444 774 1481 -ΔΒ
816 1441 1041 1479 UXOREM
1062 1455 1130 1462 -
1166 1440 1239 1487 IT,
1280 1439 1346 1476 AI)
1388 1438 1608 1477 UXOREM
1637 1450 1709 1462 —-
1748 1436 1815 1473 DE
1846 1434 2057 1473 EXHOR-

420 1535 643 1575 TATIONE
686 1531 980 1571 CASTITATIS
1001 1544 1065 1553 -·
1091 1530 1157 1567 DE
1194 1530 1286 1567 SPB
1322 1528 1583 1567 FIDELIUM
1605 1542 1672 1550 ·--
1694 1525 1763 1564 DE
1792 1523 2057 1562 PARADISO

416 1639 485 1649 —
512 1625 582 1663 DE
620 1621 926 1661 VIRGINIBUS
964 1619 1228 1665 VELANQIB
1249 1618 1405 1656 -ΟΕ
1444 1618 1611 1656 (ΖΔΒΝΕ
1642 1616 1707 1654 ΕΤ
1735 1613 1934 1653 ΑΝῙΜΑ.
1992 1596 2055 1649 In

412 1700 595 1754 altera
626 1695 902 1751 columna
959 1692 1224 1762 ejusdem
1287 1690 1447 1746 folii:
1508 1708 1575 1744 na
1614 1705 1785 1744 omne
1844 1703 1937 1741 xm
1987 1702 2058 1740 ne

408 1802 784 1844 ΡΔΤΙΕΝΤΙΔ-
842 1800 911 1837 DE
989 1799 1313 1837 ΡᾸΙΝΙΤΕΝΤῙΔ
1370 1811 1439 1820 ·-·
1479 1797 1551 1835 DE
1588 1795 1753 1834 ANIHE
1814 1790 2054 1831 SUMMIS-

399 1895 553 1933 SIONE
591 1905 659 1915 -
697 1891 768 1929 DE
818 1889 1230 1927 SUPERBTITIONE
1281 1888 1476 1926 SIECULl
1535 1900 1603 1910 -·-·
1654 1882 1807 1923 LEGE
1848 1884 1902 1921 IN
1947 1882 2051 1919 XPO

404 1982 519 2019 IHY.
553 1963 726 2018 Porro
760 1960 957 2015 deﬁcit
987 1960 1165 2013 codex
1196 1958 1255 2013 in
1288 1959 1437 2013 libro
1468 1958 1531 2012 de
1582 1958 1754 2012 Carne
1814 1953 2045 2019 Christi,

402 2054 473 2109 ad
509 2054 625 2108 haec
658 2050 866 2121 capitis
898 2047 943 2102 X
974 2049 1181 2104 verba:
1207 2050 1335 2103 item
1362 2064 1485 2101 cum
1540 2046 1881 2118 praesumant
1938 2058 2049 2097 non

399 2142 591 2199 carnis
620 2141 711 2196 sed
725 2140 929 2194 anima?
957 2148 1185 2194 nostrae.
1207 2167 1274 2179 —
1296 2136 1451 2191 Nihil
1482 2140 1671 2192 exstat
1704 2136 1773 2189 de
1806 2148 2050 2204 sequen-

405 2232 565 2286 tibus
599 2230 788 2299 libris,
823 2244 928 2282 nec
951 2226 1138 2281 ullum
1164 2226 1431 2293 verbum,
1465 2227 1803 2296 dequatuor
1836 2238 2047 2295 praece-

402 2318 754 2377 dentibusin
780 2316 969 2371 indice
1002 2316 1429 2371 memoratis.In
1464 2314 1826 2387 operimento
1860 2326 2045 2365 mem-

402 2410 689 2463 branaceo
713 2422 778 2460 ac
810 2404 1208 2474 rubro,aureis
1232 2403 1401 2459 lineis
1434 2408 1489 2458 et
1511 2402 1719 2457 litteris
1744 2400 2044 2468 distincto,

402 2498 647 2569 legitur:
675 2511 861 2559 JACOB,
894 2510 1321 2548 GOTIIOFREDUS.
1356 2510 1393 2547 ι.
1424 2510 1473 2547 c.
1509 2509 1663 2547 nomo
1704 2505 2045 2545 pxmsmusus

410 2604 597 2641 Βεαιίε
636 2600 980 2639 ΡΔΠΙΞῙΟΒΠΜ
1048 2600 1404 2638 Btnuo'reca-z.
1449 2581 1551 2637 Hic
1602 2582 1757 2637 enim
1794 2578 2045 2651 insignis

399 2681 489 2732 est
518 2676 697 2730 codex
738 2689 910 2744 quem
932 2671 1158 2743 primus
1210 2674 1479 2726 tractavit
1537 2670 1955 2737 Gothofredus,
2013 2686 2043 2725 θ

397 2782 512 2837 quo
546 2764 775 2835 primus
804 2763 937 2817 duos
966 2762 1035 2816 ad
1066 2762 1330 2817 Nationes
1363 2762 1529 2816 libros
1578 2762 1780 2827 edidit,
1833 2775 2036 2831 quem-

397 2870 507 2926 que
540 2854 630 2908 his
656 2852 828 2907 editis
852 2852 1020 2922 regiaa
1054 2850 1415 2906 bibliotheca:
1443 2852 1592 2906 dono
1624 2850 1859 2906 dicavit.

468 2966 495 2993 ‹‹
525 2943 594 2998 ΙΙ.
634 2941 821 2997 Codex
847 2940 1252 3009 Agobardinus,
1283 2957 1316 2995 a
1348 2940 1633 3012 superiori
1667 2940 1956 3004 diversus,
1978 2936 2036 2991 in

393 3030 667 3087 Biblioth.
706 3031 1255 3101 Lugdune-Batava,
1277 3030 1348 3084 ab
1382 3027 1797 3099 Havercampio
1832 3027 2035 3081 lauda-

392 3126 512 3187 tus,
538 3122 637 3177 sed
673 3138 785 3175 non
820 3120 1171 3191 descriptus.
1204 3119 1350 3174 Vide
1378 3119 1531 3173 infra
1560 3118 1795 3173 Haverc.
1831 3116 2033 3188 praefa-

393 3206 549 3259 tione
581 3204 650 3259 ad
683 3203 1043 3275 Apologetic.
1080 3219 1209 3274 pag.
1237 3202 1343 3256 250
1370 3218 1482 3273 sqq.

1094 3362 1315 3419 Saeculo
1338 3379 1391 3417 κ.

467 3510 495 3538 ‹‹
542 3490 637 3543 Ill.
692 3488 855 3543 Circa
906 3504 1042 3543 ann.
1083 3490 1207 3542 900.
1268 3487 1465 3542 Clodea:
1508 3484 1733 3542 Claudii
1779 3487 2031 3541 Puteam'.

393 3583 681 3635 caractere
702 3578 1117 3651 pulcherrimo,
1142 3578 1507 3649 elegantibus
1526 3576 1799 3632 uncialib.
1834 3579 1903 3630 80
1932 3576 2031 3632 tol.

389 3669 448 3725 id
482 3671 669 3725 forma
703 3671 761 3722 4°
792 3671 1153 3740 compactus,
1186 3674 1517 3723 asservatus
1558 3668 1615 3721 in
1658 3666 2033 3721 Biblioth.re-

386 3760 502 3831 gia,
537 3758 681 3816 olim
715 3770 778 3813 n°
814 3759 1137 3827 3971,nunc
1170 3757 1309 3812 1623
1332 3761 1587 3827 notatus,
1607 3756 1800 3811 solum
1823 3756 2033 3828 Apolo-

386 3851 557 3924 getic.
594 3850 698 3907 lib.
732 3850 1062 3920 continens,
1085 3866 1259 3921 quem
1292 3847 1349 3903 in
1382 3849 1656 3904 manibus
1688 3849 1943 3905 habuere
1967 3865 2032 3905 ac

383 3941 729 3997 cousuluere
751 3940 819 3996 D.
852 3939 975 3995 Nic.
1008 3940 1081 3994 Le
1104 3939 1331 4010 Nourry
1359 3942 1412 3994 et
1436 3938 1674 4009 Rigalt.

1048 4096 1272 4153 Seeculo
1304 4115 1380 4152 χι.

454 4251 481 4278 ‹‹
508 4228 596 4283 IV.
631 4227 794 4282 Circa
825 4242 962 4280 ann.
1000 4224 1157 4277 1000.
1215 4223 1404 4279 Codex
1461 4225 1617 4278 Petri
1670 4224 1907 4289 Pitlhtei,
1960 4239 2029 4278 ex

382 4323 738 4373 caracterum
764 4317 951 4370 forma
978 4331 1011 4369 a
1041 4318 1104 4368 D.
1156 4312 1340 4367 Nicol.
1398 4312 1474 4367 Le
1534 4313 1760 4384 Nourry
1795 4316 1850 4367 et
1894 4313 2027 4368 aliis

380 4410 495 4459 VV.
534 4406 646 4459 DD.
690 4404 1000 4459 undecimo
1033 4402 1244 4457 saeculo
1278 4401 1591 4473 ascriptus,
1642 4400 1781 4455 olim
1837 4418 1904 4457 ex
1938 4402 2027 4456 Pi-

376 4493 512 4548 thcni
548 4492 779 4548 schedis
810 4493 928 4546 RR.
991 4495 1230 4545 Patrum
1288 4489 1536 4545 Oratorii
1591 4489 1733 4545 Jesu
1782 4490 2023 4562 collegio

375 4582 649 4638 Trecensi
685 4583 835 4636 dono
870 4582 1062 4645 datus,
1097 4596 1253 4634 nunc
1279 4579 1335 4633 in
1369 4579 1637 4634 biblioth.
1672 4580 1835 4635 urbis
1870 4582 2022 4636 Mon-
2052 4569 2099 4633 D

373 4670 755 4742 tispessulani
787 4673 1142 4736 asservatus,
1179 4669 1600 4735 membranac.,
1627 4670 1787 4738 in-t‘°,
1821 4671 2019 4727 omnia

372 4760 717 4817 Tertulliani
750 4776 925 4831 opera
956 4758 1235 4813 continet.
1265 4759 1368 4813 34
1399 4758 1483 4812 Cf.
1528 4759 1715 4814 Hasnel
1769 4760 2014 4833 catalog.

372 4868 431 4923 p.
464 4852 588 4905 245.
622 4852 700 4905 Eo
732 4866 875 4905 usus
906 4852 994 4903 est
1024 4848 1095 4902 ad
1127 4864 1297 4903 suam
1356 4848 1671 4904 editionem
1706 4848 2012 4921 Rigaltius.

449 4940 562 4995 «ν.
620 4940 756 4995 Eod.
822 4943 1103 5009 tempore,
1162 4936 1338 4992 Codex
1386 4938 1638 4995 Harlaeus
1704 4940 2016 4995 caracteris

371 5029 657 5099 elegantia
694 5028 847 5084 haud
892 5031 1150 5082 Puteano
1200 5027 1475 5096 deterior,
1536 5044 1725 5100 neque
1780 5033 2015 5083 centum

369 5120 541 5176 annis
572 5119 880 5189 recentior,
916 5117 1117 5188 judice
1166 5121 1229 5171 D.
1298 5118 1372 5173 Le
1423 5118 1669 5190 Nourry,
1730 5118 1831 5189 qui
1880 5134 2013 5173 eum

369 5209 590 5281 accepit
641 5209 712 5264 ab
770 5206 990 5263 Achille
1050 5204 1292 5276 Harlazo,
1351 5207 1690 5263 Parisiensis
1777 5213 2015 5263 senatus

368 5299 636 5370 praeside,
678 5298 738 5352 in
794 5313 978 5369 eoque
1027 5297 1212 5352 bonas
1270 5299 1326 5349 et
1383 5296 1576 5351 malas
1634 5298 2018 5369 deprehendit

370 5387 677 5444 lectiones.

439 5498 467 5528 ‹‹
490 5476 581 5533 VI.
641 5476 779 5532 Eod.
840 5480 1020 5546 temp.
1086 5472 1263 5528 Codex
1318 5473 1579 5545 Augustae
1634 5476 2015 5545 Taurinensis,

365 5567 458 5623 cui
490 5583 553 5624 se
584 5566 903 5623 offendisse
958 5566 1211 5622 testatur
1263 5562 1643 5622 Mabillonius
1698 5566 1755 5621 in
1817 5566 2013 5626 Itiner.

366 5656 551 5714 Italic.
575 5674 612 5713 ι.
646 5657 763 5729 I,p.
795 5656 849 5711 8.

2169 523 2416 592 jubente
2474 525 2683 581 abbate
2728 524 3083 593 Colbertino,
3141 546 3175 583 a
3227 528 3433 585 Carolo
3490 530 3823 602 Duchesne,

2176 614 2398 685 accepit
2428 614 2495 669 D.
2533 615 2607 670 Le
2664 619 2910 689 Nourry,
2963 617 3057 673 cui
3088 619 3160 673 ab
3211 620 3386 675 annis
3434 620 3666 677 circiter
3719 623 3825 678 700

2173 702 2339 758 visus
2369 708 2457 758 est
2485 709 2777 761 exaratue.

2676 839 2899 895 Saecula
2930 840 3303 897 duodecimo.

2250 943 2445 999 «VIII.
2484 946 2641 999 Infra
2686 964 2822 1001 ann.
2889 948 3047 1015 1050,
3110 948 3290 1005 Codex
3346 950 3706 1008 Morbacensz’s
3757 954 3816 1009 in

2172 1034 2337 1101 cujus
2361 1035 2474 1089 fine
2510 1051 2687 1090 manu
2738 1037 3061 1093 recentiore
3120 1040 3440 1096 scribitur:
3506 1044 3670 1098 Orate
3714 1062 3820 1116 pro

2169 1122 2367 1179 domno
2428 1125 2620 1180 abbate
2674 1127 3027 1195 Morbacensi,
3078 1128 3179 1199 qui
3239 1129 3389 1185 alius
3438 1148 3554 1186 non
3612 1137 3701 1188 est
3752 1150 3818 1189 ac

2170 1212 2629 1269 Bartholomznus
2670 1215 2741 1269 de
2770 1214 3015 1282 Andelo,
3062 1234 3214 1273 anno
3263 1219 3401 1274 1455
3456 1222 3812 1278 monasterio

2168 1302 2493 1371 prafectus.
2526 1303 2727 1359 Varias
2759 1306 2887 1375 ejus
2918 1304 3200 1362 lectiones
3232 1309 3435 1364 sedulo
3467 1309 3534 1365 D.
3586 1311 3709 1365 Nic.
3761 1310 3814 1366 le

2167 1390 2393 1464 Nourry
2415 1394 2783 1465 decerpserat
2837 1411 3092 1467 eumque
3138 1398 3243 1450 600
3302 1396 3388 1453 vel
3436 1400 3540 1453 700
3597 1399 3809 1456 abhinc

2168 1481 2340 1536 annis
2372 1482 2657 1554 scriptum
2680 1484 2955 1540 ducebat.

2645 1617 2866 1673 Saeculo
2900 1618 3124 1675 decimo
3142 1620 3333 1676 tertio.

2238 1742 2266 1769 ‹‹
2289 1720 2384 1775 ΙΧ.
2420 1722 2602 1778 Codex
2635 1723 2975 1780 Colbertinus
3004 1728 3303 1794 recentior,
3321 1726 3548 1783 delatus
3571 1744 3639 1802 ex
3668 1728 3811 1785 urbe

2084 1827 2130 1892 B
2165 1810 2463 1865 Tutelensi
2497 1828 2649 1867 anno
2674 1814 2809 1866 1687
2828 1830 2861 1868 a
2886 1818 2945 1870 υ.
2968 1815 3260 1886 Stephano
3284 1817 3538 1883 Baluzio,
3572 1822 3809 1874 notatus

2158 1897 2218 1953 in
2250 1898 2501 1955 Colbert.
2535 1900 2678 1957 bibl.
2711 1913 2774 1956 n°
2804 1904 2965 1975 5271,
2998 1904 3138 1959 olim
3171 1905 3231 1960 in
3265 1906 3445 1978 Regia
3468 1908 3806 1977 5973,nunc

2160 1989 2317 2056 1689,
2378 1988 2533 2045 haud
2596 1992 2699 2046 400
2757 1993 2929 2048 annis
2976 1995 3263 2051 recentior
3314 1997 3543 2065 judicto
3603 1996 3669 2051 D.
3731 1998 3806 2053 Le

2158 2077 2404 2150 Nourry.
2438 2081 2706 2136 Continet
2734 2080 2791 2135 in
2816 2082 2994 2153 priori
3016 2088 3181 2155 parte
3210 2084 3442 2155 Didymi
3475 2085 3539 2141 de
3591 2084 3803 2157 Spiritu

2153 2171 2210 2222 S.
2245 2175 2567 2240 tractatum,
2592 2169 2657 2225 D.
2691 2171 2964 2243 Cypriani
2994 2189 3116 2244 epp.
3140 2178 3215 2229 et.
3249 2190 3375 2245 opp.
3408 2178 3465 2231 et
3489 2174 3798 2246 posteriori

2156 2260 2321 2328 parte
2342 2258 2743 2330 Apologeticum
2774 2260 3140 2317 Tertulliani.

2624 2392 2846 2449 Saeculo
2879 2393 3104 2450 decimo
3136 2398 3365 2466 quarto.

2227 2510 2254 2537 «
2280 2487 2368 2542 Ab
2392 2488 2563 2543 annis
2597 2490 2733 2543 1462
2763 2490 2834 2545 ad
2868 2492 3005 2544 1500
3036 2492 3242 2547 saltem
3303 2492 3591 2548 referendi
3651 2500 3793 2551 sunt

2155 2577 2400 2645 codices,
2428 2594 2575 2649 quos
2613 2579 2670 2633 in
2708 2580 3004 2635 uberrima
3052 2581 3489 2654 Hirsaugiensis
3549 2584 3795 2639 abbatim

2152 2666 2507 2721 bibliotheca
2534 2668 2750 2723 viditJ.
2784 2669 3165 2736 Trithemius,
3198 2688 3263 2726 ac
3323 2672 3592 2727 meminit
3650 2673 3799 2731 libro

2152 2755 2215 2810 de
2244 2755 2443 2827 Script.
2479 2758 2797 2825 ecclesiast.,
2864 2760 2963 2815 ubi
3017 2762 3087 2815 de
3133 2760 3514 2817 Tertulliano.
3577 2762 3795 2819 Ibidem

2152 2850 2512 2901 memoratur
2532 2847 2724 2904 adhuc
2746 2854 2973 2905 exstare
2995 2851 3139 2905 liber
3162 2851 3228 2905 de
3255 2853 3495 2921 Exstasi,
3518 2851 3615 2923 qui
3648 2853 3797 2908 desi-

2150 2934 2406 2991 deratur.

2219 3047 2247 3075 ‹‹
2272 3030 2439 3081 Anno
2473 3027 2628 3093 1481,
2665 3027 2849 3099 pridie
2881 3028 3017 3083 Idus
3044 3028 3308 3084 Januarii
3338 3029 3632 3086 scribebat
3676 3032 3792 3087 An-

2142 3114 2296 3183 gelus
2344 3116 2661 3171 Politianus
2726 3116 2796 3171 de
2844 3117 3206 3173 Tertulliano
3264 3119 3575 3190 epistolam
3633 3120 3789 3175 haud

2065 3195 2108 3261 C
2148 3218 2317 3257 secus
2346 3219 2412 3257 ac
2443 3203 2491 3258 si
2520 3205 2647 3273 ejus
2677 3204 2878 3271 libros,
2911 3210 3203 3277 quotquot
3232 3207 3557 3264 etiamnum
3608 3208 3787 3264 habe-

2150 3307 2305 3358 mus,
2340 3292 2399 3346 in
2432 3292 2707 3349 manibus
2740 3294 3067 3351 habuisset.

2219 3400 2248 3428 «
2270 3378 2335 3434 X.
2368 3380 2451 3433 Ad
2484 3396 2704 3435 annum
2733 3382 2873 3436 1492
2899 3383 3113 3453 prodiit
3171 3384 3341 3440 codex
3396 3384 3651 3440 biblioth.
3704 3400 3791 3441 re-

2146 3470 2249 3537 giae
2270 3470 2631 3537 Parisiensis,
2664 3470 2803 3526 olim
2838 3488 3000 3527 num.
3036 3474 3261 3543 4313-3,
3288 3491 3447 3530 nunc
3507 3492 3568 3529 n.
3625 3475 3790 3545 2616,

2146 3574 2260 3629 prae
2285 3575 2347 3613 se
2378 3559 2587 3627 ferens,
2622 3559 2777 3615 haud
2812 3562 3004 3632 amplo
3035 3562 3343 3619 volum.50
3375 3564 3472 3620 fol.
3503 3566 3794 3621 membra-

2145 3665 2273 3703 nac.
2309 3653 2609 3714 constans,
2642 3650 2827 3707 nitida
2850 3668 2915 3707 ac
2946 3651 3793 3724 eleganticaracterumrecen-

2143 3736 2292 3792 tium
2329 3737 2537 3803 forma,
2588 3740 2659 3793 ad
2713 3757 2885 3795 usum
2932 3742 3147 3813 equitis
3204 3744 3511 3813 cujusdam
3544 3744 3787 3799 Bartho-

2143 3826 2331 3883 lomaei
2359 3828 2574 3896 Chalei,
2609 3830 3123 3903 archigrammatei
3172 3832 3399 3888 ducalis
3448 3832 3783 3899 Mediolan.,

2140 3918 2534 3988 transcriptus
2565 3919 2637 3973 ab
2660 3922 3011 3992 Hieronymo
3040 3921 3361 3988 Waradeo;
3394 3924 3585 3977 textus
3629 3922 3785 3992 opti-

2141 4023 2249 4062 mas
2272 4012 2443 4076 notae,
2478 4007 2619 4064 licet
2662 4008 2968 4065 recentior.
3030 4010 3165 4065 Post
3218 4010 3408 4065 varias
3461 4024 3655 4065 rerum
3713 4026 3781 4065 ac

2139 4096 2513 4152 dominorum
2544 4097 2721 4165 vices,
2757 4103 2820 4153 ut
2851 4102 3079 4154 constat
3109 4114 3177 4154 ex
3208 4099 3361 4153 notis
3393 4098 3582 4170 primo
3643 4098 3777 4154 folio

2139 4186 2351 4251 afﬁxis,
2386 4202 2563 4258 penes
2596 4188 2906 4242 Antonium
2938 4188 3214 4243 Faursub
3269 4204 3431 4243 num.
3492 4188 3597 4242 178
3646 4188 3776 4243 fuit.

2212 4275 2485 4331 «Saeculo
2542 4293 2611 4330 xv
2669 4277 3049 4331 ascribuntur
3120 4277 3449 4333 Tertulliani
3517 4278 3782 4347 quaedam

2136 4363 2588 4431 declamationes,
2616 4382 2761 4435 quas
2792 4365 2850 4419 in
2883 4365 3147 4437 catalogo
3206 4366 3476 4424 biblioth.
3537 4366 3781 4422 Middle-

2136 4452 2241 4507 hill
2275 4471 2332 4507 n.
2367 4455 2508 4508 2377
2540 4454 2754 4525 reperit
2784 4454 2976 4510 Haenel
3009 4471 3073 4510 ac
3096 4454 3343 4512 inseruit
3373 4456 3433 4511 in
3490 4471 3598 4512 sua
3636 4473 3780 4512 mss.

2136 4541 2401 4597 biblioth.

2572 4650 2815 4707 Codices
2844 4652 3033 4708 aetatis
3066 4651 3321 4709 incertae.

2200 4754 2341 4810 «XI.
2400 4756 2595 4812 Codex
2644 4761 2812 4813 vetus
2862 4758 3098 4830 ignotus
3158 4761 3311 4815 unde
3366 4758 3776 4832 Apologeticus

2124 4843 2381 4915 primum
2415 4847 2742 4917 exscriptus
2774 4853 2884 4904 est.

2197 4935 2293 4990 35
2333 4956 2358 4983 «
2386 4934 2506 5005 XII,
2542 4938 2693 4991 XIII.
2748 4938 3149 5009 llirsaugiensis
3202 4942 3257 4993 et
3311 4939 3781 4994 Paterniaeiensi:

2125 5022 2302 5094 primi
2353 5024 2590 5079 fuerunt
2642 5042 2709 5081 ex
2757 5027 2974 5097 quibus
3022 5027 3438 5092 Tertullianus,
3496 5026 3775 5083 Rhenano

2125 5112 2822 5187 obstetricante,prodiit.
2862 5138 2883 5165 ιο
2919 5116 3106 5172 Etiam
3132 5133 3289 5171 nunc
3348 5119 3656 5171 servantur
3711 5115 3773 5172 in

2126 5202 2269 5256 urbe
2302 5202 2795 5275 Schlettstadt,ex
2826 5205 3081 5276 ipsemet
3110 5203 3453 5260 B.Rhenani
3485 5204 3778 5274 biblioth.,

2125 5291 2470 5347 Tertulliani
2506 5295 2727 5367 scripta
2763 5295 3031 5365 quaedam
3055 5311 3197 5349 mss.
3238 5294 3636 5351 membranae.
3698 5293 3778 5347 Cf.

2126 5379 2343 5436 Haenel.
2379 5400 2437 5454 p.
2470 5385 2592 5438 437.

2206 5494 2234 5521 ‹‹
2262 5475 2408 5542 XIV,
2444 5475 2557 5530 XV.
2585 5473 2896 5528 Gorziensis
2928 5476 2984 5527 et
3014 5473 3505 5548 Fuldensisquem
3536 5468 3778 5545 posthac

2127 5568 2221 5625 Fr.
2254 5566 2485 5623 Modius
2519 5560 2860 5634 diligentius
2892 5563 3171 5632 excussit,
3196 5564 3517 5638 plurimum
3547 5556 3775 5615 Tertul-

2125 5656 2289 5713 liano
2322 5650 2687 5711 emendando
2721 5651 3085 5722 profuerunt.
