4148 6188
298 354 376 412 37
1810 345 2259 405 PREFATIO.

3642 355 3724 417 38

371 509 401 535 η
429 482 574 540 XVI.
603 482 837 555 Gagnmi
866 483 1211 547 Codicem,ex
1236 497 1349 552 quo
1381 480 1703 553 pleniorem
1734 476 1957 536 Tertul-
1984 481 2040 548 Α
2068 480 2127 535 in
2156 479 2401 551 reliquis
2431 482 2590 537 Tert.
2623 482 2980 555 Apologetiei
3011 501 3147 541 cum
3191 487 3486 543 Lactantio
3516 490 3723 546 editio-

300 575 520 630 Iianum
554 574 742 639 dedit,
775 574 1143 644 ignoramus.

368 684 395 715 ι
425 663 552 719 XII.
604 663 960 718 Britannicus
1016 661 1246 717 caanobii
1302 659 1697 715 Masburiensis
1747 675 1780 713 a
1822 657 1956 713 Joh.

295 751 550 807 Lelando
584 768 717 806 cum
751 751 989 806 Gelenio
1044 749 1538 814 communicatus,
1574 747 1745 819 plane
1794 763 1958 817 egre-

294 842 429 913 gius
454 859 469 907 ;
496 841 598 912 qui
621 842 955 911 usquedum
981 856 1093 894 non
1118 839 1489 894 habebantur
1508 837 1690 892 libros
1711 835 1952 892 Tertull.

294 930 569 1003 przebuit,
604 930 732 985 aliis
764 933 965 984 contra
998 928 1097 999 qui
1126 929 1247 999 jam
1281 928 1605 993 exstabant,
1642 944 1867 982 carens.

360 1018 566 1088 XVIII,
624 1017 820 1073 XXIV.
879 1017 1097 1074 Codices
1155 1018 1399 1073 Pamelii
1436 1035 1458 1083 ;
1513 1020 1631 1071 tres
1691 1014 1954 1069 Vaticani

293 1108 581 1165 cardinal.
612 1106 785 1163 Sirlet
834 1108 1012 1177 jussu
1072 1107 1131 1161 in
1176 1124 1347 1162 usum
1400 1107 1530 1176 ejus
1587 1104 1803 1171 collati,
1838 1105 1954 1158 duo

293 1198 787 1254 monasteriorum
837 1198 892 1251 S.
927 1195 1175 1251 Amandi
1224 1200 1281 1250 et
1328 1200 1382 1252 S.
1419 1194 1663 1249 Bavonis
1708 1194 1763 1247 in
1825 1192 1954 1247 Bel-

288 1288 423 1359 gio;
467 1304 624 1342 unus
676 1285 1057 1357 Anglicanus,
1092 1284 1191 1356 qui
1225 1301 1405 1356 penes
1436 1284 1565 1338 Joh.
1595 1282 1951 1338 Clementem

288 1377 427 1430 fuit.

358 1467 527 1522 XXV.
564 1467 740 1522 Codex
769 1467 1088 1537 Bongarsii,
1123 1482 1240 1537 quo
1271 1481 1416 1520 usus
1451 1467 1539 1519 est
1566 1462 1877 1519 Heraldus.

358 1555 550 1610 XXVI.
586 1555 767 1611 Codex
796 1571 954 1627 quem
981 1556 1293 1611 Salmasius
1325 1553 1396 1609 ad
1428 1553 1646 1607 librum
1678 1552 1745 1606 de
1772 1552 1951 1607 Pallio

290 1644 744 1716 perpoliendum
777 1644 1121 1699 adhibuisse
1151 1644 1453 1715 professus
1484 1645 1592 1698 est.

365 1735 587 1800 XXVII,
620 1734 872 1789 XXVIII.
933 1734 1169 1788 Codices
1226 1733 1340 1788 duo
1398 1730 1827 1786 membranacei
1887 1730 1947 1786 in

290 1823 645 1878 bibliotheca
673 1823 1207 1895 Lugduno-Batava
1238 1821 1547 1887 n.324,376
1577 1820 1944 1886 exsistentes,

290 1914 509 1983 quibus
559 1911 706 1966 liber
753 1911 820 1966 de
864 1910 1059 1966 Pallio
1116 1910 1651 1983 comprehenditur,
1686 1926 1751 1963 ac
1801 1926 1945 1964 usus

284 2008 376 2056 est
408 2002 729 2056 Havercam
739 2000 892 2072 pius.

356 2091 609 2162 Insuper
638 2090 930 2145 variantes
981 2088 1280 2155 lectiones,
1315 2104 1461 2159 quas
1494 2103 1522 2143 e
1549 2086 1726 2143 variis
1775 2087 1944 2143 libris

284 2196 429 2235 mss.
479 2180 542 2235 Ρ.
593 2179 838 2235 Ursinus
890 2176 1222 2249 collegerat,
1270 2181 1564 2248 notemus,
1619 2194 1764 2249 quas
1815 2181 1946 2249 post

280 2268 695 2324 ‘Vouwerium
729 2266 1018 2338 Rigaltius
1052 2268 1110 2321 in
1145 2283 1320 2321 usum
1350 2266 1593 2322 vocavit.

358 2378 387 2409 ι
421 2358 617 2413 XXIX.
641 2358 820 2413 Codex
856 2356 1480 2424 Vaticanus,continens
1509 2372 1641 2411 cum
1670 2356 1942 2411 chronico

277 2448 345 2501 V.
380 2448 553 2502 Bedze
607 2446 794 2501 multa
823 2445 936 2501 alia
964 2462 994 2501 e
1025 2446 1240 2517 quibus
1288 2446 1683 2517 fragmentum
1716 2446 1941 2500 Tertul-

276 2537 423 2593 liani
455 2538 522 2591 de
568 2536 915 2591 exsecrandis
944 2536 1083 2603 Diis,
1117 2535 1308 2606 primo
1357 2535 1579 2590 editum
1631 2552 1767 2589 ann.
1805 2534 1942 2589 1630

278 2645 311 2682 a
338 2628 395 2682 J.
428 2630 502 2681 M.
541 2624 1213 2695 Suaresio,bibliothecze
1244 2624 1423 2680 Vatic.
1458 2629 1789 2691 custos,nec
1812 2626 1938 2695 jam

273 2715 495 2771 abhinc
561 2730 858 2782 recusum,
910 2713 1125 2768 iterum
1172 2713 1231 2768 in
1279 2713 1388 2768 hac
1438 2717 1641 2768 nostra
1687 2712 1941 2768 editione

275 2804 490 2858 datum
522 2808 566 2858 t.
599 2808 669 2871 II,
703 2803 811 2858 col.
849 2803 1006 2857 1114.
1041 2802 1228 2857 Codex
1259 2801 1578 2873 ille,inquit
1606 2802 1936 2869 Suarezius,

264 2891 495 2948 litteris
524 2891 960 2965 longobardicis
1015 2892 1301 2963 scriptum
1356 2896 1491 2946 ante
1536 2892 1938 2963 septingentos

262 2981 356 3036 vel
390 2986 737 3053 octogentos
768 2998 955 3037 annos
987 2981 1245 3051 scriptus
1275 2980 1525 3035 videtur.

344 3093 371 3121 ς(
401 3071 577 3126 ΧΧΧ.
642 3070 820 3126 Codex
866 3071 1303 3140 Ambrosianus.,
1344 3087 1373 3125 e
1419 3087 1533 3142 quo
1580 3070 1935 3125 Muratorius

260 3160 425 3216 eruit
456 3160 731 3215 ultimam
782 3163 1008 3231 partem
1044 3164 1328 3215 tractatus
1358 3160 1423 3214 de
1469 3162 1735 3230 oratione,
1768 3164 1930 3215 vetu-

260 3254 401 3305 stus
440 3250 707 3322 quidem,
744 3250 946 3305 eodem
989 3249 1210 3320 judice,
1243 3253 1304 3304 at
1352 3248 1563 3304 nullibi
1591 3250 1663 3303 ab
1693 3266 1758 3305 eo
1806 3250 1932 3306 dcs-
1965 3232 2006 3299 (ἶ

252 3340 515 3411 criptus,
551 3356 656 3395 nec
692 3338 798 3394 ulli
828 3339 1039 3394 affixus
1066 3339 1250 3394 aetati.
1284 3361 1312 3387 »

330 3429 655 3499 Perperam
712 3427 1063 3482 Tertulliani
1116 3427 1354 3482 nomine
1385 3427 1794 3483 inscribuntur
1823 3428 1939 3484 duo

249 3517 498 3573 codices
538 3516 1184 3589 Parisienses,quorum
1221 3516 1373 3571 alius
1404 3515 1462 3569 in
1498 3516 1937 3588 biblioth.regia

252 3623 435 3661 num.
494 3607 655 3671 1656,
692 3604 843 3659 alter
892 3606 951 3660 in
1003 3605 1147 3660 bibl.
1200 3605 1566 3660 S.-Genovef.
1618 3622 1781 3661 num.
1832 3607 1936 3661 694

250 3699 645 3760 asservatur,
680 3698 887 3750 neuter
918 3712 1051 3750 vero
1098 3695 1181 3751 vel
1232 3695 1544 3749 minimum
1586 3691 1934 3751 Tertulliani

250 3784 448 3839 habet
484 3782 822 3855 vestigium.

244 3930 271 3997 §
311 3929 390 3984 II.
444 3943 517 3981 οε
555 3942 822 3982 smeULis
860 3943 1248 3995 EDITIONIBUS,
1288 3944 1693 3998 vsasromsus,
1733 3944 1803 3983 AC
1842 3945 1913 3983 VA

382 4031 623 4071 RIORUM
667 4033 725 4070 IN
764 4032 1158 4070 TEBTULLIANO
1198 4032 1802 4073 COMMENTATIONIBUS.

865 4121 1086 4177 Saeculo
1116 4139 1335 4177 xv-xvr.

1003 4229 1164 4285 1483.

317 4340 389 4404 Q.
462 4334 729 4406 Septimii
798 4334 1088 4391 Florentis
1154 4336 1572 4408 Apologeticus
1640 4338 1927 4393 adversus

246 4431 487 4497 gentes.
524 4424 884 4495 Impressum
925 4426 1158 4480 Venetiis
1183 4442 1283 4497 per
1308 4426 1716 4481 Bernardinum
1752 4432 1926 4483 Bena-

250 4514 416 4570 lium.
460 4530 594 4567 s.a.
627 4520 779 4568 nota.
835 4514 934 4585 fol.
986 4513 1331 4570 Charactere
1382 4514 1633 4586 eleganti
1686 4517 1920 4588 gaudet,

2070 570 2247 625 nibus
2278 570 2527 625 exscribi
2580 572 2749 641 solet,
2786 572 2841 627 in
2877 574 3121 630 dimidio
3158 575 3274 631 fere
3304 582 3465 648 parte
3496 580 3719 650 paginae

2069 661 2337 715 secundae
2389 660 2509 715 folii
2542 662 2713 732 primi
2742 679 2753 728 ;
2790 668 2915 718 tum
2952 664 3138 736 ipsius
3183 666 3319 720 anni
3353 671 3499 722 nota:
3531 668 3719 723 defec-

2067 753 2185 813 tus,
2217 750 2309 802 vix
2340 751 2545 805 obvrus
2577 750 2635 805 in
2670 751 2846 821 hujus
2880 752 2989 807 loci
3042 759 3098 808 et
3128 756 3476 827 typographi
3512 756 3720 812 editio-

2070 838 2482 906 nibus,deinde
2501 841 2655 910 quod
2689 846 2819 910 post
2850 842 3341 914 subscriptionem
3376 845 3718 915 subjicitur:

2065 927 2255 983 Sermo
2283 928 2351 983 de
2380 932 2492 983 vita
2519 934 2735 986 aeterna
2763 932 2860 1002 (1),
2879 932 2979 1001 qui
3010 935 3226 1002 pariter
3256 952 3389 989 cum
3423 936 3720 1006 sequenti-

2064 1018 2176 1072 bus
2226 1019 2507 1073 Lactantii
2541 1020 2678 1075 edit.
2731 1037 2857 1091 quze
2891 1021 3231 1077 Tertulliani
3276 1023 3716 1096 Apologeticum

2064 1108 2411 1177 adjunctum
2464 1108 2702 1174 habent,
2767 1109 3112 1182 plerumque
3166 1113 3399 1183 prodiit.
3462 1118 3717 1169 Possunt

2064 1194 2184 1249 haec
2217 1195 2423 1251 saltem
2456 1196 2703 1252 excitare
2735 1198 2850 1253 VV.
2883 1198 3000 1255 DD.
3037 1204 3101 1254 ut
3146 1201 3437 1257 curiosius
3478 1204 3548 1259 de
3596 1203 3713 1271 his,

2065 1284 2162 1338 ubi
2188 1284 2343 1353 licet,
2380 1284 2713 1357 dispiciant.

2812 1394 2969 1451 1493.

2133 1497 2437 1553 Mediolani
2460 1514 2559 1569 per
2591 1499 2899 1555 Uldericum
2939 1503 3340 1561 Scinzinzeler.
3384 1503 3479 1559 fol.
3513 1504 3576 1568 Ο.
3611 1504 3711 1574 Se-

2061 1586 2273 1656 ptimili
2316 1586 2460 1641 Flor.
2489 1587 2831 1644 Tertulliani
2879 1591 3290 1662 Apologeticus
3323 1594 3451 1648 adv.
3486 1599 3710 1667 gentes.

2062 1673 2177 1729 Cat.
2211 1676 2354 1729 Bibl.
2391 1678 2588 1731 Pinell.
2619 1695 2681 1748 ρ.
2716 1678 2814 1733 lat.
2846 1679 2971 1746 682,
3006 1684 3140 1734 tom.
3170 1684 3213 1733 Ι.

2805 1794 2961 1849 1494.

1976 1859 2025 1923 Β
2136 1899 2391 1965 Venetiis,
2424 1903 2581 1953 curat
2611 1902 2660 1954 ct
2688 1904 2945 1968 expensis
2974 1903 3173 1959 nobilis
3202 1906 3316 1958 viri
3351 1905 3575 1960 Domini
3606 1906 3708 1961 Oc-

2056 1990 2286 2043 taviani
2315 1987 2457 2043 Scoli
2506 1988 2906 2057 Modoetiensis,
2942 1993 3100 2060 1494,
3134 1993 3338 2065 quinto
3368 1994 3503 2049 Idus
3533 1995 3708 2050 Octo-

2055 2076 2177 2131 bris
2209 2094 2308 2146 per
2338 2083 2599 2132 Bouotum
2636 2079 2967 2134 Locatellum
2996 2098 3008 2135 :
3043 2083 3106 2147 Q.
3149 2086 3306 2154 Sept.
3357 2082 3705 2139 Tertulliani

2050 2165 2482 2237 Apologeticus,
2516 2182 2651 2222 cum
2685 2169 3004 2225 Lactantio.

2798 2284 2952 2339 1500.

2122 2389 2375 2454 Parisiis,
2408 2405 2502 2460 ap.
2549 2389 2637 2444 Jo.
2676 2390 2829 2445 Petit.
2860 2392 2934 2445 4ο.
2969 2390 3310 2446 Tertulliani
3361 2392 3695 2466 Apologeti-

2051 2494 2174 2548 cus,
2208 2494 2340 2532 cum
2376 2478 2697 2545 Lactantio,
2734 2480 2779 2534 si
2814 2480 3159 2550 conjectura;
3192 2481 3368 2537 fidere
3400 2481 3555 2538 licet.

2530 2621 2752 2676 Saeculo
2782 2622 3008 2677 decimo
3040 2629 3221 2681 sexto.

2656 2730 2780 2784 1501
2820 2759 2891 2771 -
2920 2730 3079 2784 4600.

2118 2835 2258 2886 Cum
2291 2832 2586 2888 Lactantio
2620 2833 2829 2888 iterum
2861 2835 3195 2907 iterumque
3226 2838 3439 2908 prodiit
3469 2840 3696 2896 Tertul-

2048 2920 2189 2975 liani
2240 2922 2647 2993 Apologeticon
2683 2940 2694 2976 :
2732 2924 2888 2989 1502,
2930 2926 3106 2979 Venet.
3150 2926 3246 2981 fol.
3274 2944 3288 2993 ;
3320 2928 3475 2993 1509,
3515 2931 3693 2988 Venet.

2043 3010 2167 3076 fol.;
2204 3012 2361 3077 1509,
2392 3013 2571 3065 Paris.
2606 3013 2699 3079 4°;
2732 3014 2886 3083 1511,
2927 3016 3107 3069 Venet.
3144 3014 3278 3083 fol.;
3314 3016 3470 3085 1513,
3505 3022 3692 3075 Paris.

2045 3099 2138 3164 4ο;
2170 3101 2406 3155 Florent.
2450 3102 2531 3168 8°,
2581 3118 2674 3172 ap.
2722 3101 2871 3155 Phil.
2922 3104 3074 3157 lunt.
3126 3102 3380 3159 Juntinaa
3428 3108 3696 3179 exempla

2045 3205 2312 3244 seorsum
2368 3191 2541 3244 etiam
2606 3192 2885 3262 reperias.
2940 3191 3069 3247 Vid.
3113 3196 3233 3247 Cat.
3285 3193 3428 3249 Bibl.
3487 3195 3690 3251 Pinell.

2048 3278 2151 3334 PP.
2184 3277 2312 3350 lat.,
2345 3297 2404 3335 n.
2435 3280 2560 3334 684.

2795 3378 2950 3435 1515.

2124 3485 2363 3539 Venetiis
2411 3485 2471 3537 in
2503 3484 2712 3539 aedibus
2742 3484 2867 3539 Aldi
2914 3489 2964 3539 et
2994 3485 3221 3541 Andreze
3270 3488 3461 3551 soceri,
3498 3503 3698 3545 mense

2045 3572 2227 3643 Aprili
2266 3573 2419 3627 1515.
2457 3573 2517 3627 In
2553 3574 2740 3628 fronte
2774 3592 2787 3629 :
2818 3578 3276 3630 TERTULLIANUS.
3321 3576 3699 3632 Przemittunr

2044 3666 2142 3716 tur
2172 3668 2381 3733 praeter
2409 3663 2497 3717 Jo.
2534 3663 2698 3734 Bapt.
2735 3663 2960 3731 Egnatii
2989 3663 3132 3718 Ven.
3173 3664 3242 3717 ad
3278 3664 3452 3736 Gasp.
3486 3669 3696 3720 Conta-

2045 3768 2253 3807 renum
2308 3751 2622 3807 Patricium
2676 3752 2877 3807 Venet.
2913 3757 2970 3807 et
3024 3753 3441 3825 phil030phum
3494 3756 3695 3826 praeci-

2046 3858 2230 3913 puum
2261 3842 2430 3913 epist.
2468 3841 2910 3912 dedicatoriam,
2944 3842 3277 3915 Hieronymi
3304 3843 3421 3899 vita
3464 3844 3693 3900 Tertul-

2042 3930 2207 3999 liani,
2242 3935 2297 3987 et
2329 3930 2591 4002 capitum
2625 3930 2845 3987 tabula.

2782 4046 2941 4101 1521.

2110 4156 2211 4209 Ει).
2248 4170 2523 4209 pmncnps
2563 4154 2926 4209 BASILEENSIS
2958 4153 2999 4208 Ι.
3036 4153 3294 4226 Operum
3324 4155 3688 4226 Tertulliani,

2037 4246 2165 4300 Bas.
2218 4244 2365 4311 apud
2411 4245 2634 4300 Froben.
2684 4246 2783 4315 fol.
2834 4266 2862 4294 ‹‹
2897 4244 3085 4315 Opera
3136 4246 3197 4308 Ο.
3247 4246 3513 4317 Septimii
3565 4247 3689 4302 Flo-

2037 4335 2222 4391 rentis
2250 4334 2617 4400 Tertulliani,
2649 4333 2801 4389 inter
2828 4333 3042 4389 latinos
3074 4334 3341 4389 Ecclesiae
3374 4335 3689 4408 scriptores

2035 4424 2231 4495 primi,
2266 4424 2393 4479 sine
2441 4439 2689 4493 quorum
2741 4423 2986 4478 lectione
3035 4422 3263 4478 nullum
3297 4425 3452 4478 diem
3503 4425 3687 4481 inter-

2034 4515 2305 4569 mittebat
2335 4512 2472 4568 olim
2507 4514 2676 4567 divus
2706 4512 3160 4583 Cyprianus,per
3192 4517 3430 4569 BEATUM
3464 4515 3684 4571 RHENA-

242 4602 813 4659 litterisinitialibus
829 4603 1008 4658 minio
1022 4603 1655 4676 adpictis.Singulatim
1674 4606 1910 4676 quidem
1946 4604 1990 4667 D
2023 4620 2149 4658 NUM
2167 4602 2759 4658 Scheletstadiensem
2784 4617 2813 4655 e
2836 4602 3092 4655 tenebris
3118 4606 3284 4657 eruta
3310 4608 3485 4674 atque
3508 4620 3541 4657 a
3564 4604 3683 4659 situ

244 4692 335 4748 hic
369 4691 730 4749 Tertulliani
784 4691 1019 4747 libellus
1049 4693 1109 4749 in
1140 4693 1496 4749 bibliotheca
1542 4694 1915 4765 Regio-acad.

246 4782 441 4837 Goett.
479 4785 667 4836 exstat
697 4787 755 4837 et
786 4786 1145 4838 memoratur
1176 4782 1237 4837 in
1288 4782 1557 4838 biblioth.
1592 4783 1918 4839 Pinelliana

244 4875 283 4924 t.
317 4870 340 4926 Ι
375 4872 539 4926 Patr.
592 4871 712 4925 Lat.
746 4888 805 4927 n.
838 4871 964 4927 683.
1021 4872 1151 4941 Sed,
1206 4871 1264 4926 ni
1316 4872 1504 4940 fallor,
1555 4890 1619 4928 ac
1671 4878 1914 4928 Lactan-

246 4960 476 5014 tianam
535 4960 850 5016 editionem
916 4960 987 5015 ab
1046 4961 1251 5015 eodem
1316 4961 1486 5017 Bern.
1533 4963 1604 5017 de
1664 4963 1915 5019 Benaliis

246 5048 469 5104 factam
519 5052 578 5103 et
624 5065 659 5103 a
718 5048 982 5104 Fabricio
1035 5055 1554 5106 commemoratam
1605 5051 1857 5122 pertinet
1898 5071 1910 5120 ;

245 5153 455 5207 quam,
489 5137 626 5207 quia
676 5137 820 5193 forte
872 5138 1061 5193 rarior
1105 5138 1205 5207 sit,
1239 5138 1419 5194 nolim
1453 5139 1729 5196 continuo
1780 5157 1913 5196 cum

244 5226 637 5281 Buncmanno
672 5227 732 5281 in
784 5227 1028 5282 dubium
1078 5243 1304 5295 vocare,
1340 5230 1440 5284 86
1472 5234 1525 5284 et
1573 5228 1779 5285 insunt
1823 5230 1913 5285 in-

244 5314 425 5384 dicia,
459 5332 586 5387 quas
618 5320 910 5371 attentum
965 5317 1395 5373 observatorem
1428 5319 1725 5374 advertere
1774 5336 1911 5391 pos-

245 5409 385 5458 sunt
418 5403 481 5458 in
516 5405 696 5476 hujus
744 5404 925 5460 libelli
958 5404 1163 5461 habitu
1196 5406 1373 5462 veluti
1408 5407 1665 5479 capitum
1708 5409 1912 5465 tabula

242 5491 451 5564 ipsum
500 5495 860 5567 praecedens,
891 5510 1016 5566 quae
1066 5495 1151 5551 sic
1200 5498 1491 5570 exscripta
1539 5502 1647 5569 est,
1681 5502 1746 5554 ut
1793 5498 1909 5555 fere

2029 4710 2132 4764 pro
2165 4692 2315 4747 virili
2350 4693 2669 4759 vindicata,
2702 4689 2944 4760 adjectis
2976 4690 3345 4761 singulorum
3395 4692 3682 4749 librorum

2027 4783 2392 4854 argumentis
2423 4786 2480 4837 et
2512 4779 2726 4836 alicubi
2758 4780 3132 4849 conjecturis,
3154 4781 3370 4851 quibus
3401 4782 3681 4837 vetustis-

2026 4869 2215 4925 simus
2248 4874 2451 4925 auctor
2482 4867 2748 4923 nonnihil
2782 4866 3130 4922 illustratur.
3166 4870 3423 4933 Quorum
3459 4869 3675 4924 catalo-

2024 4975 2166 5030 gum
2209 4958 2472 5031 proxima
2518 4957 2730 5029 pagina
2780 4957 3052 5028 reperies.
3107 4957 3330 5012 Floruit
3379 4958 3489 5013 sub
3535 4963 3676 5016 Caes.

2023 5055 2230 5105 Severo
2286 5047 2584 5103 Pertinace
2636 5051 2692 5103 et
2745 5046 3039 5101 Antonino
3107 5046 3440 5118 Caracalla,
3508 5048 3679 5105 valde

2021 5140 2249 5194 vicinus
2298 5136 2696 5208 apostolorum
2750 5135 3136 5207 temporibus,
3172 5137 3325 5191 circa
3380 5155 3601 5193 annum
3644 5157 3678 5195 a

2021 5228 2250 5285 Christo
2310 5244 2482 5298 passo
2529 5227 2648 5281 160.
2684 5228 2872 5291 Quare
2933 5225 3067 5280 boni
3127 5227 3488 5283 consulenda
3538 5234 3678 5285 sunt

2022 5318 2201 5387 hujus
2254 5316 2494 5389 scripta,
2526 5315 2574 5371 si
2606 5316 2818 5371 alicubi
2866 5314 3086 5370 varient
3116 5332 3148 5370 a
3179 5318 3429 5389 receptis
3462 5324 3671 5374 horum

2020 5412 2355 5480 temporum
2388 5408 2853 5479 dogmatis,cum
2886 5423 3090 5463 omnes
3122 5410 3377 5480 synodos
3409 5414 3674 5467 anteces-

2020 5498 2182 5567 serit,
2216 5496 2547 5571 apostolicis
2597 5497 2715 5553 illis
2764 5498 3041 5570 exceptis,
3096 5514 3347 5571 quarum
3399 5498 3459 5557 in
3511 5500 3671 5555 Actis

308 5692 430 5763 (45)
466 5694 550 5751 Ad
581 5693 825 5751 verbum
856 5692 1181 5767 inscriptus
1213 5710 1226 5752 :
1262 5696 1393 5755 Item
1422 5713 1601 5757 sermo
1630 5697 1697 5756 de
1726 5701 1839 5757 vita
1869 5702 2113 5772 aeterna,
2147 5714 2267 5771 cap.
2301 5698 2390 5755 47.
