4148 6188
458 362 538 424 39
1752 372 1753 379 “
1946 368 2383 431 PRJEFATIO.
3795 375 3879 436 40

455 498 553 551 ετ
590 497 777 551 Lucas
807 496 1231 552 commeminit.
1267 499 1488 565 Gaude,
1523 499 1787 567 lector,et
1817 500 1975 555 hunc
2004 500 2110 555 tibi
2140 503 2194 569 Α
2223 517 2339 573 gno
2369 508 2426 559 et
2473 504 2679 575 nitido,
2730 509 2857 560 tum
2916 504 3124 577 ﬁguris
3155 505 3246 563 vel
3302 505 3755 577 emblematicis,
3788 524 3858 564 ve

454 601 654 640 rarum
696 600 763 637 ac
817 599 1032 637 novum
1080 583 1426 638 thesaurum
1480 602 1641 656 para,
1691 602 1757 640 ac
1803 585 1949 641 vale.
1987 608 2014 635 ››
2048 588 2111 641 In

455 673 632 739 calce,
667 670 804 725 folio
854 676 989 726 ante
1033 671 1289 727 indicem
1341 675 1646 744 proximo:
1680 675 1913 729 Basileee
1963 674 2113 742 apud

450 765 532 819 Jo.
566 759 896 815 Frobenium
930 776 942 814 :
975 776 1159 814 mense
1207 762 1375 815 .lulio.
1407 779 1505 816 an.
1552 763 1709 817 1521.
1744 763 1933 834 Opera
1983 779 2110 832 quae

448 851 510 905 in
543 851 653 904 hoc
702 848 999 904 volumine
1048 850 1441 915 continentur,
1477 867 1729 921 quorum
1778 851 2109 924 catalogum

450 938 664 1011 pagina
696 938 849 993 tituli
880 938 1125 992 adversa
1156 939 1533 1009 praebet,hac
1563 944 1701 995 sunt
1735 958 1746 995 :
1780 940 1845 994 de
1876 942 2108 995 Patien-

446 1032 527 1084 tia
562 1028 743 1095 liber;
778 1027 843 1082 de
874 1026 1051 1081 Carne
1084 1026 1329 1089 Christi;
1360 1028 1422 1083 de
1454 1031 1865 1085 Resurrectione
1882 1033 2108 1091 carnis;

448 1119 513 1173 de
588 1118 1017 1187 Prazscriptione
1084 1116 1464 1171 haereticorum
1511 1135 1531 1177 ;
1603 1118 1871 1174 Adversus
1927 1135 2109 1174 omnes

450 1206 721 1270 haereses;
779 1204 1045 1259 Adversas
1102 1205 1317 1260 Judaeos
1361 1223 1383 1267 ;
1459 1206 1722 1261 Adversus
1778 1208 2106 1263 Marcionem

452 1294 588 1349 libri
626 1297 696 1354 V;
727 1294 998 1349 Adversus
1047 1294 1481 1362 Hermogenem;
1530 1296 1795 1349 Adversus
1858 1297 2105 1351 Valenti-

445 1388 684 1448 nianos;
717 1384 985 1437 Adversus
1029 1383 1345 1443 Praxeam;
1378 1382 1444 1437 de
1490 1384 1698 1438 Corona
1738 1385 1979 1447 militis;
2026 1385 2104 1439 Ad

445 1479 721 1542 Martyres
750 1491 765 1535 ;
797 1472 861 1525 de
880 1473 1218 1526 Pwnitentia
1236 1489 1257 1531 ;
1280 1471 1344 1525 de
1389 1474 1706 1545 Virginibus
1725 1473 1979 1528 vetandis
2000 1490 2020 1535 ,'
2040 1485 2105 1529 ae

445 1563 649 1617 Habitu
677 1560 943 1615 muliebri
979 1576 1000 1620 ;
1059 1559 1123 1615 de
1172 1563 1335 1617 Cultu
1367 1564 1738 1630 feminarum;
1762 1562 1832 1617 ad
1867 1564 2103 1618 Uxorem

446 1669 605 1706 suam
638 1651 770 1704 libri
796 1651 849 1703 II
880 1666 893 1715 ;
928 1650 1000 1703 de
1026 1650 1175 1718 Fuga
1209 1651 1267 1703 in
1312 1652 1725 1719 persecutione;
1773 1651 1851 1705 ad
1894 1652 2100 1721 Scapu-

445 1741 595 1806 lam;
630 1739 695 1793 de
761 1738 1160 1792 Exhortatione
1211 1740 1523 1804 castitatis;
1568 1738 1634 1793 de
1704 1740 2098 1809 Monogamia;

442 1829 508 1884 de
540 1829 722 1884 Pallio
750 1845 762 1895 ;
795 1828 1175 1898 Apologeticus
1205 1829 1467 1881 adversus
1496 1831 1704 1898 gentes.

513 1918 757 1989 Ceperat
808 1916 1017 1971 edendi
1066 1915 1491 1970 Tertullianum
1524 1916 1833 1972 consilium
1864 1916 2099 1971 Rhena-

440 2024 571 2077 nus,
623 2023 754 2061 cum
806 2006 946 2060 forte
994 2004 1053 2058 in
1109 2004 1363 2060 codicem
1422 2010 1718 2061 vetustum
1775 2007 2101 2062 Paterniaci

441 2095 833 2168 (Peterlingen)
885 2093 1131 2149 coenobii
1176 2095 1557 2165 Transjurani
1611 2095 1931 2161 incidisset,
1965 2113 2096 2151 mox

439 2187 680 2255 adjutus
757 2183 932 2238 etiam
1011 2182 1209 2237 codice
1288 2186 1688 2253 Ilirsaugiensi
1771 2184 2095 2254 (Hirschau).

442 2274 767 2343 Utrumque
798 2277 995 2327 tamen
1029 2276 1151 2326 tam
1200 2277 1549 2343 corruptum
1602 2278 1658 2327 et
1702 2274 1934 2327 mendis
1972 2273 2093 2343 ple-

441 2380 608 2430 num,
641 2359 819 2416 simul
854 2361 1209 2431 scripturam
1240 2361 1551 2433 utrobique
1575 2366 1693 2415 tam
1728 2361 1975 2417 similem
2000 2363 2095 2416 de-

438 2450 769 2523 prehendit,
806 2454 869 2504 ut
898 2448 1047 2503 alter
1078 2449 1149 2502 ab
1204 2448 1385 2503 altero
1418 2449 1749 2521 descriptus
1780 2450 2092 2517 videretur,

437 2543 494 2595 et
533 2541 587 2593 ni
621 2537 798 2593 semel
846 2538 1085 2592 vixdum
1138 2537 1404 2608 inscripti
1457 2538 1612 2606 libri,
1654 2539 1792 2592 dum
1827 2539 2093 2594 Frobenii

436 2630 615 2702 praela
647 2634 934 2697 vacarent,
968 2627 1119 2697 typis
1152 2629 1356 2682 excudi
1391 2629 1561 2699 coepti
1600 2634 1817 2696 essent,
1851 2630 2091 2684 omnino

436 2720 507 2774 ab
541 2735 712 2790 opere
755 2717 1100 2772 destitutum
1161 2733 1222 2771 se
1281 2717 1462 2771 fuisse
1521 2718 1792 2772 afﬁrmat.
1846 2720 2090 2774 Secutus

436 2824 572 2879 ergo
632 2808 691 2860 in
755 2806 1118 2877 proﬂiganda
1169 2803 1367 2873 labore
1426 2806 1534 2859 hoc
1594 2812 1700 2871 est,
1764 2812 1827 2860 ut
1878 2808 2090 2877 quando

436 2899 551 2953 loca
607 2896 862 2951 mendosa
936 2894 1380 2965 deprehenderet,
1460 2898 1509 2950 et
1577 2911 1685 2949 non
1743 2898 2094 2952 subvenirent

434 2986 797 3057 exemplaria,
823 2985 998 3038 sciens
1029 2985 1287 3052 religiose
1317 3000 1433 3039 esse
1470 2984 1759 3039 tractanda
1810 2994 2089 3042 auctorum

439 3078 641 3147 soripta
691 3092 806 3128 non
858 3089 1012 3129 secus
1041 3090 1106 3127 ac
1145 3089 1228 3128 res
1256 3090 1467 3143 sacras,
1501 3074 1647 3128 nihil
1693 3080 1950 3144 mutaret,
2000 3076 2090 3131 sed

444 3166 802 3233 coniecturas,
839 3178 961 3232 quae
993 3171 1108 3216 tum
1157 3164 1217 3215 in
1246 3166 1484 3217 mentem
1521 3164 1665 3232 forte
1695 3165 2003 3233 veniebant,
2033 3166 2089 3219 in

2223 593 2633 665 mythologiois
2691 600 2749 649 et
2798 594 3094 651 historicis
3133 593 3293 667 ligno
3352 594 3691 667 impressis,
3742 614 3872 668 quas

2221 683 2437 752 partim
2466 684 2729 755 magines
2760 683 3206 755 tituli,itemque
3228 686 3430 754 primas
3462 685 3869 757 dedicationis,

2220 778 2277 824 et
2309 772 2518 826 deinde
2543 773 2730 844 ipsius
2778 777 2970 828 textus
3010 774 3284 845 paginam
3318 774 3569 845 primam
3604 773 3865 845 cingunt,

2218 859 2431 930 partim
2463 860 2673 918 litteris
2712 862 3036 919 initialibus
3080 862 3402 934 majoribus
3435 868 3825 919 accesserunt.

2627 994 2726 1050 38
2759 995 2921 1051 1525.
2967 995 3122 1049 1528.
3157 994 3269 1065 (se)
3303 994 3462 1050 1536.

2395 1103 2524 1158 Bas.
2558 1117 2651 1173 ap.
2684 1102 2927 1157 Froben.
2980 1101 3018 1156 f.
3053 1100 3432 1173 repetitiones
3460 1100 3686 1172 prima.

2957 1190 3114 1247 1539.

2284 1310 2383 1363 Eo.
2420 1314 2787 1364 BASILEENSIS
2819 1307 2889 1373 ll,
2923 1307 3184 1363 Basileaz.
3218 1305 3257 1360 f.
3291 1305 3475 1377 Opera
3506 1306 3570 1369 Q.
3603 1305 3869 1378 Septimii

2214 1398 2495 1453 Florentia
2525 1396 2872 1452 Tertulliani
2903 1394 3404 1467 Carthaginensis,
3436 1395 3589 1449 inter
3638 1396 3869 1451 Latinos

2211 1487 2477 1542 Ecclesiae
2514 1486 2827 1557 scriptores
2877 1485 3073 1556 primi,
3130 1484 3256 1539 sine
3308 1500 3560 1555 quorum
3610 1483 3867 1540 lectione

2212 1576 2440 1631 nullum
2473 1576 2625 1630 diem
2657 1575 3080 1629 intermittebat
3128 1573 3268 1629 olim
3310 1573 3481 1628 divus
3513 1573 3863 1645 Cyprianus,

2211 1682 2313 1736 per
2342 1670 2583 1719 Beatum
2610 1663 2957 1718 Rhenanum
2989 1662 3479 1717 Selestadienssm
3525 1666 3580 1716 et
3610 1661 3865 1718 tenebris

2210 1759 2395 1823 eruta,
2447 1759 2621 1824 atque
2678 1770 2711 1807 a
2768 1753 2885 1807 situ
2920 1768 3020 1823 pro
3051 1750 3207 1825 virili
3266 1750 3577 1816 vindicata,
3616 1751 3863 1825 adjectis

2209 1842 2574 1915 singulorum
2632 1841 2915 1897 librorum
2973 1839 3359 1911 argumentis,
3401 1843 3458 1893 et
3489 1838 3696 1893 nullibi
3745 1856 3860 1893 non

2208 1932 2579 2002 conjecturis,
2613 1948 2679 1986 ac
2730 1946 2916 2001 nuper
2965 1928 3271 1984 collatione
3301 1928 3632 1983 Gorziensis
3664 1944 3859 1983 exem-

2206 2021 2386 2093 plaris
2417 2038 2485 2076 ex
2512 2018 3044 2075 Mediomatricibus
3075 2017 3288 2085 oblata,
3324 2034 3438 2072 non
3467 2016 3657 2072 solum
3690 2016 3861 2087 longe

2205 2110 2604 2165 emendatiora
2634 2110 2803 2175 facta,
2839 2124 3041 2163 verum
3070 2107 3248 2162 etiam
3280 2123 3383 2177 pro
3413 2123 3473 2161 re
3513 2110 3653 2161 nata
3700 2106 3863 2162 novis

2206 2217 2270 2255 ac
2302 2204 2538 2254 retextis
2595 2197 3072 2253 annotationibus
3124 2196 3387 2267 exposita
3431 2194 3857 2267 illustrataque.

2204 2291 2460 2354 Quorum
2493 2288 2823 2359 catalogum
2860 2287 3124 2359 proxima
3175 2285 3388 2358 pagina
3420 2284 3695 2357 reperies.
3731 2283 3858 2337 Flo-

2204 2379 2321 2432 ruit
2353 2379 2462 2433 sub
2493 2382 2650 2432 Cass.
2684 2382 2889 2432 Severo
2924 2375 3240 2443 Pertinace,
3294 2379 3349 2429 et
3405 2374 3697 2429 Antonino
3753 2373 3856 2429 Ca-

2202 2466 2435 2535 raralla,
2496 2466 2663 2520 valde
2717 2465 2925 2520 vicinis
3005 2465 3407 2536 apostolorum
3467 2464 3858 2534 temporibus,

2201 2557 2355 2611 circa
2387 2573 2606 2610 annum
2640 2554 2929 2609 aChristo
2982 2570 3156 2625 passo
3221 2554 3341 2606 160.
3392 2557 3646 2607 BASILEJE
3698 2552 3851 2605 1539.

2200 2662 2381 2702 MENSE
2410 2661 2643 2700 IIAR'I‘IO.
2685 2650 2758 2699 De
2784 2643 2892 2697 hac
2923 2643 3183 2698 secunda
3232 2642 3487 2696 editione
3518 2642 3853 2706 audiamus,

2198 2751 2321 2804 qua:
2345 2734 2469 2804 ipse
2492 2732 2808 2787 Rhenanus
2827 2731 3039 2785 litteris
3068 2729 3500 2801 prmﬁxis,datis
3523 2728 3853 2784 Seletstadii

2198 2823 2308 2878 sub
2338 2821 2463 2876 Kal.
2492 2822 2660 2875 Mart.
2696 2821 2854 2886 4539,
2891 2819 3093 2875 scribit
3127 2837 3139 2874 :
3176 2840 3202 2870 σι
3237 2822 3450 2873 lterum
3485 2820 3693 2872 damus
3716 2819 3856 2871 Ter-

2197 2910 2538 2977 tullianum,
2562 2911 2662 2965 sed
2697 2909 3364 2979 emendatiorem,quam
3397 2900 3853 2975 antahacﬂujus

2198 3000 2279 3054 rei
2345 3016 2541 3068 causa,
2594 3000 2749 3070 quod
2819 2997 3187 3053 collationem
3259 2996 3385 3065 ejus
3454 2992 3854 3064 codicis,‘qui

2199 3090 2414 3144 Gorzia:
2448 3088 2506 3141 in
2534 3086 3073 3143 Mediomatricibus
3106 3087 3442 3139 asservatur
3462 3081 3765 3149 diligentia
3786 3098 3853 3136 ac

2198 3178 2544 3232 dexteritate
2585 3174 2825 3231 Huberti
2874 3173 3131 3228 Custinei
3164 3203 3231 3212 —-
3290 3172 3603 3242 adjuvante
3665 3170 3852 3225 Domi-

437 3252 783 3322 marginibus
813 3250 1098 3321 adjiceret,
1127 3266 1358 3320 quorum
1397 3253 1698 3319 nonnullas,
1749 3252 1962 3325 inquit,
1994 3271 2090 3309 nec

2203 3268 2331 3321 nico
2359 3265 2691 3320 Florentino
2725 3263 2911 3319 sodali
2944 3266 3410 3334 peractam,cura
3433 3259 3850 3331 jurisconsulti

444 3341 586 3396 mihi
640 3341 877 3395 multum
935 3339 1203 3409 arrident,
1262 3356 1448 3393 verum
1501 3341 1784 3412 cupiebam
1843 3343 2090 3399 lectorem

445 3431 831 3485 dubitaturum
860 3428 1144 3499 adjuvare.
1187 3428 1337 3496 Quod
1363 3431 1413 3483 si
1441 3446 1548 3484 non
1582 3433 1782 3502 ubique
1810 3435 2086 3501 successit,

439 3536 544 3575 non
596 3524 672 3574 est
722 3520 926 3574 idcirco
972 3517 1320 3572 damnandus
1367 3528 1610 3574 conatus.
1666 3520 1855 3592 Pergit
1901 3539 1914 3575 :
1970 3523 2086 3578 Uti-

436 3627 568 3665 nam
598 3609 738 3664 mihi
768 3610 929 3678 copia
959 3610 1152 3677 [uisset
1182 3609 1514 3678 exemplaris
1546 3610 1685 3679 quod
1716 3611 1774 3664 in
1805 3611 2087 3666 Gorziensi

433 3700 673 3756 cmnobio
701 3700 976 3761 servatur,
1011 3696 1065 3750 id
1111 3697 1259 3751 abest
1310 3697 1380 3751 ad
1410 3701 1631 3752 tertium
1658 3700 1988 3755 milliarium
2018 3701 2083 3755 ab

433 3790 569 3844 urbe
601 3787 1089 3851 Mediomatricum,
1116 3791 1167 3840 et
1208 3788 1337 3841 item
1367 3788 1480 3857 ejus
1512 3788 1650 3857 quod
1678 3789 1823 3858 apud
1853 3790 2081 3844 Fuldam

431 3881 608 3934 exstat
640 3878 723 3931 vel
750 3878 866 3945 ejus
891 3876 1035 3947 quod
1060 3892 1172 3931 esse
1194 3881 1382 3932 Romae
1408 3879 1612 3945 ferunt.
1635 3876 1735 3932 Sed
1753 3880 1943 3949 spatiis
1978 3880 2082 3934 ini-

434 3970 530 4038 qui
587 3966 842 4036 temporis
899 3964 1130 4031 exclusi,
1186 3980 1291 4019 non
1347 3967 1631 4035 potuimus
1689 3982 1753 4020 ea
1806 3967 2079 4024 nancisci.

444 4058 773 4126 Quanquam
816 4068 1010 4108 vereor
1056 4053 1206 4108 nihil
1263 4057 1467 4108 nostris
1514 4070 1628 4110 esse
1683 4056 2077 4126 emendatiora,

440 4145 655 4217 quando
688 4143 901 4199 codices
958 4144 1154 4212 quibus
1206 4144 1299 4196 usi
1344 4158 1553 4211 sumus,
1602 4145 1991 4215 llirsaugensis
2034 4155 2085 4202 et

427 4233 890 4298 Paterniacensis,
940 4240 1050 4286 tam
1097 4234 1409 4286 constanter
1435 4248 1533 4302 per
1562 4235 1749 4288 omnia
1779 4238 2081 4291 consentie-

429 4325 576 4391 bant,
610 4340 679 4377 ex
708 4322 937 4377 diversis
967 4320 1129 4375 allati
1160 4319 1522 4387 bibliothecis,
1554 4326 1609 4376 et
1657 4338 1765 4376 non
1804 4339 1913 4378 uno
1946 4329 2078 4379 tem-

421 4429 556 4485 pore
584 4412 865 4482 descripti.
901 4409 1002 4465 Sed
1055 4410 1217 4480 hujus
1275 4410 1603 4481 conferendi
1651 4411 1892 4467 laborem
1946 4414 2080 4469 aliis

424 4517 596 4557 comm
606 4501 837 4555 ittemus.
866 4568 874 4578 _

496 4591 708 4645 Praeter
737 4590 1108 4659 argumenta,
1142 4586 1392 4659 singulis
1427 4587 1567 4644 lbris
1594 4606 1706 4643 una
1736 4606 1870 4645 cum
1902 4607 2079 4647 anno-
2108 4625 2153 4687 D

422 4676 768 4733 tatiunculis
838 4677 1159 4749 praemissa,
1221 4677 1465 4748 praeﬁxit
1520 4678 1838 4734 Rhenanus
1894 4681 2073 4736 vitam

422 4766 783 4833 Tertulliani,
843 4766 1099 4835 itemque
1143 4765 1627 4836 disputationem,
1683 4768 1792 4823 sub
1842 4770 2076 4825 nomine

422 4857 813 4912 admonitionis
860 4854 933 4909 ad
986 4855 1243 4909 lectorem
1272 4854 1339 4909 de
1374 4856 1701 4926 quibusdam
1746 4858 2078 4914 Tertulliani

428 4947 749 5016 dogmatis;
784 4945 1228 5016 subjunguntur
1256 4960 1392 4999 vero
1424 4946 1783 5015 Deﬁnitiones
1812 4949 2072 5003 ecclesia-

421 5038 685 5091 sticarum
733 5035 1068 5103 dogmalum,
1130 5033 1374 5105 posthac
1434 5036 1733 5092 Gennadio
1782 5037 2069 5109 ascriptze,

421 5131 478 5181 et
533 5125 704 5180 index
762 5125 1013 5194 denique
1062 5123 1381 5178 dictionum
1433 5126 1975 5198 sententiarumque
2006 5145 2074 5183 ac

421 5212 1096 5287 dogmatum.lnscripsit
1116 5230 1264 5285 opus
1288 5212 1838 5284 principiStanislao
1862 5218 2067 5272 Turzo.

420 5304 693 5376 episcopo
745 5303 1159 5358 Olomutzensi.
1223 5302 1310 5357 Ab
1378 5302 1623 5358 artiﬁcio
1684 5307 2068 5378 typogapbico

420 5393 541 5449 haec
595 5394 772 5449 editio
802 5396 891 5449 est
928 5391 1071 5447 satis
1101 5391 1375 5463 insignis,
1417 5395 1543 5446 tum
1576 5391 1910 5450 charactere
1942 5412 2068 5451 ma-

2197 3355 2264 3410 D.
2298 3354 2512 3410 Claudii
2551 3352 2946 3409 Cautiunculm
2980 3351 3329 3406 Ferdinandi
3381 3350 3625 3405 Caesaris
3658 3367 3690 3404 a
3718 3366 3855 3404 con-

2196 3443 2591 3510 silio,tandem
2618 3442 2772 3497 nacti
2804 3458 3031 3497 sumus.
3056 3441 3169 3495 Nec
3199 3457 3334 3495 vero
3367 3443 3595 3494 tantum
3630 3438 3848 3510 profuit

2192 3530 2313 3597 illa,
2349 3549 2685 3603 quanquam
2719 3531 2970 3586 multum
2997 3529 3532 3601 profuit,quantum
3568 3527 3842 3581 momenti

2193 3622 2392 3676 attulit
2422 3623 2491 3675 ad
2537 3621 2884 3676 exactiorem
2933 3619 3400 3689 castigationem,
3434 3617 3587 3687 quod
3645 3618 3847 3686 depre-

2192 3709 2509 3764 hendimus
2540 3710 2790 3763 subinde
2822 3709 3156 3781 gracissare
3186 3705 3535 3776 Septimium
3566 3703 3768 3774 ﬁguris
3790 3707 3848 3758 et

2192 3798 2727 3852 constructionibus
2784 3795 2987 3868 grecis
3052 3800 3330 3850 utentem.
3404 3797 3656 3863 Apparet
3707 3808 3848 3846 sane

2196 3891 2461 3941 nostrum
2494 3891 2791 3942 auctorem
2853 3886 2911 3939 in
2951 3883 3200 3938 lectione
3229 3886 3560 3936 Graecorum
3591 3884 3853 3935 veterum

2193 3976 2293 4047 qui
2325 3975 2564 4046 plurimi
2598 3976 2652 4029 id
2686 3973 2968 4045 temporis
3002 3978 3058 4027 et
3106 3970 3210 4026 soli
3258 3971 3409 4023 inter
3439 3984 3636 4022 sacros
3668 3968 3851 4022 inter-

2190 4068 2380 4135 pretes
2414 4064 2782 4119 habebantur
2813 4062 3047 4116 assidue
3078 4062 3394 4126 versatum,
3422 4060 3485 4111 ut
3515 4055 3849 4110 imbibitam

2188 4158 2245 4208 et
2280 4154 2628 4224 impressam
2664 4149 2955 4205 memorias
2989 4148 3319 4202 Graecorum
3355 4143 3644 4199 dialecton
3672 4144 3851 4200 etiam

2191 4241 2390 4297 Latine
2422 4240 2685 4295 scribens
2708 4236 3129 4293 interoblivisci
3167 4235 3457 4305 nequiret.
3493 4234 3610 4290 Nos
3643 4233 3850 4303 hujus-

2191 4330 2349 4385 modi
2382 4335 2579 4400 tropos
2603 4327 3018 4393 indicavimus,
3037 4331 3095 4380 et
3126 4324 3364 4396 quidem
3390 4339 3540 4395 saepe
3565 4324 3847 4391 crassius,

2190 4419 2363 4474 modo
2396 4417 2657 4489 apertius
2684 4436 2696 4483 ;
2732 4433 2872 4470 nam
2894 4414 3190 4470 voluimus
3212 4413 3489 4483 adjuvare
3523 4410 3845 4466 studiosos.

2187 4507 2313 4562 Jain
2349 4507 2510 4561 dedit
2541 4505 2986 4561 retexendsrum
3015 4502 3466 4559 annotationum
3500 4517 3703 4557 ansam
3728 4500 3847 4556 col-

2186 4596 2424 4651 lationis
2458 4596 2631 4650 istius
2664 4594 3095 4666 opportunitas,
3132 4592 3231 4648 ubi
3278 4590 3452 4646 lectio
3485 4588 3769 4661 posterior
3819 4605 3852 4644 ο.

2186 4686 2376 4758 priore
2438 4701 2863 4757 nonnunquam
2918 4684 3154 4739 evariat.
3208 4681 3326 4736 Hoc
3387 4679 3664 4750 quoniam
3725 4681 3853 4733 erat

2185 4774 2592 4844 indicandum,
2652 4774 2828 4829 aliam
2888 4772 3063 4828 etiam
3122 4769 3541 4842 expositionem
3614 4770 3848 4821 mutata

2184 4864 2359 4918 verba
2389 4864 2823 4918 desiderabant.
2852 4867 2979 4917 Non
3012 4861 3178 4916 licuit
3209 4860 3414 4914 adesse
3446 4855 3674 4911 Basilea
3701 4856 3842 4909 dum

2183 4953 2378 5008 editur
2405 4970 2573 5024 Opus.
2626 4953 2837 5008 Verum
2872 4950 3287 5024 Sigismundus
3342 4946 3636 5012 Gelenius,
3670 4944 3845 5000 homo

2182 5041 2380 5113 magni
2414 5040 2625 5096 litteris
2657 5041 2890 5113 judicii,
2936 5046 2994 5095 et
3042 5037 3367 5093 eruditione
3416 5050 3651 5090 summa
3700 5050 3845 5104 prae-

2180 5131 2362 5201 ditus,
2391 5130 2449 5185 in
2483 5131 2956 5203 recognoscendo
2980 5144 3150 5199 opere
3180 5125 3457 5179 vicariam
3510 5139 3749 5193 operam
3784 5121 3845 5176 in

2181 5221 2414 5275 ol'ﬁcina
2446 5221 2737 5292 praestitit,
2769 5220 2869 5290 qui
2930 5217 3139 5271 merita
3176 5214 3349 5267 laude
3399 5229 3513 5266 non
3547 5217 3637 5268 est
3684 5214 3842 5267 frau-

2180 5310 2432 5363 dandus.
2469 5330 2496 5357 »
2528 5340 2597 5348 —
2628 5309 2786 5362 Hanc
2818 5323 2974 5361 novas
3007 5302 3281 5357 editionis
3309 5302 3708 5372 praefationem
3740 5316 3831 5353 ex-

2180 5398 2411 5469 cipiunt
2438 5397 2740 5452 Proverbia
2769 5399 2872 5451 aut
2900 5392 3194 5448 Proverbii
3233 5389 3490 5463 speciem
3522 5386 3836 5445 referentia

491 5630 719 5711 (46)}3
747 5631 868 5711 Cat.
902 5624 1055 5711 Bibl:
1092 5627 1248 5711 litus.
1304 5624 1501 5691 Britt.,
1548 5631 1591 5684 t.
1637 5628 1706 5695 II,
1741 5628 2105 5689 laudantur:
2149 5628 2337 5702 Opera
2374 5660 2442 5669 —
2474 5645 2606 5685 cum
2662 5632 2860 5711 annot.
2913 5632 2976 5683 Β.
3038 5625 3301 5687 Rhenani
3362 5626 3418 5679 et
3482 5621 3569 5674 Fr.
3627 5613 3836 5672 Junii?

422 5697 548 5761 Bas.
584 5697 721 5759 1528
754 5702 793 5757 f.
826 5697 1057 5772 inepte!
1090 5702 1534 5754 SCHOENEMANN.
