4148 6188
286 238 351 298 li
1738 227 2184 292 PR£FATIO.
3330 264 3369 297 μα.

3596 254 3677 315 42

290 367 489 442 quibus
518 362 735 437 passim
768 361 827 416 in
860 361 1097 452 scriptis
1131 359 1256 417 suis
1286 359 1475 452 utitur
1503 362 1659 433 Sept.
1692 361 1915 419 Tertul-
1943 363 1997 431 Α
2029 380 2177 437 quos
2210 365 2554 429 Parisiensis
2585 390 2786 433 recens
2819 381 3197 452 produxerat,
3249 387 3349 441 sed
3400 403 3432 441 e
3478 386 3674 444 codice

295 456 471 511 lianus
502 469 534 507 a
560 450 733 522 vulgo
779 450 1103 505 maximam
1140 454 1365 521 partem
1423 450 1737 523 descripta,
1794 457 1920 507 tum

283 544 505 615 repetita
533 558 598 596 ex
628 539 811 611 priori
859 539 1117 594 editione
1180 538 1425 610 epistola
1488 542 1920 612 nuncupatoria

282 638 333 689 et
359 633 469 686 vita
496 626 858 685 Tertulliani.
892 628 1210 683 Admonitz‘o
1265 628 1335 683 de
1394 629 1751 699 quibusdam
1784 631 1920 684 Τετ-

281 719 499 776 tulliani
527 715 819 789 dogmatis
852 716 919 770 ad
954 715 1173 771 calcem
1225 717 1488 781 recessit,
1543 719 1918 774 deﬁnitiones

278 808 475 866 eccles.
507 808 848 878 dogmatum
882 805 1118 876 penitus
1151 806 1383 860 omissa:
1417 810 1575 860 sunt.
1612 808 1789 862 Index
1821 825 1918 862 no-

275 916 373 955 vus
404 904 459 951 et
485 911 721 967 prorsus
754 894 906 949 alius
938 904 1049 949 est.
1081 895 1166 948 Ad
1200 895 1498 966 margines
1538 900 1732 950 textus
1760 896 1916 951 dicta

279 992 330 1044 et
358 983 650 1042 sententiae
681 983 1035 1055 insigniores
1066 983 1378 1055 diligenter
1410 987 1641 1038 notatae.
1672 986 1770 1039 39
1804 986 1914 1039 Ad-

282 1074 665 1132 notationihus
718 1073 789 1127 ad
853 1071 956 1127 lib.
1014 1074 1140 1128 adv.
1205 1072 1617 1127 Valentinianos
1673 1074 1920 1129 accessit

286 1164 475 1222 tabula
502 1163 657 1235 ligno
689 1162 997 1233 impressa,
1032 1160 1359 1216 doctrinam
1402 1177 1603 1216 eorum
1638 1162 1695 1217 in
1722 1163 1915 1233 efﬁgie

289 1255 510 1311 sistens.
538 1252 793 1307 Tandem
826 1250 921 1320 qui
954 1250 1317 1322 singularem
1351 1250 1586 1305 libellus
1622 1252 1911 1322 superiori

283 1342 519 1400 editione
548 1341 949 1406 constituerat,
967 1344 1253 1395 tractatus
1282 1339 1549 1395 Adversus
1579 1356 1764 1395 omnes
1795 1341 1910 1397 hae-

274 1434 473 1499 reticos,
506 1435 782 1501 tanquam
819 1427 1136 1499 particulas
1178 1444 1487 1499 perperam
1520 1428 1729 1484 avulsa
1760 1428 1909 1485 libro

276 1521 338 1577 de
388 1517 925 1590 Praescriptionibus
982 1517 1080 1573 hic
1138 1517 1210 1572 ad
1293 1533 1508 1589 corpus
1569 1535 1747 1574 suum
1817 1535 1903 1574 re-

284 1610 381 1664 diit
403 1609 522 1680 (47).

1014 1713 1166 1767 1545.

344 1831 433 1885 Eo.
466 1830 817 1885 PARISIENSIS
848 1828 891 1883 Ι.
924 1858 992 1867 —
1021 1828 1258 1883 Parisiis
1290 1828 1387 1883 fol.
1427 1845 1529 1900 per
1569 1832 1895 1886 Gaanmuar.

274 1923 642 1974 Accesserant
664 1917 901 1991 Gagneei
933 1933 1110 1987 opera
1140 1917 1499 1990 XI,(48)libri
1532 1919 1897 1975 Tertulliani:

273 2010 334 2063 de
362 2008 639 2062 'l‘rinitate
668 2006 775 2061 lib.
810 2007 855 2071 1,
888 2006 958 2061 de
987 2005 1210 2061 Anima:
1242 2006 1581 2063 testimonio
1629 2007 1729 2063 lib.
1757 2010 1796 2078 I,
1833 2009 1902 2063 de

272 2096 470 2151 Anima
498 2095 599 2150 lib.
634 2095 677 2160 Ι,
708 2095 778 2149 de
807 2094 1172 2166 Spectaculis
1229 2095 1330 2150 lib.
1368 2096 1413 2161 Ι,
1474 2096 1544 2150 de
1604 2095 1901 2167 Baptismo

268 2184 363 2240 lib.
396 2184 439 2254 Ι,
472 2188 675 2239 contra
700 2183 1007 2238 Gnosticos
1037 2182 1419 2254 Scorpiacum
1462 2182 1564 2238 lib.
1600 2186 1643 2249 Ι,
1678 2186 1746 2239 de
1773 2185 1899 2240 Ido-

266 2272 484 2330 lolatria
515 2272 615 2327 lib.
644 2274 689 2337 Ι,
721 2272 791 2327 de
820 2272 1109 2327 Pudicitia
1156 2272 1261 2327 lib.
1314 2274 1358 2339 Ι,
1413 2273 1483 2327 de
1530 2273 1763 2343 Jejunio
1796 2275 1899 2329 ad-

267 2380 459 2419 versus
482 2360 799 2434 Psychicos
821 2360 919 2415 lib.
958 2362 1001 2428 Ι,
1037 2362 1107 2417 de
1137 2361 1293 2416 Cibis
1324 2361 1590 2417 Judaicis
1633 2362 1899 2434 epistola,

268 2452 329 2506 de
373 2450 643 2506 Oratione
698 2449 887 2515 lib.I;
923 2466 990 2504 ex
1034 2450 1250 2520 quibus
1300 2451 1371 2505 de
1420 2450 1706 2506 Trinitate
1745 2456 1802 2507 et
1832 2453 1901 2508 de

268 2539 411 2596 Cibis
439 2538 705 2594 Judaicis
756 2537 1000 2610 posthac
1057 2539 1382 2593 Novatiano
1432 2538 1707 2595 vindicati
1740 2545 1893 2597 sunt.

268 2627 415 2683 Unde
444 2644 580 2683 vero
611 2626 898 2699 Gagnseus
928 2630 1138 2682 nactus
1170 2626 1246 2681 sit
1276 2627 1384 2681 hos
1418 2626 1600 2683 libros
1644 2645 1778 2684 cum
1812 2630 1901 2702 ip-

265 2718 378 2773 sius
405 2716 728 2773 editionem
750 2713 936 2771 oculis
967 2732 1256 2787 usurpare
1286 2732 1402 2772 non
1447 2717 1777 2790 contigerit,
1811 2719 1898 2774 di-

264 2822 380 2861 cere
410 2823 522 2862 non
558 2805 772 2873 habeo,
807 2822 911 2861 nec
940 2804 1195 2877 reperire
1226 2805 1466 2876 quidem
1500 2807 1659 2877 potui
1693 2825 1899 2879 quem-

261 2912 447 2966 quam,
498 2894 605 2966 qui
652 2893 829 2964 hujus
881 2893 1158 2949 editionis
1210 2894 1479 2949 notitiam
1530 2895 1670 2952 dare
1714 2914 1900 2969 operae

260 2984 512 3039 duxisset
542 3009 557 3051 ς
582 2983 641 3037 in
674 2981 780 3038 Cat
851 2982 998 3037 Bibl.
1043 2983 1366 3038 Thottianae
1390 2987 1429 3038 t.
1464 2984 1506 3052 Ι,
1543 3002 1595 3057 ρ.
1649 3002 1689 3053 ι,
1724 3005 1776 3057 ρ.
1808 2988 1900 3054 62,

258 3073 358 3129 hoc
388 3090 541 3128 anno
575 3077 633 3128 et
660 3071 1000 3139 loco,forma
1040 3072 1181 3127 item
1237 3072 1493 3127 maxima
1548 3082 1900 3131 memoratas
1933 3104 1977 3173 Ο

257 3162 480 3218 invenio
511 3161 798 3217 editiones
830 3162 1000 3229 duas,
1036 3177 1237 3226 unam,
1272 3162 1599 3217 Tertulliani
1637 3181 1809 3235 opera
1834 3182 1903 3220 ea:

264 3268 473 3320 recogn.
507 3252 671 3306 Beati
699 3248 969 3317 Rhenani,
1003 3268 1094 3320 ap.
1157 3250 1420 3306 Carolum
1449 3253 1724 3321 Guillard,
1760 3253 1901 3309 alte-

258 3357 378 3395 ram
412 3358 515 3412 per
556 3339 829 3394 eumdem
878 3355 970 3409 ap.
1024 3340 1303 3408 Hugonem
1350 3344 1401 3395 et
1449 3341 1693 3397 haercdes
1729 3345 1906 3398 ﬁmo-

258 3432 341 3485 nis
370 3447 410 3486 α
443 3433 632 3485 Porta.
663 3428 802 3484 Utra
831 3427 1043 3483 harum
1097 3428 1331 3500 Gagnazi
1382 3428 1478 3501 sit,
1531 3448 1602 3485 an
1656 3436 1906 3504 utraque

257 3534 471 3574 1185610.

1004 3622 1165 3677 4550.

324 3738 427 3793 En.
464 3742 839 3792 BASILEENSIS
870 3737 965 3792 III.
1000 3767 1071 3777 —
1100 3738 1357 3795 Basileaz.
1376 3738 1474 3794 fol.
1508 3763 1536 3790 «
1570 3742 1905 3814 Q.Septimii

260 3827 554 3883 Florentia
600 3824 950 3881 Tertulliani
1016 3826 1492 3899 Carthaginensis
1561 3832 1905 3905 presbyteri,

256 3916 517 3971 auctoris
549 3914 943 3985 antiquissimi
968 3930 1033 3969 ac
1059 3915 1387 3970 doctissimi
1416 3917 1716 3988 scripta,et
1738 3920 1909 3992 plura

255 4020 430 4075 quam
464 4007 627 4071 ante,
659 4008 715 4057 et
743 4002 1084 4074 diligentius
1115 4019 1217 4074 per
1246 4002 1597 4061 industriam
1630 4008 1777 4064 bene
1807 4010 1906 4066 lit-

253 4098 581 4149 teralorum
615 4092 840 4163 aliquot
864 4092 936 4147 ad
968 4091 1304 4164 complures
1334 4098 1558 4151 veteres
1588 4112 1618 4152 e
1664 4098 1909 4156 Gallica-

254 4180 344 4237 nis
372 4180 864 4252 Germanicisque
877 4180 1253 4237 bibliothecis
1266 4184 1629 4254 conquisitos
1643 4191 1909 4261 recogni-

253 4274 310 4325 ta
333 4268 662 4337 codices,in
695 4269 908 4340 quibus
940 4269 1272 4341 precipuus
1304 4272 1415 4325 fuit
1447 4289 1599 4329 unus
1630 4273 1801 4349 longe
1824 4279 1909 4333 in-

259 4359 755 4430 corruptissimus
798 4359 858 4413 in
891 4357 1164 4413 ultimam
1198 4376 1384 4430 usque
1428 4364 1647 4432 petitus
1689 4367 1912 4423 Britan-

258 4449 417 4504 niam
451 4464 465 4502 :
504 4463 620 4502 non
654 4446 893 4501 omissis
923 4447 1213 4502 accuratis
1243 4449 1401 4503 Beati
1435 4450 1696 4507 lthenani
1728 4472 1915 4511 anno-

257 4534 963 4607 tationibus.Catalogum
995 4539 1189 4590 autem
1232 4538 1451 4608 aperiet
1480 4556 1646 4596 versa
1678 4545 1910 4615 pagina.

259 4625 533 4681 Accessit
566 4627 625 4678 et
655 4623 829 4677 index
880 4624 1191 4696 copiosior,
1251 4630 1381 4681 Bas.
1438 4628 1593 4682 1550.
1627 4635 1690 4684 In
1749 4632 1864 4690 ﬁne
1901 4653 1914 4691 :

258 4717 528 4767 BASILm
566 4728 717 4765 APUD
760 4714 926 4765 HIER.
976 4713 1219 4767 FnossN.
1264 4731 1329 4767 ετ
1368 4714 1493 4770 Νιο.
1538 4718 1914 4793 EPISCOPIUM,

256 4816 406 4858 ANNO
443 4802 605 4866 1550,
623 4817 812 4855 usus:
852 4817 1125 4855 MAR-rio.»
1154 4802 1389 4857 Curavit
1421 4805 1570 4861 hanc
1600 4810 1915 4868 editionem

255 4890 679 4958 Sigismundus
712 4886 1013 4957 Gelenius,
1056 4890 1227 4959 cujus
1265 4892 1394 4961 jam
1438 4894 1497 4947 in
1528 4895 1791 4954 Rhenani
1824 4900 1918 4956 se-

255 4979 457 5034 cunde.
488 4983 685 5049 partes
717 4976 1110 5033 laudavimus.
1174 4979 1420 5036 Exhibet
1476 4991 1684 5055 praeter
1738 4988 1919 5047 libros

255 5065 671 5139 superioribus
683 5066 749 5120 ed
762 5066 1293 5124 itt.Basileensibus
1308 5070 1569 5143 vulgatos
1581 5092 1677 5131 eos
1693 5094 1919 5149 quoque

325 5246 449 5315 (48)
484 5244 770 5300 Omnibus
801 5245 1119 5301 Catholicis
1152 5248 1481 5306 innotescat
1544 5270 1781 5312 necesse
1835 5265 1925 5315 est

258 5315 538 5371 Rbenani
592 5316 1133 5395 animadversiones
1178 5323 1461 5395 censoria
1513 5328 1921 5395 Inquisitionis

260 5388 551 5459 Hispanae
580 5388 803 5459 virgula
834 5394 1065 5444 notatas
1109 5390 1291 5447 fuisse
1335 5399 1391 5448 et
1440 5388 1632 5451 Romae
1667 5416 1699 5453 a
1731 5401 1784 5455 S.
1822 5404 1923 5459 Pio

262 5458 494 5545 Papa‘Y
510 5458 793 5545 librorum
813 5461 1240 5545 prohibiturum
1260 5464 1437 5545 indici
1459 5467 1510 5545 in
1522 5458 1924 5545 scriptas,pro-

2031 453 2383 525 Britannico,
2415 459 2473 515 in
2507 479 2621 534 quo
2654 465 2872 537 singuli
2905 469 3003 525 isti
3035 471 3168 527 libri
3227 475 3555 539 exstabant,
3608 492 3678 533 ex

2031 544 2276 601 antehac
2307 548 2477 603 editis
2510 555 2703 608 tamen
2737 558 2909 612 modo
2941 558 3028 613 illi
3060 565 3179 616 tres
3214 581 3227 617 :
3259 562 3326 618 de
3382 564 3677 621 Ressurre-

2028 634 2204 687 ctione
2231 640 2435 705 carnis,
2468 640 2534 694 de
2586 643 3110 717 Praescriptionzbus
3167 652 3290 705 adv.
3351 658 3482 707 haer.
3520 658 3577 708 et
3609 655 3677 710 de

2026 724 2387 796 Monoyamz‘a,
2424 732 2959 800 reperiebantur.—
2996 738 3271 795 Praeterea
3304 740 3676 813 Apologetico

2026 814 2271 868 accessit
2300 821 2758 877 commentarius
2783 828 2953 880 Fran.
2992 828 3300 899 Zephyrini
3329 829 3669 899 Florentini,

2026 918 2181 956 nunc
2214 904 2466 974 primum
2501 908 2713 965 editus.
2750 912 3012 983 Repetite
3063 917 3239 972 etiam
3288 918 3380 973 hic
3410 919 3670 976 invenies

2025 990 2289 1046 Rhenani
2321 995 2626 1065 epistolam
2663 1004 3170 1073 nuncupatoriam,
3228 1007 3408 1063 vitam
3440 1008 3667 1064 Tertul-

2023 1078 2141 1135 lani
2167 1098 2232 1136 ac
2262 1085 2564 1151 proverbia
2593 1092 2650 1141 et
2672 1090 3136 1148 admonitionem
3165 1095 3235 1150 de
3269 1096 3669 1166 dogmatibus.

2022 1174 2067 1220 Α
2101 1171 2202 1224 40
2232 1171 2567 1229 chartarum
2602 1193 2666 1230 ac
2697 1183 2965 1249 typorum
2995 1182 3290 1254 elegantia
3346 1185 3499 1241 inter
3531 1186 3670 1241 niti-

2023 1257 2298 1315 dissimas
2331 1267 2625 1318 numerari
2658 1267 2829 1323 debet
2862 1269 2978 1325 haec
2998 1271 3265 1327 editio.ln
3298 1274 3667 1331 Bibliotheca

2022 1346 2330 1404 Baluziana
2360 1351 2538 1422 hujus
2560 1356 2908 1428 exemplaris
2931 1358 3339 1431 Apologeticus
3370 1379 3504 1418 cum
3538 1366 3667 1421 cod.

2020 1452 2131 1491 ms.
2167 1436 2413 1495 collatus
2444 1448 2588 1497 erat.

2088 1634 2344 1702 Parisiis,
2376 1636 2521 1707 apud
2549 1638 2721 1693 Andr.
2762 1553 3086 1700 illibatum.
3128 1644 3187 1699 4ο
3217 1647 3282 1711 Q.
3318 1646 3478 1719 Sept.
3514 1648 3664 1706 Flor.

1937 1736 1983 1800 Β
2014 1721 2335 1776 Tertuliani
2368 1724 2513 1780 liber
2546 1727 2617 1781 de
2646 1728 3192 1802 Prmscriptionibus
3224 1736 3504 1792 adversus
3537 1737 3657 1794 bre-

2013 1809 2245 1883 reticos,
2278 1828 2411 1868 cum
2450 1814 2689 1873 scholiis
2711 1819 2790 1875 Jo.
2827 1820 3086 1887 Quintini
3115 1822 3322 1879 Hedui.

2750 1935 2906 1991 1562.

2084 2020 2184 2072 Eo.
2227 2018 2595 2078 BASILEENSIS
2622 2023 2713 2077 IV.
2768 2055 2833 2065 —
2892 2027 3145 2099 Basileaz,
3204 2029 3303 2085 fol.
3369 2032 3657 2105 Repetitio

2012 2105 2286 2162 editionis
2318 2126 2370 2164 a.
2407 2110 2562 2164 1550.
2598 2111 2661 2166 In
2694 2111 2808 2168 fine
2844 2131 2856 2169 :
2894 2116 3087 2172 Bas.in
3115 2119 3484 2191 off.Frob.per
3507 2124 3660 2178 Hier.

2011 2196 2168 2252 Frob.
2204 2205 2253 2252 et
2281 2197 2399 2254 Nic.
2434 2200 2801 2274 EpiscOpium,
2836 2221 3023 2261 mense
3047 2207 3362 2279 septembri.

2084 2400 2331 2458 «Vrasro
2371 2403 2617 2460 GALLICA
2646 2404 2687 2461 Ι.
2720 2320 2974 2465 Ti'igfat.
3012 2411 3256 2468 Tertull.
3293 2418 3369 2470 De
3397 2415 3660 2472 Praescri-

2006 2490 2287 2560 ptionibus
2318 2492 2747 2567 haeretz‘corper
2776 2499 3102 2557 Aubertum
3136 2502 3207 2557 de
3236 2503 3658 2574 Macere,evul-

2012 2583 2150 2652 gata
2182 2581 2443 2638 Parisiis.
2477 2605 2504 2634 ››

2757 2694 2915 2750 1563.

2084 2798 2112 2826 ‹‹
2146 2776 2362 2833 Vsasxo
2392 2780 2636 2838 GALLICA
2684 2784 2725 2838 Ι.
2771 2784 2899 2840 Lib.
2955 2787 3027 2842 De
3072 2786 3284 2845 Corona
3330 2790 3524 2848 Militis
3555 2809 3659 2866 per

2012 2866 2308 2933 eumdem,
2339 2868 2482 2924 ibid.
2516 2891 2545 2921 »

2760 2978 2916 3033 1566.

2086 3063 2183 3117 Eo.
2220 3067 2876 3125 BASILEO-PARISIENSIS.
2921 3102 2991 3111 —
3021 3072 3235 3127 Parisii
3260 3073 3406 3145 apud
3451 3075 3661 3131 Audas-

2015 3169 2145 3206 num
2179 3154 2418 3209 Parvum
2448 3158 2585 3227 (49),
2615 3159 2715 3213 sub
2746 3161 3072 3230 intersignio
3102 3162 3233 3217 Lilii
3253 3165 3434 3230 aurei,
3470 3166 3557 3220 via
3585 3166 3661 3222 ad

2013 3242 2058 3296 D
2108 3243 2385 3301 Iacobum.
2416 3248 2700 3303 Accurata
2726 3248 3049 3305 Gelenianaa
3108 3252 3396 3323 repetitio.
3459 3255 3661 3312 Tomis

2015 3330 2207 3386 dobus
2254 3333 2332 3386 8ο.
2368 3334 2429 3387 In
2463 3335 2575 3391 ﬁne
2632 3337 2921 3408 cujusque
2956 3355 2968 3393 :
3005 3342 3133 3394 Par.
3194 3341 3493 3397 excutiebat
3548 3349 3664 3400 Λη-

2015 3418 2173 3474 dreas
2210 3421 2509 3478 Wechelus.
2547 3426 2705 3492 1566,
2761 3427 2939 3483 Index
2988 3428 3341 3486 Gelenianus
3394 3431 3484 3503 (ab
3513 3434 3563 3488 Ι.
3601 3434 3661 3491 G.

2013 3510 2286 3578 confectus
2317 3510 2455 3581 quid
2480 3513 2588 3567 sibi
2615 3513 2775 3582 velit,
2808 3517 3027 3577 nescio)
3077 3519 3149 3573 ad
3182 3520 3326 3575 tomi
3374 3522 3665 3594 cujusque

2016 3601 2289 3654 contenta
2318 3604 2409 3655 est
2439 3603 2808 3662 reformatus.

2758 3723 2915 3778 1572.

2090 3826 2118 3854 ‹‹
2144 3807 2365 3861 VERSIo
2433 3807 2773 3865 GERMANIGA
2824 3812 2865 3867 Ι.
2897 3845 2962 3853 -
2996 3814 3061 3878 Q.
3122 3818 3178 3869 S.
3213 3816 3272 3871 F.
3322 3818 3667 3875 Tertulliani

2019 3898 2206 3961 certae,
2233 3895 2408 3965 justas
2431 3904 2485 3951 et
2517 3901 2855 3956 necessariae
2878 3904 3353 3975 Praescriptiones
3384 3910 3666 3965 adversus

2019 3998 2223 4039 omnes
2253 3984 2506 4041 haereses
2536 3987 2593 4041 in
2627 3987 3041 4048 Germanicum
3083 3993 3300 4050 idioma
3332 4014 3365 4051 a
3394 4002 3667 4056 Laurent.

2020 4069 2258 4127 Alberto
2293 4073 2803 4146 Francotranslal,
2830 4083 2888 4134 et
2910 4096 3103 4137 excus.
3143 4082 3410 4156 Delingaa.
3444 4107 3472 4136 ››

2772 4195 2930 4252 1579.

2092 4294 2191 4349 Eo.
2213 4294 3015 4360 PAMELIANA-ANTVBRPIENSIS
3042 4305 3265 4361 I.fol.—
3286 4308 3664 4379 «0.8eptimii

2023 4382 2174 4438 Flor.
2198 4385 2537 4441 Tertulliani
2562 4389 3043 4462 Carthaginensis
3092 4396 3415 4467 presbyteri
3467 4413 3665 4470 opera,

1948 4471 1992 4534 D
2027 4486 2149 4539 quae
2182 4472 2465 4529 hactenus
2495 4476 2735 4546 reperiri
2768 4484 3081 4550 potuerunt
3124 4486 3340 4540 omnia.
3397 4487 3527 4542 Jam
3565 4504 3671 4559 po-

2026 4565 2334 4627 stremum,
2368 4564 2438 4617 ad
2491 4565 2847 4636 exemplaria
2900 4571 3305 4642 manuscripts
3360 4575 3672 4631 collatione

2026 4646 2198 4713 facta;
2228 4666 2405 4719 quam
2438 4655 2878 4711 accuratissime
2910 4660 3225 4729 recognita,
3242 4661 3467 4731 aliquot
3496 4664 3673 4719 etiam

2029 4736 2196 4792 libris
2228 4739 2525 4806 auctiora;
2554 4759 2709 4797 nunc
2759 4746 3017 4815 primum
3056 4748 3115 4801 in
3164 4750 3377 4821 capita,
3430 4758 3488 4807 et
3517 4758 3677 4808 certo

2031 4825 2233 4880 ordine
2256 4826 2703 4899 habita,quanto
2726 4832 2847 4887 fieri
2874 4834 3063 4905 potuit
3081 4840 3414 4910 temporum
3432 4844 3676 4905 ratione.

2029 4913 2089 4967 in
2122 4915 2381 4985 quinque
2416 4922 2605 4972 tomos
2658 4920 2956 4990 distincta,
3010 4941 3141 4980 cum
3196 4928 3398 4984 Jacobi
3433 4932 3678 4985 Pamelii

2029 5003 2369 5074 Brugensis,
2422 5005 2699 5078 theologi,
2747 5011 3143 5068 archidiaconi
3194 5018 3677 5092 Audomaropoli-

2030 5091 2177 5160 tani,
2210 5094 2576 5163 argumentis
2608 5101 2665 5151 et
2713 5098 3193 5159 adnotationibus
3245 5106 3350 5161 toti
3398 5109 3556 5180 operi
3588 5108 3678 5165 in-

2034 5283 2213 5343 super
2244 5269 2512 5343 Ecclesia:
2545 5269 2725 5343 leges,
2776 5276 2923 5331 ritus
2973 5283 3029 5334 et
3077 5280 3500 5340 institutiones.
3538 5286 3679 5343 Eoo.

2106 5340 2221 5409 (48)
2251 5340 2346 5393 XV
2377 5340 2650 5399 numerat
2678 5349 2976 5403 Pamelius
3008 5353 3064 5405 in
3100 5357 3198 5423 Ep.
3234 5356 3422 5410 dedic.
3446 5340 3687 5413 ed.15‘i0

2036 5411 2104 5466 ad
2142 5414 2302 5466 Poni.
2340 5413 2439 5467 Ed.
2477 5419 2745 5467 nrtelixa:
2780 5436 3099 5467 nernernm,
3135 5434 3551 5467 Ηρηηιςνλιιιμλιυκι

2142 5419 2302 5466 Pont.
2340 5419 2439 5467 15d.
2477 5419 2745 5484 prtetixa;
2780 5436 3103 5490 perperam.
3135 5419 3574 5485 SCHOENEMANN.

2109 5482 2217 5550 (49)
2254 5484 2394 5537 Male
2424 5484 2542 5539 hate
2573 5505 2665 5550 ap.
2698 5491 2902 5546 Robert
2931 5493 3113 5550 Steph.
3150 5501 3435 5550 Drodiisse
3467 5502 3574 5550 San

2142 5504 2217 5551 Hi)

2254 5484 2394 5567 Male
2424 5484 2542 5539 haec
2573 5505 2665 5558 ap.
2698 5484 2902 5546 Roberi
2931 5493 3113 5564 Steph.
3150 5501 3435 5567 prodiisse
3467 5500 3685 5557 Sandio

264 5530 398 5603 pter
432 5530 743 5586 liberiores
772 5530 1015 5601 hujusce
1065 5535 1341 5592 editionis
1390 5530 1926 5605 animadversiones
2304 5554 2545 5612 Scaeas.

606 5659 864 5716 Parnm.
913 5658 959 5716 Ι.

3330 5696 3366 5750 2
