4148 6188
366 258 448 315 43
742 278 749 283 ’
1852 257 2297 317 ΡΗᾹΞΡΑἸῚΟ.
3697 259 3776 317 44

366 389 661 461 terjectis;
697 390 910 460 quibus
940 394 1063 444 tum
1094 389 1204 444 loci
1234 390 1602 446 obscuriores
1624 389 2008 462 explicantur,
2040 394 2091 458 Α
2123 389 2382 444 carmine
2410 389 2697 462 Cypriano
2754 387 2892 444 olim
2924 392 3275 458 asseruerat,
3337 391 3573 459 propter
3629 404 3771 443 ora-

366 483 495 535 tum
528 479 811 548 quidquid
847 480 915 531 ad
952 479 1359 550 antiquitatem
1394 480 1850 535 ecclesiasticam
1885 495 2014 549 spe-

369 571 505 633 ctat,
540 566 888 621 illustratur.
923 569 1006 621 Ab
1038 568 1239 622 eodem
1274 568 1529 623 Pamclio
1563 586 1763 624 recens
1794 568 2017 637 adjecta

372 654 717 710 Tertulliani
759 655 908 719 Vita,
941 656 1373 726 Scripturarum
1397 658 1705 711 citatarum
1735 657 1901 710 index
1930 655 2013 709 lo-

373 743 835 815 cupletissimus,
872 744 1102 815 aliaque
1132 744 1558 815 Prolegomena.
1590 769 1609 793 υ
1644 746 1897 815 Adjutus
1929 748 2018 798 est

375 836 576 885 auctor
605 848 764 886 nova:
800 833 975 901 hujus
1006 833 1385 901 recensionis,
1418 834 1671 888 Jacobus
1724 833 2015 887 Pamelius

376 928 432 989 la
462 921 725 991 Pamcle),
759 920 1052 990 imprimis
1096 921 1288 976 tribus
1348 938 1491 977 mss.
1554 920 2016 977 membranaceis

375 1008 675 1063 codicibus
705 1006 1020 1074 Vaticanis,
1050 1008 1365 1064 cardinalis
1412 1010 1623 1078 Sirleti,
1684 1010 1829 1065 Bibl.
1889 1016 2015 1065 tum

370 1096 663 1152 Vaticanae
696 1097 969 1167 praefecti,
1004 1114 1141 1152 cura
1181 1099 1474 1169 jussuque
1530 1100 1714 1155 codici
1771 1116 2015 1155 excusso

372 1185 1014 1256 comparatis.Habebat
1042 1187 1219 1241 etiam
1252 1186 1433 1243 libros
1467 1204 1608 1244 mss.
1630 1188 2013 1244 monasterio-

367 1291 500 1329 rum
532 1274 843 1329 S.Amandi
878 1291 944 1329 ac
972 1281 1027 1329 S.
1054 1276 1301 1331 Bavonis
1334 1282 1391 1330 ct
1418 1276 1724 1347 Anglicum
1759 1278 2014 1333 codicem

369 1364 468 1433 qui
505 1379 681 1434 penes
711 1363 804 1418 J0.
838 1363 1195 1419 Clementem
1253 1365 1493 1436 anglum
1550 1370 1704 1431 erat;
1740 1382 1843 1420 nec
1899 1383 2013 1420 non

369 1451 558 1506 Latini
594 1452 802 1507 Latinii
837 1452 965 1506 Itali
998 1457 1054 1507 et
1108 1453 1196 1507 J0.
1229 1454 1476 1508 Harrisii
1513 1453 1704 1524 Angli,
1763 1454 1834 1508 ab
1868 1454 2013 1524 ipsis

368 1557 502 1595 cum
536 1557 600 1596 eo
651 1541 1121 1614 communicatas
1178 1543 1545 1611 conjecturas
1600 1542 2015 1613 variorumque

370 1628 621 1699 denique
654 1629 960 1684 hominum
986 1633 1080 1684 41
1118 1630 1420 1685 doctorum
1447 1630 1635 1685 varias
1659 1631 2013 1686 observatio-

370 1734 493 1772 nes.
530 1717 752 1783 Quibus
785 1717 1163 1773 adminiculis
1196 1724 1422 1773 tantum
1470 1735 1607 1773 sane
1653 1720 1917 1791 profecit,
1952 1723 2015 1773 ut

371 1805 495 1861 loca
526 1806 837 1860 innumera
867 1807 1208 1879 castigasse,
1251 1807 1448 1862 hiulca
1498 1808 1824 1880 supplesse,
1859 1825 2016 1879 quae-

372 1895 507 1949 dam
539 1896 715 1949 etiam
750 1895 1067 1965 superflua,
1101 1912 1228 1967 quae
1260 1912 1329 1951 ex
1359 1896 1621 1967 margine
1661 1896 1719 1950 in
1780 1900 2012 1951 contex-

368 1987 495 2037 tum
527 1982 904 2053 irrepserant,
939 2001 1053 2037 non
1098 1984 1314 2054 injuria
1359 1985 1668 2040 rescidisse
1718 1985 1826 2039 sibi
1860 1986 2015 2039 vide-

368 2078 548 2125 retur.
608 2072 871 2126 Primum
928 2072 1104 2127 etiam
1162 2073 1220 2127 in
1282 2074 1473 2144 capita
1546 2074 1726 2129 libros
1809 2090 2014 2129 omnes

364 2158 655 2231 distinxit,
689 2166 1155 2232 argumentaque
1189 2179 1337 2217 nova
1368 2164 1439 2217 ad
1499 2163 1759 2234 capitum
1804 2164 2012 2217 distin-

364 2250 617 2304 ctionem
677 2254 1014 2320 comparata
1064 2255 1121 2304 et
1176 2251 1368 2321 ipsius
1426 2251 1769 2307 Tertulliani
1821 2252 2013 2307 verbis

365 2336 697 2407 conscripta
729 2338 977 2393 addidit.
1014 2338 1231 2394 Deinde
1262 2345 1448 2394 totum
1482 2357 1627 2410 opus
1658 2340 1715 2395 in
1752 2341 2013 2410 quinque

364 2431 558 2481 tomos
590 2427 868 2497 partitum
915 2431 1003 2481 est
1039 2444 1052 2481 :
1086 2444 1334 2498 quorum
1392 2428 1581 2499 primo
1640 2430 2015 2483 continentur

363 2515 500 2569 libri
531 2516 812 2571 adversus
842 2518 1057 2571 Gentes
1079 2521 1136 2570 et
1164 2517 1393 2571 Judaeos
1420 2534 1433 2584 ;
1468 2518 1725 2573 secundo
1754 2521 2014 2572 Paraane-

368 2605 517 2673 tica;
552 2603 723 2659 tertio
751 2604 969 2676 scripta
999 2606 1278 2660 adversus
1301 2606 1599 2674 Haereses;
1632 2612 1840 2677 quarto
1874 2607 2025 2663 Poes

370 2696 527 2747 mata
556 2708 689 2747 cum
727 2693 1090 2764 Fragmentis
1130 2710 1371 2764 operum
1406 2711 1529 2764 quae
1560 2694 2010 2763 desiderantur;

374 2780 580 2852 quinto
613 2780 944 2851 deniqueea
972 2799 1099 2852 quas
1132 2783 1411 2837 adversus
1430 2783 1747 2838 Ecclesiam
1775 2784 2013 2854 scripsit

369 2876 429 2925 et
461 2869 649 2925 aliena
680 2870 947 2941 quaedam
985 2889 996 2925 :
1033 2870 1314 2926 librorum
1351 2871 1406 2925 in
1461 2871 1714 2943 singulis
1746 2872 2012 2943 partibus

365 2958 569 3013 eodem
602 2974 716 3028 quo
748 2958 1060 3030 conscripti
1094 2965 1395 3030 putantur,
1426 2962 1629 3015 ordine
1646 2961 1865 3016 habito.
1898 2962 2011 3015 Ad-

366 3047 746 3103 monitionem
780 3048 956 3103 etiam
987 3051 1058 3103 dc
1097 3049 1419 3104 Tertuliani
1477 3050 1852 3121 dogmatibus
1906 3066 2007 3104 seu

2125 479 2301 533 tionis
2332 478 2804 544 similitudinem,
2835 476 3190 532 Tertulliano
3223 494 3377 531 nunc
3408 477 3643 532 demum
3670 478 3771 532 ad-

2116 567 2402 637 judicavit
2437 571 2494 621 et
2521 567 2713 621 denuo
2746 566 3060 621 recensuit.
3095 570 3221 620 Haec
3276 565 3570 637 excipiunt
3607 572 3769 621 Grae-

2125 671 2325 709 corum
2342 672 2584 725 operum
2614 656 2966 726 fragmenta:
2986 656 3057 710 ad
3077 656 3331 710 amicum
3351 654 3764 726 philosophum

2126 742 2195 796 de
2219 742 2566 813 Nuptiarum
2592 744 2880 814 angustiis
2902 760 3005 798 seu
3031 744 3099 797 de
3118 743 3496 813 Virginitate;
3520 743 3590 797 de
3612 744 3767 809 Fato;

2126 831 2257 885 dem
2284 831 2458 885 undis
2481 836 2537 886 et
2567 830 2891 886 immundis
2922 830 3327 897 Animalibus;
3361 832 3431 885 de
3455 830 3769 884 Circumci-

2127 917 2326 985 sione;
2361 919 2430 973 de
2453 920 2715 974 vestibus
2747 922 2933 975 Aaron
2968 937 2981 975 ε
3016 921 3086 974 de
3115 919 3397 975 Trinitate
3434 937 3446 987 ;
3481 920 3551 974 de
3590 936 3767 974 censu

2124 1007 2342 1063 Animae
2365 1010 2647 1063 adversus
2678 1009 3135 1080 Hermogenem;
3170 1010 3451 1063 adversus
3501 1007 3769 1080 Appella-

2126 1096 2318 1150 tianos
2348 1113 2360 1165 ;
2396 1097 2466 1151 de
2496 1098 2816 1164 Paradiso;
2853 1098 2921 1152 de
2950 1101 3060 1168 Spe
3094 1096 3352 1151 ﬁdelium
3388 1114 3401 1165 ;
3435 1097 3505 1151 de
3548 1097 3770 1153 Ecstasi

2126 1182 2231 1237 lib.
2284 1201 2425 1244 sex:
2463 1186 2741 1240 adversus
2785 1185 3202 1257 Apollonium;
3239 1186 3495 1241 Aliorum
3546 1186 3772 1257 aliquot
3813 1182 3816 1187 “

2126 1278 2182 1326 et
2214 1273 2357 1328 falso
2388 1274 2824 1346 inscriptorum.
2860 1276 2927 1330 T.
2979 1274 3046 1330 V.
3096 1275 3470 1330 continentur
3504 1292 3515 1330 :
3549 1275 3619 1330 de
3665 1276 3772 1329 Ex-

2127 1360 2456 1418 hortatione
2485 1363 2782 1418 Castitatis
2809 1381 2821 1431 ;
2854 1365 2925 1418 de
2968 1363 3335 1435 Mcnogamia
3370 1382 3383 1429 ;
3411 1364 3482 1418 de
3526 1367 3679 1435 Fuga
3709 1364 3770 1418 in

2127 1451 2547 1520 persecutione,
2604 1452 2673 1505 ad
2735 1451 2978 1506 Fabium
3014 1470 3026 1507 :
3061 1453 3130 1507 de
3184 1452 3435 1521 Jejuniis
3489 1452 3770 1508 adversus

2127 1538 2437 1609 Psychicos
2468 1556 2481 1605 ;
2509 1541 2580 1595 de
2612 1540 2900 1595 Pudicitia
2933 1558 2945 1607 ;
2980 1540 3284 1595 Novatiani
3335 1542 3405 1595 de
3443 1540 3722 1595 Trinitate
3752 1557 3766 1607 ;

2125 1628 2387 1696 ejusdem
2422 1628 2491 1683 de
2522 1627 2675 1683 Cibis
2698 1628 2994 1699 judaicis;
3027 1629 3217 1699 ejusd.
3274 1628 3657 1700 epistolarum
3697 1630 3768 1684 de

2126 1734 2260 1771 vera
2287 1717 2743 1773 Circumcisione
2773 1724 2827 1772 et
2858 1734 2988 1772 vero
3021 1718 3275 1773 Sabbato
3311 1716 3543 1773 notule.

2872 1807 3028 1861 1580.

2198 1895 2297 1950 42
2329 1893 2427 1948 En.
2462 1895 3122 1950 Bassianum—Parisiis
3144 1894 3289 1966 apud
3316 1895 3772 1951 MichJulianum

2124 1982 2194 2037 ad
2226 1999 2375 2037 mon:
2429 1983 2545 2038 divi
2582 1984 2789 2037 Hilarii
2836 1986 2936 2038 sub
2968 1986 3183 2055 insigni
3234 1984 3413 2041 stellae
3467 1990 3767 2051 coronata},

2124 2094 2151 2120 ι(
2186 2071 2375 2142 Opera
2402 2071 2745 2126 Tertulliani
2777 2077 2835 2127 et
2891 2073 3133 2127 Arnobii
3185 2078 3468 2143 quotquot
3522 2074 3595 2129 ab
3629 2072 3770 2127 inte-

2124 2160 2238 2214 ritu
2270 2160 2553 2214 vindicari
2578 2176 2943 2215 summorum
2971 2162 3229 2215 virorum
3252 2161 3545 2216 industria
3576 2167 3768 2232 potue-

2123 2254 2281 2317 runt,
2315 2265 2449 2303 cum
2479 2254 2742 2304 veterum
2775 2249 3197 2321 exemplarium
3219 2254 3342 2305 tum
3377 2251 3766 2305 recentiorum

2122 2337 2427 2392 collatione
2460 2338 2751 2403 restituta,
2792 2337 2935 2393 locis
2983 2339 3295 2409 Scriptura:
3345 2344 3517 2394 aucta
3545 2343 3603 2394 et
3635 2339 3766 2393 illu-

2123 2430 2305 2479 strata
2351 2426 2810 2493 commentariis,
2867 2443 2993 2497 quae
3044 2427 3188 2482 alias
3235 2426 3575 2483 auctoribus
3623 2428 3765 2482 sub-

2122 2515 2389 2568 obscuris
2421 2520 2478 2569 et
2510 2514 2874 2569 difficillimis
2906 2532 3019 2570 non
3063 2516 3412 2571 mediocrem
3460 2516 3647 2572 lucem
3681 2516 3764 2571 af-

2122 2602 2270 2657 ferre
2328 2607 2622 2673 poterunt.
2683 2603 2892 2659 Omnia
2950 2604 3143 2660 studio
3201 2609 3258 2660 et
3310 2604 3504 2660 labore
3572 2606 3768 2660 Βενιαιί

2122 2693 2411 2746 Laurentii
2439 2692 2503 2747 de
2530 2694 2587 2747 Ia
2615 2694 2806 2747 Barre.
2842 2694 3065 2748 Additis
3114 2694 3410 2749 indicibus
3461 2694 3767 2749 ﬁdissimis

2121 2786 2177 2835 et
2207 2780 2615 2850 amplissimis.
2656 2804 2675 2829 η
2716 2782 2775 2836 In
2808 2781 2923 2836 fine
2956 2800 2968 2838 :
3004 2805 3031 2831 «
3059 2783 3395 2838 Excudebat
3451 2784 3658 2839 Petrus
3695 2783 3769 2837 Le

2122 2869 2397 2940 Voirrier,
2457 2870 2653 2941 regius
2728 2871 2784 2924 in
2858 2871 3283 2926 Mathematicis
3344 2872 3765 2943 typographus,

2122 2963 2287 3013 Anno
2320 2958 2529 3013 salutis
2562 2959 2722 3013 hum.
2770 2959 2844 3012 M.
2898 2960 2964 3013 D.
3015 2959 3221 3026 LXXX,
3257 2975 3456 3013 mense
3503 2959 3701 3013 Junio.
3737 2981 3765 3008 »

2120 3046 2352 3101 Primus
2383 3047 2490 3117 (51)
2532 3046 2879 3101 Laurentius
2919 3052 3180 3101 Barraeus
3237 3046 3294 3101 id
3326 3046 3461 3118 egit,
3523 3051 3605 3113 ut,
3633 3063 3761 3118 qua:

363 3136 661 3191 erroribus
688 3154 757 3192 ea
787 3154 963 3207 quam
994 3137 1311 3192 Rhenanus
1342 3139 1791 3208 conscripserat,
1836 3138 2009 3209 longe
2040 3122 2082 3187 C
2123 3135 2344 3206 passim
2376 3134 2433 3189 in
2467 3135 2702 3206 scriptis
2734 3135 2909 3189 variis
2944 3135 3181 3189 VV.DD.
3205 3134 3498 3205 imprimis
3533 3135 3759 3190 Beroal-

362 3224 802 3295 locupletiorem
834 3231 890 3280 et
910 3226 1110 3280 ordine
1140 3225 1509 3297 alphabetico
1530 3228 1849 3283 confectam
1876 3244 2009 3283 cum

366 3313 666 3379 Antidoto,
702 3317 765 3367 ut
794 3320 975 3382 vocat,
1009 3314 1191 3369 edidit
1221 3316 1355 3385 (50).
1403 3316 1555 3370 Ordo
1605 3333 1735 3371 vero
1767 3322 2009 3371 conten-

368 3406 563 3457 torum
597 3400 694 3456 hic
725 3407 815 3457 est
847 3420 859 3459 :
895 3404 951 3456 1°
980 3402 1274 3458 Dedicatio
1306 3404 1376 3458 ad
1428 3404 1641 3458 Pontif.
1667 3405 1815 3459 Max.
1873 3406 2011 3460 Gre-

369 3491 595 3560 gorium
626 3490 775 3559 XIII,
810 3491 944 3545 data
973 3491 1153 3545 Duaci
1202 3490 1330 3562 ipsa
1390 3491 1766 3548 Exaltationis
1813 3493 2013 3548 Crucis

372 3580 466 3634 die
495 3580 669 3646 1579;
698 3581 758 3632 2°
786 3578 1080 3633 Dedicatio
1103 3578 1285 3635 altera
1305 3580 1375 3634 ad
1408 3580 1744 3652 Philippum
1778 3582 1823 3635 II
1849 3581 2012 3652 Hisp.

372 3684 570 3740 regem
602 3668 801 3738 script.
846 3668 925 3722 ib.
985 3669 1111 3723 cod.
1173 3669 1239 3723 14
1295 3670 1614 3740 septembr.
1674 3671 1733 3725 3°
1791 3670 2016 3725 Indices

371 3757 657 3812 librorum
690 3757 893 3827 quovis
926 3761 1081 3811 tomo
1138 3763 1547 3813 contentorum
1606 3764 1661 3813 et
1709 3764 2015 3813 auctorum

372 3845 891 3916 codicumque,qui
926 3845 1288 3901 Tertulliano
1313 3847 1659 3918 castigando
1677 3848 1809 3902 usui
1836 3848 2013 3914 fuere,

371 3934 617 4000 notitia;
650 3939 775 3988 tum
822 3935 878 3987 4ο
909 3935 1024 3988 vita
1072 3934 1413 3990 Tertulliani
1450 3952 1551 4006 per
1582 3936 1931 4002 Pamclium,
1962 3940 2019 3990 et

368 4026 427 4077 50
464 4024 759 4078 Paradoxa
790 4022 1133 4078 Tertulliani
1168 4040 1300 4078 cum
1334 4025 1591 4079 antidoto
1650 4025 1928 4090 Pamclii;
1960 4026 2017 4079 6°

368 4110 709 4166 Tertulliani
733 4111 1147 4181 jurisconsulti
1190 4113 1417 4166 romani
1450 4112 1640 4182 legum
1694 4116 2013 4183 rescripta;

370 4201 607 4256 tandem
636 4201 694 4253 7°
727 4200 955 4254 Indices
1005 4201 1062 4253 in
1123 4200 1569 4269 Tertullianum,
1630 4218 1765 4257 cum
1811 4203 2014 4270 locor.,

366 4296 497 4344 tum
528 4288 777 4345 aliorum
814 4295 1033 4343 auctor.
1068 4288 1139 4343 ab
1171 4304 1237 4342 eo
1269 4289 1519 4352 citator..
1552 4296 1679 4345 tum
1708 4307 1921 4346 rerum.
1948 4321 2016 4331 —-

372 4378 471 4449 qui
503 4382 710 4447 quarto
741 4381 899 4431 tomo
931 4376 1725 4446 comprehcnduntur,libros
1760 4380 2014 4450 poeticos

2120 3225 2253 3287 dus,
2285 3222 2561 3287 Alciatus,
2595 3223 2873 3289 Grinitus,
2905 3223 3236 3289 Turnebus,
3258 3223 3619 3291 Vertranius,
3654 3224 3766 3279 Ho-

2120 3318 2456 3381 tomannus,
2528 3311 2820 3382 Cujacius,
2894 3311 3119 3384 Saliger
3184 3317 3255 3368 ad
3327 3315 3765 3370 emendandum

2120 3401 2600 3472 explicandumve
2630 3400 3056 3456 Tertullianum
3088 3402 3495 3470 contulissent,
3521 3404 3763 3475 conqui-

2124 3497 2293 3559 reret,
2325 3496 2383 3546 et
2420 3496 2690 3562 excerpta
2746 3507 2864 3545 una
2913 3507 3045 3545 cum
3097 3492 3224 3547 suis
3283 3493 3767 3549 adnotationibus

2126 3580 2392 3635 Rhenani
2423 3579 2861 3635 commentariis
2893 3579 3197 3648 allineret;
3232 3582 3330 3636 ubi
3373 3599 3507 3638 vero
3541 3583 3625 3637 illi
3668 3584 3767 3638 de-

2126 3671 2382 3738 ficerent,
2414 3668 2474 3723 in
2510 3668 2674 3724 libris
2706 3669 2929 3724 scilicet
2959 3674 3091 3740 post
3120 3669 3469 3725 Rhenanum
3528 3671 3766 3741 additis,

2125 3759 2196 3813 de
2228 3775 2332 3812 suo
2366 3758 2645 3829 proferret
2678 3774 2689 3810 :
2724 3758 2781 3811 in
2802 3774 2870 3812 eo
2899 3762 3095 3813 tamen
3118 3758 3435 3813 lectoribus
3460 3758 3766 3825 molestus,

2125 3848 2277 3917 quod
2311 3864 2415 3902 sua
2458 3863 2748 3918 nusquam
2785 3864 2819 3901 a
2866 3846 3127 3902 Rhenani
3179 3846 3499 3903 aliorumve
3552 3849 3765 3903 distin-

2126 3935 2618 4005 gueret.Rhenani
2650 3935 2959 4005 epistolam
2985 3936 3477 4004 nuncupatoriam
3510 3935 3768 4007 itemque

2127 4024 2585 4078 admonitionem
2616 4025 2687 4078 de
2719 4025 3072 4094 quibusdam
3098 4024 3442 4078 Tertulliani
3476 4025 3767 4096 dogmatis

2127 4113 2307 4184 repeti
2341 4113 2580 4178 curavit,
2621 4114 2799 4166 vitam
2851 4111 3199 4167 Tertulliani
3245 4112 3315 4167 de
3362 4129 3469 4168 suo
3518 4114 3763 4180 addidit,

2130 4206 2402 4272 praeterea
2432 4200 2694 4273 amplum
2731 4201 2975 4272 praeﬁxit
3005 4207 3335 4269 auctorum,
3370 4218 3619 4271 quorum
3651 4203 3765 4257 ﬁde

2125 4295 2412 4345 annotatt.
2448 4290 2787 4360 conscriptae
2819 4294 2978 4358 sunt,
3012 4288 3366 4360 catalogum.
3399 4290 3767 4359 Nuncupavit

2126 4379 2274 4433 hanc
2305 4379 2619 4434 editionem
2654 4378 2987 4448 praeceptori
3020 4395 3127 4433 suo
3162 4380 3235 4433 De
3268 4379 3347 4431 La
3378 4378 3556 4449 Bigne
3586 4378 3765 4433 Th.D.

370 4470 427 4520 et
460 4466 787 4534 fragmenta
810 4480 915 4551 seu
951 4464 1166 4517 indicia
1198 4464 1391 4534 potius
1430 4465 1710 4520 librorum
1744 4467 2013 4537 deperdi-
2044 4486 2091 4551 D
2124 4468 2285 4531 Quod
2319 4473 2614 4523 externam
2662 4466 2867 4522 faciem
2916 4472 3161 4538 spectat,
3212 4467 3529 4521 admodum
3581 4466 3767 4522 nitida

369 4557 562 4607 torum
596 4552 745 4622 apud
770 4550 913 4606 alios
947 4556 1214 4606 auctores
1247 4558 1347 4607 aut
1370 4552 1564 4623 ipsum
1589 4554 2012 4610 Tertullianum

371 4640 541 4694 obvia
572 4640 795 4710 primus
828 4639 923 4693 hic
964 4639 1254 4694 Pamclius
1311 4641 1586 4710 operibus
1648 4642 1890 4697 Tertull.
1924 4644 2013 4697 in-

370 4727 572 4783 sernit.
606 4731 689 4783 Ad
713 4732 984 4798 poemata
1014 4728 1169 4798 quod
1211 4728 1504 4795 attinet,in
1536 4728 1703 4784 libris
1734 4732 2014 4786 adversus

366 4821 717 4871 Marcionem
749 4822 805 4871 et
836 4816 1095 4870 carmine
1127 4817 1198 4870 de
1227 4816 1459 4872 Judicio
1499 4817 1725 4873 Domini
1785 4820 2012 4874 Tertul-

368 4905 523 4961 liano
552 4905 1046 4970 vindicandis,Ge.
1086 4904 1326 4959 Fabricii
1358 4905 1438 4977 (in
1471 4907 1713 4978 poeticis
1742 4907 2013 4964 christia-

370 4995 506 5067 nis),
541 4994 599 5049 in
630 4993 889 5049 carmine
922 4994 992 5048 de
1045 4996 1297 5048 Sodoma
1348 5010 1482 5049 vero
1539 4996 1682 5051 Sixti
1740 4998 2015 5053 Senensis

370 5082 539 5152 (Bibl.
588 5087 781 5137 Sanct.
846 5082 946 5136 lib.
1008 5082 1102 5152 IV)
1154 5082 1557 5137 auctoritatem
1619 5087 2013 5155 sequebatur;

371 5171 620 5227 Genesin
652 5177 848 5227 autem
880 5176 938 5225 et
968 5172 1038 5226 ad
1073 5176 1389 5226 senatorem
1419 5188 1547 5242 quae
1579 5189 1712 5228 cum
1761 5175 2015 5231 Sodoma

444 5351 553 5421 (50)
608 5350 806 5405 Prima
846 5348 1085 5421 quidem
1134 5349 1309 5404 editio
1370 5350 1612 5406 Pamclii
1670 5353 1741 5407 ad
1801 5370 2013 5409 manus

371 5441 484 5477 non
517 5427 624 5490 est,
659 5437 846 5495 neque
880 5422 1283 5495 typographos
1340 5426 1397 5476 et
1454 5423 1821 5495 bibliopolas,
1857 5426 2011 5495 apud

372 5512 520 5567 quos
553 5494 1071 5569 prodiitlindagare
1104 5494 1533 5569 pot_uimus,sed
1566 5494 2012 5569 desumptaheec

372 5572 512 5624 sunt
541 5583 607 5621 ex
638 5569 728 5621 ed.
762 5567 888 5621 Par.
924 5567 1079 5636 1598,
1113 5567 1204 5622 cui
1254 5582 1381 5637 quae
1420 5571 1663 5641 insuper
1692 5567 2008 5641 accessere,

2123 4562 2212 4611 est
2242 4557 2439 4626 editio,
2499 4557 2895 4625 adornataque
2953 4555 3097 4610 satis
3162 4556 3469 4610 commode
3528 4561 3767 4610 annota-

2122 4644 2381 4699 tionibus
2413 4645 2523 4700 sub
2554 4650 2712 4699 textu
2745 4645 3048 4715 dispositis
3070 4644 3318 4699 diversis
3348 4660 3582 4715 quoque
3612 4645 3766 4716 typis

2121 4734 2433 4805 expressis.

2860 4823 3015 4877 1582.

2193 4915 2408 4967 VERSIO
2449 4911 2779 4967 GERMANICA
2810 4915 2849 4965 Ι.
2876 4942 2945 4951 -
2975 4911 3129 4966 Libri
3164 4912 3235 4967 De
3264 4913 3544 4968 Patientia
3575 4929 3608 4967 a
3629 4912 3765 4968 Luc.

2123 5000 2295 5071 Maio,
2330 5000 2731 5067 Smalkalacaa,
2763 4999 2934 5054 in-8°.

2865 5089 3023 5144 1583.

2193 5181 2294 5235 En.
2330 5183 3033 5235 PAMELIANA-PARISXENSIS
3060 5177 3176 5229 l.-—
3196 5176 3438 5231 Parisiis
3460 5175 3571 5232 sub
3602 5181 3768 5234 scuto

2122 5376 2228 5415 suo
2259 5358 2381 5413 loco
2413 5358 2965 5413 commemorantur.
2997 5356 3271 5407 SCOENEM.

2194 5432 2303 5501 (51)
2338 5432 2490 5483 [nter
2522 5427 2894 5497 repetitiones
2928 5424 3295 5501 Pamelianas
3349 5425 3475 5482 sine
3520 5423 3760 5480 editoris

2122 5498 2355 5558 nomine
2386 5505 2603 5555 Caveus
2633 5503 2864 5564 iaudat;
2893 5513 3222 5569 perperam.
3256 5498 3578 5554 Senonum.
