4148 6188
305 317 385 377 45

1796 308 2243 371 ΡΗιΕΡΑΤΙΟ.

3640 321 3723 383 46

309 447 618 504 Basiliensi
672 448 780 505 sol.
841 449 1178 507 Pomeliana
1228 464 1450 505 recusa.
1510 446 1659 500 Huic
1716 442 1952 497 demum
1989 440 2175 509 Amii
2244 439 2528 497 Florentis
2599 443 2937 499 Tertulliani
3011 446 3279 519 Carthag.
3356 449 3718 526 presbyteri,

308 537 551 593 editioni
586 538 906 594 accessisse
935 539 1245 595 videntur:
1273 536 1650 593 Proverbiates
1680 533 1955 589 Formulae

307 626 498 699 Operis
532 628 917 683 Tertullianici
944 633 1217 685 contentae
1247 628 1377 698 (52),
1413 625 1687 680 brevibus
1719 620 1959 678 scholiis

309 718 617 773 illustrataa
670 736 781 790 per
839 719 1084 773 Adream
1140 719 1364 789 Hoyum
1424 720 1803 786 Brugensem,
1864 712 1956 766 cui

304 807 460 862 hanc
492 824 696 862 curam
730 808 856 877 ipse
899 807 1194 862 Pamelius
1242 807 1596 877 injunxerat,
1632 808 1695 856 ut
1728 803 1959 872 praeﬁxa

305 895 445 967 Hoyi
482 897 553 950 ad
586 895 910 951 Pamelium
949 894 1213 965 epistola,
1262 896 1399 949 data
1446 893 1600 963 apud
1655 892 1958 945 Atrebates

302 984 431 1039 Kal.
466 984 709 1039 Januar.
748 985 904 1050 1583,
955 1000 1060 1038 nos
1110 984 1277 1039 docet
1323 984 1457 1054 (53).
1509 981 1712 1036 Utrum
1741 995 1871 1033 vero
1903 983 1959 1032 et

302 1073 572 1142 ejusdem
606 1072 746 1145 Hoyi
778 1073 835 1127 in
860 1072 1286 1127 Tertullianum
1319 1070 1558 1126 Pamelii
1591 1086 1682 1139 ορ.
1717 1068 1957 1123 restitu-

302 1168 431 1215 tum
489 1161 884 1233 Epigramma,
947 1178 1060 1232 quo
1114 1158 1483 1232 singulorum
1540 1158 1823 1212 librorum
1856 1155 1955 1226 qui

303 1249 412 1304 hoc
441 1250 707 1321 quinque
738 1250 949 1321 partito
978 1265 1149 1321 opere
1181 1248 1576 1316 continentur,
1615 1253 1958 1316 argumenta

301 1354 367 1393 ex
399 1339 607 1393 ordine
649 1339 1006 1402 indicantur,
1040 1338 1146 1393 hac
1195 1339 1434 1392 demum
1476 1337 1730 1391 editione
1762 1352 1953 1391 acces-

302 1428 469 1497 serit,
503 1446 575 1483 au
609 1428 748 1483 olim
775 1431 898 1499 jam
933 1428 1105 1483 fuerit
1150 1428 1473 1499 vulgatum,
1506 1427 1726 1481 nescio.
1764 1425 1954 1495 Hujus

302 1517 657 1588 exemplaris
719 1517 1115 1588 apologeticus
1173 1534 1307 1572 cum
1363 1516 1489 1572 cod.
1542 1516 1649 1571 MS.
1706 1514 1953 1570 collatus

300 1606 565 1661 exstabat
596 1606 655 1660 in
688 1605 836 1661 Bibl.
879 1607 1211 1662 Baluziana.

1052 1731 1211 1785 1584.

372 1820 471 1874 En.
496 1823 1321 1875 PAMELIANA-ANTVEBPIENSIS
1350 1821 1420 1875 Il.
1453 1851 1520 1859 —-
1545 1819 1955 1892 Antverp.apud
1982 1807 2031 1873 Β

300 1908 400 1963 43
430 1909 684 1963 Plantin.
741 1910 841 1980 fol.
902 1910 1106 1963 eadem
1165 1908 1449 1981 repetita;
1503 1908 1563 1963 in
1618 1909 1743 1963 Cat.
1805 1908 1950 1963 Bibl.

298 1997 568 2053 Leidens.
605 1998 813 2069 (Lugd.
867 2002 991 2053 Bat.
1048 1998 1200 2069 716.)
1246 1998 1570 2053 scribitur:
1612 1997 1955 2053 Tertulliani

300 2086 408 2158 Op.
442 2104 509 2142 ex
540 2089 771 2142 emend.
806 2087 926 2143 Jac.
964 2087 1201 2142 Pamelli
1231 2103 1365 2143 cum
1418 2086 1548 2142 coll.
1583 2086 1799 2142 codicis
1831 2087 1949 2141 MS.

301 2175 597 2248 Agobardi
629 2191 731 2247 per
757 2176 849 2232 J0.
884 2176 1248 2231 Mercerium.
1284 2177 1546 2247 Antverp.
1589 2176 1728 2231 1584
1760 2175 1799 2230 f.

1054 2283 1211 2337 1585.

370 2372 473 2427 En.
520 2371 1248 2427 PAMELIANA-PARISIENSIS
1308 2372 1377 2427 ΙΙ.
1426 2403 1495 2410 -
1544 2373 1801 2442 Parisiis,
1860 2390 1951 2444 ap.

295 2461 461 2516 Hich.
500 2460 792 2516 Sonm’um.
829 2462 865 2516 f.
899 2463 964 2527 Ο.
1005 2466 1162 2532 Sept.
1213 2460 1360 2515 Flor.
1401 2460 1745 2515 Tertulliani
1778 2478 1953 2532 opera

299 2550 526 2616 omnia,
559 2550 631 2605 ad
682 2549 1037 2621 exemplaria
1086 2566 1229 2606 mss.
1279 2548 1586 2604 collatione
1635 2550 1949 2621 recognita,

298 2640 529 2710 aliquot
566 2639 744 2694 etiam
794 2639 960 2695 libris
1011 2640 1291 2706 auctiora,
1325 2656 1393 2694 ex
1439 2639 1695 2693 editione
1728 2644 1785 2693 et
1816 2656 1949 2694 cum

300 2728 787 2784 annotationibus
818 2728 1019 2783 Jacobi
1048 2728 1287 2783 Pamelii
1322 2745 1335 2783 :
1378 2729 1659 2783 recedunt
1684 2728 1949 2797 ejusdem

300 2816 649 2874 Tertulliani
680 2816 816 2885 vita,
849 2816 1080 2888 aliaque
1124 2814 1554 2888 prolegomena.
1617 2816 1732 2870 Cat.
1785 2817 1853 2871 de
1897 2818 1953 2872 la

296 2908 447 2963 Bibl.
500 2907 576 2961 du
620 2909 752 2978 Πομ,
804 2913 842 2960 t.
894 2907 936 2971 Ι,
988 2923 1044 2977 p.
1078 2907 1201 2960 363.
1234 2906 1359 2960 Non
1393 2905 1647 2961 sucurrit
1676 2907 1948 2977 jamjam,

298 2997 400 3051 ubi
434 2996 675 3050 laudata
704 2995 1029 3049 invenerim
1064 2994 1407 3050 Tertulliani
1438 3011 1612 3065 opera
1634 3011 1767 3049 cum
1802 3000 1946 3049 nott.

284 3084 413 3140 Jac.
466 3083 705 3139 Pamelii
756 3084 936 3138 Paris.
990 3085 1143 3154 apud
1195 3083 1367 3139 Mich.
1404 3084 1735 3151 Somnium,
1786 3084 1944 3151 4548,

288 3175 446 3244 quod
483 3173 623 3227 hinc
652 3177 885 3227 constat
913 3189 1168 3229 errorem
1202 3188 1329 3228 esse
1361 3173 1867 3245 typographicum.

1042 3280 1199 3334 1594.

364 3387 387 3416 ι
421 3368 642 3423 νεειειιο
670 3371 880 3423 GALICA
911 3368 980 3423 II.
1040 3399 1109 3409 —
1170 3369 1295 3424 Lib.
1346 3368 1426 3424 De
1478 3369 1700 3425 Corona
1743 3367 1938 3426 Militis

282 3474 390 3529 per
425 3456 869 3512 Florimundum
903 3458 1163 3512 Remond
1207 3458 1405 3527 (Louis
1436 3458 1769 3526 Richeome)
1798 3463 1938 3514 Bar-

280 3546 405 3618 dig.
434 3568 464 3595 n

1036 3634 1058 3689 4
1070 3636 1195 3689 595.

356 3722 639 3793 Lugduni:
666 3724 922 3778 Batavor.
956 3740 1030 3777 ex
1070 3722 1167 3796 01f.
1197 3725 1593 3781 Plantaniana.
1627 3726 1679 3780 4.
1729 3726 1844 3797 (Sic
1876 3727 1933 3781 in

279 3815 409 3867 Cat.
456 3811 601 3865 Bibl.
666 3812 982 3883 Leidensis)
1042 3817 1099 3867 et
1145 3813 1199 3867 8.
1248 3813 1365 3868 Cat.
1435 3817 1501 3868 de
1549 3816 1601 3869 la
1656 3816 1794 3871 Bibl.
1857 3817 1937 3871 du

278 3902 423 3973 Roy,
482 3916 616 3972 pag.
676 3901 801 3971 364,
859 3906 897 3956 t.
954 3902 1020 3973 l.)
1069 3903 1127 3967 Ο.
1183 3903 1341 3973 Sept.
1397 3903 1549 3958 Flor.
1598 3904 1935 3960 Tertulliani

232 4018 235 4019 ν
279 3990 462 4045 Liber
492 3991 563 4045 de
592 3988 792 4057 Pallio,
826 4007 893 4045 ex
923 3990 1176 4047 editione
1206 3995 1262 4046 et
1293 4008 1426 4047 cum
1460 3993 1613 4048 notis
1646 3994 1935 4049 Francisci

275 4079 471 4134 Junii.

1043 4169 1198 4224 1596.

351 4255 460 4309 En.
495 4254 1017 4310 HEIDELBERGBNSIS
1072 4257 1110 4310 Ι.
1160 4288 1230 4299 -—
1282 4259 1531 4314 Heidelb.
1563 4277 1654 4331 ap.
1692 4261 1939 4317 Comme—

281 4343 499 4409 linum,
536 4343 574 4396 f.
609 4360 643 4397 a
692 4343 992 4410 Rhenano,
1052 4346 1331 4415 Pamelio,
1372 4348 1549 4405 Junio
1596 4351 1931 4406 emendata.

278 4432 564 4488 Laudant
592 4432 866 4498 Sandius,
900 4433 978 4487 du
1008 4432 1134 4503 Pin,
1167 4439 1224 4488 et
1252 4436 1415 4491 Cave.

1044 4540 1199 4593 1597.

353 4631 463 4686 En.
528 4629 1283 4684 PAMELIANA-FRANECKERE
1352 4633 1393 4685 Ι.
1465 4663 1532 4674 -
1591 4636 1944 4691 Franeckeraa

283 4719 617 4775 excudebat
645 4722 768 4788 zEg.
802 4718 1045 4772 Budaeus
1095 4719 1219 4774 0rd.
1272 4719 1470 4776 Frisiaa
1500 4725 1616 4794 typ.
1675 4725 1738 4789 Ο.
1768 4725 1949 4795 Septi-

358 4860 763 4935 (52)_Sandius
794 4860 934 4935 edit_.
997 4861 1381 4935 Parisiensem
1437 4864 1613 4935 hujus
1646 4867 1781 4921 anni
1816 4883 1949 4921 cum

292 4932 457 4989 Nutis
490 4932 765 5014 Rhenani
790 4937 849 4986 et
895 4932 1054 4987 Junii
1086 4933 1152 5001 f0,
1199 4933 1429 5002 laudat;
1463 4932 1580 5007 qua
1618 4938 1750 5003 ﬁde,
1794 4938 1950 4993 affir-

293 5022 454 5061 mare
486 5020 603 5057 DOD
642 5021 856 5059 8.081“).

361 5075 477 5144 (53)
512 5073 752 5130 Scilicet
782 5092 851 5130 ex
904 5075 1047 5130 edit.
1110 5076 1265 5142 1498,
1302 5079 1485 5135 Paris.
1546 5079 1689 5135 mihi
1752 5081 1808 5134 in
1861 5080 1954 5136 his

286 5147 686 5222 iudicandum
753 5147 882 5210 fuit,
942 5153 1006 5201 ut
1054 5148 1234 5203 semel
1276 5150 1404 5218 jam
1436 5154 1735 5222 professus
1798 5169 1950 5206 sum.

293 5219 639 5272 SCHOENIM.

367 5291 486 5357 (54)
518 5291 585 5363 _ln
621 5287 895 5363 Satalogo
921 5287 1058 5363 liber.
1113 5296 1482 5360 expurgator.
1518 5294 1743 5348 Madriti
1799 5295 1956 5363 1584,

292 5360 467 5437 jussu
506 5360 673 5437 card.
701 5358 877 5437 Gasp.
912 5358 1482 5437 Quiroga,'Archiep.
1509 5365 1789 5421 Toletani.
1824 5358 1954 5437 gen.

300 5431 529 5503 inquis.
563 5430 723 5500 Hisp.
757 5431 933 5503 edito.
961 5433 1282 5488 SCHOENEM.

373 5505 488 5573 (55)
538 5506 840 5572 Perperam
883 5502 1158 5557 laudatur
1205 5522 1237 5559 a
1287 5505 1546 5562 Fabricio
1577 5524 1800 5563 -—-cum
1852 5525 1960 5563 no-

302 5575 395 5651 tis
416 5573 980 5651 RhenanitBamelli
1012 5580 1067 5627 et
1102 5576 1186 5628 Fr.
1218 5578 1377 5632 Junii
1409 5580 1541 5648 (Del.
1572 5596 1679 5635 ser.
1710 5596 1809 5651 pro
1843 5580 1958 5635 Ver.

302 5648 420 5704 Rei.
459 5646 593 5702 Chr.
630 5662 687 5717 p.
715 5645 869 5715 213).
908 5644 1227 5703 Senonum.

2068 529 2326 585 auctoris
2364 531 2759 602 antiquissimi
2794 550 2920 604 qua:
2965 534 3155 590 adhuc
3204 537 3448 607 reperiri
3513 545 3720 610 potue-

2067 623 2206 672 runt
2234 619 2431 675 omnia
2462 637 2472 673 :
2506 636 2573 675 ex
2603 622 2855 678 editione
2886 624 3082 678 Jacobi
3106 625 3344 680 Pamelii
3376 630 3715 699 Brugensis.

2067 706 2290 769 Quibus
2334 710 2577 764 seorsim
2622 711 2827 766 additae
2891 717 3029 767 sunt
3090 715 3499 772 annotationes
3554 718 3717 774 Beati

2068 797 2334 851 Rhenani
2379 798 2846 871 Selestadiensis,
2880 806 3058 856 aucta:
3091 820 3340 873 censura
3374 805 3715 878 inquisitio-

2070 887 2163 940 nis
2194 885 2516 958 Hispanicae
2549 890 2661 960 (54)
2696 906 2708 943 :
2743 890 3003 961 itemque
3035 893 3449 963 castigationes
3473 912 3537 950 ac
3561 900 3711 952 notae

2069 975 2390 1046 perspicuae
2420 980 2475 1030 et
2506 978 2707 1033 breves
2739 981 3233 1036 FRANCISCI-JUNII
3263 982 3561 1056 Biturigis,
3586 989 3712 1041 tum

2067 1078 2136 1118 ex
2168 1079 2309 1118 mss.
2347 1065 2481 1129 fide,
2526 1071 2584 1120 et
2631 1067 2814 1121 Latini
2872 1068 3083 1123 Latinii
3126 1069 3520 1140 Viterbiensis,
3573 1074 3716 1130 alio-

2068 1169 2319 1224 rumque
2375 1154 2659 1225 symbolis
2736 1162 3125 1228 comportatae,
3189 1164 3302 1215 tun:
3367 1163 3719 1232 conjecturis

2068 1241 2435 1311 grawssimis
2467 1248 2639 1314 atque
2668 1244 3005 1302 lectissimis
3036 1254 3337 1303 accuratae.
3362 1249 3717 1309 Communes

2068 1336 2343 1400 praeterea
2394 1332 2618 1388 indices
2667 1340 3042 1390 accesserunt
3088 1336 3352 1393 locorum
3398 1340 3713 1412 Scriptura:

2069 1435 2268 1487 sacra},
2314 1419 2561 1475 aliorum
2623 1428 2927 1479 auctorum
2986 1424 3247 1497 itemque
3296 1428 3604 1485 verborum
3661 1434 3720 1486 et

2066 1523 2261 1562 rerum
2294 1508 2815 1581 locupletissimus.
2855 1514 3110 1569 Pamellii
3150 1520 3377 1571 textum
3419 1523 3594 1590 atque
3623 1536 3717 1576 or-

2066 1595 2261 1650 dinem
2310 1598 2525 1654 Junius
2570 1599 3014 1671 religiosissime
3063 1606 3337 1670 servavit,
3396 1606 3511 1662 nisi
3558 1609 3715 1679 quod

2062 1687 2220 1739 tomo
2266 1692 2473 1756 quarto
2524 1688 2849 1759 fragmenta
2892 1694 2950 1745 et
3003 1691 3221 1748 indicia
3276 1694 3716 1765 deperditorum

2064 1772 2348 1829 librorum
2400 1776 2631 1847 penitus
2680 1778 2897 1833 omisit.
2948 1781 3374 1838 Annotationes
3420 1783 3560 1840 item
3601 1790 3716 1841 Pa-

2066 1862 2224 1917 melii
2282 1865 2520 1920 omnino
2580 1866 2797 1921 absunt
2856 1868 2985 1939 (55).
3035 1874 3173 1925 Post
3222 1876 3448 1927 textum
3496 1875 3713 1930 seosim

2065 1952 2322 2021 primum
2354 1953 2541 2025 ipsius
2569 1955 2755 2021 Junii,
2788 1956 2998 2012 deinde
3047 1958 3311 2015 Rhenani
3338 1961 3716 2020 animadver-

2063 2040 2260 2097 siones
2308 2043 2581 2113 subjectaa
2632 2049 2792 2099 sunt.
2850 2048 2930 2101 Ac
2999 2047 3122 2102 ista
3179 2050 3439 2122 quidem,
3500 2052 3716 2124 quibus

2064 2130 2243 2185 etiam
2272 2131 2432 2186 Junii
2485 2133 2556 2187 ad
2603 2132 2849 2190 Ordines
2899 2134 3078 2207 Belgii
3114 2141 3174 2193 F.
3203 2138 3528 2209 dedicatio;
3580 2144 3719 2200 data

2065 2220 2246 2291 Lugd.
2296 2225 2423 2275 Bat.
2474 2238 2527 2276 a.
2578 2222 2634 2276 d.
2678 2221 2924 2278 Kalend.
2956 2225 3191 2281 Martias
3223 2228 3381 2297 1597,
3424 2246 3559 2287 cum
3601 2231 3719 2289 vita

2064 2309 2409 2365 Tertulliani
2459 2311 2530 2366 ab
2580 2312 2708 2383 ipso
2758 2328 2961 2368 recens
3009 2316 3340 2387 conscripta
3389 2320 3712 2393 praaﬁgitur

2065 2398 2159 2468 (de
2188 2397 2439 2454 Pamelio
2471 2400 2628 2454 enim
2654 2400 2887 2469 judicat
2929 2418 3042 2457 non
3084 2404 3263 2461 vitam
3307 2423 3440 2462 eum
3488 2409 3720 2465 Tertul-

2063 2486 2226 2555 liani,
2259 2488 2360 2542 sed
2392 2487 2686 2543 curiosam
2719 2488 2880 2545 illius
2937 2495 3039 2547 44
3096 2495 3379 2565 temporis
3409 2496 3712 2554 historiam

2062 2582 2366 2631 contexere
2395 2576 2694 2650 voluisse).
2745 2583 2871 2634 Haec
2901 2579 2961 2634 in
3012 2582 3200 2637 fronte
3247 2590 3460 2655 gerunt
3491 2603 3504 2640 :
3540 2588 3611 2642 ad
3643 2588 3709 2652 Ο.

2060 2670 2115 2724 8.
2150 2668 2229 2723 Fl.
2261 2669 2602 2725 Tertulliani
2634 2686 2810 2741 opera
2859 2690 2983 2743 quae
3032 2679 3263 2730 exstant
3307 2678 3506 2734 omnia
3534 2680 3710 2736 casti-

2060 2758 2324 2829 gationes
2355 2764 2412 2814 et
2440 2765 2609 2825 notae,
2635 2777 2809 2831 quam
2847 2762 3096 2818 maxime
3128 2764 3185 2819 in
3218 2770 3339 2822 tam
3371 2773 3702 2826 vestustum

2060 2850 2115 2901 et
2144 2863 2377 2917 gravem
2440 2849 2785 2919 scriptorem
2847 2849 2970 2905 ﬁeri
3022 2854 3234 2923 potuit,
3290 2859 3612 2928 perspicuas
3652 2863 3710 2916 et

2059 2935 2261 2990 breves
2295 2936 2427 3007 (56).
2462 2938 2524 2989 In
2559 2936 2776 3006 quibus
2808 2942 2930 2992 tum
2977 2955 3181 2996 omnes
3231 2942 3409 2998 ferme
3439 2946 3705 3003 omnium

2058 3024 2253 3078 smculi
2310 3023 2494 3078 nostri
2541 3024 3019 3081 doctissimorum
3069 3027 3375 3086 hominum
3406 3032 3708 3103 lectiones,

2059 3112 2517 3179 emendationes,
2579 3113 3211 3187 interpretationesque
3259 3122 3603 3176 necessariae
3634 3140 3706 3179 ex

1971 3176 2013 3243 (ἶ
2054 3218 2196 3255 mss.
2232 3202 2344 3256 fide
2374 3207 2432 3255 et
2456 3176 2809 3271 conjecturis
2858 3176 3260 3273 probabilibus
3289 3176 3704 3267 adunanturet

2050 3290 2427 3345 ascribuntur
2481 3291 2606 3345 suis
2663 3292 3041 3361 auctoribus;
3098 3294 3171 3350 iis
3228 3296 3407 3353 etiam
3465 3315 3701 3371 expres-

2050 3380 2151 3449 sis,
2187 3396 2313 3450 quaa
2345 3396 2460 3435 non
2492 3379 2626 3435 visa
2669 3385 2811 3435 sunt
2858 3381 3030 3452 plane
3076 3385 3329 3455 rejiculas
3381 3403 3393 3440 :
3444 3393 3573 3443 tum
3630 3406 3700 3445 ex

2049 3469 2356 3524 collatione
2378 3466 2799 3540 exemplarium
2824 3470 2934 3525 loci
2958 3488 3134 3541 quam
3168 3473 3405 3544 plurimi
3436 3478 3508 3533 ad
3539 3482 3695 3534 veri-

2044 3562 2223 3613 tatem
2275 3574 2472 3612 rerum
2505 3557 3038 3631 proprietatemque
3081 3562 3388 3619 verborum
3422 3565 3492 3621 de
3524 3567 3689 3638 peni-

2044 3648 2289 3702 tissimas
2349 3646 2716 3716 antiquitatis
2759 3649 3016 3704 tenebris
3060 3652 3365 3722 proferunt
3412 3655 3688 3728 suppleti,

2045 3736 2311 3805 correcti,
2343 3735 2617 3791 illustrati
2650 3740 2823 3806 atque
2864 3738 3214 3795 confirmati.
3249 3746 3379 3798 Post
3426 3743 3692 3801 Rhenani

2045 3825 2452 3883 annotationes
2503 3825 2749 3880 accessit
2793 3828 3133 3883 z'ariantz'um
3178 3830 3469 3888 lectionum
3518 3836 3582 3890 in
3621 3836 3694 3891 li-

2048 3917 2204 3970 brum
2241 3915 2648 3987 Apologeticum
2703 3922 2755 3969 et
2805 3915 3059 3972 adversus
3104 3919 3318 3976 Iudaeos
3372 3922 3697 3993 indiculus,

2047 4022 2194 4076 quas
2226 4022 2295 4060 ex
2319 4020 2459 4059 mss.
2506 4003 2979 4059 membranarum
3026 4009 3348 4077 praesertim
3398 4028 3510 4068 ms.
3563 4013 3699 4069 Ful-

2048 4094 2247 4148 densis
2315 4092 2626 4147 collatione
2699 4092 3049 4149 Franciscus
3098 4096 3326 4153 Modius
3385 4101 3702 4172 Brugensis

2049 4183 2186 4237 olim
2246 4183 2673 4248 observaverat,
2756 4186 2815 4236 et
2898 4187 3270 4254 posteaquam
3357 4188 3458 4242 diu
3543 4189 3702 4260 apud

2054 4273 2128 4325 M.
2163 4270 2470 4327 Velserum
2510 4272 2917 4342 Angustanum
2951 4271 3325 4343 delituerant,
3367 4277 3437 4330 ab
3468 4293 3536 4332 eo
3567 4294 3701 4332 cum

2052 4362 2228 4432 Gasp.
2261 4359 2549 4430 Schoppio
2582 4359 2825 4426 Franco,
2852 4364 2976 4414 tum
3003 4362 3238 4431 juvene,
3265 4364 3705 4421 communicatae

2052 4455 2236 4516 erant,
2271 4449 2370 4521 qui
2403 4447 2579 4503 Junio
2610 4448 2850 4503 tandem
2882 4463 2982 4503 eas
3012 4451 3446 4509 transmiserat.
3481 4454 3707 4510 Laudat

1972 4539 2344 4612 Dimprimis
2392 4537 2604 4592 Junius
2675 4535 2899 4592 multas
2968 4538 3205 4594 Pamelii
3265 4544 3708 4599 emendationes

2059 4629 2365 4683 Fuldensis
2422 4643 2531 4680 ms.
2566 4626 2915 4681 auctoritate
2960 4643 3087 4682 esse
3136 4630 3419 4687 ﬁrmatas.
3471 4632 3710 4699 Collatio

2060 4718 2293 4790 quidem
2329 4715 2456 4787 ipsa
2504 4714 2575 4769 ad
2621 4714 2711 4769 ed.
2745 4715 2955 4769 Barraai
2991 4716 3148 4787 1580,
3182 4718 3364 4776 Paris.
3416 4723 3528 4795 (57)
3562 4723 3715 4778 facta

2134 4859 2246 4932 (56)
2279 4859 2411 4922 Quae
2442 4858 2647 4932 breves
2705 4860 2762 4910 et
2820 4858 3138 4932 perspicuae
3197 4861 3324 4932 ipso
3370 4864 3548 4919 Junio
3578 4864 3714 4918 visas

2064 4928 2201 5007 sunt
2230 4928 2802 5007 animadversiones,
2835 4930 3050 5007 eaedem
3100 4936 3156 4986 et
3203 4928 3493 5007 Scaligero
3541 4935 3718 4991 casti-

2064 5005 2298 5074 gatione
2329 5001 2714 5074 dignissimae,
2747 5007 2804 5055 et
2833 5003 3265 5074 Schoenemann
3307 5001 3478 5062 mera:
3524 5007 3718 5063 hario-

2064 5072 2310 5130 lationes
2340 5072 2549 5127 habitis
2582 5075 2739 5127 sunt.
2774 5094 2800 5121 ‹‹
2834 5072 3226 5132 Doctissimus
3257 5081 3565 5134 Gretserus
3597 5079 3719 5133 edi-

2067 5149 2154 5203 dit
2183 5146 2635 5200 vindicationem
2681 5147 3071 5214 quorumdam
3119 5148 3374 5206 locorum
3407 5150 3717 5205 Tertullia-

2068 5222 2337 5294 nicorum
2364 5234 2396 5270 a
2428 5216 2928 5294 Francisci‘Junii
2957 5218 3305 5294 ACalvinista:
3355 5223 3720 5294 depravatio-

2069 5293 2265 5366 nibus.
2321 5292 2381 5344 In
2408 5304 2567 5366 _9pp.
2595 5287 2808 5366 .Gretz.
2861 5306 2900 5342 1.
2956 5292 3019 5342 V.
3054 5308 3189 5361 pars
3235 5294 3295 5363 V,
3330 5312 3386 5366 p.
3420 5287 3544 5365 305,
3577 5296 3721 5351 edit.

2070 5362 2370 5419 Ratisbon.
2399 5360 2555 5414 1735.
2590 5359 2628 5412 1.
2665 5380 2693 5406 »
2719 5359 2855 5412 Enn.

2144 5436 2254 5503 (57)
2287 5433 2441 5486 Hanc
2491 5430 2805 5503 editionem
2856 5434 3145 5487 Renatum
3205 5436 3581 5493 Laurentium
3618 5438 3724 5491 Lu-

2070 5502 2226 5561 tetiae
2300 5503 2576 5558 Parisior.
2650 5502 2812 5565 1580,
2875 5504 3093 5561 Barrazo
3169 5515 3404 5565 auctore
3471 5509 3726 5564 edidisse

2069 5578 2281 5633 Junius
2334 5574 2556 5631 scribit.
2613 5574 2699 5627 Tu
2751 5574 2880 5629 vide
2924 5592 3030 5633 suo
3081 5578 3205 5635 loco
3250 5597 3283 5636 a
3336 5581 3503 5638 nobis
3550 5580 3723 5634 dicta.

2071 5654 2390 5705 Scaoaan.
