4148 6188
354 324 434 385 ιτ
1851 312 2292 374 PREFATIO.
3691 321 3773 383 48

352 460 474 513 erat
507 471 612 511 nec
640 458 867 511 mutata
894 472 926 510 a
954 453 1150 521 Junio,
1185 454 1284 508 sed
1323 451 1542 523 pagina:
1574 452 1804 504 tantum
1836 462 1995 502 novae
2033 448 2088 513 Α
2117 446 2415 517 Campiani
2445 445 2624 502 oblati
2657 447 2996 504 certaminis
3029 449 3086 503 in
3119 466 3298 506 causa
3328 451 3461 507 fidei
3508 453 3769 509 rationes

353 544 631 602 editionis
662 549 802 598 sunt
832 544 1113 614 ascriptis.
1170 542 1233 596 In
1282 539 1430 595 Bibl.
1477 536 1738 592 Leidensi
1774 541 2008 591 exstant

357 636 471 689 duo
505 634 559 687 h.
615 648 664 686 e.
725 631 1095 703 exemplaria,
1156 646 1341 685 unum
1392 645 1560 683 manu
1609 627 1828 696 Iosephi
1873 625 2008 679 Sca-

356 724 519 792 ligeri
564 725 852 787 notatum,
910 720 1161 775 alterum
1210 718 1303 774 cui
1354 735 1387 771 a
1435 716 1737 771 Dominico
1790 713 2005 769 Baudio

357 811 620 881 ascripta:
671 815 811 865 sunt
858 810 1274 881 castigationes
1324 805 1564 877 Josephi
1617 804 1898 875 Scaligeri
1938 819 2007 857 ex

357 901 742 973 autographo.

1102 988 1258 1042 1597.

428 1083 527 1134 Eo.
582 1077 1283 1134 PAMELIANA-GENEVEVSIS
1346 1075 1388 1129 Ι.
1451 1106 1514 1115 -
1578 1072 1803 1129 Genevw
1877 1086 2011 1127 cum

358 1173 479 1226 not.
513 1168 753 1225 Pamelii
785 1166 999 1239 (Sand.,
1030 1168 1112 1221 Du
1142 1167 1272 1237 Pin,
1309 1165 1498 1235 Cave).

1114 1256 1272 1310 1598.

438 1352 538 1406 Eo.
573 1350 1309 1403 PAMELIANA-PARISIENSIS
1344 1343 1437 1397 III.
1482 1372 1549 1381 —-
1596 1341 1833 1396 Parisiis
1862 1338 2011 1411 apud

357 1441 721 1499 Laurentium
750 1437 1043 1490 Somnium
1072 1436 1162 1488 via
1188 1434 1439 1488 Jacobaza
1474 1433 1533 1484 in
1566 1431 1786 1486 Circino
1818 1444 2010 1483 aureo.

360 1534 436 1589 M.
472 1534 532 1587 D.
567 1525 807 1583 XCVIII.
844 1524 986 1579 Vide
1020 1522 1257 1577 titulum
1311 1521 1402 1575 ed.
1460 1520 1615 1587 1579,
1665 1518 1758 1573 cui
1800 1517 1895 1571 hic
1925 1516 2012 1571 in-

361 1637 538 1693 super
580 1616 776 1673 addita
824 1631 836 1669 :
891 1636 917 1661 «
969 1619 1279 1667 Accessere
1322 1613 1378 1664 et
1418 1609 1528 1665 loci
1578 1625 1645 1663 ex
1677 1608 2015 1677 conjectura

360 1716 552 1766 LATINI
609 1707 811 1760 LATINI!
869 1700 1253 1756 Viterbiensis
1303 1698 1583 1765 restituti,
1661 1702 1717 1751 et
1785 1695 2015 1751 erudita

2121 536 2340 590 decem.
2376 536 2549 589 Catal.
2584 536 2732 590 Bibl.
2792 538 3006 608 Regalis
3065 538 3372 595 Carthasim
3409 541 3467 595 S.
3514 544 3763 598 Martini.

2122 623 2354 695 Neapoli
2390 624 2546 678 1764.
2583 624 2621 680 f.

2869 716 3027 769 1602.

2196 822 2223 851 «
2253 802 2316 855 In
2349 800 2563 856 librum
2598 804 2672 857 de
2701 804 3213 876 Prmscriptionibus
3235 811 3402 863 notas
3432 809 3615 865 edidit
3643 810 3771 866 Jus-

2120 893 2218 946 tus
2244 889 2516 945 Calvinus
2561 892 2620 945 in
2661 890 2811 947 libro
2856 893 3167 966 Moguntina
3216 896 3370 951 edito
3405 898 3516 953 sub
3565 898 3675 954 hoc
3702 902 3771 954 ti-

2121 978 2244 1033 tulo
2278 995 2290 1032 ι
2324 980 2812 1051 Praescriptionum
2840 982 3095 1039 adversus
3141 984 3423 1042 haereticos
3466 992 3771 1059 perpetua-

2121 1084 2251 1123 rum
2276 1074 2539 1124 tractatus
2565 1085 2685 1125 rex.
2717 1088 2747 1121 ι

2872 1168 3028 1222 1603.

2196 1276 2224 1304 ‹‹
2255 1254 2541 1309 Theodori
2577 1255 2781 1311 Petreii
2814 1258 3101 1313 confessio
3131 1258 3549 1317 Tertullianioa
3578 1263 3636 1317 et
3664 1260 3774 1333 Cy-

2126 1342 2330 1416 priana
2360 1344 2418 1397 in
2450 1360 2507 1398 1v
2535 1342 2668 1398 libr.
2702 1345 2951 1417 digesta'
2987 1346 3168 1403 Paris.
3202 1348 3373 1404 in-8°.
3409 1370 3437 1397 »

2872 1452 3030 1507 1603.

2196 1540 2447 1609 Francof.
2470 1540 2525 1593 8.
2557 1541 2640 1595 Jo.
2666 1556 2699 1595 a
2735 1543 2988 1598 Wower.
3020 1542 3469 1600 Emendationes
3502 1545 3776 1617 Epidicti-

2126 1643 2205 1682 cm
2235 1628 2305 1682 nd
2339 1628 2401 1691 Ο.
2435 1632 2490 1683 S.
2524 1628 2604 1682 Fl.
2639 1630 2985 1685 Tertulliani
3026 1647 3221 1703 opera.
3265 1655 3293 1683 «
3340 1634 3421 1689 Jo.
3472 1651 3505 1689 a
3543 1635 3771 1691 Wower.

2125 1717 2364 1772 lectori:
2398 1740 2425 1766 ‹‹
2454 1717 2633 1772 Totus
2665 1718 2759 1773 hic
2807 1718 3041 1775 libellus
3091 1738 3205 1775 non
3253 1727 3373 1777 tam
3408 1724 3464 1777 in
3498 1723 3773 1795 speciem,

360 1800 421 1854 in
453 1799 554 1853 lib.
588 1796 654 1849 de
686 1793 862 1848 Ραιιίο
892 1792 1115 1884 ΙΟΑΝΝΨ
1145 1790 1425 1884 Μεξεβῐξιι
1471 1784 1871 1884 Αηίεξοεξῗεοτίδ
1920 1784 2012 1883 Bl’
2042 1816 2092 1883 Β
2123 1822 2298 1876 quam
2336 1821 2509 1860 usum
2542 1809 2801 1876 paratus,
2829 1808 3270 1864 emendationes
3303 1784 3613 1882 promittit,
3642 1784 3777 1883 qui;

358 1884 674 1944 turicensis
719 1878 1169 1936 Commentaria.
1223 1876 1564 1947 Cataloguin
1605 1876 1789 1929 totius
1818 1876 2013 1944 operis

2155 1911 2233 1949 ius
2266 1893 2610 1949 Tertulliani
2643 1911 2820 1966 opera
2851 1896 3099 1952 inﬁnitis
3148 1876 3381 1955 mendis
3429 1876 3776 1972 liberantur,

360 1975 617 2031 inveniet
662 1972 845 2027 lector
884 1973 1015 2039 post
1054 1964 1326 2035 epistolas
1378 1965 1802 2029 dedicatorias;
1854 1967 1911 2016 et
1952 1962 2010 2015 in

361 2062 613 2135 singulis
670 2058 847 2114 tomis
901 2053 1379 2126 prmfatiunculas
1454 2052 1525 2106 de
1577 2052 1861 2106 librorum
1921 2065 2013 2104 or-

361 2153 517 2207 dine.
554 2172 581 2199 ››
613 2179 675 2189 -
711 2148 829 2201 Lat.
878 2144 1083 2198 Latinii
1114 2141 1555 2197 emendationes
1587 2157 1634 2195 s.
1664 2140 2014 2210 conjecturas

2123 1999 2223 2038 eas
2266 1982 2530 2055 exemplo
2578 1988 2833 2039 veterum
2886 1986 3235 2057 Epidicticas
3295 1988 3780 2061 inscripsi;quia

2126 2072 2421 2144 specimen
2482 2077 2541 2127 et
2596 2071 3011 2147 προκαθάρισμα
3070 2077 3309 2145 majoris
3362 2079 3554 2149 operis
3601 2098 3613 2145 ;
3685 2078 3779 2134 cui

2126 2178 2239 2227 me,
2272 2177 2446 2231 quam
2478 2160 2734 2231 primum
2768 2179 2870 2233 per
2898 2179 3095 2218 verum
3131 2181 3393 2221 mearum
3439 2168 3777 2223 varietatem

360 2246 491 2313 post
548 2237 689 2294 edit.
752 2232 967 2289 Pamel.
1031 2250 1062 2286 a
1124 2232 1281 2297 1583,
1335 2230 1679 2301 conscriptae
1726 2227 2014 2299 (Praefatio

2155 2250 2345 2316 icebit,
2376 2249 2700 2321 accingam.
2750 2251 3104 2306 Beneficium
3159 2266 3353 2309 tamen
3405 2254 3662 2327 illarum,
3708 2276 3778 2314 ne

360 2329 550 2401 ipsius
583 2328 639 2380 d.
694 2329 887 2380 Romae
936 2321 1063 2376 Kal.
1107 2320 1384 2375 Novemb.
1437 2319 1513 2373 M.
1575 2319 1641 2373 D.
1708 2315 2016 2384 LXXXIV.)

362 2423 420 2473 et
448 2416 693 2472 seorsim
739 2413 907 2467 editae
938 2415 1106 2465 erant
1152 2413 1345 2464 Romae
1381 2409 1539 2474 1584,
1574 2423 1675 2478 per
1721 2407 2013 2461 Francisc.

364 2511 683 2562 Zannetum
741 2506 796 2556 et
852 2500 1106 2570 repetita:
1171 2503 1371 2568 postea
1426 2502 1565 2551 sunt
1610 2495 1943 2549 accuratius
1985 2511 2019 2547 a

364 2595 423 2649 C.
462 2594 649 2647 Macro
680 2592 739 2644 in
791 2587 1003 2645 Catinii
1064 2586 1209 2641 Bibl.
1270 2586 1395 2641 Scr.
1454 2591 1510 2640 et
1569 2584 1719 2638 Prof.
1782 2600 1837 2653 p.
1890 2583 2017 2637 191.

364 2684 600 2738 Codices
631 2680 863 2749 quidem
910 2693 1024 2731 non
1072 2676 1342 2739 habebat,
1376 2678 1649 2728 utebatur
1689 2678 1884 2727 tamen
1917 2688 2018 2727 co-

366 2772 564 2827 dicum
596 2770 668 2824 ab
699 2767 831 2822 aliis
875 2764 1247 2819 laudatorum
1308 2764 1617 2829 varietate;
1667 2762 1765 2817 45
1816 2761 2020 2816 insunt

368 2874 599 2931 quoque
656 2862 714 2911 et
771 2856 829 2911 P.
889 2853 1143 2908 Ciaconii
1190 2851 1455 2907 Toletani
1502 2852 1771 2922 quaedam
1806 2851 2018 2921 partim

369 2965 437 3004 ex
494 2946 745 3015 ingenio,
808 2945 1021 3015 partim
1070 2958 1139 2998 ex
1186 2942 1323 2997 Cod.
1375 2940 1674 2995 Vaticano.
1735 2940 2020 2995 Caeterum

367 3043 638 3110 typorum
674 3039 731 3090 et
759 3033 971 3089 chartis
1019 3031 1205 3087 nitore
1255 3030 1572 3085 admodum
1625 3030 1746 3085 haec
1776 3029 2023 3084 eruditis

371 3124 839 3183 commendatur.

1154 3208 1279 3261 599.

444 3304 545 3358 En.
605 3210 1497 3355 PAMsLiANA-l]srnénssaomsrs
1553 3296 1624 3350 II.
1676 3326 1745 3336 —
1778 3295 2023 3351 Heidelb.

375 3391 527 3464 apud
558 3388 882 3445 Commelin.
919 3387 956 3441 t‘.
1000 3386 1269 3457 Repetita
1298 3385 1632 3439 Pamsliana
1662 3386 1740 3439 Du
1766 3386 1896 3439 Pin.

1122 3491 1276 3547 1599.

454 3587 697 3641 Coloniae
752 3582 898 3655 apud
973 3581 1195 3636 Arnold.
1256 3581 1504 3652 Mylium.
1589 3582 1674 3635 12.
1754 3582 1816 3645 Ο.
1870 3581 2028 3649 Sept.

385 3678 535 3733 Flor.
556 3672 956 3729 Tertullianus
986 3670 1133 3726 liber
1159 3672 1230 3725 de
1253 3670 1796 3743 Prasscriptionibus
1827 3670 2031 3725 adver-

387 3782 489 3822 sus
518 3762 843 3829 haereticos,
893 3778 961 3815 ex
1008 3760 1100 3816 ed.
1151 3764 1209 3815 et
1248 3776 1380 3814 cum
1415 3760 1897 3815 annotationibus
1936 3760 2032 3815 Ja-

386 3853 517 3911 cobi
550 3849 813 3907 Pamelii.

1131 3938 1289 3992 1599.

447 4054 475 4081 «
509 4031 723 4085 Vsnsxo
750 4030 991 4084 GALLICA
1027 4027 1095 4082 II.
1128 4059 1198 4068 -—
1230 4027 1446 4082 Iterum
1477 4027 1631 4082 edita
1680 4026 1781 4081 lib.
1833 4028 1907 4083 De
1948 4026 2042 4083 Co-

376 4138 520 4176 rona
549 4137 651 4192 per
678 4120 878 4174 eumd.
906 4116 1272 4173 Florimund.
1316 4117 1393 4171 Ad
1427 4117 1644 4172 calcem
1680 4121 1844 4171 tract.
1884 4117 2037 4187 ejus-

374 4210 499 4265 dem
533 4210 603 4265 de
634 4206 994 4264 Antichristo
1025 4209 1081 4259 et
1107 4205 1489 4277 Antipapissa
1516 4205 1805 4261 Johanna.
1846 4227 1867 4255 ι

781 4312 1001 4369 Saeculo
1032 4330 1168 4368 xvn.
1209 4313 1337 4367 I601
1372 4343 1439 4353 -—
1472 4313 1632 4368 1070.

1127 4401 1289 4456 1600.

450 4492 687 4549 Parisiis
713 4508 811 4563 per
852 4491 1099 4547 Ambros.
1136 4492 1389 4545 Drouart.
1440 4490 1493 4543 8.
1533 4490 1869 4546 Tertulliani
1897 4490 2045 4547 liber

381 4585 452 4639 de
478 4581 659 4638 Pallio
691 4598 821 4636 cum
854 4579 1327 4651 interpretatione
1349 4578 1557 4652 gallica
1579 4584 1635 4635 et
1661 4580 1811 4635 notis
1843 4580 2042 4636 latinis

379 4673 550 4727 Edm.
616 4669 891 4725 Richerii.
962 4670 1103 4740 (Cat.
1170 4669 1237 4724 de
1303 4670 1358 4723 lu
1435 4669 1699 4725 Bibliolh.
1770 4670 1844 4725 du
1910 4672 2045 4743 Roy,

384 4777 446 4833 p.
488 4759 638 4831 364.)

1151 4848 1309 4902 1601.

450 4939 553 4994 Eu.
591 4937 1487 4993 PAMELIANA-HEIDELBERGBNSIS
1546 4938 1642 4992 III.
1714 4970 1771 4979 —
1828 4938 2048 4995 Heidel-

383 5029 586 5099 bergae.
631 5026 669 5081 f.
720 5043 853 5081 cum
909 5026 1060 5081 notis
1108 5026 1370 5082 Pamelii.
1417 5027 1587 5081 Sand.
1649 5027 1805 5083 Cave.
1876 5032 2049 5083 Eam-

384 5117 515 5173 dem
548 5116 657 5172 hoc
699 5131 849 5171 anno
901 5115 1133 5173 Genava:
1182 5116 1471 5187 prodiisse
1522 5116 1811 5189 Dupinius
1863 5118 2049 5175 adno-

385 5205 554 5262 tavit.

1144 5294 1299 5349 1601.

459 5381 700 5438 Caloniae
726 5382 955 5453 Agripp.
1000 5383 1180 5438 in-12.
1218 5384 1359 5439 Tres
1390 5384 1724 5456 gravissimi
1760 5390 2048 5458 perpetua:

386 5470 693 5527 Catholicae
728 5472 857 5526 fidei
910 5474 1249 5527 constantia:
1300 5478 1501 5530 testes.
1537 5474 1944 5532 Tertullianus
1978 5478 2048 5532 de

385 5561 965 5632 Przescriptionibus;
998 5561 1341 5619 Vincentius
1390 5564 1712 5621 Lirinensis
1745 5566 2039 5622 Adversus

387 5653 661 5725 profanas
694 5652 963 5706 omnium
1005 5651 1299 5708 haereseon
1334 5654 1693 5712 novationes.
1751 5656 1827 5711 Ed
1844 5640 2046 5712 mundi

2128 2337 2266 2408 quid
2312 2354 2490 2403 erres,
2530 2355 2642 2393 non
2689 2343 2808 2393 tam
2860 2340 3026 2405 mihi,
3059 2358 3237 2412 quam
3292 2343 3491 2399 Fulvio
3540 2346 3775 2419 Ursino,

2126 2426 2526 2481 eruditissimo
2575 2426 2718 2496 viro,
2769 2429 2984 2498 debes;
3036 2447 3103 2485 ex
3163 2430 3352 2502 ipsius
3404 2434 3560 2489 enim
3608 2434 3775 2505 libro,

2129 2515 2230 2587 qui
2257 2516 2312 2568 in
2344 2514 2701 2571 Bibliotheca
2726 2516 3007 2573 Vaticana
3038 2526 3390 2582 asservatur.
3409 2537 3476 2576 ea
3496 2524 3777 2595 excerpsi,

2128 2609 2185 2659 et
2217 2621 2288 2658 ne
2345 2604 2486 2659 ﬁdes
2545 2621 2675 2658 mea
2728 2608 2883 2677 apud
2932 2613 2985 2661 te
3016 2609 3195 2663 dubia
3234 2608 3406 2667 istius
3436 2611 3570 2666 libri
3604 2630 3776 2668 usum

2130 2693 2274 2748 mihi
2333 2694 2625 2748 concessit
2680 2695 2831 2751 doct.
2881 2696 2970 2751 vir
3032 2698 3365 2754 Dominicus
3424 2700 3778 2772 Raynaldus,

2128 2782 2393 2853 ejusdem
2426 2782 2574 2836 Bibl.
2630 2784 2811 2854 praet,
2846 2785 3017 2856 cujus
3048 2802 3184 2857 erga
3219 2803 3309 2841 me
3351 2787 3779 2845 humanitatem

2130 2876 2186 2926 et
2211 2871 2506 2941 singulare
2528 2872 2788 2927 studium
2820 2891 3120 2944 nunquam
3146 2876 3247 2929 46
3268 2877 3412 2930 satis
3431 2878 3778 2948 praedicabo.

2131 2962 2479 3030 Quanquam
2508 2960 2676 3015 valde
2708 2961 3024 3019 voluissem
3065 2962 3288 3019 diutius
3320 2966 3472 3036 apud
3508 2982 3601 3021 me
3632 2966 3780 3021 deli-

2131 3048 2406 3119 tuissent,
2452 3049 2634 3104 donec
2682 3049 2799 3105 illis
2842 3052 2913 3106 ab
2963 3051 3195 3123 ingenio
3243 3058 3442 3109 nostro
3488 3054 3784 3112 decentior

2052 3179 2096 3248 Ο
2133 3137 2327 3191 cultus
2360 3138 2724 3193 accessisset.
2748 3140 2854 3193 Sed
2882 3140 3006 3210 jam
3040 3145 3247 3212 sponte
3278 3148 3608 3199 currentem
3641 3144 3783 3200 inci-

2138 3226 2276 3248 1---£L
2308 3226 2498 3248 ___-!-
2542 3227 2669 3248 ---3,
2717 3227 2925 3248 -1--..Αᾼ
2977 3233 3032 3248 --ι
3072 3229 3096 3248 L
3170 3246 3182 3248 _
3306 3232 3318 3248 ι
3347 3231 3381 3248 ι·
3555 3233 3577 3248 ρ
3645 3234 3681 3248 .-

2138 3226 2279 3281 tavit
2308 3226 2502 3281 nescio
2538 3227 2672 3298 quis
2710 3227 2949 3296 clamor,
2976 3233 3039 3283 ut
3072 3229 3189 3284 haec
3222 3231 3520 3303 publicare
3552 3233 3786 3289 festina-

2136 3331 2285 3381 rem,
2325 3331 2439 3385 quo
2490 3315 2802 3372 satisfieret
2850 3317 3175 3374 curiositati
3225 3319 3459 3376 illorum
3519 3324 3621 3394 qui
3664 3324 3783 3395 pati

2139 3420 2254 3458 non
2286 3407 2554 3475 poterant
2597 3403 2754 3460 hunc
2803 3406 3010 3461 exilem
3060 3412 3117 3462 et
3159 3406 3478 3481 fugientem
3528 3410 3783 3484 gloriola

2140 3490 2509 3564 Splendorem
2544 3493 2614 3547 ad
2648 3509 2740 3549 me
2770 3495 3118 3567 pertingere.
3151 3517 3180 3547 »

2892 3602 3049 3656 1605.

2219 3690 2521 3759 (Ινασουίέε,
2592 3690 2651 3744 in
2720 3690 2814 3762 σῇ.
2888 3689 3065 3745 Andr.
3127 3692 3452 3749 Pelriconz‘i.
3515 3696 3577 3759 Ο.
3638 3699 3795 3768 Sept.

2146 3779 2295 3835 Flor.
2360 3777 2703 3834 Tertulliani
2773 3778 2844 3833 de
2910 3778 3459 3851 Prwscriptionihus
3518 3783 3803 3840 adversus

2149 3884 2355 3925 omnes
2393 3867 2693 3923 haereticos
2717 3867 2883 3934 liber,
2918 3867 3235 3923 dictinctus
3282 3868 3339 3923 in
3368 3870 3559 3942 capita
3587 3877 3646 3927 et
3678 3873 3803 3927 bre-

2148 3958 2319 4013 vibus
2352 3956 2774 4026 notationibus,
2795 3972 2861 4012 ex
2883 3958 3077 4014 Jacobi
3098 3959 3337 4013 Pamelii
3364 3961 3810 4017 commentariis

2153 4047 2511 4103 illustratus.

2910 4136 3071 4193 1607.

2230 4226 2331 4280 En.
2365 4224 3115 4281 PAMsLuNA-Famscunm
3146 4225 3242 4282 III.
3274 4257 3342 4266 —
3376 4227 3736 4286 France/cerae
3768 4229 3807 4283 t'.

2158 4314 2405 4386 repetita
2442 4314 2532 4369 ed.
2570 4331 2623 4369 a.
2659 4315 2813 4369 1597.
2844 4314 3014 4371 Sami.
3060 4318 3290 4373 Fenevaz
3320 4316 3359 4371 f.
3392 4316 3433 4371 t'.
3467 4333 3518 4373 c.
3551 4322 3670 4373 not.
3702 4318 3810 4373 Pa-

2160 4403 2341 4461 melii.
2374 4404 2459 4459 Du
2486 4404 2613 4459 Pin.

2914 4493 3071 4548 1608.

2228 4587 2327 4637 En.
2384 4583 3096 4637 PAMELIANA-PARISIINSIS
3134 4585 3225 4637 IV.
3260 4613 3327 4622 —
3360 4582 3543 4638 Puris.
3576 4584 3614 4638 t'.
3651 4599 3813 4656 repe-

2158 4673 2286 4727 titio
2346 4670 2711 4726 Pamelianae.
2764 4671 2947 4726 Paris.
3001 4671 3157 4727 1598.
3211 4671 3379 4728 Sand.
3430 4673 3599 4729 Fabr.
3660 4672 3817 4729 Cave.

2158 4762 2277 4817 Cat.
2310 4760 2456 4815 Bibl.
2490 4761 2717 4815 Barber.
2754 4760 2885 4815 Mus.
2920 4763 3081 4816 Britt.

2940 4850 3097 4906 1609.

2230 4940 2333 4994 En.
2366 4940 3149 4995 PAMELIANA-ANTBRPIENSIS
3201 4939 3298 4994 ΙΙΙ.
3346 4970 3415 4979 -—-
3446 4940 3608 5010 Apud
3660 4939 3821 4995 Com-

2157 5030 2352 5085 meli‘n.
2402 5029 2440 5084 f.
2503 5028 2785 5101 Repetitio
2848 5028 3212 5084 Pamelianae.
3274 5032 3445 5083 Antv.
3507 5028 3664 5083 1583.
3715 5032 3817 5085 Fa-

2163 5118 2299 5173 bric.

2912 5205 3067 5259 1610.

2230 5295 2331 5351 Ει).
2392 5293 3124 5349 ΡΑΜειιΑΝΑ-ΡΑιῑιδιεΝειε
3185 5295 3252 5346 V.
3307 5323 3377 5334 —
3453 5296 3709 5351 Parisiis.
3770 5294 3810 5349 t'.

2158 5385 2359 5440 eadem
2392 5384 2666 5439 laudante
2711 5382 2958 5448 Oudino,
2993 5398 3048 5453 p.
3082 5381 3209 5437 218.
3241 5381 3306 5438 T.
3342 5386 3363 5436 Ι
3396 5386 3717 5440 Comment.
3741 5382 3812 5437 de

2157 5475 2255 5529 SS.
2292 5476 2441 5529 Rom.

2964 5562 3118 5615 1612.

2228 5650 2587 5723 Francofurli
2615 5649 2694 5706 ad
2722 5649 2986 5721 Moenum,
3019 5650 3173 5724 typis
3201 5649 3606 5708 Richterianis.
3636 5652 3809 5709 Joan-
