4148 6188
378 371 454 431 49
1870 368 2017 427 PRA

2139 371 2314 431 tTlO.
3724 374 3804 434 50

375 505 461 558 ni:
490 519 525 558 α
564 502 772 558 Wower
799 498 1239 555 emsndationes
1294 499 1625 571 Epidicticte
1672 499 1743 555 ad
1779 500 1841 562 Ο.
1875 500 2033 572 Sept.
2063 507 2117 570 Α
2148 504 2267 571 det,
2303 502 2553 560 varietas
2604 504 2868 560 lectionis
2923 504 3140 561 codicis
3196 505 3309 560 MS.
3375 503 3577 559 Baliol.
3624 504 3807 567 Oxon.

373 592 520 647 Flor.
556 587 908 647 Tertulliani
966 603 1160 661 opera.
1215 589 1331 645 Cat.
1366 589 1435 644 de
1468 589 1523 643 la
1580 588 1719 643 Bibl.
1755 588 1829 644 du
1880 590 2033 661 Roy.,
2144 592 2402 664 ascripta
2431 598 2540 649 est.

372 700 428 755 p.
459 682 588 736 365.

1122 776 1279 832 1612.

440 894 469 921 ς(
492 870 711 924 νεειειο
729 868 973 924 ΟΑιωιΑ
993 867 1060 920 Il.
1086 867 1279 921 Tract.
1305 865 1837 938 Prtescriplionum,
1860 866 2031 923 Bros-

366 976 483 1016 seco
516 960 853 1030 interprete,
888 956 1073 1024 Paris,
1109 956 1281 1010 in-8°.
1315 978 1343 1004 ››

1118 1082 1275 1136 1613.

439 1174 677 1230 Lutetiae
731 1173 1106 1227 Parisiorum.
1166 1172 1245 1225 Ex
1299 1172 1389 1242 off.
1447 1172 1830 1238 Plantiniana,
1884 1173 2029 1243 apud

371 1263 650 1318 Hadrian.
711 1263 925 1326 Perier,
984 1262 1079 1315 via
1132 1259 1382 1315 Jacobea.
1444 1261 1507 1325 Ο.
1561 1260 1826 1331 Septimii
1876 1260 2025 1318 Flor.

364 1349 714 1407 Tertulliani
768 1348 1196 1421 Apologeticus.
1255 1348 1592 1403 Desiderius
1641 1347 1925 1403 Heraldus
1957 1364 2027 1404 ex

364 1440 626 1511 anliquis
657 1437 822 1494 libris
850 1437 1201 1502 emendavit,
1240 1438 1660 1492 commentario
1708 1436 1856 1492 libro
1889 1437 2020 1492 illu-

362 1529 587 1594 stravit,
621 1533 677 1583 et
718 1528 867 1582 duos
897 1525 1331 1600 digressionum
1378 1526 1582 1592 libros,
1615 1526 1827 1597 quibus
1859 1528 2021 1597 ejus-

363 1619 493 1673 dem
524 1616 872 1673 Tertulliani
931 1621 989 1672 et
1047 1615 1295 1671 aliorum
1353 1615 1705 1687 scriptorum
1764 1616 2019 1687 plurima

357 1706 486 1763 loca
517 1723 635 1778 qua
664 1706 1071 1775 emendantur,
1096 1722 1212 1777 qua
1241 1703 1608 1776 explicantur
1628 1708 1683 1760 et
1714 1703 2016 1760 illustran-

358 1799 473 1860 tur,
505 1794 740 1866 adjecit.
775 1796 844 1850 Μ.
878 1794 1106 1849 Minucii
1134 1794 1331 1849 Felicis
1372 1794 1642 1850 Octavius.
1674 1793 2012 1851 Dcsiderius

2890 685 3047 740 1614.

2222 772 2457 827 Parisiis
2485 772 2640 843 apud
2695 776 2783 829 J0.
2842 775 3137 829 Libertum.
3189 775 3269 829 80.
3332 776 3397 840 Ο.
3445 778 3600 847 Sept.
3651 773 3805 831 Flor.

2148 861 2492 916 Tertulliani
2525 862 2671 917 liber
2701 864 2771 917 de
2820 862 3024 929 Pallio,
3058 880 3127 919 ex
3175 864 3429 919 editione
3459 871 3513 919 et
3545 881 3676 919 cum
3710 863 3803 919 in-

2148 952 2565 1021 terpretatione
2590 952 2859 1022 notisque
2889 952 3105 1008 criticis
3135 958 3191 1008 et
3213 952 3509 1009 historicis
3544 953 3805 1009 Theodori

2143 1038 2398 1094 Marcitii.
2434 1041 2549 1095 Cat.
2582 1041 2648 1096 de
2694 1040 2750 1095 la
2781 1042 2925 1096 Bibl.
2959 1042 3031 1096 du
3080 1045 3212 1113 Roy.
3248 1046 3291 1096 t.
3326 1042 3370 1107 Ι,
3404 1059 3457 1112 p.
3489 1043 3612 1096 364.
3648 1059 3706 1097 n.
3740 1043 3800 1101 b.

2148 1146 2204 1180 n.
2241 1128 2364 1182 462.
2402 1129 2550 1183 Ibid.
2614 1148 2671 1185 n.
2731 1131 2853 1185 565.
2918 1137 2975 1186 et
3032 1131 3147 1185 Cat.
3197 1131 3359 1186 d’une
3415 1131 3555 1186 Bibl.
3615 1134 3649 1185 ὰ
3684 1133 3799 1188 Uir.

2139 1217 2268 1271 776.
2302 1221 2363 1271 T.
2396 1218 2434 1270 Ι.
2472 1235 2528 1288 p.
2560 1218 2686 1283 557,
2739 1218 2823 1273 sic
2871 1235 3103 1289 quoque
3154 1219 3461 1274 laudatur:
3497 1218 3709 1290 Satyra-
3736 1218 3803 1275 de

2136 1306 2314 1375 pallio
2346 1322 2399 1361 c.
2441 1306 2919 1378 interpretatione
2965 1308 3232 1363 familiari
3266 1309 3385 1363 sive
3427 1306 3715 1379 glossaria
3743 1312 3801 1364 et

2139 1397 2541 1453 notationibus
2574 1398 2818 1469 reliquis
2851 1399 3114 1455 Theodori
3143 1400 3400 1455 Marcilii.

2880 1507 3036 1561 1616.

2208 1595 2309 1649 Eo.
2344 1594 3010 1651 PAIIELIANA-PARISIENSIS
3066 1595 3159 1650 VI.
3217 1627 3287 1637 —
3346 1598 3530 1652 Paris.
3592 1596 3632 1652 1.
3684 1600 3794 1652 Pa-

2133 1682 2608 1739 melianu-Paris.
2643 1684 2906 1756 repetita.
2936 1684 3102 1741 Sand.
3134 1686 3291 1742 Cave.

2870 1775 3028 1830 1617.

356 1860 645 1940 Heraldus
673 1885 789 1940 MS.
825 1884 965 1956 Reg.
1000 1900 1107 1956 ope
1136 1883 1469 1938 emendavit
1504 1889 1560 1938 et
1591 1887 1759 1938 notas
1791 1884 2017 1939 addidit
2049 1877 2095 1942 Β
2138 1950 2156 1956 _
2198 1860 2301 1956 βο·
2364 1861 2954 1956 Ρξλίειιίλκλῗίῖοιοὲἷε
3010 1864 3053 1918 Ῑ·
3114 1895 3205 1956 ’⁸⁸-
3254 1864 3497 1921 θθίοηίέε
3550 1865 3787 1956 Agripp-

353 1974 619 2046 (Minucii
652 1977 710 2027 Ρ.
745 1972 895 2027 libro
928 1972 1240 2044 peculiaris
1276 1976 1468 2027 tamen
1526 1971 1733 2027 titulus
1766 1972 2012 2045 praeﬁgi-

350 2068 470 2132 tur,
504 2079 681 2134 quem
714 2078 821 2118 suo
851 2060 977 2117 loco
1008 2060 1182 2131 vide).
1216 2061 1279 2115 In
1320 2060 1687 2116 emendando
1732 2060 1839 2115 hoc
1870 2062 2014 2117 Ter-

351 2151 586 2207 tulliani
622 2151 771 2208 libro
795 2167 939 2206 usus
969 2154 1059 2205 est
1084 2148 1372 2204 Heraldue
1399 2149 1630 2205 duobus
1652 2150 1819 2205 codd.
1855 2150 2013 2205 MSS.

350 2240 535 2296 altero
568 2240 812 2295 Puteani
845 2239 1029 2311 patris
1063 2255 1166 2309 per
1196 2237 1349 2293 ﬁlios
1378 2241 1575 2293 tamen
1607 2238 1718 2309 ipsi
1752 2256 2018 2294 commu-

351 2330 571 2393 nicato,
634 2328 815 2385 altero
869 2327 1072 2383 Jacobi
1132 2326 1457 2398 Bongareii.
1518 2327 1691 2383 Illum
1741 2328 1849 2384 etsi
1891 2329 2017 2399 jam

351 2418 494 2474 olim
529 2418 878 2473 adhibuerat
905 2417 1160 2472 Jacobus
1191 2416 1508 2483 Pamelius,
1541 2420 1737 2473 tamen
1770 2417 2019 2472 aliorum

352 2508 646 2562 librorum
681 2505 950 2578 praesidio
981 2506 1320 2571 destitutus,
1346 2522 1460 2560 non
1494 2505 1884 2577 spicilegium.
1919 2507 2019 2561 sed

354 2613 613 2651 messem
675 2596 961 2668 integram
1022 2593 1266 2650 Ueraldo
1328 2594 1639 2666 reliquisse
1692 2596 2015 2668 videbatur.

354 2689 571 2739 Praeter
601 2666 831 2739 codices
861 2683 1009 2739 istos
1042 2683 1314 2738 adhibuit
1344 2684 1520 2739 etiam
1554 2682 1772 2739 librum
1803 2666 2025 2755 Cujacii

355 2791 541 2829 manu
572 2776 863 2838 notatum,
895 2789 1071 2845 quem
1106 2772 1408 2844 Bongarsii
1448 2790 1587 2828 cura
1614 2779 1826 2829 nactus
1856 2780 1980 2829 erat
2007 2793 2021 2843 ;

354 2864 539 2926 unde,
574 2880 701 2934 quas
736 2880 804 2918 ex
853 2878 912 2917 re
942 2878 1073 2918 esse
1129 2862 1465 2917 viderentur
1493 2862 1731 2917 laudato
1765 2864 2024 2920 auctoris

350 2952 597 3008 nomine
621 2951 1009 3023 deprompsit.
1040 2973 1067 3001 «
1091 2950 1151 3005 In
1185 2951 1608 3007 Commentario
1631 2957 1851 3008 nostro.
1882 2975 1908 3001 »
1934 2953 2023 3008 in-

354 3041 511 3113 quit,
548 3064 573 3091 ‹‹
608 3040 717 3096 hoc
749 3044 1285 3111 temperamentum
1329 3040 1493 3111 sequi
1525 3042 1620 3095 47
1657 3042 2020 3110 studuimus,

347 3136 417 3184 ut
452 3146 646 3202 neque
678 3146 744 3184 ea
800 3146 929 3196 quas
976 3128 1345 3184 mediocriter
1391 3129 1638 3184 eruditis
1670 3130 1815 3185 satis
1867 3130 2025 3186 clara

2122 1949 2232 2019 fol.
2284 1952 2429 2021 apud
2487 1952 2781 2007 Antonium
2837 1954 3044 2008 Hierat.
3105 1954 3309 2009 eadem
3370 1969 3434 2009 ac
3484 1952 3778 2026 superior.

2124 2038 2290 2094 Sand.
2324 2041 2451 2094 Fab.
2490 2041 2645 2096 Cave.
2678 2043 2808 2097 Mus.
2843 2043 3011 2096 Britt.

2869 2131 3023 2186 1620.

2200 2240 2227 2266 ‹‹
2288 2217 2469 2274 Hann.
2542 2218 2827 2274 Ennium
2895 2219 3230 2291 Theosophia
3296 2220 3622 2291 priscorum
3682 2220 3789 2276 Pa-

2130 2309 2289 2361 trum
2325 2306 2662 2362 Tertulliani
2696 2312 2753 2363 et
2784 2308 3053 2381 Cypriani
3107 2308 3238 2363 fidei
3273 2310 3525 2381 antiquas
3577 2314 3634 2365 et
3663 2308 3793 2363 vitae

2133 2413 2262 2452 vere
2293 2395 2633 2452 Christianae
2687 2403 2845 2453 certa
2894 2403 2949 2453 et
2998 2398 3276 2454 salutaria
3333 2400 3570 2454 tradens
3619 2399 3799 2453 docu-

2138 2490 2356 2551 menta,
2391 2502 2421 2541 e
2466 2488 2871 2543 monumentis
2923 2504 3125 2543 eorum
3187 2489 3439 2561 propriis
3487 2488 3716 2544 reddita
3744 2490 3805 2543 et

2137 2576 2373 2631 recitata
2402 2577 2614 2633 verbis.
2644 2600 2665 2627 ι

2883 2668 3041 2721 1622.

2213 2777 2239 2803 ‹‹
2271 2754 2334 2809 In
2365 2754 2499 2810 libr.
2535 2756 2605 2811 de
2637 2756 3190 2827 Praescriptionibus
3210 2760 3377 2812 notas
3412 2757 3590 2813 edidit
3624 2756 3802 2814 Alba-

2138 2843 2380 2913 spineus
2422 2860 2682 2899 annexas
2732 2844 2920 2916 ipsius
2982 2844 3453 2900 Observationum
3514 2846 3800 2901 Ecclesia-

2137 2934 2337 2988 sticar.
2371 2931 2514 2987 libb.
2548 2932 2616 2988 II.
2653 2932 2861 2997 Paris.,
2898 2933 3053 2987 1672.
3089 2932 3434 3004 Helmstad.,
3468 2935 3624 2989 1672.
3661 2957 3688 2983 ››

2885 3040 3040 3094 1622.

2208 3131 2442 3185 Lutetia
2480 3131 2853 3197 Parisiorum,
2903 3133 3105 3201 sumpt.
3140 3129 3189 3184 b.
3244 3130 3389 3185 Hier.
3420 3129 3674 3195 Drouart,
3708 3128 3800 3186 via

352 3224 518 3289 sunt,
578 3219 950 3273 illustramus
980 3263 993 3285 ,
1054 3217 1111 3272 id
1188 3223 1317 3287 est,
1384 3217 1491 3272 soli
1567 3220 2018 3275 accenderemus
2050 3252 2092 3318 Ο
2137 3216 2235 3318 ιιβ
2266 3219 2547 3286 Jacobaea,
2579 3220 2680 3274 sub
2712 3228 2866 3274 scuto
2914 3220 3106 3274 solari.
3160 3218 3223 3282 Ο.
3284 3218 3443 3290 Sept.
3480 3217 3628 3273 Flor.
3659 3218 3799 3274 Ter-

350 3308 563 3375 facem,
598 3324 786 3379 neque
814 3324 881 3362 ea
911 3323 1042 3378 qua:
1094 3308 1383 3375 homines,
1416 3307 1675 3380 alioquin
1729 3310 2011 3381 eruditos,

352 3398 458 3453 sed
493 3396 625 3452 aliis
656 3396 920 3452 scientiis
950 3400 1287 3468 occupatos,
1320 3397 1534 3451 morari
1565 3398 1814 3468 possint,
1850 3414 2016 3469 pror-

354 3505 461 3543 sus
496 3486 849 3559 inexplicata
869 3486 1451 3541 omitteremus.Libri
1479 3486 1651 3541 istius
1680 3504 1747 3541 ea
1772 3488 2019 3542 mistura

351 3584 464 3643 est,
500 3582 567 3631 ut
600 3592 713 3630 non
749 3576 923 3630 modo
974 3575 1045 3629 ad
1096 3574 1462 3630 humanioris
1493 3576 1838 3631 eruditionis
1892 3581 2016 3632 etu-

352 3667 579 3734 diosos,
615 3666 717 3721 sed
751 3666 819 3720 ad
854 3664 1157 3737 theologos
1191 3665 1479 3735 praecipue
1501 3669 1559 3719 et
1582 3665 2019 3735 jureconsultos

355 3755 502 3808 adeo
536 3754 695 3824 ipsos
728 3754 855 3823 ejus
883 3752 1051 3808 lectio
1098 3752 1423 3824 pertineat:
1473 3759 1883 3825 argumentum
1916 3772 2019 3809 au-

352 3847 497 3907 tem,
526 3846 582 3895 et
611 3858 739 3911 quas
771 3842 828 3895 in
860 3858 925 3895 eo
950 3841 1348 3912 disputantur,
1374 3857 1443 3895 ea
1468 3847 1623 3909 sunt,
1658 3847 1720 3896 ut
1752 3844 2015 3898 omnium

352 3930 453 4002 qui
489 3948 523 3985 a
556 3930 753 3985 saeculi
787 3930 1073 3985 fermento
1104 3930 1217 3985 sibi
1250 3946 1453 3986 cavere
1493 3930 1717 4001 volunt,
1750 3932 2020 3987 manibus

353 4020 597 4075 libellus
630 4019 722 4073 hic
772 4021 992 4075 versari
1052 4020 1277 4075 debeat.
1316 4020 1441 4075 Haec
1498 4020 1681 4092 igitur
1737 4022 2018 4089 fecerunt,

349 4114 420 4165 ut
455 4108 744 4165 nonnulla
770 4126 898 4182 qua:
929 4110 1153 4181 absque
1199 4126 1377 4165 causa
1419 4108 1528 4164 hac
1588 4110 1795 4179 forent,
1856 4126 2018 4180 pror-

351 4216 460 4254 sus
493 4198 854 4264 omisissem,
889 4200 1241 4271 quandoque
1272 4198 1692 4269 attigerim,sed
1725 4198 2017 4271 attigerim

350 4292 615 4357 tantum,
648 4292 706 4343 et
736 4295 1019 4360 quantum
1053 4288 1125 4342 ad
1184 4286 1372 4342 lucem
1421 4288 1567 4343 satis
1619 4294 1792 4343 esset.
1823 4288 1928 4342 Sed
1962 4290 2019 4342 et

353 4378 497 4447 quia
532 4391 753 4431 morem
784 4376 965 4431 istum
998 4374 1308 4432 inolevisee
1339 4374 1628 4443 videmus,
1651 4381 1716 4430 ut
1745 4376 2017 4431 dictionis

353 4470 457 4520 aut
490 4464 642 4519 ritus
670 4465 919 4535 alicujus
949 4470 1007 4519 et
1041 4464 1219 4519 moris
1251 4463 1462 4520 veteris
1493 4464 1793 4520 occasione
1825 4464 2015 4520 homi-

356 4570 461 4608 nes
495 4551 674 4624 paulo
702 4552 937 4625 longius
977 4556 1283 4607 excurrant
1339 4551 1683 4624 saepissime,
1715 4557 1772 4607 et
1830 4553 2015 4607 multa

2134 3305 2365 3361 tulliani
2396 3306 2545 3362 liber
2579 3308 2649 3363 de
2683 3307 2875 3363 Pallio.
2916 3307 3183 3362 Claudius
3234 3306 3549 3362 Salmasius
3598 3322 3801 3362 recen-

2128 3395 2265 3462 suit,
2327 3396 2655 3468 explicavit,
2705 3397 2861 3452 notis
2925 3396 3257 3452 illustravit.
3319 3395 3598 3451 Natarum
3654 3394 3805 3450 liber

2127 3484 2295 3540 titul:
2332 3485 2608 3557 peculiari
2672 3487 2908 3557 gaudet.
2969 3488 3045 3540 Ac
3106 3486 3177 3541 de
3233 3484 3328 3539 his
3360 3484 3507 3541 satis
3560 3484 3801 3555 quidem

2130 3578 2396 3629 constat:
2432 3574 2489 3629 id
2524 3575 2695 3629 modo
2728 3580 2931 3630 notare
2956 3575 3144 3645 juvat,
3179 3579 3386 3646 praeter
3416 3578 3639 3629 veteres
3668 3572 3798 3629 edi-

2132 3663 2317 3718 tiones
2374 3664 2501 3718 cod.
2562 3681 2739 3719 manu
2799 3668 3101 3719 exaratum
3164 3664 3311 3718 satis
3386 3668 3685 3718 vetustum
3740 3664 3798 3717 et

2131 3752 2364 3822 optimae
2399 3758 2545 3807 notae
2578 3753 2903 3825 inspexisse
2950 3752 3308 3808 Salmasium
3363 3755 3609 3824 ejusque
3657 3750 3797 3806 scri-

2131 3846 2360 3913 pturam
2397 3842 2548 3912 (quae
2608 3858 2740 3896 cum
2792 3841 2983 3912 prima
3037 3846 3094 3896 et
3145 3842 3405 3896 secunda
3436 3838 3703 3896 Rhenani
3733 3839 3795 3893 in

2130 3928 2407 3984 omnibus
2440 3930 2555 3985 fere
2586 3930 2962 3989 consentiret)
3015 3929 3231 4002 ubique
3280 3929 3529 3984 fideliter
3559 3944 3795 3999 expres-

2130 4035 2253 4072 sam
2309 4018 2665 4074 exhibuisse.
2743 4018 3041 4074 Dedicavit
3119 4018 3336 4073 librum
3397 4019 3582 4073 editor
3639 4016 3797 4072 Patri

2128 4106 2386 4178 Benigno
2435 4106 2718 4163 Salmasio
2753 4110 2810 4162 in
2861 4124 2993 4179 sup.
3058 4107 3394 4162 Divionenei
3445 4108 3607 4161 curia
3638 4104 3797 4176 regio

2129 4195 2487 4252 consiliario.
2512 4198 2723 4252 Contra
2753 4196 2903 4251 hanc
2937 4195 3208 4251 Salmasii
3236 4196 3558 4251 editionem
3594 4194 3798 4248 eodem

2127 4302 2180 4339 a.
2245 4284 2515 4339 Rhedonis
2571 4303 2661 4357 ap.
2748 4287 2959 4341 Ivoncm
3032 4284 3317 4339 Hatecium
3390 4280 3799 4355 typographum

2126 4369 2501 4437 iuramentum
2562 4374 2783 4445 prodiit
2838 4376 3070 4428 Aarorm
3138 4378 3436 4428 Kanaoern
3496 4371 3800 4427 Aremorici

2124 4461 2384 4535 (Dionys.
2422 4463 2651 4518 Petavii
2707 4478 2775 4517 ex
2827 4463 2884 4517 S.
2939 4462 3005 4533 Ι.)
3065 4461 3608 4517 animadversorum
3646 4459 3797 4515 liber

2126 4552 2197 4605 ad
2257 4550 2485 4607 Claudii
2545 4551 2817 4607 Salmasii
2878 4557 3048 4607 notas
3110 4551 3166 4606 in
3224 4550 3651 4606 Tertullianum
3719 4550 3792 4605 de

351 4617 767 4713 tractent,que:
799 4617 870 4697 ad
931 4642 1295 4713 scriptorem,
1331 4617 1504 4713 quem
1566 4617 1680 4713 prai
1740 4642 2011 4697 manibus
2046 4617 2325 4696 l)Pallio.
2378 4640 2479 4697 Cui
2537 4640 2807 4712 opposita
2866 4639 3187 4695 confutatio
3246 4638 3788 4695 animadversorum

351 4731 577 4786 habent
606 4731 1049 4797 illustrandum,
1095 4731 1309 4786 faciant
1339 4730 1511 4802 plane
1560 4730 1704 4786 nihil
1733 4750 1747 4800 ;
1781 4736 1840 4787 et
1869 4748 2010 4787 con-

350 4819 653 4875 suetudini
688 4821 831 4876 satis
884 4820 1230 4883 faceremus,
1280 4824 1337 4875 et
1392 4820 1761 4876 incommoda
1793 4825 2013 4890 tamen,

353 4926 481 4980 quas
513 4910 654 4964 inde
687 4915 1038 4983 sequuntur,
1072 4909 1481 4979 eﬂ‘ugeremus,
1534 4908 1753 4979 placuit
1788 4926 1855 4966 ea
1885 4927 2012 4982 qua:

353 5002 524 5053 erant
562 5002 765 5069 praeter
790 4997 852 5050 τὸ
883 4994 1041 5071 ἔργον
1072 4997 1129 5051 in
1163 4995 1309 5051 alios
1341 4995 1521 5051 libros
1552 4998 1790 5066 rejicere
1816 5016 1829 5065 ;
1879 5000 2013 5070 qui-

356 5087 471 5141 bus
528 5088 661 5142 ideo
713 5088 1149 5156 Disgressionum
1206 5101 1417 5141 nomen
1476 5086 1769 5143 dedimus.
1828 5090 2016 5159 Atque

358 5193 557 5230 eorum
606 5175 816 5246 priore,
868 5193 994 5247 qua:
1046 5178 1116 5231 ad
1165 5175 1573 5232 humaniorem
1627 5176 2016 5232 litteraturam

361 5264 757 5336 pertinebant,
817 5264 1101 5335 complexi
1135 5281 1379 5331 sumus;
1414 5265 1752 5337 posteriore,
1788 5282 1914 5336 qua)
1947 5267 2016 5321 ad

357 5355 583 5408 rituum
642 5352 1169 5407 ecclesiasticorum
1227 5352 1702 5408 illustrationcm.
1761 5354 2019 5426 Epistola

358 5441 724 5499 dedicatoria
753 5443 822 5497 ad
856 5442 981 5496 Nic.
1016 5442 1384 5508 Brulardum,
1436 5442 1690 5496 Francize
1723 5442 2016 5499 Cancella-

359 5532 789 5602 rium,propter
816 5534 1145 5603 temporum
1168 5530 1415 5585 istorum
1439 5545 1611 5585 casus
1641 5530 1792 5586 lectu
1815 5531 2013 5604 digna.

358 5620 508 5676 Data
538 5625 630 5675 cst
664 5620 896 5677 Lutetia:
953 5620 1137 5677 Paris.
1169 5635 1221 5675 a.
1253 5619 1308 5675 d.
1342 5616 1466 5673 Kal.
1528 5620 1821 5677 Decembr.
1856 5623 2014 5677 1613.

360 5710 556 5782 Hujus
584 5710 722 5767 libri
752 5710 1041 5785 exemplo,
1092 5709 1246 5782 quod
1292 5706 1439 5764 Bibl.
1473 5710 1649 5783 Regio
1694 5712 1793 5766 Ac.
1826 5711 2019 5783 possi-

2120 4730 2349 4786 Antonii
2378 4729 2662 4786 Kerkoetii
2691 4731 2763 4785 ad
2795 4728 3016 4785 Claudii
3052 4728 3325 4785 Salmasii
3357 4733 3527 4784 notas
3559 4730 3616 4783 in
3647 4729 3785 4783 Ter-

2126 4818 2435 4874 tullianum
2469 4820 2539 4874 de
2590 4819 2794 4885 Pallio,
2846 4824 3079 4875 auctore
3143 4820 3430 4875 Francisco
3487 4821 3697 4875 Franco
3728 4820 3783 4875 J.

2124 4911 2180 4963 C.
2213 4907 2601 4981 Middelburgi
2632 4910 2791 4973 1623,
2823 4912 2879 4963 et
2919 4925 3052 4963 cum
3108 4925 3242 4964 mox
3291 4908 3500 4963 iterum
3537 4908 3786 4981 prodiis-

2126 5001 2214 5052 set
2260 5016 2271 5052 :
2332 4999 2558 5054 Antonii
2613 4997 2886 5053 Kerkoetii
2942 4998 3249 5052 Aremorici
3313 4998 3787 5070 Mastigophorus

2126 5088 2443 5153 secundus,
2477 5087 2596 5142 sive
2626 5086 2861 5141 Elenchi
2910 5086 3349 5155 confutationis,
3390 5104 3565 5158 quam
3618 5087 3787 5143 Clau-

2126 5176 2259 5232 dius
2291 5176 2613 5232 Salmasius
2646 5177 2755 5232 sub
2788 5176 3067 5231 ementilo
3093 5176 3328 5231 nomine
3353 5176 3792 5233 Animadversis

2126 5265 2530 5321 Kerkoetianis
2552 5264 2849 5338 opposuit,
2876 5265 3015 5319 Pars
3038 5267 3319 5335 secunda,
3344 5266 3606 5335 Parisiis,
3634 5269 3788 5335 1623,

2128 5371 2477 5426 responsum
2510 5360 2600 5411 est
2653 5356 2854 5410 eodem
2916 5370 3089 5424 anno,
3153 5354 3412 5423 Parisiis,
3447 5357 3790 5426 Re/utatione

2127 5446 2411 5516 utriusque
2440 5445 2665 5499 Elenchi
2706 5448 2870 5500 Cerco
2922 5446 3236 5512 Petaviavi,
3287 5454 3509 5500 auctore
3554 5448 3785 5500 Franci-

2126 5547 2211 5585 sco
2260 5535 2464 5587 France
2494 5534 2546 5589 J.
2581 5534 2638 5589 C.
2674 5538 2729 5588 et
2758 5538 2960 5588 contra
3018 5534 3208 5588 denuo
3266 5535 3557 5589 emissus:
3593 5534 3781 5587 Μαδιί-

2127 5620 2394 5693 gophorus
2423 5626 2617 5678 tertius
2640 5626 2682 5695 Γ.
2722 5624 2947 5679 Elenchi
2974 5624 3368 5693 con/utatiom's
3417 5621 3777 5675 Salmasium:

2128 5713 2268 5767 Par:
2292 5711 2386 5778 III,
2402 5712 2500 5769 ibi.
2516 5714 2689 5769 cod.a.
2710 5712 2785 5767 Ad
2807 5710 3233 5767 Tertullianum
3258 5727 3326 5765 ex
3350 5710 3476 5765 hac.
3494 5707 3777 5764 convicio-
