4148 6188
389 402 458 461 δι
1346 360 1349 361 ί
1876 407 2317 475 ΡΗιἘρΑΤιο.
3728 410 3807 468 52

388 524 520 588 rum
570 534 909 588 mutuorum
968 532 1215 589 colluvie
1271 550 1481 608 parum
1540 536 1767 593 fruetus
1824 539 2038 595 redun-
2070 544 2123 609 Α
2156 541 2321 599 alteri
2381 548 2731 616 traderetur,
2789 548 2933 618 quot
3003 544 3464 607 commutarent,
3525 531 3807 593 delerent’

387 622 424 677 d
435 621 570 677 avit.

1056 713 1379 769 1624-1630.

458 820 486 849 «
520 800 719 854 Eorrm
758 799 834 854 LA
872 804 1080 856 Canna-3
1120 818 1492 858 IMPERFEC’I‘A.
1551 803 1615 866 Ο.
1676 807 1831 875 Sept.
1892 806 2040 861 Flor.

384 889 731 945 Tertulliani
790 891 985 961 presb.
1045 892 1319 963 Carthag.
1391 908 1597 962 opera,
1658 896 2043 966 argumentis,

386 977 898 1050 explicationibus,
933 985 990 1035 et
1021 980 1173 1035 notis
1205 982 1515 1049 illustrata,
1553 987 1786 1039 auctore
1816 985 1863 1039 J.
1899 985 2042 1040 LUD.

386 1084 458 1123 DE
486 1086 550 1123 LA
582 1071 774 1123 Canna
804 1071 931 1124 Soc.
963 1071 1153 1133 Iasus,
1178 1087 1312 1125 cum
1347 1071 1535 1127 indice
1557 1071 2049 1143 locupletissimo,

388 1157 646 1227 Parisiis,
681 1158 1015 1229 sumptibus
1047 1160 1221 1215 Mich.
1253 1159 1468 1228 Sonnii,
1499 1162 1590 1216 via
1615 1161 1905 1228 Jacobaea,
1940 1162 2049 1218 sub

389 1251 555 1301 scuto
615 1245 949 1317 basileensi,
986 1252 1128 1303 tom.
1190 1248 1233 1316 Ι,
1284 1266 1458 1304 anno.
1521 1250 1695 1318 1624;
1728 1254 1769 1305 t.
1804 1250 1872 1319 ΙΙ,
1908 1268 2050 1306 ann.

390 1335 547 1390 1630.
580 1334 839 1399 Quorum
874 1337 1035 1408 prior
1062 1336 1245 1393 libros
1293 1338 1586 1394 sexdecim
1620 1338 2051 1410 complectitur,

390 1443 456 1483 eo
488 1428 710 1483 scilicet
741 1427 965 1495 ordine,
999 1428 1064 1484 de
1110 1430 1292 1485 Pallio
1321 1428 1424 1485 lib.
1464 1432 1482 1485 Ι
1510 1448 1522 1497 ;
1584 1431 1910 1501 Apologctic.
1946 1429 2051 1495 lib,

392 1532 434 1571 ιι
469 1533 481 1582 ;
514 1518 580 1571 de
635 1517 961 1573 Testimonio
1018 1519 1257 1583 Animae,
1316 1519 1418 1574 lib.
1452 1536 1553 1587 In;
1605 1520 1683 1574 Ad
1740 1520 2053 1599 Scapulam,

391 1604 495 1659 lib.
529 1622 621 1672 1v;
651 1605 714 1661 de
772 1608 1070 1662 Pamitent.
1132 1607 1233 1662 lib.
1284 1625 1360 1675 v;
1394 1608 1459 1663 de
1512 1609 1661 1665 Orat.
1700 1608 1801 1664 lib.
1862 1626 1954 1676 vr;
1988 1609 2059 1663 ad

393 1702 668 1764 martyras
700 1694 801 1750 lib.
835 1711 913 1749 v11
941 1713 954 1763 ;
988 1696 1055 1751 de
1101 1697 1351 1754 Patient.
1406 1698 1508 1752 lib.
1539 1716 1682 1766 VIII;
1741 1698 1807 1753 de
1832 1702 2058 1769 Specta‘

392 1785 555 1849 culis,
592 1783 693 1838 lib.
729 1800 821 1850 Ix;
856 1784 922 1839 de
955 1785 1294 1852 Idololatria,
1349 1786 1453 1843 lib.
1488 1805 1562 1855 x;
1596 1788 1662 1843 de
1712 1789 1908 1844 habitu
1936 1806 2059 1843 mu-

2156 634 2562 704 transt‘errent,
2594 651 2725 691 cum
2749 635 2807 689 in
2842 650 2958 689 uno
2981 629 3340 688 Tertulliano
3370 628 3454 684 ita
3485 627 3604 683 sint
3634 626 3804 681 variae

2156 722 2308 777 circa
2356 723 2611 780 litteram
2665 723 2965 779 lectiones.
2999 752 3067 761 -—
3102 721 3251 774 Raro
3308 717 3366 772 in
3412 715 3681 772 biblioth.
3715 731 3809 770 re—

2155 809 2493 868 fertissimis
2574 816 2891 869 occurrunt
2966 811 3081 865 duo
3157 807 3255 863 isti
3318 806 3577 862 Lacerdaa
3635 803 3807 869 tomi,

2158 899 2348 955 rarius
2407 902 2665 957 secundo
2722 901 2947 972 primus
3018 897 3294 953 sociatur.
3366 894 3531 950 Unde
3592 891 3809 947 multas

2156 987 2395 1045 ineunte
2428 990 2796 1045 admiserunt
2829 987 3068 1043 mendas
3100 986 3479 1040 fabricatores
3510 980 3801 1051 catalogo-

2159 1093 2289 1131 rum
2324 1078 2741 1145 biblioth.,imo
2764 1083 2821 1133 et
2844 1075 3159 1149 patristicae
3184 1070 3573 1143 bibliograph.
3611 1074 3811 1124 aucto-

2161 1180 2253 1220 res
2286 1168 2652 1238 peritissimi.
2686 1167 2775 1222 Sic
2807 1166 2963 1222 enim
2996 1165 3055 1219 in
3106 1167 3214 1218 cat.
3268 1159 3541 1216 biblioth.
3600 1158 3811 1213 Barbe-

2162 1254 2300 1309 1‘le
2334 1261 2374 1311 t.
2412 1258 2429 1311 Ι
2463 1262 2520 1312 et
2552 1257 2621 1312 ΙΙ.
2653 1257 2723 1311 ad
2777 1273 2915 1311 ann.
2953 1254 3087 1308 1624
3146 1252 3498 1306 referuntur.
3540 1248 3632 1302 Sic
3664 1246 3813 1302 falso

2163 1351 2436 1399 asserunt
2468 1345 2739 1408 Oudinus,
2787 1359 3001 1398 comm.
3056 1342 3124 1397 de
3156 1340 3369 1411 Script.
3421 1336 3568 1393 Eccl.
3605 1341 3647 1392 t.
3682 1341 3725 1404 Ι,
3759 1352 3815 1406 p.

2163 1433 2307 1498 218;
2340 1434 2582 1488 Tertull.
2615 1451 2791 1505 opera
2841 1433 3055 1501 omnia,
3115 1435 3171 1486 et
3213 1429 3499 1484 Fabricius
3530 1428 3590 1481 in
3636 1425 3815 1480 Delin.

2166 1538 2271 1577 scr.
2305 1522 2371 1577 de
2407 1540 2536 1578 vera
2566 1524 2739 1591 Relig.
2778 1521 2982 1576 Christ.
3017 1538 3075 1591 p.
3124 1520 3251 1588 213,
3296 1518 3562 1588 pleraque
3590 1514 3820 1569 duobus

2167 1610 2569 1668 voluminibus
2602 1629 2654 1667 a.
2690 1612 2826 1665 1624
2857 1615 2912 1666 et
2949 1610 3192 1665 totidem
3242 1607 3447 1661 iterata
3477 1605 3570 1658 via
3595 1621 3647 1658 a.
3681 1603 3819 1657 1630

2172 1700 2478 1771 prodiisse.
2512 1701 2592 1757 De
2651 1701 2854 1757 Oudtni
2910 1713 3103 1754 errore
3142 1698 3269 1768 jam
3328 1693 3637 1750 admonuit
3666 1692 3817 1760 litig.

2172 1789 2321 1844 Hist.
2349 1789 2555 1845 eccles.
2591 1808 2632 1844 ιι
2681 1788 2876 1845 sescul.
2909 1804 2967 1859 p.
3016 1787 3087 1840 69
3132 1790 3190 1841 et
3237 1785 3309 1839 de
3337 1799 3533 1838 errore
3580 1778 3822 1836 Fabricii

397 1871 581 1939 liebri,
640 1871 743 1927 lib.
801 1890 899 1940 x1;
958 1874 1023 1929 de
1084 1876 1257 1931 Cultu
1311 1878 1599 1948 feminar.,
1661 1876 1762 1932 lib.
1822 1896 1942 1946 xu;
1988 1877 2065 1934 ad
2099 1910 2146 1975 B
2176 1878 2574 1935 Schonemann.
2622 1876 2769 1933 Bibl.
2803 1880 2959 1931 Patr.
2992 1875 3163 1929 latin.
3204 1877 3247 1927 t.
3307 1872 3515 1975 .I,.pag.
3670 1868 3825 1969 ».Si-c

406 1962 665 2029 Uxorem,
718 1960 820 2016 lib.
879 1978 983 2017 x111
1035 1968 1092 2017 et
1149 1981 1287 2032 xxv;
1336 1965 1402 2020 de
1460 1965 1653 2022 Coron.
1712 1968 1932 2032 militis,
1965 1967 2068 2023 lib-

416 2068 526 2117 xv;
558 2050 622 2107 de
654 2050 877 2107 Veland.
919 2052 1155 2121 Virgin.,
1213 2052 1315 2110 lib.
1364 2071 1478 2109 xvx.
1513 2055 1670 2113 Nihil
1727 2057 1798 2112 de
1828 2057 2070 2111 editoris

402 2155 601 2210 opera,
630 2156 734 2194 nec
770 2142 840 2195 de
875 2140 1239 2198 Tertulliano
1272 2144 1545 2214 praevium
1597 2147 1888 2213 occurrit;
1920 2163 2071 2218 prae-

404 2228 660 2284 mittitur
714 2233 941 2284 tantum
1024 2231 1274 2302 epistola
1354 2234 1781 2306 nuncupatoria
1837 2234 2066 2291 Clariss-

406 2315 576 2371 Heroi
608 2318 670 2372 D.
728 2318 836 2374 Ant
888 2318 953 2374 de
1012 2320 1067 2375 la
1130 2320 1331 2387 Cerda,
1392 2324 1725 2391 Atanconis,
1780 2325 1934 2392 Poci,
1978 2324 2072 2380 01"

409 2406 708 2461 millorum
740 2407 1057 2479 toparehse,
1091 2409 1270 2464 Piozii
1321 2411 1565 2483 ejusque
1610 2413 1759 2468 arcis
1791 2414 2066 2485 despotaa,

413 2495 715 2550 Maecenati
747 2513 812 2551 ac
838 2496 1001 2552 fratri
1029 2514 1136 2553 suo
1162 2499 1594 2556 amantissimo.
1618 2502 1666 2563 Ιο
1696 2506 1855 2558 tomo
1887 2502 2069 2558 altera

416 2584 739 2656 praefigitur
794 2586 1083 2642 dedicatio
1140 2589 1363 2644 Excell.
1423 2590 1661 2661 Dynast.
1721 2592 1951 2663 Gaspari
2003 2591 2069 2647 de

420 2673 690 2741 Cuzman,
737 2675 941 2729 Comiti
1001 2677 1072 2731 de
1129 2675 1407 2743 Olivares,
1467 2684 1631 2747 etc.;
1691 2698 1815 2752 quas
1860 2680 2065 2736 litteras

416 2762 589 2817 unice
620 2762 678 2817 in
710 2762 989 2820 laudibus
1038 2769 1417 2835 patronorum
1465 2767 1546 2822 ita
1589 2775 1971 2841 occupantur,
2004 2776 2069 2826 ut

412 2851 507 2906 vix
537 2850 718 2907 semel
750 2851 1093 2908 Tertulliani
1125 2870 1335 2911 nomen
1367 2855 1424 2910 in
1456 2856 1529 2911 iis
1579 2857 1969 2929 appellantur.
2001 2861 2066 2915 In

412 2944 465 2994 1°
495 2944 640 2995 tom.
675 2942 937 3012 quinque
969 2941 1102 2997 libri
1134 2959 1299 3016 seqq.
1351 2945 1759 3003 continentus:
1801 2954 1878 3004 De
1915 2955 2067 3006 Prw-

410 3030 808 3100 scriptionibus
837 3030 1095 3088 adversus
1126 3034 1410 3090 hwreticos
1454 3034 1558 3090 lib.
1593 3054 1651 3102 1,-
1688 3043 1761 3092 De
1791 3039 2066 3110 Baptismo

410 3119 668 3175 adversus
699 3120 1027 3188 Quiniillam
1084 3120 1186 3177 lib.
1223 3139 1301 3188 n;
1333 3124 1407 3179 De
1462 3126 1660 3180 Anima
1709 3124 1809 3181 lib.
1862 3144 1920 3181 ιιι
1950 3146 1962 3195 ;
1999 3130 2068 3184 De

414 3210 594 3264 Carne
625 3208 831 3266 Christi
860 3209 1124 3265 adversus
1172 3212 1402 3267 hau-eses
1444 3222 1679 3282 quatuor
1719 3214 1819 3269 lib.
1853 3232 1947 3283 1v;
1987 3222 2069 3272 De

416 3298 830 3353 Resurrectione
906 3299 1100 3352 Carnis

414 3385 551 3441 libri
582 3385 1009 3456 desiderantur,
1053 3385 1492 3460 dolendumque
1532 3396 1621 3446 est
1670 3392 2069 3465 imperfectam

418 3474 775 3530 remansisse
806 3474 957 3529 hanc
1004 3476 1320 3533 editionem
1370 3481 1469 3535 49
1500 3480 1701 3552 iniquo
1760 3483 2072 3553 supercilio

421 3562 769 3635 plerumque
800 3563 1155 3635 despectum.
1184 3566 1244 3621 In
1271 3570 1517 3639 utroque
1536 3573 1677 3625 tom.
1703 3570 1857 3626 edito
1882 3575 2072 3628 textus

418 3652 711 3722 capitibus
746 3668 777 3706 a
809 3653 1065 3709 Pamelia
1110 3655 1361 3712 editione
1410 3659 1684 3730 acceptis,
1735 3677 1838 3715 nec
1871 3679 1984 3716 non
2018 3665 2075 3718 et

421 3741 880 3812 quamplurimis
951 3744 1311 3800 sectionibus
1387 3747 1790 3819 distinguitur.
1851 3750 2074 3822 Cuique

418 3829 568 3884 libro
600 3830 975 3901 praemittitur
1025 3832 1191 3887 breve
1244 3842 1657 3904 argumentum
1708 3838 1885 3894 nimis
1924 3840 2076 3910 jeju-

418 3935 601 3985 num;
658 3918 913 3989 singulis
968 3936 1102 3976 vero
1159 3920 1448 3993 capitibus
1510 3925 1736 3994 titulus,
1770 3928 2075 3983 summarii

419 4007 627 4074 instar,
684 4005 1085 4079 locupletior:
1146 4010 1399 4082 singulis
1460 4018 1655 4069 autem
1714 4016 2076 4073 sectionibus

418 4094 731 4166 subjicitur
785 4096 1088 4168 explicatio
1121 4098 1179 4153 in
1240 4117 1357 4171 qua
1386 4105 1577 4157 textus
1620 4108 2073 4181 παραφραστικῶς

419 4183 726 4255 evolvitur,
760 4186 1164 4260 completoque
1196 4190 1381 4260 capite
1412 4191 1667 4246 subeunt
1694 4192 2078 4265 amplissimae

419 4278 591 4341 notae,
626 4289 692 4329 eo
727 4274 1027 4331 uberiores
1080 4292 1196 4348 quo
1254 4279 1508 4349 amplius
1557 4282 1766 4336 crescit
1816 4300 1984 4354 opus,
2016 4283 2077 4338 in

420 4363 731 4418 verborum
761 4368 817 4419 et
846 4364 1127 4421 orationis
1170 4366 1562 4424 illustratione
1615 4370 1898 4441 plurimae.
1935 4389 2077 4443 pau-

424 4451 610 4507 ciores
640 4450 700 4506 in
732 4468 927 4510 rerum
960 4470 1025 4510 ac
1057 4455 1397 4527 dogmatum
1432 4457 1893 4530 indagatione,in
1925 4469 2081 4516 utro-

426 4556 538 4611 que
583 4557 901 4612 parumper
948 4542 1205 4615 prolixae,
1258 4545 1598 4615 neutiquam
1655 4564 1785 4604 vero
1840 4550 2079 4605 omnino

1168 3299 1268 3354 lib.
1324 3317 1376 3355 v.
1450 3278 1651 3357 caeteri
1725 3278 2139 3360 Tertullianic

2182 1968 2421 2023 doctiss.
2468 1967 2937 2035 Schoenemann,
2988 1979 3253 2019 errorum
3305 1958 3639 2016 istiusmodi
3689 1957 3826 2029 rigi-

2180 2057 2291 2111 dus
2323 2062 2573 2125 exactor,
2607 2055 2822 2111 erravit
2862 2060 2920 2110 et
2970 2053 3095 2125 ipse
3123 2052 3179 2107 in
3217 2049 3602 2106 describendo
3651 2063 3827 2119 quem

2180 2161 2295 2200 non
2349 2143 2571 2199 viderat
2602 2149 2741 2199 tom.
2804 2145 2843 2210 l,
2906 2144 2962 2198 in
3016 2158 3131 2212 quo
3181 2139 3307 2195 XIII
3364 2138 3549 2194 libros
3595 2141 3826 2192 tantum

2180 2234 2486 2301 contineri,
2515 2234 2674 2289 haud
2707 2234 2788 2288 ita
2823 2232 3029 2287 firmus
3058 2229 3291 2285 asserit.

2922 2321 3080 2374 1635.

2250 2412 2444 2467 EDITIO
2476 2428 2744 2466 pamcars
2776 2409 2975 2465 libror.
3010 2409 3079 2462 ad
3116 2406 3410 2463 Nationes.

2249 2500 2493 2567 Genevze,
2526 2518 2616 2570 ap.
2644 2501 2796 2555 Petr.
2835 2507 2886 2553 et
2912 2500 3033 2553 Jac.
3069 2496 3293 2559 Chauci,
3344 2494 3507 2548 ιιι-4ο.
3560 2493 3623 2557 Q.
3659 2492 3821 2562 Sept.

2177 2589 2329 2647 Flor.
2361 2588 2701 2644 Tertulliani
2734 2587 2865 2641 libri
2916 2588 3032 2641 duo
3063 2586 3133 2641 ad
3193 2583 3490 2648 Nationes,
3521 2581 3591 2636 ad
3623 2596 3817 2635 exem-

2176 2688 2305 2759 plar
2336 2687 2640 2758 Agobardi,
2676 2684 3088 2758 Lugdunensis
3136 2681 3419 2754 episcOpi,
3472 2695 3605 2734 cum
3637 2678 3815 2745 notis,

2173 2777 2371 2832 labore
2419 2782 2475 2831 et
2528 2776 2722 2831 studio
2777 2777 2971 2832 Jacobi
3029 2771 3358 2843 Gothofredi.
3417 2801 3481 2811 —
3520 2774 3649 2840 ipsa
3697 2768 3819 2822 haec

2174 2866 2352 2921 editio
2383 2866 2455 2920 ad
2489 2882 2699 2919 manus
2731 2881 2843 2919 non
2876 2863 3071 2920 est.De
3101 2861 3260 2917 cord.
3285 2860 3384 2930 qui
3414 2856 3697 2929 Agobardi
3724 2855 3815 2909 di-

2174 2956 2347 3024 citur,
2381 2954 2795 3025 antiquissimo
2827 2969 2967 3007 sane
3013 2958 3067 3007 et
3105 2951 3315 3005 horum
3370 2946 3651 3002 librorum
3688 2943 3820 3015 qui-

2177 3046 2307 3100 dem
2344 3044 2495 3098 haud
2529 3043 2705 3098 dubie
2734 3042 2928 3107 unico,
2960 3056 3132 3111 quem
3177 3036 3310 3092 fidei
3341 3036 3434 3091 sui
3482 3032 3826 3105 diligentiae-

2177 3149 2289 3205 que
2319 3136 2524 3188 testem
2560 3132 2748 3203 Regia:
2794 3128 2940 3185 Bibl.
2976 3126 3291 3183 Parisiensi
3342 3130 3543 3198 postea
3586 3120 3830 3177 donavit

2178 3222 2385 3285 editor,
2437 3220 2725 3292 Rigaltius
2777 3220 2836 3273 in
2890 3217 3155 3289 proxima
3199 3212 3546 3271 Tertulliani
3575 3212 3827 3267 editione

2182 3310 2407 3378 scribit,
2444 3310 2685 3381 paginas
2717 3306 3051 3377 complures
3082 3307 3223 3361 adeo
3265 3304 3411 3359 {cede
3451 3302 3630 3357 fuisse
3660 3306 3827 3356 vetu-

2180 3399 2354 3455 statis
2383 3397 2621 3468 injuria,
2654 3414 2753 3453 seu
2789 3397 2984 3469 potius
3031 3396 3414 3450 barbarorum
3446 3391 3673 3447 incuria
3700 3405 3826 3445 cor-

2182 3505 2345 3543 rosas
2378 3492 2821 3560 corruptaeque,
2854 3491 2920 3540 ut
2951 3486 3170 3540 lacuna:
3215 3497 3614 3555 saepenumero
3646 3478 3825 3535 etiam

2180 3576 2239 3631 in
2273 3594 2380 3632 sua
2409 3576 2662 3631 editione
2708 3577 3037 3643 occurrant,
3070 3574 3140 3628 de
3189 3572 3405 3643 quibus
3437 3570 3564 3625 sine
3608 3566 3827 3624 codicis

2180 3663 2517 3737 integrioris
2546 3679 2654 3734 ope
2704 3660 3008 3733 explendis
3060 3675 3298 3730 prorsus
3348 3658 3638 3728 desperat.
3692 3653 3831 3707 Sunt

2183 3756 2385 3819 autem,
2436 3751 2644 3823 pergit,
2675 3758 2731 3807 et
2779 3754 2978 3821 praeter
3025 3748 3277 3812 lacuuas,
3327 3746 3443 3801 alia
3488 3758 3614 3815 quae
3656 3742 3828 3813 ipsius

2182 3842 2492 3914 antiquarii
2520 3855 2715 3894 manus
2745 3838 2897 3901 haud
2942 3853 3071 3892 raro
3116 3836 3379 3907 peccavit,
3421 3849 3656 3905 quorum
3685 3838 3831 3885 certe

2181 3930 2454 3987 nonnulla
2508 3929 2840 3999 coniecturis
2899 3927 3103 3983 nostris
3176 3924 3458 3980 emendari
3511 3921 3826 3978 videantur.

2181 4020 2286 4077 Sed
2316 4022 2388 4074 iis
2416 4023 2599 4074 tamen
2626 4018 2830 4088 absque
2859 4018 3057 4071 veteris
3085 4016 3372 4085 scripturae
3408 4012 3656 4084 vestigiis
3686 4008 3832 4063 male

2182 4106 2337 4163 credi
2362 4122 2474 4161 non
2528 4105 2852 4175 difﬁtemur,
2903 4119 3075 4174 neque
3135 4102 3196 4157 id
3236 4102 3393 4157 nobis
3448 4099 3829 4171 permisimus,

2185 4197 2287 4253 50
2316 4196 2431 4250 nisi
2462 4195 2592 4249 locis
2619 4193 2914 4249 admodum
2958 4192 3171 4263 paucis,
3204 4206 3490 4260 nunquam
3535 4200 3833 4258 suppressa

2187 4285 2320 4340 libri
2363 4286 2565 4340 veteris
2607 4285 2904 4354 scriptura.
2962 4281 3187 4336 Dicitur
3233 4293 3659 4349 nonnunquam
3710 4274 3832 4329 haec

2187 4373 2366 4429 editio
2399 4390 2451 4427 a.
2487 4372 2624 4426 1624
2656 4371 2842 4438 facta;
2891 4370 3046 4425 unde
3106 4368 3411 4439 utriusque
3464 4366 3599 4421 anni
3632 4367 3831 4419 notam

2188 4460 2433 4516 diversis
2454 4459 2888 4532 exemplaribus
2920 4455 3265 4529 inscriptam
3287 4472 3416 4511 esse
3438 4453 3831 4526 suspicamur.

2188 4550 2394 4605 Utrum
2428 4565 2560 4604 vero
2591 4553 2647 4604 et
2677 4548 2971 4620 quomodo
2994 4548 3065 4602 ab
3098 4547 3207 4601 hac
3239 4542 3559 4600 Genevensi
3581 4541 3834 4597 editione

426 4628 758 4699 superﬂuae.
792 4630 873 4684 Ad
905 4631 1123 4687 calcem
1155 4637 1297 4688 tom.
1332 4634 1347 4687 l
1400 4636 1699 4690 adduntur
1756 4638 1814 4692 in
1847 4636 1978 4694 libr.
2012 4639 2083 4694 de
2115 4648 2159 4711 1)
2190 4639 2418 4695 diversa
2465 4638 2563 4706 sit,
2622 4654 2749 4709 quae
2798 4638 3001 4692 eodem
3060 4651 3212 4690 anno
3262 4634 3444 4705 (1625)
3492 4627 3835 4701 AureliOpoli

424 4714 610 4771 Pallio
642 4717 1087 4775 exercitationes
1134 4720 1192 4775 in
1252 4722 1461 4789 quibus
1513 4723 1781 4780 Salmasii
1812 4725 1960 4781 liber
2011 4726 2083 4781 ad
2190 4729 2479 4800 impressa
2509 4727 2939 4791 circumfertur,
2991 4724 3182 4779 dicere
3231 4740 3345 4777 non
3392 4720 3603 4777 ausim.
3646 4718 3834 4790 Hujus

425 4805 663 4861 strictos
688 4806 911 4877 judicia
942 4808 1137 4880 apices
1168 4810 1443 4879 defertur,
1487 4813 1843 4883 quibusdam
1883 4817 2086 4887 proba—
2191 4818 2282 4873 ed.
2344 4815 2659 4889 exemplari
2713 4816 2773 4871 in
2831 4813 2980 4871 Bibl.
3045 4811 3308 4869 Leidensi
3370 4811 3637 4884 quedam
3698 4810 3836 4864 sunt

422 4896 541 4960 tur,
577 4894 634 4948 in
669 4895 873 4951 multis
929 4897 1262 4967 damnatur,
1300 4901 1358 4954 in
1417 4901 1692 4957 omnibus
1747 4903 2085 4959 doctissime
2191 4907 2447 4979 ascripta
2476 4924 2510 4962 a
2536 4904 2843 4962 Salmasio.

423 4986 727 5056 pensatur.
762 4983 893 5040 Haec
924 4984 1166 5043 laudare
1186 4988 1354 5059 juvat
1383 4990 1599 5060 quibus
1631 4992 1929 5048 concludit
1947 4997 2085 5049 Rev.

422 5074 678 5129 Auctor:
719 5096 740 5123 ι
803 5074 947 5129 Mihi
1000 5093 1151 5149 saepe
1207 5077 1450 5149 contigit
1506 5081 1919 5151 praemeditanti
1958 5083 2087 5153 ejus

425 5161 731 5231 lectiones,
764 5166 1021 5234 gaudere
1053 5168 1205 5238 quod
1233 5169 1592 5238 Scripturam
1635 5188 1857 5226 sacram
1891 5171 1972 5226 ita
2003 5172 2087 5226 in-
2194 5174 2393 5228 Cerda.
2428 5172 2584 5239 1628,
2622 5172 2758 5226 1629
2788 5170 2921 5240 (58).

425 5255 649 5322 tegram
699 5251 1023 5311 habeamus
1073 5260 1130 5311 et
1159 5256 1583 5329 incorruptam,
1635 5263 1699 5315 ut
1750 5260 1968 5316 nemini
2012 5259 2088 5317 sit
2265 5262 2519 5331 Lutetiae,
2553 5263 2703 5331 typis
2760 5257 2893 5314 Rob.
2943 5254 3212 5345 δίϐΡῙιἯξί
3264 5252 3412 5345 “Plui
3450 5253 3679 5345 υίέῖιαηῗ
3708 5248 3836 5345 eli:

427 5338 735 5395 dubitandi
766 5341 933 5399 locus
964 5346 1143 5415 quod,
1195 5346 1309 5402 nisi
1353 5353 1529 5418 esset,
1578 5355 1635 5405 et
1676 5349 1960 5405 Salmasio
2000 5349 2085 5405 vel
2194 5353 2343 5406 varii
2380 5350 2692 5407 Varennaei.
2724 5348 2802 5402 8°.
2837 5346 2900 5411 Ο.
2936 5344 3093 5414 Sept.
3128 5340 3278 5397 Flor.
3326 5338 3674 5397 Tertulliani
3703 5337 3837 5392 libri

2262 5084 2431 5155 Lugd.
2466 5084 2506 5138 f.
2566 5082 2808 5139 Tertull.
2863 4992 3172 5137 (1616ἓὲΙίῙο
3232 5094 3366 5134 cum
3424 5091 3639 5133 comm.
3687 5074 3758 5129 de
3783 5072 3841 5127 la

506 5517 618 5607 (ξβ)
646 5519 709 5575 In
747 5521 867 5607 δέει.
900 5522 1053 5607 deuia
1277 5526 1336 5581 Β.
1375 5543 1442 5607 p._
1465 5528 1568 5607 364
1600 5528 1806 5607 titulus
1841 5528 2088 5607 itacon-
2196 5529 2378 5607 galtii,
2428 5530 2582 5584 1628.
2622 5549 2656 5607 γ’
2684 5524 2835 5607 ῥιιιιὶ
2873 5524 3010 5607 nota
3058 5519 3142 5577 sic
3174 5538 3405 5607 quoque
3453 5516 3841 5607 diversimode

432 5587 652 5662 cipitur
674 5608 702 5678 ς.
726 5615 746 5642 α
782 5594 935 5677 Tert.
964 5594 1096 5652 libri
1143 5597 1243 5678 lx,
1296 5587 1713 5678 seu_tr_-§ctatus
1767 5601 1911 5678 varii
1942 5601 2088 5678 locis
2196 5587 2418 5678 passim
2452 5597 2919 5678 exscribitur,_ut
2952 5594 3008 5678 in
3031 5587 3473 5678 exemplaribus
3488 5594 3733 5678 'siceam‘
3757 5605 3843 5644 re-

437 5679 614 5733 quam
649 5662 920 5748 plurimis
952 5662 1338 5749 emendati_,ex
1363 5670 1716 5749 bibliotheca
1744 5673 1905 5749 regia
1926 5674 2088 5749 editi,
2200 5662 2375 5749 periri
2409 5686 2645 5749 necesse
2677 5668 2772 5724 sit.
2807 5662 3048 5749 Diserte
3089 5662 3837 5749 enimuinﬂedi't‘ione‘ppp‘.

436 5749 506 5791 ex
535 5733 873 5795 recensione
918 5745 972 5796 et
1021 5757 1153 5796 cum
1203 5733 1710 5799 observationibus
1754 5733 1973 5800 Nicolai
2001 5733 2089 5800 ιιίέ
2199 5733 2353 5801 Tert.
2410 5741 2741 5816 Rigaltiana
2796 5758 2851 5797 a.
2923 5738 3083 5805 1641,
3151 5736 3439 5796 dedicatio
3496 5734 3711 5809 Rigalti
3765 5733 3837 5789 ad
