4148 6188
337 437 414 495 53
1824 437 2263 496 PRAEFATIO.
3678 443 3761 502 54

338 584 414 633 1x,
454 584 523 623 ex
547 568 746 624 codice
776 568 885 625 Ms.
950 569 1242 641 Agobardi
1298 570 1356 624 in
1412 570 1554 625 Bibl.
1617 571 1752 641 Reg.
1817 570 1981 624 obvio
2012 570 2530 642 Aexemplaribus
2560 572 2842 642 antiquis,
2892 572 3185 627 addiderit
3227 590 3240 627 :
3300 573 3401 627 sed
3460 574 3761 632 nonduam

336 658 635 713 emendati
668 663 726 713 et
756 658 1264 714 observationibus
1295 659 1597 715 illustrati.
1632 692 1699 699 —
1730 658 1853 713 Nic.
1890 658 1989 713 Ri-

336 748 586 816 galtius,
618 748 789 818 cujus
813 764 1025 803 nomen
1059 747 1152 803 hic
1184 748 1412 815 siletur,
1445 749 1653 803 horum
1687 747 1995 821 opusculo-

336 853 470 890 rum
503 837 763 893 editione
792 838 1006 893 futuris
1038 838 1162 893 suis
1211 838 1460 909 egregiis
1515 840 1586 892 de
1635 836 1990 893 Tertulliano

339 927 573 981 meritis
630 926 949 997 praeludere
980 927 1183 982 voluit.
1220 928 1368 982 Sunt
1412 932 1605 983 autem
1665 926 1844 982 libelli
1894 927 1991 980 isti

334 1032 546 1071 novem
576 1021 890 1087 sequentes
925 1034 937 1070 :
970 1017 1035 1071 de
1062 1020 1368 1079 Oratione;
1418 1017 1489 1071 ad
1542 1019 1772 1074 Uxorem
1806 1015 1845 1070 ι.
1908 1018 1942 1069 2
1977 1033 1989 1069 :

333 1104 401 1159 de
430 1106 598 1160 Cultu
628 1107 975 1177 fminarum
1004 1106 1041 1162 ἰ.
1075 1108 1108 1159 2
1130 1107 1275 1177 (59);
1299 1109 1368 1161 de
1421 1107 1821 1162 Exhortatione
1884 1106 1992 1160 Ca-

328 1197 550 1249 :titatis
580 1213 602 1257 ;
631 1196 697 1251 de
747 1197 955 1251 Corona
988 1217 1007 1262 ,-
1046 1195 1110 1251 de
1138 1197 1560 1267 Praescriptione
1610 1196 1993 1253 haereticorum

331 1288 388 1338 et
440 1284 749 1355 Scorpiace.
808 1285 996 1340 Codex
1045 1286 1339 1356 Agobardi
1404 1285 1585 1339 libros
1642 1301 1771 1339 xxiv
1832 1302 1990 1339 com-

333 1372 542 1442 plexus
566 1374 772 1439 fuerat,
800 1390 1035 1444 nempe,
1095 1379 1304 1445 praater
1362 1390 1565 1428 novem
1601 1374 1753 1439 illos,
1814 1373 1989 1429 etiam

337 1462 667 1518 librumiet
696 1464 829 1519 uad
878 1465 1157 1533 Nationes,
1219 1480 1323 1519 nec
1383 1480 1496 1519 non
1556 1465 1622 1519 de
1671 1466 1991 1518 Testimonio

334 1553 567 1615 animae,
597 1552 662 1606 de
689 1552 1043 1623 Spectaculis,
1074 1552 1139 1607 de
1170 1552 1513 1618 ldololatria,
1547 1552 1610 1606 de
1641 1553 1817 1607 Censu
1866 1554 1988 1606 ani-

335 1656 441 1695 mae
468 1657 489 1699 .'
522 1640 587 1695 de
617 1642 795 1696 Carne
844 1642 1052 1696 Christi
1086 1658 1098 1695 :
1162 1647 1217 1696 et
1266 1658 1391 1712 quae
1426 1641 1599 1695 hodie
1643 1639 1990 1696 Tertulliani

337 1729 561 1799 scripta
594 1730 1017 1800 desideramus,
1050 1730 1116 1785 de
1149 1730 1252 1800 Spe
1281 1731 1558 1801 ﬁdelium,
1584 1730 1649 1784 de
1700 1728 1987 1795 Paradiso,

336 1816 404 1871 de
433 1820 653 1875 Anima?
680 1819 1042 1875 :ubmissione
1090 1823 1145 1874 et
1200 1820 1267 1873 de
1324 1818 1722 1889 Superstitione
1766 1816 1985 1874 saeculi.

2102 660 2400 715 correctis.
2467 659 2602 713 Dira
2660 660 2816 715 natio
2876 667 2995 715 tam
3058 662 3203 716 fmde
3254 661 3518 733 Septimii
3574 664 3759 718 nostri

2102 748 2283 803 libros
2308 749 2449 803 adeo
2481 765 2715 820 quoque
2736 751 3094 823 jampridem
3128 752 3369 815 vexavit,
3391 757 3456 806 ut
3486 752 3610 822 jam
3628 752 3760 807 falsi

2102 842 2361 891 vetustas
2395 838 2549 909 longi
2610 841 2892 910 temporis
2933 841 3433 911 pi-zescriptionem
3492 842 3761 897 obstruat

2103 926 2352 982 veritati.
2378 928 2538 990 Quod
2564 929 2611 981 si
2643 934 2901 984 veterum
2940 930 3222 984 librorum
3248 930 3506 1002 appelles
3557 932 3757 986 ﬁdem.

2103 1016 2278 1070 etiam
2309 1021 2567 1071 veterum
2630 1018 2913 1073 librorum
2964 1019 3074 1074 fide
3098 1019 3432 1074 falsissimae
3479 1019 3760 1077 lectiones

2103 1106 2601 1160 aiferuntur.Nam
2630 1112 2767 1162 sunt
2796 1113 2852 1163 et
2873 1107 3003 1161 libri
3030 1113 3250 1163 veteres
3274 1108 3758 1180 depravatlssime

2103 1195 2342 1249 correcti
2382 1214 2394 1263 ;
2459 1212 2646 1267 neque
2681 1196 2797 1251 ulla
2834 1212 2967 1269 spes
2996 1198 3331 1253 reducendae
3364 1214 3625 1268 unquam
3658 1215 3756 1255 ve-

2104 1285 2315 1354 ritatis,
2351 1286 2462 1339 nisi
2495 1291 2614 1339 tam
2652 1292 2869 1341 veteres
2894 1288 3331 1353 nanciscantur,
3356 1293 3419 1341 ut
3446 1288 3563 1342 sint
3594 1288 3753 1343 omni

2101 1378 2491 1429 correctorum
2512 1374 2859 1445 antiquitate
2881 1375 3247 1431 vetustiores.
3305 1376 3461 1431 {Etas
3510 1393 3752 1431 avorum

2102 1461 2427 1517 laudabiles
2456 1463 2720 1519 Rhenani
2753 1481 2959 1535 operas
2979 1466 3141 1528 vidit,
3176 1465 3368 1521 tribus
3398 1465 3754 1522 editionibus

2101 1551 2451 1607 elaboratas.
2488 1552 2666 1621 Cujus
2696 1552 2804 1606 viri
2837 1552 3259 1623 fidei,judicio,
3293 1553 3630 1619 eruditioni,
3667 1554 3754 1608 di-

2100 1638 2439 1711 ligentiae,si
2474 1641 2727 1711 partium
2764 1642 2963 1696 studia
2991 1641 3300 1697 meliorum
3327 1642 3751 1713 exemplarium

2102 1730 2455 1784 commercia
2486 1746 2599 1784 non
2632 1728 3002 1794 invidissent,
3037 1730 3087 1784 is
3119 1730 3319 1802 procul
3372 1731 3549 1786 dubio
3610 1748 3755 1802 pra:-

2100 1816 2369 1888 stitisset,
2428 1819 2577 1889 quod
2636 1820 2809 1874 istam
2852 1819 3015 1874 nobis
3056 1819 3229 1875 hodie
3286 1836 3525 1891 operam
3585 1819 3754 1875 valde

337 1905 653 1977 Inscripsit
683 1906 805 1962 haec
827 1906 1170 1963 Tertulliani
1199 1905 1487 1978 Rigaltius
1518 1901 1991 1962 Card.Armando
2020 1939 2068 2003 B
2098 1903 2330 1961 levaret.
2366 1907 2628 1977 Sequens
2659 1911 2799 1961 aetas
2834 1906 3095 1962 Fulvium
3130 1907 3409 1962 Ursinum
3442 1906 3599 1976 tulit,
3640 1906 3742 1977 qui

332 1994 472 2049 duci
506 1994 782 2051 Ricbelio.

1095 2104 1251 2159 1630.

406 2214 864 2282 «Fragmentum
895 2227 962 2266 ex
979 2210 1144 2266 libris
1163 2211 1234 2266 de
1250 2210 1593 2267 Tertulliani
1616 2210 1992 2266 deexsecran-

334 2300 423 2355 dis
444 2302 693 2371 gentium
725 2299 1093 2363 diis,erutum
1142 2316 1172 2355 e
1192 2299 1773 2367 Biblioth.Vaticana,
1798 2299 1992 2354 studio

335 2389 583 2461 Josepb.
619 2389 761 2446 Mar.
789 2389 1075 2445 Suarezii.
1138 2389 1330 2457 Rom.,
1385 2390 1540 2444 1630.
1596 2389 1802 2457 Paris,
1861 2389 1990 2445 eod.

341 2496 487 2534 ann.
521 2480 599 2533 80.
637 2502 664 2527 υ

1097 2569 1256 2624 4632.

424 2698 451 2723 α
486 2675 621 2729 Job.
655 2676 856 2745 Crojus
887 2674 1181 2746 specimen
1228 2675 1698 2744 conjecturarum
1732 2676 1789 2729 in
1848 2691 1999 2744 qus:-

350 2764 489 2818 dam
522 2764 649 2818 loca
706 2764 993 2836 Origenis,
1057 2764 1275 2831 Irenaai,
1325 2763 1691 2830 Tertulliani,
1749 2768 1804 2819 et
1863 2763 1997 2835 Epi-

347 2853 552 2924 phanii
586 2852 771 2907 edidit
798 2852 976 2908 Oxon.
1009 2852 1185 2907 inn8°.
1224 2875 1251 2903 »

1095 2959 1253 3014 1634.

420 3071 524 3122 En.
560 3068 911 3123 RIGALTIANA
942 3067 984 3123 Ι.
1020 3068 1266 3137 Lutetiae,
1319 3066 1627 3138 sumptibus
1684 3040 1999 3121 Mathurini

346 3158 428 3210 Du
470 3158 632 3222 Puis,
688 3156 779 3211 via
832 3157 1102 3221 Jacobaza,
1171 3158 1267 3210 sub
1322 3172 1478 3227 signa
1528 3155 1776 3219 Coronae,
1814 3156 1994 3221 f.«Q.

342 3250 505 3316 Sept.
540 3245 687 3300 Flor.
720 3245 1062 3300 Tertulliani
1096 3244 1281 3316 Opera
1330 3245 1400 3299 ad
1457 3243 1994 3299 vetustissimorum

2097 1994 2326 2050 codices
2356 1995 2687 2066 inspexerat
2737 1994 2905 2068 longe
2976 1996 3247 2052 meliores
3324 1996 3745 2065 Rhenanianis,

2101 2087 2409 2139 contentus
2430 2090 2730 2155 excerptas
2762 2085 2897 2139 inde
2918 2085 3191 2141 lectiones
3213 2085 3485 2141 editionis
3553 2090 3752 2141 Pame-

2102 2174 2270 2229 lianaz
2295 2174 2659 2245 marginibus
2690 2175 3022 2241 adnotasse,
3056 2176 3155 2230 sed
3188 2192 3261 2229 ne
3307 2175 3751 2247 possessoribus

2099 2264 2338 2335 quidem
2379 2264 2799 2335 exemplarium
2836 2263 3178 2331 nominatis,
3222 2265 3514 2319 Fulvianaa
3558 2264 3752 2320 lectio-

2103 2369 2227 2419 nes,
2271 2353 2330 2407 in
2365 2353 2579 2407 librum
2611 2352 2877 2423 ampliss.
2914 2354 3359 2425 doctissimique
3393 2353 3751 2409 Tolosatium

2102 2442 2527 2513 archiepiscopi
2566 2446 2691 2497 Car.
2727 2442 3029 2497 Monchalli
3054 2460 3121 2497 ex
3150 2443 3510 2515 autographo
3552 2446 3752 2498 trans-

2105 2533 2245 2588 fusae
2275 2532 2444 2587 nobis
2468 2532 2573 2587 hoc
2604 2531 2781 2587 etiam
2842 2532 3204 2603 profuerunt,
3239 2537 3301 2588 ut
3362 2549 3563 2588 earum
3615 2534 3745 2589 edi-

2105 2623 2273 2689 tioni,
2330 2622 2642 2694 Epidiclicis
2707 2623 2964 2677 Wowerii
3020 2622 3173 2678 Notis
3245 2626 3539 2691 accuratae,
3610 2622 3755 2679 fides

2106 2713 2281 2767 etiam
2314 2712 2470 2783 apud
2521 2712 2873 2767 austeriores
2929 2717 3196 2767 constare
3246 2713 3497 2780 debeat;
3534 2712 3651 2766 imo
3700 2718 3757 2767 et

2104 2801 2490 2872 Schoppianis
2514 2799 2631 2855 illis
2663 2817 2729 2854 ex
2764 2800 3034 2855 Fuldensi
3068 2806 3123 2855 et
3154 2800 3431 2856 Vaticano
3488 2801 3546 2855 in
3607 2805 3757 2872 Apo-

2104 2890 2419 2962 logeticum
2450 2894 2505 2944 et
2534 2889 2811 2944 adversus
2846 2890 3079 2945 Judasos
3136 2890 3421 2961 excerptis
3445 2890 3517 2945 ab
3572 2890 3751 2944 Junio

2105 2978 2435 3049 publicatis.
2488 2980 2747 3043 Quorum
2807 2982 2960 3034 certe
3020 2979 3191 3033 fidem
3252 2995 3317 3034 eo
3352 2978 3537 3047 magis
3572 2978 3752 3033 refert

2106 3068 2324 3138 ubique
2355 3066 2824 3135 testatissimam,
2861 3067 3013 3137 quod
3042 3070 3098 3121 et
3131 3065 3317 3121 multa
3361 3068 3500 3121 sunt
3525 3069 3582 3120 et
3604 3082 3749 3137 prae-

2107 3158 2260 3213 clara
2293 3156 2459 3211 nobis
2492 3155 2628 3211 inde
2659 3160 2878 3221 notata,
2931 3155 3225 3227 quaalhuic
3274 3153 3515 3211 editioni
3566 3153 3749 3225 pluri-

2108 3263 2269 3301 mum
2303 3246 2565 3301 tribuant
2594 3244 2741 3299 lucis
2774 3249 2830 3299 et
2862 3243 3213 3300 ornamenti.
3244 3248 3374 3298 Hazo
3430 3243 3540 3299 erit
3595 3243 3751 3315 apud

344 3308 776 3407 exemplarium
815 3308 1349 3404 fidemlociscuam
1376 3334 1645 3404 plurimis
1665 3334 1995 3389 emendata.
2028 3308 2072 3375 Ο
2111 3340 2376 3408 posteros
2404 3334 2591 3389 aetatis
2622 3339 2833 3389 nostris
2881 3334 3097 3405 gloriaa.
3155 3333 3255 3387 Cui
3305 3334 3482 3389 decus
3531 3308 3756 3388 accedit

345 3425 567 3480 Nicolai
621 3426 857 3493 Rigaltii
884 3424 937 3479 J.
1017 3428 1074 3477 C.
1134 3422 1641 3478 observationibus
1713 3427 1769 3477 et
1842 3422 1997 3477 notis

344 3513 664 3568 illustrata.
699 3517 838 3567 Cum
871 3513 1061 3567 indice
1091 3511 1375 3584 glossario
1408 3512 1539 3584 styli
1565 3511 1832 3567 Africani.
1871 3534 1897 3559 ››
1929 3542 1997 3550 --

344 3602 497 3667 Quid
533 3618 679 3656 nova
710 3601 819 3656 hac
848 3601 1111 3655 omnium
1162 3602 1312 3656 Tert.
1348 3618 1586 3672 operum
1640 3600 1995 3670 recensione,

345 3708 479 3761 quze
512 3696 569 3744 et
618 3706 775 3745 nunc
827 3689 1001 3745 etiam
1065 3690 1457 3761 principatum
1496 3695 1673 3756 tenet,
1724 3690 1994 3755 effecerit,

344 3786 449 3834 aut
480 3780 713 3834 efficere
741 3779 949 3834 saltem
979 3778 1230 3834 voluerit
1260 3778 1571 3849 Rigaltius,
1624 3778 1812 3850 ipsius
1859 3782 1997 3849 puto

343 3868 562 3933 verbis,
595 3868 826 3923 etiamsi
859 3867 1032 3939 paulo
1066 3867 1442 3939 plenioribus,
1483 3868 1685 3921 audire
1743 3868 1821 3922 sit
1868 3882 1997 3938 pre-

340 3957 521 4011 tium.
554 3979 581 4005 ‹‹
606 3955 974 4025 Tertulliani,
1012 3979 1038 4005 ››
1072 3956 1284 4027 inquit,
1313 3958 1407 4013 5|
1447 3980 1473 4005 «
1505 3956 1724 4027 scripta
1755 3955 1996 4027 legenti-

343 4046 483 4109 bus,
518 4047 694 4100 etiam
718 4045 875 4100 haud
908 4045 1281 4101 mediocriter
1327 4044 1625 4111 litteratis,
1684 4047 1999 4100 occurrunt

344 4133 617 4190 difﬁcilia
649 4152 764 4190 non
824 4151 1011 4206 pauca
1050 4134 1336 4190 sermonis
1384 4140 1441 4189 et
1492 4135 1815 4206 scripturae.
1850 4134 1994 4188 Nam

345 4224 645 4279 sermonis
694 4223 932 4294 quidem
995 4223 1254 4279 Africani
1313 4224 1591 4295 superbia
1667 4222 1994 4279 doctrinam

350 4314 536 4368 ferme
562 4313 828 4368 omnium
862 4313 994 4367 dote
1018 4317 1300 4384 praestans
1321 4312 1564 4368 lectores
1594 4312 1702 4367 sibi
1726 4313 2000 4384 poscebat

344 4402 419 4455 ad
458 4407 673 4456 nutum
709 4400 1098 4457 attentissime
1130 4416 1391 4473 sagaces.
1440 4400 1826 4473 Posteaquam
1866 4416 1998 4457 vero

345 4491 408 4545 in
444 4490 621 4562 longe
644 4488 1034 4559 aliosincidit,
1070 4490 1282 4545 mutari
1318 4491 1509 4561 cmpit,
1542 4508 1575 4545 a
1617 4492 1832 4561 quibus
1881 4507 1997 4545 non

343 4579 542 4651 potuit
561 4579 688 4650 capi
710 4584 766 4634 et
787 4578 1373 4651 spuriasdilectiones
1399 4579 1811 4651 prolegitimis,
1832 4579 1996 4635 adul-

2110 3425 2320 3496 ingens
2364 3432 2660 3495 comperto
2719 3423 2957 3477 tandem
3016 3423 3231 3489 codice,
3294 3440 3463 3494 quem
3498 3440 3565 3478 ex
3626 3427 3756 3477 voto

2106 3513 2397 3584 Agobardi
2431 3511 2689 3584 episcopi
2726 3512 3137 3582 Lugdunensis
3170 3512 3239 3567 ad
3274 3516 3329 3565 S.
3362 3512 3640 3582 Stephani
3675 3510 3760 3566 al-

2106 3608 2229 3657 tare
2260 3602 2521 3656 oblatum
2580 3601 2760 3656 fuisse
2810 3599 3077 3671 legimus.
3130 3600 3296 3655 Hunc
3329 3606 3481 3654 certe
3539 3600 3758 3655 librum

2107 3692 2177 3747 ad
2210 3690 2565 3762 exemplaria
2619 3688 2721 3745 illa
2783 3691 3043 3745 nondum
3106 3694 3366 3745 correcta
3395 3690 3757 3760 descriptum

2108 3780 2311 3845 fuisse,
2347 3779 2680 3851 probabunt
2701 3780 2829 3849 ejus
2861 3795 2967 3850 ope
2990 3779 3261 3835 restituta
3290 3780 3475 3835 nitore
3508 3778 3754 3849 pristino

2109 3886 2283 3941 quam
2319 3868 2763 3940 plurima,:quaa
2804 3867 3038 3939 singula
3094 3869 3353 3925 indicare
3400 3868 3553 3924 taedii
3612 3884 3753 3924 sane

2107 3957 2315 4012 fuisset
2346 3956 2771 4024 molestissimi,
2805 3955 2975 4027 pretii
3006 3972 3139 4011 vero
3173 3955 3393 4011 nullius
3420 3975 3432 4025 ;
3458 3974 3589 4011 nam
3631 3956 3755 4012 haec

2106 4046 2235 4117 ipsa
2265 4045 2667 4100 Tertullianus
2700 4046 2863 4100 avide
2895 4044 3132 4116 recepit,
3168 4050 3222 4099 et
3256 4063 3382 4114 sua,
3414 4063 3541 4116 quae
3602 4045 3755 4100 male

2109 4134 2310 4190 avulsa
2340 4135 2590 4198 fuerant,
2623 4138 2740 4188 tam
2776 4135 2921 4190 bene
2945 4134 3117 4188 hodie
3150 4134 3459 4203 cohaerent,
3493 4139 3557 4188 ut
3587 4133 3758 4189 avelli

2108 4240 2370 4295 unquam
2405 4223 2666 4293 potuisse
2696 4239 2811 4283 nou
2842 4223 3275 4293 credas.ltaque
3305 4238 3569 4277 summas
3591 4236 3757 4277 recu-

2109 4316 2445 4383 peraturum
2480 4311 2675 4383 colligi
2709 4316 2800 4368 sat
2831 4314 2963 4377 erit,
2998 4317 3063 4367 ut
3111 4312 3245 4367 inde
3306 4314 3553 4377 constet,
3616 4311 3757 4383 quid

2108 4406 2383 4473 praestare
2406 4400 2593 4456 simus
2628 4400 2835 4472 parati.
2868 4401 2960 4457 Sic
2998 4406 3287 4467 tamen,ut
3320 4399 3603 4457 notabilia
3630 4405 3760 4456 tan-

2109 4493 2242 4546 dem
2278 4490 2858 4559 comprehendantur
2889 4508 2902 4545 :
2937 4490 3357 4545 minutioribus
3392 4506 3494 4546 nec
3527 4491 3627 4548 52
3671 4496 3757 4545 ta-

2110 4597 2245 4635 men
2285 4580 2651 4651 spernendis,
2678 4580 3020 4651 scrupulose
3047 4578 3409 4634 calculorum
3440 4579 3757 4651 diligentias

344 4674 482 4724 tera:
518 4684 731 4723 manus
762 4668 1179 4723 inverecundis
1200 4667 1435 4738 sparsit.
1460 4669 1768 4739 Scriptura:
1800 4673 1993 4723 autem
2027 4667 2073 4732 D
2107 4670 2345 4736 relictis,
2380 4674 2444 4724 ut
2476 4669 2550 4725 sit
2582 4668 2720 4724 olim
2751 4668 2957 4739 ingens
2990 4667 3209 4722 cumuli
3242 4684 3493 4723 summa.
3552 4668 3757 4724 Obser-

348 4760 558 4815 nativa:
595 4758 785 4827 ruina,
820 4758 1078 4813 auctoris
1108 4757 1301 4812 verbis
1333 4757 1507 4813 semel
1538 4759 1899 4830 interceptis,
1932 4764 1996 4813 ut

349 4849 572 4904 obtrito
605 4864 867 4918 corpore,
910 4864 1149 4902 sensum
1176 4863 1291 4901 una
1323 4848 1491 4917 quasi
1522 4846 1717 4918 ipsum
1752 4853 1808 4902 et
1838 4865 1996 4903 men-

348 4944 468 4993 tem
506 4936 857 5008 proﬂigavit.
916 4936 1009 4991 Sic
1042 4935 1282 5008 pessimi
1313 4940 1669 4993 correctores
1724 4938 1999 4993 emenda-

349 5025 585 5083 tissima
617 5025 937 5097 perdidere.
970 5025 1115 5079 Nam
1149 5024 1280 5096 quis
1302 5029 1457 5080 esset
1487 5025 1850 5097 querelarum
1884 5044 2003 5081 mo-

350 5117 464 5171 dus
498 5115 522 5170 ?
554 5120 657 5170 aut
676 5114 815 5186 quid
849 5115 907 5168 in
935 5117 1108 5169 tantae
1138 5113 1643 5171 calamitatiscasu
1674 5120 1796 5172 tam
1823 5117 2003 5172 veteri

351 5223 467 5261 non
494 5203 1091 5275 desperandumﬂlmc
1115 5202 1296 5275 pestis
1318 5202 1999 5277 Homerumjampridem

350 5297 434 5349 ita
465 5297 935 5363 persuaserat,ut
966 5295 1142 5348 Arato
1185 5294 1466 5365 quaarenti
1500 5318 1527 5344 α
1583 5296 1680 5350 ubi
1739 5295 1999 5351 locorum

346 5385 672 5439 haberetur
701 5382 922 5438 llliadis
953 5382 1208 5454 pristinae
1241 5381 1428 5453 copia,
1458 5405 1483 5430 ‹‹
1514 5384 1805 5439 Timarchi
1843 5384 2000 5439 ﬁlius

346 5474 565 5530 Timon
628 5488 763 5528 cum
809 5471 1261 5543 respondisset:
1324 5473 1701 5542 quarendam
1753 5490 1879 5529 esse
1940 5474 1999 5528 in

345 5641 561 5695 ducem
622 5636 951 5694 Ricbelium
1009 5651 1077 5690 ex
1135 5651 1339 5690 novem
1394 5634 1593 5691 libror.
1637 5636 1889 5692 editione
1946 5654 1999 5692 a.

350 5709 684 5768 MDCXXIX
713 5709 894 5781 repeti
923 5708 1158 5781 dicitur.
1183 5707 1504 5781 Scaeam-3N.

421 5783 539 5856 (59)
568 5777 795 5853 Nempe
819 5778 1049 5837 libellos
1084 5780 1154 5835 de
1183 5777 1396 5835 Habitu
1421 5777 1691 5835 muliebri
1723 5782 1780 5833 et
1827 5777 2001 5835 Cultu

2107 4758 2369 4813 vationes
2392 4757 3103 4828 adjecimusillustrandis
3122 4756 3343 4827 aliquot
3370 4756 3513 4812 locis
3546 4757 3755 4812 obscu-

2109 4848 2387 4915 rioribus,
2422 4847 2598 4919 prisci
2632 4848 2812 4903 moris
2834 4848 2957 4917 jam
2994 4846 3167 4918 longa
3206 4846 3497 4901 oblivione
3557 4845 3751 4911 deleti,

2110 4942 2211 4993 aut
2241 4936 2587 4991 eruditionis
2619 4935 2869 5006 alicujus
2902 4934 3210 4990 reconditae
3267 4934 3527 5006 vestigiis
3585 4934 3751 4989 inda-

2115 5026 2348 5098 gandis.
2385 5026 2442 5079 In
2478 5041 2613 5095 quo,
2650 5024 2699 5080 si
2730 5023 3012 5079 nonnulla
3046 5023 3220 5096 paulo
3250 5022 3525 5079 licentius
3564 5023 3755 5095 posita

2112 5120 2215 5171 aut
2245 5114 2556 5186 disquisita
2589 5119 2960 5180 censeantur,
3002 5118 3063 5168 ut
3095 5118 3234 5169 sunt
3265 5112 3365 5168 illa
3408 5114 3654 5169 fortasse
3686 5114 3756 5169 de

2112 5206 2424 5260 criminum
2459 5203 2815 5257 occultorum
2863 5203 3266 5271 castigatione,
3326 5203 3512 5273 deque
3573 5204 3761 5258 forma

2112 5292 2395 5347 Dominici
2432 5291 2629 5347 vultus
2660 5308 2725 5347 ac
2759 5293 2829 5346 de
2861 5291 3116 5346 lucernis
3149 5306 3251 5360 per
3281 5291 3434 5345 diem
3473 5293 3757 5361 ascensis,

2112 5396 2177 5435 ea
2209 5380 2291 5434 sic
2334 5381 2517 5451 accipi
2550 5381 2783 5447 debent,
2811 5385 3092 5451 tanquam
3125 5378 3503 5451 Septimianis
3534 5382 3758 5453 opinio-

2112 5470 2286 5524 nibus
2345 5470 2738 5541 despiciendis
2788 5469 3233 5537 animadversa;
3286 5468 3531 5526 minime
3563 5477 3754 5525 autem

2113 5633 2461 5690 feminarum
2522 5632 2737 5689 codicis
2796 5632 3014 5688 laudati
3078 5633 3425 5687 auctoritate
3456 5631 3512 5685 in
3566 5647 3749 5685 unum

2111 5708 2364 5763 duorum
2396 5705 2681 5761 librorum
2712 5710 3027 5761 tractatum
3052 5705 3292 5775 redegit.
3321 5704 3649 5758 SCHOENEM.
