4148 6188
398 443 474 502 55
1880 431 2325 492 PREFATIO.

3733 431 3811 490 56

400 572 717 645 arguendis
747 572 1167 628 catholicorum
1198 570 1507 627 sententiis
1530 565 2045 638 autimprobandis
2074 566 2127 634 Α
2158 565 2277 620 suit
2307 563 2732 631 adnotationes,
2765 568 3133 636 argumenta,
3164 564 3344 619 vitam
3379 570 3437 621 et
3488 570 3614 621 ciet.
3688 584 3818 639 qua

396 666 636 717 Patrum
666 662 946 733 Septimio
981 661 1371 733 posteriorum
1420 657 1673 714 decretis
1720 658 1852 727 (60).
1925 656 2046 709 lmo

396 751 718 807 sententias
750 754 808 806 et
840 751 1072 807 decreta
1100 750 1231 822 ipsa
1254 751 1491 805 Patrum
1524 748 1581 802 in
1641 744 1899 801 Ecclesia
1957 760 2046 797 re-

390 840 863 910 ceptissimorum
894 858 1127 912 semper
1150 840 1535 911 opposuimus
1568 834 1926 891 Tertulliano
1963 835 2050 898 ,ut

394 929 493 999 qui
528 928 815 984 Africanis
847 930 975 984 istis
1006 929 1164 984 velut
1196 928 1440 983 salebris
1496 924 1892 987 oﬂ‘enduntur,
1926 926 2045 976 sta-

394 1018 500 1072 tim
535 1016 793 1072 habeant
823 1034 936 1088 quo
964 1019 1174 1073 referre
1202 1017 1407 1089 pedem
1433 1015 1553 1069 luto
1586 1013 1831 1085 possint.
1869 1010 2048 1065 Notas

394 1107 572 1162 etiam
604 1107 966 1162 intexuimus
997 1106 1288 1161 variarum
1318 1104 1632 1159 lectionum
1662 1097 2048 1171 ,ambiguitati

400 1194 782 1267 pensitanda,
818 1196 1045 1250 veritati
1076 1194 1461 1267 explorandae,
1519 1190 1867 1263 conjecturis
1901 1206 2045 1243 non-

395 1299 700 1354 nunquam
732 1283 1093 1355 explicandis
1140 1288 1240 1338 aut
1296 1280 1735 1337 conﬁrmandis.
1790 1278 2049 1349 Denique

395 1370 654 1427 Africani
683 1369 817 1441 styli
849 1371 1080 1441 glossas
1112 1369 1502 1442 complurium
1536 1369 1687 1423 inter
1717 1382 1845 1422 sese
1901 1364 2051 1422 loco-

396 1476 529 1516 rum
561 1460 993 1531 comparatione
1038 1459 1551 1525 eoncinnavimus,
1618 1455 2049 1528 interpretandi

396 1548 624 1605 ratione
656 1548 1008 1617 certissima,
1043 1548 1281 1605 Glossas
1313 1548 1568 1603 diximus
1627 1548 1822 1603 Graco
1880 1561 2047 1600 voca-

395 1638 561 1705 bulo,
587 1655 705 1710 quo
736 1638 951 1694 Fabius
1003 1639 1246 1693 tradidit
1285 1637 1496 1709 linguae
1529 1636 1856 1692 secretioris
1882 1650 2049 1689 voces

352 1802 353 1805 η
394 1728 596 1784 minus
629 1728 877 1784 usitatas
902 1728 1239 1800 signiﬁcari.
1277 1732 1449 1781 Porro
1497 1725 1788 1781 breviores
1844 1724 2051 1778 Obser-

392 1816 654 1873 vationes
687 1833 751 1872 ac
781 1817 958 1872 Notas
990 1818 1285 1889 plerisque
1314 1816 1471 1871 haud
1504 1814 1909 1871 satisfacturas
1935 1812 2048 1867 sci-

2158 652 2329 725 longe
2352 654 2632 724 majorem
2664 653 2980 710 voluminis
3023 659 3246 726 partem
3274 656 3485 726 (usque
3515 657 3812 729 ad.p.781)

2158 747 2465 814 occupant,
2499 742 2850 798 exhibentur
2910 744 3002 799 hic
3032 745 3226 799 Latini
3263 746 3472 799 Latinii
3527 746 3823 817 conjectu-

2155 847 2229 884 ra:
2276 836 2333 885 et
2388 832 2845 900 emendationes,
2932 834 3012 887 Jo.
3072 833 3302 889 Merceri
3374 834 3809 904 adnotationes,

2156 920 2323 975 Edm.
2354 920 2625 987 Richerii,
2659 921 2943 991 Theopori
2993 922 3262 992 Marcilli,
3294 922 3538 979 Joannis
3580 941 3611 978 a
3670 928 3813 980 Wo-

2156 1026 2280 1064 Wer
2308 1016 2364 1064 et
2393 1009 2678 1065 Gabrielis
2713 1010 3084 1081 Albaspinaei,
3122 1010 3623 1084 Aureliam,episc.
3659 1020 3806 1070 notae

2158 1102 2214 1153 et
2242 1099 2704 1153 emendationes.
2738 1100 2961 1162 Quibus
2984 1101 3260 1156 omnibus
3281 1103 3699 1158 accommodus
3720 1107 3811 1158 est

2158 1187 2330 1241 index
2360 1187 2623 1258 apprime
2655 1186 2838 1241 utilis.
2873 1190 3034 1251 Quod
3068 1188 3125 1243 in
3161 1189 3332 1244 titulo
3367 1190 3805 1262 ponitur,hasce

2158 1275 2562 1330 adnotationes
2594 1275 2775 1331 textui
2809 1275 3139 1347 Rigaltiano
3172 1280 3544 1350 respondere,
3598 1296 3811 1335 nume-

2158 1363 2238 1419 ris
2272 1366 2616 1436 paginarum
2647 1365 2703 1419 in
2732 1365 2991 1437 margine
3013 1367 3487 1423 Observationum
3522 1368 3816 1424 adnotatis

2158 1453 2422 1509 effectum
2455 1459 2562 1524 est,
2587 1453 2669 1509 ita
2699 1461 2895 1509 tamen
2930 1460 2995 1509 ut
3025 1454 3173 1510 liber
3194 1457 3264 1511 de
3314 1456 3496 1513 Pallio
3550 1462 3606 1513 et
3656 1460 3806 1529 Apo-

2159 1542 2464 1613 logeticus,
2498 1544 2596 1614 qui
2630 1544 2685 1598 in
2717 1542 3066 1614 Rigaltianis
3088 1544 3259 1615 plane
3289 1545 3541 1604 aliifacti
3572 1563 3809 1619 compa-

2159 1636 2309 1699 rent,
2342 1633 2413 1687 ad
2448 1631 2842 1687 Pamelianain
2876 1632 3267 1689 recensionem
3318 1635 3509 1690 denuo
3560 1637 3807 1692 excude-

2159 1726 2383 1776 rentur.
2432 1720 2717 1776 Volumen
2776 1721 2885 1776 hoc
2935 1726 3205 1777 notarum
3262 1724 3507 1779 seorsim
3557 1726 3714 1780 venit
3742 1724 3803 1780 in

2158 1809 2450 1882 Catalogis
2494 1826 2667 1880 quam
2703 1808 2975 1881 plurimis
3017 1827 3103 1866 ex.
3131 1828 3178 1867 c.
3215 1814 3276 1867 In
3306 1814 3486 1869 Catal.
3524 1814 3663 1869 Bibl.
3696 1815 3805 1869 Tot-

397 1921 552 1977 mus,
585 1922 690 1961 nec
733 1912 1039 1978 propterea
1072 1905 1301 1977 Culpam
1327 1905 1728 1976 deprecamur.
1776 1901 1910 1957 Afer
1940 1901 2047 1957 iste
2076 1936 2123 2001 Β
2157 1904 2347 1967 tianée,
2380 1899 2709 1969 Bodleianae,
2742 1901 3046 1957 Firmium
3075 1905 3132 1956 et
3161 1902 3455 1959 D’Estrées.
3487 1906 3526 1958 t.
3551 1905 3594 1959 Ι.

392 1994 666 2051 lectorem
699 2012 815 2050 non
847 1995 1101 2051 admittit
1159 1996 1271 2050 nisi
1297 1996 1423 2065 jam
1483 1993 1800 2049 eruditum.
1828 2014 1854 2040 ››
1912 1994 2041 2046 Hine

393 2083 683 2157 Rigaltius
730 2084 790 2138 in
824 2084 1225 2157 disputatione
1250 2082 1568 2155 inscripta:
1602 2082 1667 2138 de
1708 2081 2038 2136 Tertulliano

389 2175 571 2242 eteius
616 2176 841 2246 scriptis
898 2174 1070 2245 deque
1118 2174 1288 2229 variis
1334 2189 1529 2229 eorum
1581 2170 1932 2239 editionibus,
1991 2176 2042 2224 et

389 2263 528 2332 quid
556 2263 657 2318 hac
696 2270 881 2319 nostra
926 2271 1244 2334 praestetur,
1299 2278 1424 2334 quae
1481 2279 1600 2316 una
1638 2276 1769 2316 cum
1811 2258 2040 2331 epistola

385 2351 728 2408 dedieatoria
757 2352 828 2407 ad
857 2353 1197 2407 Armandum
1230 2353 1358 2406 Duc.
1394 2350 1696 2407 Richelium
1713 2365 1783 2405 ea:
1831 2349 1913 2404 ed.
1968 2346 2038 2402 IX

385 2440 662 2496 librorum
716 2458 770 2496 a.
834 2440 1114 2496 MDXXIX
1197 2440 1306 2513 (sic
1372 2441 1552 2495 textui
1641 2438 2035 2511 praemittitur.

383 2528 543 2585 Hanc
578 2532 893 2586 testimonia
915 2535 1044 2586 vett.
1076 2531 1141 2585 de
1188 2530 1525 2585 Tertulliano
1574 2528 2033 2597 subsequuntur,

378 2622 436 2673 et
464 2621 635 2675 series
682 2620 1011 2675 Tertulliani
1039 2635 1263 2691 operum
1293 2634 1417 2691 qum
1448 2618 1549 2674 hoc
1596 2618 1873 2672 volumine
1915 2631 2037 2670 con-

382 2707 650 2763 tinentur.
684 2709 817 2764 Item
838 2724 906 2764 ιω
935 2709 1136 2780 quibus
1157 2724 1379 2780 quaeque
1400 2716 1451 2763 et
1498 2708 1709 2777 quoties
1738 2708 1849 2759 sint
1893 2703 2036 2759 codi-

380 2796 537 2851 cibus
559 2798 890 2853 notabiliter
938 2798 1264 2853 emendata.
1317 2797 1375 2851 Id
1429 2796 1582 2867 quod
1616 2796 1684 2850 ad
1719 2792 2033 2849 minimum

382 2890 596 2956 quater,
628 2886 699 2941 ad
734 2902 1035 2941 summum
1068 2887 1346 2941 ducenties
1376 2886 1741 2957 quinquagies
1765 2885 1845 2954 (in
1880 2885 2034 2952 Apo-

382 2973 649 3046 logetico)
676 2976 732 3029 in
766 2974 1059 3047 plerisque
1088 2978 1356 3044 trigeszes,
1393 2976 1646 3043 vigesies,
1705 2974 2032 3044 septuagies,

380 3064 483 3120 sed
544 3068 601 3120 et
649 3066 813 3119 octies
860 3067 1086 3131 centies,
1134 3067 1337 3121 centies
1405 3065 1677 3134 trigesies,
1734 3062 2031 3116 interdum

378 3154 636 3209 omnibus
665 3154 783 3222 fere
807 3152 1080 3209 clausulis
1112 3154 1328 3209 factum
1364 3150 1847 3207 dicitur.Liberde
1903 3150 2031 3204 Pal-

379 3240 477 3305 lio,
510 3241 735 3311 scribit,
764 3242 1082 3297 emendatur
1112 3243 1369 3303 omnibus
1383 3241 1515 3312 fere
1548 3241 1734 3307 lineis,
1749 3241 1913 3310 juxta
1945 3238 2028 3293 ed.

2910 2008 2931 2061 Il
2943 2008 3067 2062 636.

2220 2121 2247 2147 ‹‹
2278 2096 2490 2152 νεικειο
2523 2097 2767 2151 GALLICA
2800 2094 2838 2150 1.
2870 2096 3235 2169 Apologetici,
3271 2098 3468 2154 studio
3527 2098 3796 2155 Ludovic-

2148 2186 2322 2260 Cyrii,
2354 2187 2536 2243 Paris.
2569 2186 2777 2241 inv120.
2813 2208 2841 2236 »

2897 2278 3054 2332 1636.

2224 2395 2244 2421 ι
2271 2370 2773 2425 ΗΕΒΜΒΑΤΗΜΑΝΙ
2796 2366 3137 2437 TheosOphia
3158 2369 3268 2422 sub
3287 2368 3395 2421 hac
3420 2382 3566 2421 nova
3587 2365 3798 2422 inseri-

2147 2460 2343 2532 ptione
2368 2476 2379 2513 :
2408 2456 2726 2528 Theologia
2755 2454 3117 2528 speculativa
3148 2458 3201 2510 et
3234 2455 3491 2526 praetioa
3520 2471 3588 2510 ex
3621 2454 3799 2526 patri-

2147 2549 2258 2603 bus
2292 2548 2365 2602 ab
2396 2545 2613 2616 insigni
2646 2546 2902 2616 quodam
2933 2544 3204 2615 theologo
3228 2543 3467 2599 collecta
3488 2548 3543 2599 et
3573 2542 3802 2616 publici

2136 2634 2293 2706 juris
2316 2633 2490 2689 facta.
2524 2632 2907 2703 Witemberg.
2945 2653 2971 2680 ››

2893 2737 3050 2792 1639.

2218 2851 2246 2878 ς(
2275 2827 2490 2883 Vsnsxo
2522 2826 2832 2881 HISPANICA
2868 2827 2908 2882 l.
2939 2826 3154 2881 Libror.
3187 2825 3527 2881 Tertulliani
3560 2831 3639 2883 De
3680 2828 3795 2882 Pu-

2140 2918 2356 2983 tientia,
2388 2918 2454 2971 de
2476 2916 2781 2971 testimonio
2801 2916 3026 2982 animae,
3057 2916 3125 2969 ad
3146 2913 3466 2985 Scapulam,
3500 2921 3608 2969 etc.
3643 2930 3785 2968 cura

2141 3005 2381 3078 Josephi
2410 3004 2703 3071 Pellecier,
2729 3003 3100 3061 Barcellonae.
3123 3026 3150 3053 »

2892 3115 2912 3161 ,4
2928 3112 3053 3167 639.

2214 3226 2239 3252 ‹‹
2274 3207 2551 3259 ΡΑρΑΝιΝι
2582 3204 2901 3259 GAUDENTII
2924 3201 3175 3257 Salebraa
3200 3200 3627 3257 Tertullianicae
3651 3216 3784 3256 cum

378 3329 680 3385 doctissimi
709 3290 970 3385 Satmasii
1014 3332 1089 3387 ad
1142 3335 1349 3386 vetusta
1383 3290 1744 3401 Jexemptaria
1798 3346 2027 3385 accura-
2061 3308 2103 3374 (ἶ
2142 3292 3295 3401 ?’,‘{?dem,9°2?‘{"“‘}°“f’ﬂf°3§m}“m
3327 3290 3597 3362 ongems
3651 3306 3782 3345 cum

377 3420 649 3474 tissimam
668 3423 1045 3490 praeterquam
1084 3436 1181 3475 seu:
1210 3424 1307 3475 aut
1345 3424 1549 3490 septem
1597 3420 1753 3475 locis.
1784 3419 2029 3474 Textum

380 3506 799 3576 excipitlndex
843 3507 1277 3579 Scripturarum
1311 3524 1650 3575 sacrarum;
1696 3512 1821 3562 tum
1891 3508 2031 3562 sub-

376 3594 587 3665 juncta
618 3596 726 3650 sub
760 3595 928 3651 titulo
958 3596 1164 3652 incerti
1198 3598 1455 3652 auctoris
1492 3598 1757 3653 carmina
1811 3596 2031 3652 Tertul-

375 3682 534 3739 liano
581 3683 722 3738 olim
796 3684 1004 3740 ascribi
1071 3685 1263 3756 solita,
1304 3686 1565 3742 adversus
1592 3687 1929 3742 Mareionem
1986 3686 2025 3740 ι.

373 3771 443 3843 V,
476 3772 540 3828 de
578 3772 791 3844 judicio
849 3775 1075 3830 Domini
1122 3774 1361 3843 Genesis,
1415 3776 1646 3831 Sodoma
1697 3794 1719 3830 .·
1777 3774 2030 3844 denique

374 3861 549 3916 index
578 3876 771 3917 rerum
806 3863 1305 3920 memorabilium.
1345 3863 1831 3921 Observationum
1868 3862 2030 3919 libel-

373 3950 470 4006 lus
502 3950 778 4021 peculiari
805 3952 977 4007 titulo
1006 3956 1247 4025 gaudet,
1296 3954 1397 4011 58
1430 3954 1597 4025 eique
1628 3954 1876 4009 accessit
1935 3957 2031 4009 In-

376 4039 482 4095 dex
501 4041 807 4111 glossarum
841 4042 1175 4098 Tertulliani
1203 4042 1432 4115 egregio
1465 4043 1707 4099 consilio
1764 4047 1821 4098 et
1866 4042 2028 4113 judi-

370 4128 462 4185 cio
497 4130 820 4186 confectus.
856 4130 1159 4203 Elegantia
1188 4136 1245 4187 et
1274 4134 1462 4188 nitore
1498 4137 1790 4204 typorum,
1823 4130 1871 4187 si
1894 4131 2027 4201 qui-

375 4218 507 4273 dem
538 4219 728 4289 prima
758 4220 847 4275 ed.
912 4236 1024 4275 non
1075 4220 1317 4276 inferior
1365 4221 1441 4276 sit
1498 4223 1787 4284 secundae,
1847 4236 2025 4291 quam

374 4322 572 4362 coram
622 4307 944 4376 intuemur,
1005 4309 1324 4364 admodum
1384 4310 1834 4365 commendatur
1905 4309 2027 4367 haec

374 4394 574 4464 editio,
607 4396 699 4450 cui
732 4396 1060 4469 bibliopola:
1092 4398 1398 4454 honestate
1425 4398 1580 4453 haud
1613 4398 1859 4470 exiguus
1907 4398 2027 4452 uti-

374 4482 561 4539 litatis
593 4484 868 4540 cumulus
902 4486 1149 4541 acceesit
1180 4486 1351 4542 editis
1381 4485 1773 4558 plurimorum
1803 4485 2021 4541 Vv.Dd.

374 4571 435 4626 in
498 4571 742 4627 Tertull.
816 4574 1300 4629 adnotationibus
1384 4574 1669 4647 singulari
1730 4574 2026 4631 volumine

376 4658 671 4731 tituloque
728 4661 1169 4733 comprehensis
1220 4680 1232 4716 :

377 4748 579 4819 Theol.,
612 4753 721 4805 etc.
756 4751 1091 4819 Argumenta
1113 4757 1163 4807 et
1205 4753 1607 4808 Annatationes
1638 4755 1697 4808 in
1757 4753 1815 4820 Ο.
1877 4753 2020 4825 Sept.

378 4838 459 4892 Fl.
495 4840 824 4895 Tertulliani
870 4856 1059 4911 opera,
1090 4843 1287 4911 quibus
1338 4842 1567 4912 adjectae
1613 4847 1741 4897 sunt
1790 4847 2022 4898 annota-

377 4927 553 4982 tiones
611 4926 970 4984 diversorum.
1032 4928 1231 4983 Omnia
1290 4932 1465 4984 textui
1522 4930 1779 4985 editionis
1834 4930 1891 4984 V.
1941 4928 2020 4983 CI.

375 5013 611 5070 NICOLAI
650 5020 879 5071 RIGAL'rI
926 5018 980 5071 J.
1042 5017 1101 5072 Ο.
1150 5019 1565 5089 respondentia.
1625 5019 1755 5071 Par.
1816 5026 2020 5089 sumpt.

372 5102 563 5159 Matth.
618 5106 691 5159 du
747 5106 900 5171 Puis,
960 5108 1052 5160 via
1110 5109 1222 5161 Jac.
1259 5108 1359 5161 sub
1396 5109 1547 5177 signo
1581 5106 2018 5165 Coronae.1635.

377 5193 599 5248 Prester
652 5209 719 5249 ea
764 5211 890 5265 quae
926 5194 1218 5250 Pamelius
1250 5195 1308 5249 in
1340 5195 2020 5269 Tertullianumcompo—

422 5331 560 5413 .(60)
584 5335 683 5391 His
713 5337 904 5413 verbis
927 5342 1165 5413 excusat
1210 5338 1497 5413 Rigaltius
1547 5338 1869 5413 liberiores
1896 5340 2019 5411 opi-

378 5410 583 5480 niones
606 5425 750 5477 quas
778 5410 835 5462 in
868 5410 1343 5465 annotationibus
1368 5411 1492 5465 suis
1520 5410 1830 5480 aliquoties
1861 5410 2019 5467 inse-

376 5475 491 5530 rult
520 5475 653 5533 cum
684 5480 743 5553 in
777 5480 1153 5553 Cyprianum,
1183 5487 1304 5537 tum
1339 5483 1397 5537 in
1426 5475 1850 5537 Tertullianum
1887 5500 1898 5549 ;
1932 5501 2021 5539 ve-

375 5563 505 5623 rum
540 5552 731 5607 nescio
764 5552 960 5607 utrum
992 5570 1089 5608 eos
1113 5554 1477 5610 satisfactum
1505 5555 1681 5609 fuerit
1710 5554 2017 5623 omnibus;

377 5620 678 5701 fatendum
721 5628 810 5679 est
842 5626 1018 5694 enim,
1062 5626 1324 5701 quaedam
1358 5643 1481 5682 esse
1512 5626 1638 5681 loca
1690 5625 1759 5701 in_
1806 5620 2019 5695 quibus

376 5697 536 5770 satis
554 5699 808 5770 testatur
828 5713 889 5770 se
908 5713 973 5751 ex
1004 5713 1110 5770 sua
1140 5698 1521 5770 potiusqnam
1545 5697 1797 5753 auctoris
1828 5703 2021 5754 mente

374 5761 540 5834 loqui
569 5772 625 5823 et
654 5769 711 5825 in
744 5769 962 5839 quibus
995 5761 1168 5825 etiam
1198 5761 1429 5827 aberrat
1460 5787 1493 5826 a
1536 5786 1617 5841 re,
1650 5774 1715 5825 ut
1770 5775 2019 5826 annota-

2144 3382 2515 3455 pbilosopbia
2545 3384 2822 3439 Platonis.
2854 3382 3027 3450 Flor.,
3060 3381 3232 3439 in-Iso.
3260 3402 3287 3429 ››

2889 3489 3045 3544 4639.

2219 3598 2240 3624 α
2272 3578 2487 3635 Vsasxo
2518 3579 2831 3634 HIspAmCA
2868 3577 3068 3632 libror.
3095 3577 3164 3632 de
3186 3576 3489 3647 Patientia,
3514 3577 3585 3632 de
3613 3574 3791 3630 Testi-

2140 3668 2336 3723 monio
2367 3668 2599 3736 animae,
2659 3668 2729 3723 ad
2778 3664 3113 3738 Scapulam,
3184 3670 3321 3735 etc.,
3379 3682 3519 3722 cura
3547 3664 3789 3735 Josephi

2140 3756 2432 3827 Pellecier,
2459 3756 2829 3812 Barcellonaa.
2860 3778 2889 3806 »

2877 3843 3038 3899 4640.

2216 3956 2242 3987 α
2270 3934 2487 3989 Vsnsm
2519 3933 2763 3989 GALLICA
2795 3933 2838 3989 Ι.
2871 3933 3094 4001 Libror,
3120 3933 3191 3987 de
3238 3932 3518 3988 oratione.
3583 3931 3783 3999 Paris,

2136 4023 2338 4078 in-l20.
2372 4055 2440 4063 —
2469 4024 2549 4078 De
2584 4023 2887 4093 Patientia,
2909 4021 3051 4076 ibid.
3090 4023 3174 4091 12,
3208 4025 3445 4077 auctore
3466 4022 3724 4077 Hobierio
3754 4040 3781 4069 »

2884 4130 3041 4183 1640.

2209 4242 2236 4269 ‹‹
2265 4220 2476 4275 Vanam
2517 4219 2761 4274 GALLICA
2792 4220 2862 4273 Il.
2890 4219 3056 4273 Libro
3087 4219 3160 4274 De
3179 4218 3368 4274 Pallio
3396 4233 3533 4273 cura
3590 4216 3774 4271 Titre-

2136 4308 2279 4377 villi,
2313 4309 2497 4365 Paris.
2527 4330 2555 4358 »

2890 4397 3051 4451 1641.

2209 4488 2378 4542 Lutet.
2415 4488 2601 4542 Paris.
2634 4503 2681 4542 c.
2704 4487 2915 4557 insigni
2943 4502 3159 4557 magna
3180 4484 3485 4541 navis.Fol.
3520 4482 3686 4539 Tomi
3714 4483 3781 4537 ll.

2137 4576 2199 4640 Q.
2225 4576 2382 4647 Sept.
2444 4574 2591 4631 Flor.
2638 4579 2790 4631 Tert.
2843 4591 3040 4646 opera,
3085 4573 3471 4645 argumentis,
3521 4570 3782 4643 explica-

1292 4666 1477 4719 Jaccbi
1550 4664 1788 4719 Pamelii
1854 4665 2414 4739 Brug.1)tionibus,
2474 4664 2628 4720 notis
2676 4664 2991 4733 illustrata,
3042 4668 3195 4719 auct.
3260 4664 3341 4718 Jo.
3408 4661 3544 4716 Lud.
3602 4660 3667 4715 de
3728 4660 3784 4713 la

2135 4752 2322 4808 Cerdo.
2358 4753 2511 4824 (Vid.
2545 4753 2646 4807 Ed.
2683 4752 2881 4823 prim.)

2810 4842 2913 4899 54
2975 4842 3099 4896 641.

2205 4932 2303 4987 Eo.
2328 4936 2673 4987 RIGALTIANA
2705 4931 2773 4985 ΙΙ.
2806 4962 2875 4971 ——
2932 4932 3185 4999 Lutetiae,
3234 4938 3433 5003 sumpt.
3466 4928 3650 4985 Matth.
3701 4927 3783 4981 Du

2130 5023 2288 5091 Puis,
2314 5026 2423 5077 etc.
2467 5022 2505 5076 f.
2559 5019 3039 5075 Observationibus
3092 5030 3145 5075 et
3192 5022 3350 5075 Notis
3404 5023 3566 5089 atque
3612 5018 3781 5072 etiam

2135 5110 2403 5166 Glossario
2435 5112 2673 5174 auctior,
2710 5110 2881 5177 cujus
2912 5109 3246 5181 exemplum
3292 5126 3425 5163 cum
3486 5108 3778 5176 frequent.

2132 5199 2261 5256 coll.
2299 5199 2478 5254 Codd.
2506 5215 2650 5253 mss.
2684 5198 2860 5269 impr.
2893 5197 3249 5268 Agobardini
3281 5197 3336 5252 in
3390 5196 3530 5253 Bibl.
3582 5194 3779 5249 Baluz.

2131 5343 2323 5398 riones
2356 5342 2570 5397 scribat
2614 5338 2930 5410 aliquando
2989 5338 3271 5393 hodierno
3320 5333 3588 5410 Ecclesiae
3646 5331 3777 5410 usui

2132 5432 2335 5487 parum
2370 5405 2811 5487 consentaneas.
2845 5415 2974 5463 Haec
3000 5410 3289 5487 Dupi_nius
3314 5414 3375 5487 et
3407 5405 3579 5487 paulo
3611 5406 3777 5487 post;

2133 5478 2220 5541 llli
2254 5486 2548 5557 (Rigaltio)
2576 5484 2959 5557 exprobratur
3011 5478 3172 5557 quod
3197 5478 3550 5553 conjecturis
3608 5478 3781 5530 fuerit

2130 5554 2406 5613 audacior
2464 5573 2567 5611 nec
2604 5554 2747 5610 satis
2770 5557 3077 5610 accuratus
3108 5556 3178 5609 ad
3235 5558 3542 5609 Auctorem
3601 5562 3775 5602 suum

2130 5630 2387 5701 antiquis
2419 5626 2839 5696 manuscriptis
2871 5628 3410 5701 rocognoscendum
3442 5628 3498 5678 et
3528 5621 3772 5701 tandem

2129 5692 2290 5771 suae,
2323 5704 2424 5756 aut
2451 5702 2703 5771 altorum
2725 5692 3412 5771 eontextui'codjecturas
3441 5692 3605 5750 nulla
3650 5706 3775 5745 ma-

2129 5770 2565 5845 nuscriptorum
2591 5770 2760 5827 nixus
2791 5770 3155 5827 auctoritate.
3186 5774 3328 5830 Eun.
