4148 6188
346 414 419 469 57
1835 411 2282 473 ΡΒιΕΡΑΤῙΟ.
3680 411 3759 472 58

2926 548 3015 600 51.

2182 658 2209 685 ‹‹
2241 636 2581 692 Tertulliani
2604 653 2738 709 opp.
2801 548 3026 708 pciefisitia
3053 632 3235 689 edidit
3264 631 3506 686 Andreas
3527 632 3756 686 Rivinus

2109 740 2175 779 ac
2207 730 2339 796 post
2368 726 2716 782 Pamelium.
2745 726 2985 782 Junium
3020 722 3322 778 Barthium
3355 721 3557 776 breves
3588 724 3754 775 notas

2107 814 2358 884 addidit,
2389 816 2662 886 Goth.,8.
2700 838 2726 865 ››

342 546 627 601 exstabat.
662 550 796 601 Post
828 544 979 599 hanc
1011 546 1313 616 repetitam
1339 559 1467 600 esse
1489 543 1877 617 Rigaltianam
1898 549 2000 600 Pa—
2028 564 2083 629 Α

339 634 520 705 risiis,
554 635 716 705 1644,
749 635 837 701 46,
870 635 942 688 50
971 639 1027 689 et
1054 635 1143 699 58,
1180 634 1447 689 Oudinus
1476 636 1750 691 aftirmat.

1097 723 1258 778 1644.

412 834 441 863 ‹‹
478 813 759 869 PAGANINI
792 812 1111 868 Gsuneu'rn
1133 811 1412 884 opuscula
1444 812 1835 884 tria,quorum
1870 811 2000 867 ulti-

336 918 508 956 mum
540 902 605 957 de
634 903 1026 973 philosophicis
1072 903 1435 969 opinionibus
1464 913 1709 957 veterum
1738 904 1999 959 Ecclesiae

335 990 803 1059 Patrum,multa
833 991 903 1046 de
932 990 1290 1047 Tcrtulliano
1312 992 1540 1063 quierit.
1577 991 1745 1059 Pisis,
1776 993 1945 1047 inut".
1966 1014 1994 1042 ››

2886 904 3044 958 1655.

2183 1016 2201 1041 ι
2240 998 2429 1048 Haam.
2475 994 2779 1049 RATHMANI
2816 991 3143 1062 Theosophia
3172 994 3260 1045 ter
3289 988 3447 1044 edita
3476 988 3587 1043 sub
3607 1002 3749 1041 novo

1135 1081 1288 1135 1644.

406 1191 437 1219 ‹‹
472 1168 649 1224 Vens.
688 1170 843 1223 H159.
881 1168 928 1224 II
960 1170 1197 1225 Malriti.
1225 1169 1261 1222 f.
1293 1200 1353 1209 —
1376 1169 1721 1224 Tertulliani
1759 1169 1905 1225 liber
1925 1170 1995 1225 de

340 1257 635 1312 Patientia
663 1274 799 1312 cum
852 1258 1202 1313 commentis
1234 1259 1384 1314 Orii.
1446 1258 1564 1314 Cat.
1598 1259 1746 1316 Bibl.
1787 1260 1989 1315 Pinell.

330 1352 371 1402 t.
409 1348 450 1402 ι.
474 1363 532 1418 p.
558 1348 647 1401 89.
682 1369 710 1397 ››

1155 1436 1313 1490 1644.

403 1548 432 1574 ‹‹
465 1525 682 1579 Vsasxo
717 1526 1024 1580 HISPANICA
1056 1524 1103 1579 II
1136 1524 1288 1581 Libr.
1342 1527 1412 1580 ad
1445 1525 1779 1598 Scapulam,
1812 1527 1989 1582 inter-

332 1623 498 1687 prete
529 1615 648 1670 Pet.
686 1615 939 1682 Manero,
964 1616 1156 1670 Cassar
1187 1618 1430 1687 August.
1466 1636 1493 1665 »

1092 1705 1249 1759 1645.

401 1792 617 1848 Veneto
648 1793 888 1847 GALLICA
920 1791 1078 1847 II.—
1100 1793 1340 1848 Librum
1373 1794 1443 1849 de
1477 1795 1824 1851 Pmnitentia
1855 1812 1989 1851 cum

333 1881 469 1936 aliis
504 1882 741 1936 Patrum
789 1882 860 1936 de
917 1882 1024 1936 hac
1078 1884 1325 1937 materia
1375 1884 1719 1939 tractatibus
1775 1884 1990 1940 Gallice

2106 1082 2375 1137 nomine:
2412 1083 2668 1138 Medulla
2700 1082 2960 1147 Patrum,
2992 1081 3102 1135 hoc
3131 1084 3219 1135 est
3249 1082 3579 1133 Consensus
3605 1076 3746 1130 har-

2105 1171 2409 1226 moniacus
2442 1172 2677 1227 Patrum
2713 1171 2844 1226 fidei
2877 1171 3129 1240 antiquas
3160 1175 3217 1223 et
3244 1168 3371 1222 vitae
3423 1183 3554 1221 vere
3585 1165 3751 1220 Chri-

2103 1262 2327 1329 stianae,
2360 1262 2532 1316 certis
2574 1278 2677 1332 per
2706 1260 2864 1316 locos
2920 1258 3278 1329 theologicos
3332 1254 3750 1326 porismatibus

2102 1350 2502 1417 consignatus,
2526 1356 2682 1405 certa
2707 1355 2764 1404 et
2794 1348 3078 1404 salutaria
3132 1351 3334 1401 contra
3379 1342 3744 1399 adversarios

2102 1440 2337 1509 quosvis
2358 1441 2597 1494 tradens
2628 1441 2997 1494 documenta.
3033 1438 3092 1491 In
3151 1436 3266 1489 ﬁne
3297 1434 3530 1489 additur
3560 1430 3747 1486 Theo-

2101 1528 2255 1599 logia
2286 1528 2547 1583 Practica
2603 1544 2632 1582 6
2676 1525 3018 1582 Tertulliani
3066 1530 3121 1579 et
3168 1522 3435 1595 Cypriani
3491 1520 3741 1593 propriis

2098 1616 2289 1671 verbis
2320 1617 2664 1671 confirmata
2693 1622 2751 1670 et
2781 1614 2895 1669 luci
2928 1614 3189 1685 exposita
3219 1617 3310 1667 est
3335 1630 3367 1667 a
3398 1612 3473 1666 M.
3508 1615 3738 1666 Herm.:

2102 1704 2493 1760 Ratbmanno.
2529 1706 2907 1775 Witemberg.
2946 1726 2973 1753 ››

2843 1794 3002 1847 1656.

2170 1884 2338 1953 Lugd.
2385 1886 2506 1938 Bal.
2558 1900 2630 1938 ex
2686 1884 2776 1955 θῇ.
2835 1884 2914 1938 Jo.
2976 1881 3164 1935 Maire.
3213 1880 3268 1933 8.
3328 1880 3392 1943 Ο.
3444 1879 3598 1948 Sept.
3662 1877 3743 1933 [τι.

320 1973 500 2027 vertit
527 1973 818 2028 Antonius
847 1972 1141 2029 Arnaldus
1172 1978 1229 2029 et
1260 1973 1444 2028 Paris.
1480 1974 1832 2047 evulg.inter
1861 1976 1989 2046 ejus
2028 1933 2068 1997 Β
2099 1933 2443 2028 Terttilliani
2475 1972 2624 2027 liber
2644 1933 2946 2028 deuPallio.
2979 1969 3256 2025 Claudius
3276 1933 3747 2023 Salmasiusante

328 2078 499 2133 opp.,
534 2066 577 2116 t.
611 2061 1011 2132 XXVIII,edit.
1046 2062 1256 2127 Paris,
1290 2063 1455 2118 1779.

1089 2152 1247 2205 1646.

399 2242 677 2294 «Veneto
708 2244 946 2294 GALLICA
985 2239 1036 2294 II
1097 2240 1453 2312 Apologetici
1512 2241 1707 2296 studio
1766 2242 1985 2298 Ludov.

320 2326 515 2398 Gyrii,
540 2328 749 2383 in-12°.
777 2350 807 2379 ››

874 2418 1012 2472 1646
1040 2448 1109 2458 -—
1142 2418 1209 2471 48
1239 2449 1306 2459 ——
1331 2418 1402 2472 50
1431 2420 1566 2491 (61).

391 2507 634 2561 Parisiis
670 2522 756 2577 ap.
806 2506 976 2562 Mich.
1027 2507 1169 2576 Sotg.
1223 2509 1317 2561 via
1374 2509 1628 2565 Jacobxa
1670 2508 1766 2564 sub
1821 2510 1982 2578 signo

315 2595 743 2669 Phcsmcis.fol.
776 2595 939 2651 Tomi
975 2596 1072 2650 III.
1103 2597 1485 2652 Tertullianus
1540 2599 1837 2664 redivivus,
1873 2615 1982 2654 sco-

319 2684 420 2739 liis
449 2690 501 2739 et
531 2684 1002 2739 observationibus
1026 2686 1364 2740 illustratus.
1422 2688 1483 2740 In
1541 2704 1651 2758 quo
1698 2689 1985 2758 utriusque

309 2776 464 2844 juris
496 2776 682 2843 forma
715 2776 789 2830 ad
810 2777 1081 2844 originem
1128 2793 1288 2831 suam
1344 2786 1670 2834 recensetur.
1706 2781 1777 2832 Et
1807 2780 1982 2834 avita

316 2863 545 2934 pietatis
596 2866 931 2919 amatoribus
972 2866 1291 2936 inquirendi
1346 2882 1542 2921 norma
1583 2867 1977 2937 praescribitur.

319 2953 557 3007 Auctare
580 2955 643 3008 P.
678 2956 926 3024 Georgio,
986 2955 1332 3022 Ambianate,
1391 2956 1649 3009 Minorila
1682 2955 1977 3026 Capucino,

324 3042 569 3097 Parisiis
598 3044 746 3112 apud
790 3060 919 3097 suos
964 3045 1279 3113 Professore
1328 3044 1603 3116 leologo.
1661 3045 1859 3099 Facete
1880 3045 1977 3099 Ri-

322 3130 546 3201 galtius
577 3132 799 3202 grande
831 3132 939 3187 hoc
962 3132 1239 3202 Capucini
1266 3150 1413 3204 opus
1427 3134 1743 3204 respiciens
1761 3133 1816 3187 in
1834 3150 1977 3205 pra:-

319 3219 544 3274 fatione
574 3221 731 3275 notis
780 3221 835 3275 in
899 3224 1064 3294 Cypr.
1123 3221 1425 3292 praemissa
1476 3222 1714 3277 scribit:
1776 3222 1975 3284 Quoad

2101 2066 2345 2117 mortem
2380 2061 3041 2133 recensuit,explicavit,
3077 2058 3231 2114 notis
3264 2057 3601 2113 illustravit.
3636 2063 3746 2113 Ac-

2099 2153 2252 2207 cedit
2279 2168 2416 2208 vera
2445 2153 2516 2207 ad
2547 2152 2744 2207 vivum
2777 2151 3042 2222 ejusdem
3074 2148 3321 2221 elﬁgies.

2851 2241 3007 2295 1657.

2168 2331 2556 2408 (Ανρεηιοναίἱἶ
2610 2332 2664 2386 8.
2723 2328 3060 2386 Tertulliani
3119 2342 3313 2397 opera,
3373 2341 3548 2397 opera
3604 2325 3746 2380 Boe-

2095 2419 2278 2491 cleri.)
2310 2420 2394 2476 Ita
2425 2421 2723 2476 Standius.
2767 2420 3036 2476 Gudinus
3092 2421 3293 2473 contra
3333 2415 3496 2486 hujus
3542 2415 3648 2469 loci
3692 2418 3743 2469 et

2093 2514 2231 2566 anni
2259 2513 2643 2582 repetitionem
2673 2511 3007 2583 Rigaltianm
3062 2508 3251 2564 forma
3309 2522 3423 2561 non
3482 2504 3740 2560 indicata

2092 2606 2532 2657 commemorat.

2835 2689 2993 2743 1658.

2164 2778 2403 2833 Parisiis
2425 2795 2513 2848 ap.
2554 2780 2669 2834 Jac.
2702 2778 2893 2831 Dallin
2925 2777 3199 2844 subsigno
3247 2774 3302 2830 S.
3369 2773 3630 2844 Stephani
3684 2775 3741 2827 et

2092 2867 2344 2921 Thomam
2374 2868 2492 2936 Joty
2523 2866 2621 2920 sub
2650 2868 2805 2936 signo
2843 2858 2987 2919 scuti
3043 2863 3379 2926 Hollandiae,
3435 2865 3527 2918 via
3579 2867 3740 2919 Jaco-

2091 2956 2243 3010 baea:
2280 2954 2553 3010 foI.Tomi
2584 2955 2680 3009 IlI.
2704 2951 3499 3020 TertullianiOmniloquium
3520 2949 3735 3019 Alpha-

2089 3045 2345 3099 beticum
2407 3043 2709 3099 Rationale
2778 3042 3158 3115 Triparitum,
3217 3040 3334 3094 sive
3389 3037 3732 3093 Tertulliani

2089 3149 2265 3204 opera
2290 3134 2491 3187 omnia
2523 3134 2580 3187 in
2608 3149 2821 3188 novum
2857 3132 3143 3200 ordinem,
3169 3129 3451 3183 hactenus
3475 3128 3730 3180 intenta-

2086 3227 2209 3277 tum
2236 3226 2291 3277 et
2324 3221 2568 3289 facilem,
2603 3221 2877 3276 omnibus
2902 3220 3207 3289 utriusque
3230 3216 3335 3272 fori
3367 3214 3729 3283 Oratoribus,

316 3307 754 3363 Tertullianum
788 3310 1019 3374 attinet,
1053 3310 1142 3364 vix
1162 3315 1270 3379 est,
1296 3315 1360 3365 ut
1391 3311 1681 3365 redivivus
1711 3328 1973 3382 unquam
2008 3302 2050 3370 C
2091 3329 2283 3368 rerum
2335 3312 2730 3367 humanarum
2791 3311 3241 3380 divinarumque
3298 3305 3735 3362 Professoribus

316 3398 391 3451 ab
426 3397 546 3452 ullo
578 3398 916 3454 mortalium
940 3399 1053 3454 dici
1086 3398 1528 3471 queat,quijam
1559 3401 1636 3455 sit
1666 3400 1973 3456 horrendis

311 3486 405 3541 vel
428 3486 743 3557 grandium
769 3488 1326 3543 commentariorum
1359 3489 1607 3544 sarcinis
1641 3489 1889 3544 obrutus
1920 3494 1976 3543 et

313 3576 637 3632 contritus.
660 3608 729 3616 —
753 3577 1076 3647 Antequam
1111 3582 1304 3632 autem
1328 3578 1397 3632 ad
1446 3578 1576 3649 ipsa
1627 3578 1973 3633 Tertulliani

312 3681 496 3736 opera
528 3664 761 3720 recedat
793 3665 992 3721 scoliis
1025 3666 1150 3720 suis
1181 3671 1239 3721 et
1292 3667 1803 3723 observationibus
1832 3666 1973 3722 illu-

314 3754 586 3820 stranda,
623 3754 921 3824 praemittit
941 3754 1225 3810 vindicias
1249 3756 1971 3827 Tertullianicas,quarum

310 3843 508 3914 prima
540 3847 707 3914 parte
738 3843 808 3899 de
838 3843 1180 3899 Tertulliani
1206 3845 1413 3917 patria,
1446 3846 1814 3912 educatione,
1841 3851 1971 3901 stu-

310 3932 431 3986 diis
464 3930 717 4002 aliisque
741 3932 813 3986 ad
845 3933 1023 3988 vitam
1047 3933 1176 4004 ejus
1210 3933 1535 3989 naturalem
1567 3935 1971 4005 spectantibus

310 4021 458 4093 agit.
493 4022 554 4075 In
588 4022 848 4077 secunda
878 4023 1213 4093 parteinter
1243 4022 1355 4077 alia
1384 4023 1971 4095 disquiritur,quibus

306 4110 553 4165 motivis
584 4111 653 4165 ad
686 4110 1083 4166 Christianam
1117 4112 1294 4166 ﬁdem
1329 4112 1621 4168 adductus
1654 4113 1874 4168 fuerit?
1896 4131 1968 4169 an

306 4197 515 4253 statim
541 4214 573 4252 a
605 4197 980 4253 conversione
1009 4198 1306 4269 baptismo
1338 4200 1602 4255 initiatus
1636 4201 1811 4255 fuerit
1840 4201 1866 4255 ‘t
1894 4219 1967 4257 an

306 4290 369 4341 et
392 4302 633 4341 uxorem
667 4286 736 4340 ad
760 4286 935 4341 fidem
958 4289 1202 4342 traxerit
1229 4288 1257 4343 ?
1304 4305 1376 4343 an
1437 4288 1705 4344 Ecclesia:
1736 4290 1965 4357 Doctor,

306 4392 383 4429 an
415 4376 726 4441 Sacerdos,
752 4392 825 4431 an
857 4376 1200 4442 Monachus,
1234 4394 1305 4432 an
1336 4382 1552 4449 Martyr
1580 4378 1799 4433 fuerit?
1828 4380 1967 4434 Ter-

302 4466 389 4520 tia
419 4464 809 4520 vindiciarum
830 4482 965 4536 pars
987 4466 1056 4521 de
1069 4465 1416 4522 Tertulliani
1440 4468 1705 4524 doctrina
1722 4469 1968 4540 ejusque

305 4554 549 4626 scriptis
598 4558 720 4608 tam
755 4554 1136 4626 apologaticis
1160 4573 1336 4627 quam
1369 4556 1671 4628 polemicis
1697 4562 1751 4612 et
1782 4575 1966 4629 parae-

303 4643 521 4699 neticis
550 4643 691 4715 agit.
727 4644 808 4698 Ita
856 4650 1049 4700 autem
1085 4646 1154 4701 de
1187 4646 1451 4701 doctrina
1503 4647 1629 4717 ejus
1685 4663 1746 4703 se
1796 4665 1965 4720 agere
1996 4669 2042 4732 D

2084 3401 2563 3473 acScriptoribus
2596 3400 2823 3466 utilem,
2882 3398 3186 3470 disposita,
3246 3397 3533 3469 exposita,
3594 3394 3729 3449 illu-

2084 3494 2268 3546 strata
2312 3508 2487 3561 opera
2542 3491 2739 3545 fratris
2799 3490 2988 3545 Caroli
3042 3490 3263 3544 Morcau
3317 3484 3734 3558 Augustiniani

2082 3578 2316 3634 Ordinis
2347 3578 2736 3634 Eremitarum
2761 3578 3119 3633 Communit.
3171 3576 3517 3631 Bituricens.
3576 3574 3730 3629 Con-

2081 3672 2288 3724 ventus
2320 3669 2548 3740 Reginae
2581 3668 2923 3740 Margaritaz,
2948 3667 3007 3721 in
3032 3665 3333 3722 suburbiis
3364 3665 3421 3719 S.
3455 3662 3727 3719 Germani

2083 3757 2265 3812 Paris.
2301 3757 2447 3819 Quid
2484 3757 2617 3812 novi
2650 3756 2987 3828 praestiterit
3040 3757 3257 3809 Auctor
3303 3754 3361 3807 in
3394 3753 3504 3807 hoc
3534 3767 3727 3821 opere,

2083 3862 2377 3900 summam
2411 3846 2737 3918 Theologiae
2766 3844 3152 3909 scholasticae,
3186 3842 3443 3914 positive
3466 3845 3731 3896 etmora-

2081 3934 2152 3989 lis
2184 3952 2253 3989 ex
2282 3935 2584 4006 Scriptura
2614 3940 2669 3988 Β.
2705 3935 2975 3989 Patribus
3006 3938 3063 3988 et
3119 3930 3482 3987 Tertulliano
3526 3932 3583 3985 et
3612 3931 3728 3983 Au-

2080 4024 2315 4095 gustino
2348 4023 2601 4078 maxime
2649 4026 2952 4094 decerptis,
3004 4020 3448 4091 complectente,
3480 4034 3727 4088 sequens

2080 4114 2293 4184 pagina
2320 4111 2626 4166 indicabit.
2660 4111 2879 4166 Titulos
2910 4111 2957 4166 II
2990 4115 3046 4165 et
3103 4110 3179 4165 III
3208 4106 3529 4163 voluminis
3570 4106 3725 4161 haud

2080 4202 2277 4257 minus
2311 4200 2567 4273 prolixos
2609 4200 2958 4268 omittimus,
3005 4202 3061 4254 et
3092 4198 3140 4253 si
3187 4212 3462 4251 summam
3516 4211 3722 4265 rerum,

2078 4307 2212 4361 quas
2244 4291 2310 4346 de
2336 4306 2471 4345 novo
2528 4290 2760 4344 contulit
2792 4292 2987 4344 Auctor
3020 4286 3089 4341 ad
3135 4285 3573 4341 illustrationem
3603 4284 3724 4338 Ter-

2078 4380 2310 4435 tulliani
2342 4395 2473 4451 pag.
2513 4378 2697 4434 altera
2741 4379 2906 4433 Tomi
2963 4376 3136 4450 primi
3192 4375 3471 4442 exhibita,
3503 4373 3724 4430 descri-

2076 4473 2235 4541 ptam
2269 4468 2630 4533 dederimus,
2664 4469 2808 4523 satis
2838 4467 3050 4539 cuique
3106 4467 3177 4522 de
3207 4465 3441 4540 ingenio
3482 4464 3722 4521 editoris

2078 4558 2388 4614 constabit.
2423 4558 2506 4613 Ita
2535 4574 2669 4613 vero
2700 4557 2823 4612 haec
2853 4561 3052 4612 sonat:

2148 4672 2175 4699 ‹‹
2201 4649 2359 4721 Opus
2376 4648 2486 4705 hoc
2504 4664 2719 4703 novum
2740 4646 3103 4719 tripartitum
3125 4646 3315 4701 tribus
3329 4644 3505 4699 tomis
3526 4643 3720 4698 absol-

303 4734 640 4806 proﬁtetur,
676 4737 743 4787 ut
791 4734 921 4803 ejus
950 4736 1046 4791 55
1098 4752 1323 4791 errores
1367 4736 1425 4790 in
1477 4737 1690 4792 bonam
1739 4742 1962 4809 partem
2073 4743 2249 4794 vitur.
2291 4738 2524 4793 Primus
2558 4738 2649 4792 hic
2694 4742 2813 4792 tres
2846 4741 3041 4807 partes
3071 4734 3494 4805 complectitur.
3532 4732 3721 4789 Prima

301 4822 681 4894 interpretari
713 4822 950 4877 nitatur.
986 4823 1115 4879 Haec
1144 4829 1202 4880 et
1248 4824 1417 4897 plura
1446 4842 1622 4896 super
1677 4825 1785 4881 hac
1842 4828 1962 4882 edi-

300 4914 465 4967 tione
496 4910 795 4981 lttigiusin
826 4911 972 4967 Hist.
1009 4914 1157 4968 Eccl.
1192 4915 1315 4970 Sec.
1372 4915 1444 4984 II,
1475 4932 1531 4987 p.
1563 4916 1627 4969 71
1655 4931 1743 4986 sq.

1064 5002 1221 5057 1650.

2074 4828 2308 4899 quidem
2341 4843 2545 4882 omnes
2576 4824 3196 4891 librosTertulliani,in
3228 4822 3489 4876 ordinem
3513 4822 3719 4893 alpha-

2072 4916 2326 4970 beticum
2361 4913 2636 4985 digestos,
2672 4914 2908 4983 profert,
2962 4911 3243 4984 supplens
3279 4916 3529 4982 quatuor
3558 4910 3721 4965 defe-

2071 5009 2201 5060 ctus
2233 5002 2540 5068 notabiles,
2573 5002 2632 5056 in
2684 5002 2958 5058 omnibus
3019 5003 3305 5057 hactenus
3361 4999 3717 5056 editionibus

372 5089 552 5143 Lond.
613 5090 665 5142 8.
727 5086 1071 5142 Tertulliani
1104 5089 1391 5161 opuscula
1437 5091 1620 5146 varia.
1679 5122 1748 5130 -——
1803 5092 1961 5146 Inter
2070 5092 2516 5165 praetermissos,
2548 5090 2606 5144 in
2631 5091 3073 5162 praefatiuncula
3105 5090 3512 5163 praemittenda
3543 5095 3717 5145 nota-

294 5182 506 5233 Franc.
528 5180 709 5245 Bous,
734 5176 989 5232 Medulla
1022 5181 1255 5234 Patrum
1289 5196 1420 5252 pag.
1454 5180 1560 5236 293
1588 5212 1656 5220 —
1680 5182 1803 5235 468.
1840 5180 1953 5236 Cat.

294 5270 552 5323 Buneau.

361 5461 481 5533 (6t)
528 5462 615 5517 Ita
646 5463 771 5532 jam
831 5462 1063 5535 Ceillier
1114 5481 1168 5535 p.
1217 5466 1342 5520 526.
1406 5467 1474 5535 II,
1548 5469 1603 5521 et
1654 5467 1753 5522 Gat
1803 5467 1948 5523 Bibl.

286 5533 582 5604 Chigianze
615 5551 664 5587 ν.
703 5534 1039 5590 Ambianas.
1074 5533 1185 5591 sed
1218 5533 1521 5593 variantin
1547 5555 1833 5594 annorum
1859 5540 1950 5593 in-

286 5608 442 5681 dicio
480 5606 600 5681 vv.
634 5606 754 5681 ne.
816 5606 1042 5681 Fabric.
1080 5608 1219 5681 (Del.
1258 5628 1311 5681 ρ.
1366 5612 1517 5681 213.)
1578 5612 1715 5665 1646
1753 5616 1810 5665 et
1857 5614 1944 5668 48.

287 5678 589 5763 Dapinius
787 5682 844 5763 c‘t
870 5679 961 5763 5RD,
994 5678 1462 5763 profertfquare
1500 5678 1829 5763 utrumque
1850 5700 1945 5763 se:

287 5746 400 5821 qui
425 5748 678 5824 placuit.
716 5746 864 5807 Male
886 5746 1141 5810 San'dius
1173 5746 1339 5824 qUaéi
1387 5752 1695 5826 repetitam
1724 5746 1777 5811 ὃ..
1814 5755 1947 5810 1650
2035 5805 2041 5815 .

2067 5190 2159 5239 tos
2190 5183 2321 5254 (62).
2356 5182 2457 5237 56
2488 5181 2775 5245 Secunda,
2827 5181 3083 5252 pacifice,
3116 5186 3173 5235 et
3221 5182 3440 5250 absque
3472 5184 3714 5235 conten-

2064 5272 2215 5328 tiosa
2245 5269 2659 5337 controversia,
2702 5270 2879 5324 tacito
2938 5269 3113 5324 etiam
3147 5268 3463 5324 adversarii
3513 5270 3713 5339 cujus-

2060 5467 2212 5523 hanc
2244 5467 2558 5523 editionem
2588 5464 2812 5534 laudat,
2847 5464 2961 5520 nisi
2993 5465 3382 5538 negligentius
3431 5466 3539 5522 hoc
3563 5466 3708 5522 scri-

2060 5540 2263 5612 pserit,
2311 5555 2443 5595 cum
2502 5540 2765 5612 diversas
2822 5538 3109 5612 editiones
3152 5538 3478 5612 significare
3534 5539 3707 5612 vellet

2059 5608 2260 5680 tactas,
2290 5629 2341 5666 a.
2376 5612 2534 5667 4648.
2579 5610 2633 5665 Ρ.
2686 5610 2915 5682 Georgii
2973 5615 3029 5665 et
3076 5627 3127 5665 a.
3176 5611 3333 5679 1650,
3392 5609 3563 5664 aliam
3607 5608 3705 5662 Ri-

2057 5684 2327 5757 galtianaz
2352 5701 2432 5757 sc.
2469 5681 2895 5757 repetitionem.
2931 5681 3261 5757 Scaoaussi.

2127 5757 2240 5828 (62)
2270 5755 2481 5823 Quales
2502 5746 2551 5810 Τ
2578 5753 2851 5826 equidem
2901 5769 3004 5809 nec
3061 5753 3216 5808 dioto
3277 5750 3399 5805 loco
3452 5746 3703 5819 reperire
