4148 6188
443 430 518 491 59
1918 425 2356 488 PRJEFATIO.
3773 431 3852 488 60

444 576 680 631 cunque
711 558 944 614 nomine
976 559 1133 614 nudo
1162 558 1443 624 veritatis,
1468 561 1525 613 et
1571 556 1801 629 pietatis
1833 556 1896 612 S.
1938 556 2089 611 Patri
2120 558 2173 624 Α
2205 559 2511 617 (latioribus
2534 560 2869 617 editionibus
2893 561 3091 617 menda
3116 575 3460 621 correxisse;
3489 558 3859 629 virgularum.

443 649 793 721 Augustino,
828 647 1034 702 debitae
1065 664 1170 702 nec
1214 664 1327 701 non
1363 646 1544 701 totius
1596 646 1789 716 operis
1847 660 1914 699 ex
1972 645 2100 714 ejus

442 738 749 793 sententiis
784 736 1121 791 lectissimis
1145 736 1396 790 contexti
1424 737 1495 789 ab
1518 735 1678 789 omni
1711 733 2102 788 aemulationis

444 828 658 898 injuria
690 827 918 881 tutandi
971 831 1261 895 respectu,
1295 824 1492 888 diluit,
1529 824 1915 894 Alphabetum
1943 838 2099 877 erro-

441 933 572 971 rum
608 932 908 987 perperam
928 915 1352 985 imputatorum
1388 917 1421 967 A
1436 911 2104 982 ugustino,Tertulliani

442 1006 501 1059 in
534 1004 812 1059 omnibus
838 1003 999 1059 sanis
1034 1002 1408 1067 illustratori,
1455 1003 1511 1055 in
1574 1002 1859 1074 perversis
1909 1016 2102 1055 corre-

440 1095 605 1150 ctori.
644 1093 746 1148 Ubi
778 1098 904 1147 tota
935 1093 1061 1162 ejus
1093 1092 1380 1157 doctrina,
1408 1091 1659 1146 maxime
1694 1107 1823 1145 vero
1867 1090 1936 1144 de
1969 1081 2107 1161 pras'

440 1182 853 1251 destinatione,
890 1184 1097 1253 gratia,
1130 1185 1185 1235 et
1217 1179 1400 1235 libero
1428 1179 1691 1244 arbitrio,
1722 1196 1835 1233 non
1877 1179 2105 1250 privata

442 1272 618 1326 unius
650 1271 927 1340 auctoris,
962 1270 1059 1324 sed
1122 1269 1438 1333 Catholica,
1489 1274 1545 1323 et
1574 1270 1644 1323 ad
1676 1274 1731 1322 S.
1767 1268 2104 1340 Scriptura,

442 1360 702 1428 Patrum,
736 1359 1144 1414 Conciliorum.
1179 1358 1629 1413 SS.Pontificum
1662 1362 1717 1412 et
1745 1356 2101 1411 Tridentinaa

443 1465 619 1521 quam
640 1448 893 1504 maxime
914 1448 1129 1521 Synodi
1161 1452 1219 1503 et
1238 1446 1686 1503 Constitutionis
1711 1445 2034 1502 Innocentii
2058 1450 2106 1498 X

441 1538 500 1591 in
535 1537 796 1608 quinque
832 1536 1119 1607 Proposit.
1156 1538 1435 1601 Censura,
1471 1536 1722 1607 regulas,
1786 1540 1983 1590 exacte
2026 1549 2109 1589 re-

441 1627 650 1693 ducta;
684 1630 740 1681 et
770 1643 875 1697 per
903 1627 973 1679 27
1005 1626 1362 1697 quaestiones
1394 1626 1622 1680 curiose
1670 1625 1961 1688 discussa,
2014 1639 2108 1678 or-

444 1716 705 1772 thodoxa
756 1732 995 1787 prorsus
1074 1732 1201 1770 esse
1273 1714 1663 1770 convincitur.
1737 1714 1930 1769 Tertia
1974 1729 2110 1785 pars

445 1822 737 1871 erroneas,
775 1805 1097 1873 haereticus,
1132 1804 1513 1875 durioresque
1537 1804 1862 1858 sententias
1883 1801 2109 1857 Tertul-

445 1894 585 1951 liani
620 1913 653 1950 a
684 1912 824 1950 sana
860 1896 989 1965 ejus
1022 1893 1289 1948 doctrina
1315 1897 1637 1964 separatas,
1663 1891 1867 1948 ordine
1896 1891 2111 1961 pariter
2140 1923 2189 1989 Β

444 1983 813 2056 alphabetico
846 1988 1153 2038 contextas
1192 1981 1426 2051 evolvit,
1460 1981 1711 2053 explicat
1739 1986 1795 2036 et
1822 1980 2115 2035 Catholica

444 2077 503 2128 S.
535 2077 594 2127 P.
656 2072 966 2144 Augustini
1011 2072 1278 2127 doctrina
1335 2070 1625 2126 dissolvit.
1688 2074 1830 2125 Cum
1881 2069 2112 2141 gemino

446 2163 715 2218 secundae
759 2166 817 2217 et
874 2161 1057 2216 tertia;
1116 2161 1304 2231 partis
1366 2159 1603 2231 proprio
1652 2159 1889 2227 indice;
1930 2158 2111 2214 altero

450 2251 717 2307 locorum
779 2249 1100 2306 selectioris
1140 2249 1445 2321 scripturae
1500 2248 1719 2303 ibidem
1788 2247 2110 2320 explicatae:

446 2340 627 2397 altero
655 2356 849 2396 rerum
896 2339 1343 2395 notabiliorum.
1378 2338 1664 2393 Secundus
1693 2340 1747 2391 et
1788 2338 1998 2391 Tertius
2024 2337 2111 2393 Τοῖ’

451 2447 571 2484 mus
625 2430 931 2501 patiuntur
981 2427 1176 2482 omnia
1220 2444 1365 2482 sana
1422 2409 1688 2496 ejusdem
1756 2399 2111 2480 Tertullian1

452 2536 628 2589 opera
660 2519 716 2573 in
751 2518 915 2572 locos
952 2533 1298 2573 communes
1321 2516 1525 2571 ordine
1558 2532 1703 2571 novo
1749 2520 1805 2570 et
1834 2515 2118 2569 hactenus

455 2609 764 2673 intentato,
798 2624 913 2662 non
939 2612 1167 2661 tantum
1213 2605 1605 2677 alphabetico,
1664 2605 1762 2660 sed
1814 2605 1988 2659 etiam
2029 2621 2115 2658 ra-

450 2694 1044 2751 tionaliexactissime
1071 2694 1370 2760 distincta,
1433 2694 1702 2749 brevibus
1758 2692 2001 2748 scholiis
2035 2692 2107 2746 ad

451 2785 687 2857 singula
712 2800 957 2856 quaeque
988 2786 1258 2849 obscura,
1292 2784 1363 2837 ad
1425 2782 1679 2838 litteram
1736 2782 2018 2852 exposita,
2052 2770 2115 2836 οἵ

452 2874 673 2945 ubique
712 2890 812 2947 per
842 2873 1179 2929 selectiores
1212 2890 1279 2927 ex
1343 2871 1600 2927 medulla
1654 2872 1713 2927 S.
1774 2870 2113 2942 Scriptura,

451 2962 867 3027 Conciliorum,
903 2965 1166 3031 Patrum,
1199 2965 1256 3015 et
1284 2959 1342 3014 S.
1398 2959 1710 3031 Augustini
1765 2957 2111 3030 praesertim,

453 3050 662 3107 nullibi
700 3049 1358 3123 prmtermissi,aliorum
1385 3048 1523 3103 item
1557 3048 2109 3119 probatissimorum

458 3146 762 3197 auctorum
797 3141 1085 3210 cujusque
1115 3138 1436 3210 disciplinae
1458 3137 1616 3192 locos
1644 3137 2109 3192 illustrata.Cum

458 3230 688 3301 triplice
722 3229 911 3284 indice
954 3228 1416 3299 locupletissimo
1476 3226 1534 3280 in
1586 3227 1699 3281 ﬁne
1753 3226 1897 3281 tomi
1951 3225 2107 3281 tertii

456 3290 799 3373 collocando
827 3343 840 3383 ;
874 3290 1111 3388 quidem
1142 3316 1449 3386 Scriptura:
1481 3331 1657 3369 sacrm
1687 3314 1983 3385 explicatae
2022 3319 2108 3368 ter
2138 3290 2181 3358 Ο

461 3406 675 3462 millies
708 3410 764 3461 et
794 3405 1050 3477 amplius
1081 3403 1250 3473 locis,
1286 3420 1480 3457 rerum
1515 3419 1579 3457 ac
1611 3403 1939 3470 verborum,
1973 3419 2110 3457 con-

459 3495 822 3553 cionum.De
853 3493 1461 3566 Operisinscriptione
1520 3492 1655 3563 (63),
1708 3490 2110 3563 dispositione,

464 3586 732 3652 utilitate,
762 3584 1082 3650 soliditate,
1142 3582 1479 3637 curiositate
1511 3586 1568 3635 et
1624 3582 1683 3635 in
1728 3585 1888 3636 tanta
1918 3596 2111 3635 rerum

460 3676 823 3730 diversarum
848 3671 1670 3741 abundantia,conjunctaque
1686 3670 1967 3724 brevitate
1985 3686 2115 3740 per-

462 3765 692 3836 spicua:
730 3779 833 3819 nec
856 3779 970 3817 non
999 3759 1243 3816 Tabellas
1269 3758 1687 3814 emblematicaa
1748 3758 1921 3814 fronti
1979 3774 2114 3829 ope-

462 3854 543 3909 ris
574 3853 861 3924 impositae
893 3850 1249 3923 expositione
1282 3849 1419 3919 (64),
1454 3848 1702 3919 Synopsi
1727 3864 1958 3919 quoque
1987 3847 2114 3901 vitae

464 3941 810 3998 Tertulliani
840 3946 899 3996 et
928 3938 1467 4012 Augustini,deque
1499 3936 1833 4009 symbolicis
1890 3952 2118 4001 eorum,

466 4033 562 4089 57
591 4049 656 4087 ac
690 4029 1124 4102 dissymbolicis
1183 4026 1636 4099 proprietatibus
1674 4030 1731 4081 et
1776 4025 2013 4096 elogiis:
2048 4026 2119 4079 de

466 4138 577 4177 usu
637 4121 871 4177 tandem
903 4124 959 4174 et
1008 4117 1168 4189 praxi
1233 4117 1420 4172 totius
1460 4116 1653 4188 cperis
1712 4115 1906 4181 habet,
1940 4130 2118 4186 quam

470 4215 689 4267 attente
720 4209 1013 4265 examinet
1039 4206 1238 4276 lector,
1265 4210 1329 4261 ut
1361 4205 1471 4261 sibi
1504 4205 1947 4271 neccessariam,
1977 4204 2122 4259 Prae-

466 4300 744 4355 fationem
775 4297 1128 4369 generalem,
1160 4293 1791 4367 postnuncupatoriam
1810 4292 2119 4365 epistolam

469 4388 813 4445 immediate
841 4387 1317 4457 subsequentem.
1358 4405 1385 4431 »
1420 4383 1637 4448 Restat,
1669 4386 1733 4436 ut
1761 4382 1832 4436 ad
1866 4381 2119 4453 illa,quaa

469 4477 529 4532 in
563 4480 717 4531 textu
749 4475 1093 4547 praestitisse
1124 4473 1450 4545 proﬁtetur,
1510 4470 1806 4543 paulisper
1855 4471 2120 4526 animad-

468 4571 767 4621 vertamus
803 4582 817 4631 ;
849 4565 949 4620 sed
983 4568 1039 4618 et
1069 4564 1164 4618 hic
1186 4562 1377 4617 verbis
1408 4561 1599 4632 ipsius
1631 4560 1868 4630 defungi
1899 4559 2118 4616 licebit.

2210 656 2566 720 punctorum,
2626 661 2944 706 accentuum
2995 650 3251 720 defectus,
3299 649 3643 703 intellectum
3673 648 3859 703 obscu-

2211 740 2421 793 rissimi
2461 742 2707 795 auctoris
2755 740 3153 800 obnubilanles,
3194 739 3563 809 supplevisse;
3602 753 3857 807 cacogra-

2210 829 2371 898 phias
2398 845 2564 899 quam
2620 829 2891 900 plurimas
2949 828 3301 892 emendasse;
3337 831 3392 881 ut
3448 827 3504 881 si
3535 825 3862 897 lypoyraphi

2212 931 2343 971 cura
2375 919 2705 989 autographi
2730 918 3114 989 purgatissimi
3163 915 3534 971 sollicitudini
3573 916 3859 985 responde-

2214 1007 2318 1071 rit,
2350 1011 2402 1061 et
2432 1009 2723 1062 correctori
2742 1008 3167 1075 uigilantissime
3223 1006 3489 1076 paruerit,
3535 1004 3681 1059 nihil
3708 1008 3861 1074 fulu-

2216 1111 2339 1148 rum
2367 1098 2463 1162 sil,
2494 1096 2636 1167 quod
2667 1099 2725 1151 in
2756 1098 2857 1152 hoc
2892 1101 3045 1153 textu
3091 1097 3330 1152 censoris
3387 1094 3591 1161 oculos,
3636 1109 3867 1148 severis-

2213 1185 2343 1239 simi
2372 1186 2517 1250 licel,
2550 1186 2895 1255 urguendum
2924 1187 3323 1242 ostendatJam
3348 1184 3471 1238 haec
3502 1182 3646 1238 satis
3673 1187 3863 1247 erunt,

2216 1288 2321 1327 nec
2350 1278 2547 1329 tamen
2571 1275 2773 1339 nimia,
2800 1280 2863 1330 ut
2892 1291 3191 1347 spero,pro
3222 1274 3459 1329 raritate
3486 1270 3658 1327 molis
3690 1266 3866 1341 hujus

2217 1361 2552 1419 chartaceaa.
2587 1364 2892 1436 Inscripsit
2921 1381 3069 1435 opus
3099 1363 3417 1434 Pomponio
3468 1362 3539 1415 de
3588 1359 3865 1415 Bellicore

2218 1452 2428 1522 Equiti,
2463 1456 2518 1507 et
2563 1453 2823 1525 supremi
2848 1462 3085 1509 senatus
3109 1450 3452 1507 Parisiensis
3485 1448 3753 1521 principi.

2968 1542 3103 1597 1662
3113 1584 3125 1597 .

2290 1630 2393 1684 En.
2432 1631 3283 1687 PAMELIANA-ROTHOMAGENSIB
3307 1630 3422 1683 1.-
3447 1628 3793 1697 Rolhomagis
3827 1626 3863 1678 f.

2219 1719 2283 1784 ρ.
2318 1718 2374 1775 S.
2413 1718 2495 1773 F1.
2525 1720 2846 1774 Tertulliani
2873 1735 3049 1790 opera
3096 1717 3316 1783 omnia,
3372 1722 3510 1785 etc.,
3563 1732 3697 1771 cum
3739 1716 3864 1770 Jac.

2219 1810 2378 1862 Pam.
2416 1823 2578 1879 argg.
2608 1813 2664 1862 et
2684 1812 2992 1874 annotatt.,
3030 1807 3222 1862 Latini
3262 1805 3468 1861 Latinii
3519 1802 3867 1875 conjecturis

2219 1902 2353 1962 etc.,
2388 1897 2650 1968 repetita.
2687 1897 2790 1952 Ed.
2824 1897 2981 1951 1597.

2968 1986 3127 2041 1662.

2292 2097 2319 2123 «
2355 2074 2432 2129 Le
2460 2073 2637 2130 Génie
2664 2074 2734 2131 de
2752 2073 3095 2145 Tertullien,
3131 2090 3237 2146 par
3271 2074 3342 2129 de
3395 2071 3645 2144 Payolle.
3678 2070 3865 2139 Paris,

2218 2162 2397 2218 in-4".
2424 2185 2451 2212 »

3000 2254 3158 2308 1664.

2296 2342 2394 2397 En.
2430 2344 3053 2398 PAMELIO-RIGALTIANA
3087 2343 3328 2397 Paioau.
3362 2372 3429 2382 —-
3450 2339 3679 2395 Lutetia?
3698 2338 3866 2393 Pari-

2222 2434 2452 2497 siorum,
2492 2434 2752 2503 impensis
2790 2434 3076 2487 societatis
3133 2430 3543 2503 typographicaz
3602 2429 3871 2482 librorum

2221 2523 2398 2592 ofﬁcii
2419 2522 2795 2577 ecclesiastici.
2829 2521 2891 2584 Ο.
2926 2520 3083 2592 Sept.
3130 2523 3280 2575 Flor.
3317 2517 3658 2574 Tertulliani
3685 2516 3873 2587 Opera

2224 2610 2293 2665 ad
2351 2610 2893 2665 vetustissimorum
2953 2608 3376 2680 exemplarium
3437 2608 3610 2662 ﬁdem
3672 2602 3872 2660 sedulo

2224 2700 2557 2767 emendata,
2590 2699 2895 2771 diligentia
2922 2699 3041 2754 Nic.
3076 2696 3309 2769 Rigallii
3360 2696 3411 2751 J.
3446 2698 3507 2752 C.
3541 2712 3675 2750 cum
3707 2694 3869 2763 ejus-

2222 2789 2353 2843 dem
2380 2788 2859 2843 annotationibus
2892 2787 3133 2858 integris
3160 2792 3216 2841 et
3244 2786 3474 2840 varioru
3501 2801 3537 2838 Et
3571 2798 3869 2839 commen-

2223 2876 2405 2947 tariis,
2439 2876 2678 2933 seorsim
2715 2881 2886 2931 antea
2905 2875 3098 2943 editis,
3130 2875 3496 2930 PhJ’riorius
3524 2874 3870 2944 argumenta

2222 2972 2279 3021 et
2307 2966 2456 3021 Nota
2486 2966 2543 3019 in
2572 2965 2719 3021 libro
2751 2982 2951 3020 omnes
2997 2965 3067 3020 de
3117 2980 3263 3019 novo
3321 2962 3531 3033 adjecit
3558 2965 3614 3017 et
3647 2960 3865 3015 Disser-

2220 3055 2500 3110 tationem
2536 3054 2800 3127 apprime
2858 3054 3063 3109 utilem
3110 3051 3500 3108 concinnavit.
3559 3048 3863 3105 Accedunt

2220 3146 2525 3200 Novatiani
2552 3147 2856 3213 tractatus,
2880 3144 2950 3197 de
2993 3142 3275 3197 Trinitate
3321 3144 3379 3195 et
3404 3138 3559 3195 Cibis
3583 3136 3864 3209 judaicis,

2221 3250 2354 3289 cum
2413 3233 2597 3299 Notis,
2663 3237 2728 3287 ut
2785 3231 2844 3286 in
2886 3232 3142 3287 editione
3191 3228 3454 3285 Pamelii.
3508 3232 3720 3283 Textus
3778 3230 3870 3280 est

2220 3322 2555 3393 Rigaltianaa
2616 3322 2903 3388 secundae,
2952 3322 3123 3392 cujus
3181 3320 3355 3375 etiam
3413 3323 3583 3383 notae,
3639 3329 3868 3383 omnes,

2222 3416 2348 3466 tum
2382 3428 2528 3482 quas
2553 3411 2623 3466 ad
2647 3410 2865 3466 calcem
2901 3414 3278 3481 apposuerat,
3328 3414 3456 3463 tum
3516 3423 3593 3461 ea:
3638 3421 3763 3476 qua:
3797 3403 3871 3458 ad

2222 3500 2466 3556 notasin
2498 3500 2847 3572 Cyprianum
2880 3504 3047 3555 erant
3089 3499 3351 3569 adjectae,
3406 3501 3685 3567 praeterea
3742 3508 3877 3546 vero

2221 3592 2339 3647 Jac.
2404 3591 2645 3645 Pamelii
2692 3588 3100 3644 annotationes
3168 3586 3415 3653 selectae,
3488 3587 3548 3640 Β.
3600 3582 3873 3639 Rhenani.

2222 3684 2425 3735 Franc.
2484 3678 2756 3750 Zephirii,
2815 3676 3102 3732 Gabrielis
3152 3675 3528 3747 Albaspinaai,
3601 3669 3881 3727 Ludovici

2224 3770 2295 3824 de
2324 3769 2381 3824 la
2412 3768 2593 3824 Cerda
2624 3766 2911 3823 doctiores
2952 3765 3409 3830 observationes,
3443 3769 3570 3818 tum
3603 3758 3886 3816 Salmasii

2224 3857 2282 3912 in
2309 3858 2369 3912 L.
2403 3858 2473 3912 de
2494 3856 2673 3912 Pallio
2698 3856 2972 3926 potiores,
3008 3870 3110 3909 nec
3139 3870 3254 3908 non
3283 3852 3569 3919 Mercerii,
3597 3846 3879 3904 Wowerii

2226 3946 2593 4018 aliorumque
2641 3944 3066 3999 illustrationes
3096 3946 3153 3998 et
3181 3941 3588 4005 correctiones,
3620 3937 3879 4009 denique

2228 4036 2414 4107 ipsius
2436 4034 2685 4105 Philippi
2711 4034 2760 4088 le
2786 4035 3007 4099 Prieur,
3044 4032 3142 4104 qui
3174 4047 3371 4087 curam
3396 4030 3578 4100 hujus
3600 4026 3878 4083 editionis

2228 4124 2431 4197 gessit,
2466 4128 2614 4178 notas
2643 4127 2699 4178 et
2728 4128 3072 4194 argumenta
3103 4121 3159 4175 in
3214 4120 3395 4176 libros
3428 4134 3632 4174 omnes
3680 4131 3879 4171 acces-

2229 4217 2453 4269 serunt.
2486 4212 2830 4281 Consilium,
2864 4228 2978 4282 quo
3010 4209 3346 4266 societatem
3382 4207 3494 4263 sibi
3540 4206 3878 4261 institutam

2229 4319 2357 4359 esse
2386 4300 2713 4372 bibliOpola
2749 4300 3026 4367 fatentur,
3072 4302 3139 4353 ut
3182 4298 3397 4353 latinos
3446 4300 3648 4352 Patres
3686 4311 3750 4349 ac
3780 4309 3878 4349 ve-

2228 4398 2380 4448 teres
2435 4391 2532 4447 SS.
2612 4388 3050 4445 Ecclesiasticos
3118 4386 3485 4443 eruditorum
3565 4383 3877 4439 hominum

2228 4479 2634 4536 lucubratione
2664 4478 2992 4533 illustratos
3022 4477 3280 4543 ederent,
3312 4491 3589 4531 successu
3619 4472 3883 4529 caruisse

2230 4569 2546 4625 dolendum
2580 4572 2685 4624 est.
2729 4568 2873 4622 Nam
2899 4567 3017 4621 haec
3035 4566 3212 4621 editio
3244 4566 3497 4637 profecto
3527 4568 3652 4618 tum
3677 4561 3882 4617 ordine

469 4660 556 4710 Ita
575 4671 706 4709 vero
741 4653 1045 4725 pollicetur
1074 4656 1134 4707 in
1151 4655 1304 4707 texlu
1326 4653 1625 4705 innumera
1640 4649 1807 4704 etiam
1836 4650 1896 4703 in
1924 4666 2113 4705 emen-
2144 4664 2192 4729 D
2224 4663 2281 4715 ei
2321 4657 2736 4714 distributione
2785 4660 3078 4725 notarum,
3124 4672 3250 4727 qua;
3299 4654 3481 4709 textui
3540 4652 3879 4708 charactere

512 4778 655 4844 otui,
698 4793 803 4833 nec
844 4795 873 4833 e
931 4774 1285 4847 specialiori,
1334 4774 1404 4829 ad
1455 4788 1627 4844 quem
1688 4771 1823 4828 inde
1873 4774 2123 4847 remittit

493 4857 733 4916 actores,
768 4846 1362 4921 praefationewcertior
1392 4847 1579 4921 factus
1622 4860 1787 4921 sum:
1841 4846 2121 4921 quoniam

470 4939 601 4977 vero
634 4924 690 4976 in
720 4917 833 4977 ista
862 4922 1039 4990 hujus
1071 4918 1342 4974 editionis
1372 4918 1619 4990 virtutes
1671 4917 1748 4990 ad,
1785 4933 1881 4971 sex
1916 4918 2120 4988 impri-

473 4994 585 5049 mis
616 4993 807 5065 capita
839 4988 1012 5047 refert
1044 4992 1122 5063 (et
1159 4991 1348 5045 tribus
1381 4989 1615 5065 quidem
1650 4988 1905 5065 reliquas
1928 5005 2123 5065 carere

471 5061 987 5130 diserte'allirmat,
1024 5061 1124 5119 nec
1156 5067 1426 5133 quartam
1477 5061 1559 5115 eis
1601 5061 1921 5133 concedere
1963 5061 2119 5116 vide-

473 5139 611 5203 tur),
644 5137 768 5191 scil.
803 5154 813 5191 :
850 5137 1002 5207 quod
1056 5131 1208 5189 textu
1244 5134 1321 5207 sit
1364 5132 1747 5207 emendatior,
1802 5131 2121 5207 Scriptura

469 5214 525 5263 S.
562 5211 688 5264 loca
714 5210 769 5263 in
833 5205 956 5279 ipso
1008 5213 1163 5261 textu
1224 5206 1447 5279 diverso
1479 5205 1819 5279 charactere
1861 5206 1978 5279 sint
2003 5205 2120 5259 dis-

470 5282 763 5362 eret_a,_‘ad
800 5275 1122 5362 marginem
1174 5294 1286 5332 non
1320 5276 1511 5362 capita
1541 5275 1732 5357 solum
1764 5275 1904 5362 libri.
1932 5280 2027 5359 SS:
2073 5293 2123 5357 ιθ.

472 5346 712 5407 Tertull.
740 5346 984 5417 laudati,
1010 5351 1108 5405 sed
1138 5366 1341 5404 versus
1373 5346 1547 5402 etiam
1582 5346 1800 5419 singuli
1837 5350 1908 5403 ad
1939 5348 2122 5419 origi-

474 5424 605 5479 nale
653 5424 845 5479 denuo
889 5423 1104 5487 collati,
1167 5420 1428 5492 ascripti,
1488 5422 1859 5492 Argumenta,

472 5495 597 5551 alia:
629 5496 789 5550 editi.
839 5494 1122 5561 laborent,
1154 5490 1341 5548 libris“
1369 5490 1602 5562 preitixa
1632 5490 1805 5561 plana
1834 5495 1889 5547 et

474 5599 541 5609 —
574 5567 695 5622 haec
728 5568 856 5639 ipsa
886 5568 1220 5623 defectuum
1270 5564 1512 5639 nomine
1549 5563 1893 5639 declarasse
1923 5562 2125 5619 Morel-

474 5639 599 5695 lum
624 5632 863 5695 suor'um
881 5655 1020 5695 sane
1040 5640 1322 5695 bonorum
1347 5632 1677 5708 cognitione
1695 5635 1838 5691 satis
1861 5636 2119 5707 beatum,

474 5716 651 5785 puto.
666 5713 992 5785 saansaan.

546 5784 659 5856 (63)
692 5783 1123 5857 Omniloquium,
1178 5777 1394 5851 inquit,
1442 5776 1552 5833 hoc
1604 5792 1751 5849 opus
1796 5776 2120 5851 inscripsi:

1948 5421 2121 5503 uibus

1971 5507 2125 5546 ῐιθνια

2230 4790 2356 4839 tum
2389 4783 2541 4854 quod
2575 4781 2797 4854 nullam
2854 4797 3091 4852 prorsus
3150 4779 3209 4833 in
3284 4796 3349 4834 eo
3401 4776 3750 4854 sententiam
3785 4773 3879 4829 vel

2231 4850 2443 4911 lineam
2474 4871 2542 4909 ex
2575 4854 2683 4909 hoc
2714 4850 3068 4925 solo—opere,
3100 4867 3370 4925 magnam
3418 4851 3475 4905 in
3509 4850 3667 4905 omni
3688 4862 3881 4925 causa

2231 4926 2482 4992 dicendi,
2515 4924 2833 4981 Tertuliani
2858 4918 3365 4995 praetermiserim:
3398 4927 3526 4977 tum
3551 4920 3702 4995 quod
3737 4918 3879 4995 scri-

2231 4999 2473 5054 bendive
2531 4998 2753 5068 copiam
2811 4994 3142 5068 cuicunque
3191 4995 3426 5061 oratori,
3486 4994 3877 5065 scriptorique

2230 5071 2649 5144 prospexerim.
2692 5070 3021 5144 Sertorianum2

2301 5134 2411 5213 (ὃᾶ)
2448 5142 2789 5196 Adriserant
2847 5140 3201 5213 Parisienses
3223 5137 3541 5213 __i_magines
3562 5134 3878 5213 ﬂuguslini

2231 5209 2553 5284 (cucullati)
2585 5218 2641 5268 et
2668 5211 3009 5267 Tertulliani
3034 5212 3105 5282 (c.
3144 5209 3341 5284 Pallio)
3394 5224 3506 5263 aere
3558 5209 3880 5284 impressas

2232 5277 2289 5341 et
2331 5285 2505 5341 titulo
2538 5277 2756 5357 'operis
2798 5277 3069 5357 generali
3105 5282 3372 5357 praefixas
3420 5296 3553 5357 cum
3611 5277 3879 5357 subscri-

2232 5358 2464 5427 ptione:
2516 5352 2630 5411 Dub
2683 5358 2741 5411 in
2798 5352 2991 5427 Africa
3050 5355 3261 5423 ingenii
3324 5356 3569 5427 monstra
3608 5352 3884 5419 latiusque

2230 5423 2503 5484 Doctrinw
2526 5434 2575 5483 et
2606 5428 2942 5498 Eloquentia?
2964 5424 3122 5479 Genii
3170 5427 3246 5498 de
3268 5423 3461 5498 palma
3490 5428 3773 5498 certantes.
3811 5452 3881 5461 —

2234 5501 2539 5557 Carhinius
2568 5495 3330 5571 ipsis'insultasseMorellus
3355 5495 3720 5571 inquit.iiinc
3743 5508 3876 5571 vero

2231 5572 2545 5628 incumbere
2579 5565 2691 5626 sibi
2720 5570 3017 5625 existimat
3036 5567 3397 5623 Tertulliano
3437 5565 3797 5622 conformari
3820 5570 3876 5618 et

2231 5645 2383 5701 sicut
2412 5643 2508 5699 ille
2538 5659 2640 5716 pro
2663 5640 2840 5697 Pallio
2879 5658 3007 5707 suo,
3038 5657 3139 5716 pro
3170 5640 3469 5716 Augustini
3498 5636 3875 5696 bardocucullo

2230 5719 2280 5772 et
2316 5732 2470 5773 sacco
2499 5712 2893 5787 apologelicum
2922 5712 3197 5772 scribere.
3221 5712 3547 5768 Senonum.
