4148 6188
460 411 537 470 63
1940 406 2382 469 PREFA'I‘IO.
3788 400 3869 458 64

464 545 536 599 de
567 544 850 613 Trévoux,
885 546 991 600 fév.
1030 547 1184 615 1703,
1220 562 1277 619 p.
1312 546 1415 601 113
1451 547 1708 617 (auctore
1732 548 1795 597 P.
1856 544 2112 598 Tourne-
2139 544 2193 609 Α
2226 538 2498 612 fugitives
2527 537 2597 593 de
2620 535 2807 593 l’abbé
2831 534 3245 592 Archimbaud.
3278 536 3322 588 t.
3355 532 3449 595 IV,
3496 548 3554 604 p.
3613 530 3864 599 116.119,

465 632 623 687 mine
649 633 699 701 Ῡ)
730 655 759 682 ››

1200 725 1353 778 1704.

540 830 566 863 α
596 810 684 865 Jo.
713 811 914 867 Joaca.
950 818 1254 868 Zsu'rcaav.
1290 813 1613 869 Exercit.de
1657 817 1845 884 Lapsu
1879 810 2107 867 Tertul-

460 898 599 953 liani
633 901 704 954 ad
741 900 1151 972 Montanistas,
1184 905 1412 975 Argent.
1448 903 1615 958 in-4°.
1652 924 1678 950 »

1210 992 1367 1046 1705.

531 1099 559 1128 «
615 1080 782 1133 ADAM
830 1079 1255 1136 RECHEMBERGH
1299 1080 1536 1136 Dissert.
1587 1098 1660 1136 an
1713 1080 2107 1136 [hereticorum

457 1168 808 1224 Patriarc’iae
850 1169 1174 1241 Philosophi
1227 1186 1294 1225 ex
1325 1169 1424 1224 illo
1476 1168 1819 1224 Tertulliani
1878 1169 2101 1224 advers.

458 1255 907 1328 Hermogenem,
942 1274 1071 1330 cap.
1111 1258 1260 1312 Vlll.
1298 1259 1479 1329 Lips.,
1511 1258 1680 1312 ΙΙΙ-40.
1714 1280 1735 1306 ι

1207 1345 1362 1402 1708.

533 1434 861 1503 Venetiis,4,
898 1450 994 1488 sex
1026 1435 1224 1501 tomis,
1258 1436 1625 1490 Tertullianus
1651 1435 1972 1507 pradicans
2004 1450 2105 1506 per

457 1521 799 1577 Michaelem
838 1523 1068 1579 Viviens.
1097 1555 1161 1564 —
1194 1523 1478 1579 Fabricius
1524 1524 1882 1578 mentionem
1916 1524 2105 1578 facere

459 1612 530 1666 de
560 1627 625 1666 eo
658 1611 817 1665 dicit.
854 1642 921 1651 --
962 1611 1375 1683 Ephémérides
1436 1612 1615 1667 Paris.
1675 1611 1941 1683 (Journal
1999 1612 2102 1666 des

455 1702 585 1753 Sav.
617 1700 755 1754 1708
786 1700 968 1767 Febr.,
1004 1717 1138 1773 pag.
1190 1702 1315 1756 408.
1376 1701 1485 1756 Sed
1548 1699 1769 1756 nullam
1828 1700 1909 1755 ibi
1968 1700 2101 1755 libri

460 1789 815 1843 mentionem
844 1787 1103 1845 invenire
1134 1789 1321 1860 potui.

1201 1880 1355 1935 1710.

2219 626 2429 700 Paris).
2461 648 2490 678 »

2965 731 3120 787 1718.

2292 841 2544 912 Lugduni
2572 842 2697 896 Bai.
2734 839 2878 911 apud
2907 840 3058 893 Isaac
3097 837 3438 893 Severinum.
3491 865 3560 876 --
3590 835 3651 898 Ο.
3687 839 3740 889 8.
3774 834 3856 889 F1.

2216 932 2367 986 Tert.
2400 930 2594 985 Carth.
2630 926 3248 1001 presb.Apologeticus
3280 926 3350 981 ad
3382 924 3617 980 Codices
3651 928 3857 979 mss.et

2215 1019 2498 1075 editiones
2518 1026 2741 1074 veteres
2772 1033 3009 1073 summa
3038 1033 3178 1072 cura
3216 1014 3570 1086 recognitus,
3602 1014 3859 1085 castiga-

2217 1116 2330 1175 tus,
2364 1109 2734 1173 emendatus,
2766 1112 2832 1162 ut
2877 1110 2932 1161 et
2986 1109 3266 1177 perpetuo
3322 1102 3856 1172 Commentario,in

2214 1214 2330 1269 quo
2356 1214 2469 1252 non
2505 1198 2677 1252 modo
2709 1196 3004 1251 variorum
3054 1198 3383 1259 auctorum,
3428 1193 3529 1247 sed
3576 1196 3634 1246 et
3681 1190 3849 1262 plura

2214 1286 2271 1342 S.
2306 1286 2617 1357 Scriptura
2650 1284 2776 1340 loca
2802 1282 3065 1339 strictius
3093 1281 3181 1336 vel
3208 1281 3447 1336 uberius
3468 1279 3852 1351 explicantur,

2213 1374 2585 1429 elucidantur
2611 1379 2669 1429 et
2697 1372 3093 1440 illustrantur,
3126 1370 3322 1425 studio
3349 1374 3406 1425 et
3455 1366 3750 1423 industria
3777 1367 3860 1422 Si-

2210 1463 2419 1533 geberti
2441 1463 2798 1532 Havercampi
2831 1464 2898 1514 ν.
2931 1460 2997 1515 D.
3031 1458 3310 1528 ministri,
3346 1457 3445 1531 qui
3506 1461 3715 1529 praeter
3762 1472 3852 1510 ar-

2213 1556 2491 1623 gumenta
2523 1551 2805 1622 capitum,
2850 1549 3075 1604 indices
3132 1548 3302 1604 etiam
3362 1545 3857 1618 locupletissimos

2212 1647 2330 1697 tres
2357 1640 2605 1711 adjecit;
2638 1656 2773 1695 cum
2808 1637 3012 1709 ﬁguris
3041 1642 3098 1692 et
3128 1651 3504 1692 nummorum
3536 1634 3692 1706 typis
3723 1640 3857 1705 (prae

2212 1730 2325 1784 ﬁxa
2356 1730 2534 1785 etiam
2564 1728 2755 1800 efﬁgie
2784 1726 3124 1783 Tertulliani
3156 1742 3291 1781 cum
3322 1724 3859 1796 epigrammate).—

2210 1817 2705 1874 Prssstantissima
2762 1816 2943 1887 hujus
3002 1815 3135 1871 libri
3216 1813 3598 1870 Tertullianei
3654 1812 3856 1868 editio.

2131 1917 2179 1982 Β
2211 1908 2435 1979 Quippe
2452 1906 2659 1962 editori
2681 1905 3061 1977 antiquarum
3092 1920 3288 1961 rerum
3318 1901 3652 1975 cognitione
3684 1901 3864 1956 abun-

528 1964 803 2061 “.Ymsig
823 1969 1141 2061 MPFICAI-
1172 1968 1540 2061 Tertuuiani’
1577 1968 1754 2024 sum”
1786 1972 1844 2024 et
1871 1968 2096 2024 Justini
2133 1964 2179 1982 υ
2208 1964 2554 2051 (lentissimo
2576 2000 2634 2051 et
2663 1964 3067 2050 curiosissimo
3115 1992 3295 2048 simul
3341 1964 3631 2061 obtigerat
3688 2007 3865 2061 appa-

458 2069 523 2107 ac
553 2054 787 2109 Minucii
821 2055 1023 2111 Felicis
1055 2056 1377 2128 Apologeti,
1412 2061 1466 2111 et
1496 2057 1787 2112 Vincentii
1841 2057 2100 2112 Lirinen-

456 2141 539 2197 sis
568 2142 1029 2212 Commonitorii,
1061 2161 1195 2200 cum
1228 2145 1655 2218 prolegomenis
1686 2163 1752 2202 ac
1784 2148 1960 2217 notis,
1995 2164 2097 2202 au-

457 2233 614 2286 ctore
644 2232 827 2287 Kevio.
862 2233 1069 2299 Lond.,
1106 2235 1151 2288 ΙΙ
1183 2234 1352 2288 in-8°.

1131 2322 1426 2378 001711.

529 2430 557 2457 ‹‹
588 2411 640 2462 J.
678 2408 1241 2467 HENNINGIBOIIMERI
1274 2412 1728 2469 Dissertatioues
1744 2414 1898 2485 juris
1922 2414 2099 2469 eccle-

458 2496 682 2551 siastici
713 2498 940 2569 antiqui
993 2500 1062 2554 ad
1100 2500 1353 2556 Plinium
1401 2502 1734 2558 Secundum
1782 2512 1837 2559 et
1880 2503 2101 2559 Tertul-

455 2582 702 2640 lianum.
741 2586 917 2658 Lips.,
948 2588 1119 2644 in-8°.
1155 2613 1183 2638 ιι

1206 2677 1363 2733 1713.

532 2765 772 2834 Patavii,
806 2766 858 2821 4.
890 2765 1232 2821 Tertulliani
1265 2768 1410 2823 liber
1440 2770 1510 2824 de
1540 2769 1811 2825 Oratione
1849 2768 2101 2841 comple-

461 2855 556 2907 tus
590 2870 721 2907 cum
756 2855 909 2910 notis
939 2854 1110 2909 Guid.
1144 2856 1427 2913 Panciroli
1462 2862 1519 2913 et
1558 2858 1825 2913 Ludovici
1861 2858 2098 2914 Antonii

458 2942 777 2996 Muratorii.
813 2975 879 2984 —
911 2944 973 2998 In
1028 2944 1325 3000 Muratorii
1372 2948 1701 3002 Anecdotis.
1757 2952 1799 3001 t.
1834 2949 1903 3012 Il,
1953 2964 2007 3018 p.
2043 2949 2096 3013 1,

455 3029 545 3083 56.
583 3030 660 3084 Ex
718 3032 922 3087 Codice
975 3032 1249 3088 Biblioth.
1310 3036 1705 3091 Ambrosinus:
1761 3035 2095 3091 Mediolani.

454 3116 631 3173 Notas
662 3120 946 3176 Guidonis
1006 3121 1287 3177 Panciroli
1316 3123 1728 3192 jurisconsulti
1773 3124 1910 3179 olim
1945 3126 2096 3179 cele-

454 3206 693 3263 berrimi
726 3210 1141 3281 Regiensis,cx
1170 3214 1391 3265 Comm.
1415 3211 1773 3281 plenioribus
1808 3213 1866 3267 in
1900 3213 2098 3268 omnia

456 3295 612 3349 Tert.
646 3313 822 3367 opera
854 3298 909 3351 in
946 3297 1296 3353 bibliotheca
1330 3301 1384 3353 P.
1421 3300 1550 3354 Joh.
1604 3301 1768 3372 Bapt.
1814 3301 2093 3369 Cattanei,
2129 3285 2172 3351 C

461 3383 857 3453 Franciscani,
888 3391 1015 3440 tum
1048 3387 1385 3453 latentibus,
1430 3394 1494 3443 ut
1551 3388 1794 3444 salivam
1855 3390 2098 3462 popula-

456 3470 623 3527 ribus
654 3474 779 3528 suis
813 3480 1069 3529 moveret
1098 3477 1170 3530 ad
1202 3476 1440 3532 delicias
1473 3476 1616 3533 istas
1667 3478 1868 3533 tandiu
1912 3479 2103 3551 negle-

455 3562 579 3615 ctas
614 3561 670 3615 in
705 3560 895 3617 lucem
928 3564 1306 3635 proferendas
1336 3566 1536 3621 edidit.

1195 3672 1351 3727 1714.

527 3778 554 3806 ‹‹
592 3757 756 3812 LAUR
796 3758 1066 3815 Baonsou
1098 3761 1167 3816 de
1213 3762 1547 3817 Infantariis
1596 3763 1749 3834 apud
1802 3763 2100 3820 Tertullia-

457 3862 597 3900 num
632 3847 703 3901 ad
735 3847 1030 3919 Nationes,
1057 3849 1157 3904 lib.
1194 3852 1234 3915 Ι,
1267 3867 1392 3921 cap.
1430 3852 1501 3919 II,
1532 3851 1726 3923 Hafn.,
1759 3851 1927 3909 in-4°.
1964 3875 1991 3902 ››

800 3930 805 3935 ’
1114 3939 1443 3996 1714-1715.

533 4042 560 4074 α
590 4023 803 4080 Vsasm
833 4025 1078 4083 GALLICA
1101 4029 1147 4082 ΙΙ
1182 4029 1564 4100 Apologetici,
1609 4048 1749 4086 cura
1778 4030 2097 4100 Vassoulti,

460 4128 593 4167 cum
623 4114 797 4169 notis.
832 4115 1039 4187 Paris.,
1074 4118 1245 4184 ἱη-4ο,
1278 4119 1431 4190 apud
1474 4120 1769 4188 Colombat,
1802 4121 1893 4176 bis
1945 4122 2104 4177 edita

460 4218 613 4256 anno
648 4203 784 4257 1714
807 4208 863 4258 et
879 4207 1071 4276 seq.ln
1100 4210 1344 4277 utraque
1376 4208 1748 4279 praemittitur
1777 4211 2006 4281 egregia
2032 4210 2102 4266 de

463 4290 664 4346 christ.
701 4292 881 4359 Relig.
917 4294 1245 4366 Apologetis
1270 4312 1335 4351 ac
1365 4296 1422 4350 in
1456 4298 1691 4368 spec.de
1718 4298 2100 4369 Tertulliano;

457 4383 607 4434 notae
636 4380 791 4436 haud
845 4385 1304 4451 contemnendae,
1352 4387 1673 4456 praesertim
1725 4387 2036 4444 historicas.
2071 4409 2100 4439 »

1200 4490 1361 4545 1715.

526 4574 873 4631 Tertulliani
908 4584 1179 4649 poemata
1210 4579 1361 4635 inter
1386 4596 1523 4652 Opp.
1568 4584 1700 4636 vett.
1762 4587 1986 4653 poetar,
2017 4583 2100 4641 la-

454 4662 628 4718 tinor.
661 4665 816 4720 edita
841 4682 964 4721 cur.
999 4668 1163 4723 Mich.
1201 4670 1475 4725 Maittere.
1514 4670 1691 4726 Lond.
1725 4670 1883 4726 in-i°.

1198 4759 1355 4813 1715.

530 4864 556 4890 ‹‹
594 4844 656 4899 D.
688 4844 883 4899 NICOL.
915 4845 990 4900 LE
1019 4846 1265 4902 Novam
1298 4848 1542 4906 Dissert.
1585 4849 1642 4903 in
1673 4850 1910 4905 Tertull.
1944 4853 2093 4923 Apo-

456 4930 686 5002 logetic.
719 4933 867 4989 duos
898 4936 969 4989 ad
1003 4935 1280 4993 Nationes
1309 4936 1440 4992 libr.
1476 4942 1532 4993 et
1562 4955 1745 4993 unum
1777 4942 1846 4995 ad
1880 4945 2096 5012 Scapu-

453 5018 593 5090 lam,
630 5021 688 5075 in
722 5029 1003 5094 apparatu
1038 5027 1108 5080 ad
1142 5026 1416 5081 Biblioth.
1450 5027 1738 5097 Max.PP.,
1764 5029 2098 5102 II.,p.1574-

461 5109 617 5166 1590.
654 5111 856 5180 Paris.,
891 5112 1082 5169 in-fol.
1122 5137 1150 5165 »

1205 5205 1358 5259 1715.

531 5310 557 5337 (ι
596 5291 849 5347 AUGUSTI
882 5293 1179 5349 Heumann
1209 5294 1551 5349 Emendatio
1612 5294 1745 5350 libri
1797 5297 2102 5354 Tertullia-

453 5376 547 5431 nei
578 5378 647 5434 de
680 5381 1319 5453 Praescriptionibus,in
1351 5383 1496 5439 actis
1519 5384 2101 5460 Eruditor.Lipsiens.

450 5482 609 5523 anno
644 5469 801 5540 1713,
831 5488 889 5542 p.
923 5471 1176 5525 299-305.
1209 5493 1237 5521 »

1208 5561 1364 5615 1717.

524 5646 813 5718 Anonymi
847 5649 1134 5721 expositio
1166 5649 1239 5705 de
1275 5666 1288 5705 :
1326 5650 1585 5722 Caligata
1614 5653 1823 5709 militia
1881 5656 1938 5710 in
1972 5655 2109 5719 libr.

450 5733 521 5789 de
554 5734 912 5810 Idololatria,
944 5738 1199 5811 cap.XlX
1226 5741 1525 5812 (nouveau
1545 5741 1758 5799 recueil
1790 5742 1894 5801 des
1919 5744 2110 5818 pisces

2210 2090 2373 2140 ratus
2406 2085 2570 2140 valde
2597 2083 2879 2156 locuples.
2912 2082 3166 2146 Etenim,
3199 2086 3408 2154 praeter
3435 2078 3722 2135 editiones
3744 2079 3860 2133 fere

2204 2191 2429 2241 omnes,
2463 2173 2732 2229 adhibuit
2762 2172 2983 2229 Codices
3012 2172 3315 2227 membran.
3368 2168 3638 2225 Biblioth.
3681 2167 3856 2237 Lugd.

2208 2265 2331 2318 Bat.
2353 2264 2507 2331 duos,
2542 2278 2793 2335 quorum
2826 2263 3059 2331 alter,p.
3092 2259 3493 2329 324,alter,6'l
3532 2256 3850 2330 p.376,Cat.

2211 2352 2356 2407 Bibl.
2392 2352 2571 2424 Lugd.
2602 2352 2660 2405 B.
2696 2353 3075 2417 memoratur,
3106 2352 3233 2403 tum
3263 2348 3542 2403 variantes
3571 2346 3857 2402 Lectiones

2209 2439 2416 2496 Codz'cis
2444 2439 2735 2496 Fuldensis
2766 2456 2799 2494 a
2829 2438 3020 2494 Modio
3077 2437 3399 2508 exscriptas
3437 2440 3495 2492 et
3541 2452 3674 2491 cum
3732 2434 3855 2491 edi-

2207 2528 2366 2585 tione
2395 2528 2668 2597 Junii,-a.
2724 2528 2881 2594 1592,
2944 2526 3200 2598 primum
3261 2524 3545 2595 vulgatae,
3605 2540 3675 2578 ex
3734 2524 3845 2579 isto

2207 2625 2403 2674 autem
2434 2624 2695 2690 tempore
2726 2616 2871 2672 nulli
2904 2616 3018 2671 fere
3050 2614 3163 2670 nisi
3194 2614 3547 2670 Gothofredo
3580 2612 3851 2685 cognitas

2207 2711 2266 2763 et
2295 2725 2329 2763 a
2360 2706 2741 2780 Nic.Rigaltio
2771 2706 3009 2760 demum
3042 2704 3104 2758 in
3135 2719 3309 2759 usum
3341 2702 3711 2765 vocatus,sed
3774 2702 3855 2757 ita

2209 2802 2274 2852 ut
2304 2814 2429 2867 quas
2462 2797 2572 2868 ipsi
2613 2795 2940 2868 placuerint
2995 2794 3131 2848 inde
3188 2791 3604 2863 desumpserit,
3662 2806 3850 2859 neque

2209 2886 2390 2942 ullam
2421 2885 2804 2957 reliquarum,
2840 2900 2963 2954 quis
2997 2883 3140 2938 satis
3172 2886 3370 2936 multa;
3402 2879 3665 2951 erant,in
3700 2878 3853 2934 notis

2208 2976 2334 3031 suis
2366 2974 2717 3031 mentionem
2755 2972 2972 3043 fecerit,
3003 2986 3182 3041 quare
3213 2969 3357 3026 satis
3388 2969 3703 3025 fecundum
3735 2967 3850 3022 Ha-

2206 3064 2534 3135 vercampii)
2565 3061 2929 3135 spicilegium
2962 3064 3323 3132 superesset;
3362 3063 3635 3129 praeterea
3667 3057 3851 3111 Colla-

2203 3155 2413 3210 tionem
2444 3153 2655 3208 Codici:
2683 3151 3040 3223 Agobardini,
3073 3148 3285 3204 diversi
3318 3149 3390 3202 ab
3447 3146 3548 3202 illo
3608 3162 3676 3209 ex
3732 3162 3843 3217 quo

2210 3243 2789 3315 magnascriptorum
2813 3240 3173 3311 reliquorum
3191 3236 3532 3293 Tertulliani
3552 3252 3689 3308 pars
3715 3234 3853 3291 olim

2213 3333 2323 3386 fuit
2347 3332 2615 3396 excitata,
2649 3332 2749 3387 sed
2806 3335 2954 3385 notae
2986 3330 3129 3384 satis
3187 3329 3350 3383 bona:
3407 3331 3462 3381 et
3519 3324 3666 3380 nulli
3722 3328 3855 3380 ante

2208 3420 2402 3492 ipsum
2436 3422 2725 3475 editorum
2757 3420 2911 3474 Tert.
2947 3417 3218 3489 inspecti.
3262 3415 3507 3471 Collatio
3538 3432 3672 3470 vero
3707 3414 3855 3468 facta

2211 3527 2243 3564 a
2271 3511 2430 3565 Josia
2458 3514 2707 3565 Mercero
2736 3507 3098 3580 (Agobardi),
3142 3506 3298 3571 1625,
3334 3505 3404 3559 ad
3437 3502 3732 3575 exemplar
3759 3502 3851 3556 ed.

2209 3599 2558 3655 Pamelianaz
2588 3603 2776 3654 exstat
2804 3597 2864 3651 in
2897 3596 3043 3651 Bibl.
3071 3601 3209 3667 Lug.
3247 3599 3308 3649 Β.
3344 3610 3401 3665 p.
3432 3594 3499 3647 71
3536 3611 3550 3660 ;
3584 3592 3850 3647 eamdem

2211 3706 2244 3743 a
2272 3689 2449 3744 Paulo
2481 3687 2802 3743 Colomesio
2836 3688 2905 3741 ad
2941 3701 3103 3741 oram
3135 3683 3226 3738 ed.
3260 3682 3603 3754 Rigaltianae
3634 3679 3852 3736 descri-

2210 3782 2367 3849 ptam
2404 3777 2742 3850 possidebat
2770 3771 3641 3842 Frano.Fabricius,Lugdunus
3672 3768 3854 3824 Theo-

2210 3865 2400 3938 logus,
2434 3865 2534 3938 qui
2564 3862 2967 3934 Havercampii
3000 3861 3206 3916 usibus
3238 3858 3399 3914 illam
3459 3856 3659 3913 cessit.
3710 3857 3854 3921 Quo-

2212 3955 2369 4010 niam
2404 3961 2598 4010 autem
2631 3953 3003 4025 aliquantum
3029 3951 3153 4022 jam
3187 3965 3372 4021 Operae
3425 3951 3851 4019 processerant,

2213 4049 2531 4116 antequam
2562 4061 2629 4100 ea
2660 4039 3232 4102 subministraretur,
3267 4037 3519 4108 priorem
3553 4035 3626 4090 IX
3684 4051 3852 4105 capp.

2212 4132 2541 4201 diversitas,
2574 4136 2639 4186 ut
2668 4136 2723 4186 et
2754 4131 2982 4201 integra
3013 4144 3122 4183 ms.
3152 4126 3399 4181 membr.
3426 4124 3668 4181 secundi
3700 4124 3760 4178 L.
3795 4127 3852 4177 Β.

2212 4222 2467 4293 collatio,
2514 4240 2641 4294 quae
2702 4219 2982 4293 opusculo
3037 4219 3159 4289 jam
3223 4217 3294 4271 ad
3368 4219 3695 4272 extremum
3753 4229 3896 4289 pro.

2211 4328 2411 4385 gresso
2444 4308 3155 4381 sbvenerat,addendorum
3186 4306 3311 4361 loco
3344 4304 3661 4377 praemissae
3691 4307 3851 4359 sunt.

2210 4400 2425 4456 Nactus
2458 4404 2581 4457 erat
2628 4400 2872 4471 insuper
2925 4398 3035 4454 Jos.
3096 4395 3365 4465 Scaligeri
3418 4394 3627 4464 aliquot
3678 4392 3856 4463 conje-

2211 4497 2394 4546 cturas
2414 4491 2557 4546 edit.
2587 4488 2744 4545 Junii
2778 4486 3084 4559 ascripias,
3137 4484 3401 4554 aliasque
3444 4481 3855 4538 emendatione:

2212 4596 2283 4635 ea:
2310 4580 2535 4635 vestalis
2585 4578 2750 4636 Codd.
2812 4576 3074 4647 ejusdem
3133 4573 3405 4629 editionis
3463 4569 3853 4642 exemplaria

2130 4648 2178 4713 D
2210 4674 2370 4725 Petro
2401 4669 2674 4725 Scriverio
2706 4667 2981 4738 adjectae.
3027 4663 3128 4718 His
3176 4666 3371 4717 tamen
3425 4659 3607 4732 copiis
3638 4659 3851 4714 Haver-

2204 4758 2472 4830 campius
2504 4756 2899 4828 Rigaltianum
2943 4756 3165 4809 textum
3225 4748 3593 4806 confirmavit
3651 4747 3838 4820 magis

2205 4864 2380 4919 quam
2414 4863 2624 4903 novam
2656 4843 3054 4901 recensi-mem
3085 4840 3371 4913 procudit;
3404 4838 3462 4893 in
3494 4835 3851 4909 explicandis

2204 4954 2336 4993 vero
2368 4937 2560 4993 verbis
2592 4932 3104 5003 illustrandisque,
3145 4945 3272 5001 qua:
3306 4929 3374 4983 ad
3409 4927 3738 4993 historiam,
3772 4926 3849 4981 ri-

2206 5032 2303 5082 tus
2333 5029 2387 5081 et
2431 5025 2743 5097 religiones
2790 5022 3065 5094 antiquas
3114 5021 3426 5089 pertinent,
3476 5015 3694 5089 insigni
3745 5016 3850 5070 do-

2208 5108 2416 5179 ctrina,
2451 5131 2636 5186 eaque
2666 5130 2798 5169 cum
2823 5110 3047 5184 judicio
3078 5110 3425 5179 temperata,
3449 5110 3538 5161 est
3563 5109 3854 5176 versatus,

2210 5206 2357 5261 illud
2389 5204 2683 5276 imprimis
2716 5201 3002 5260 detexisse
3035 5196 3435 5269 gaudet,quod
3462 5196 3542 5251 bis
3569 5196 3723 5251 idem
3748 5194 3856 5251 hoc

2212 5295 2494 5366 scriptum
2526 5294 2620 5349 hic
2651 5293 2772 5347 illic
2829 5290 3071 5363 paulum
3103 5286 3164 5340 in
3224 5285 3418 5340 verbis
3475 5289 3532 5341 et
3588 5284 3857 5340 oratione

2214 5385 2597 5440 Immutatum
2625 5383 2781 5437 Tert.
2815 5381 2872 5434 in
2905 5376 3208 5450 pubiicum
3241 5374 3521 5429 emiserit.
3568 5372 3862 5429 Promittit

2214 5477 2270 5528 et
2299 5472 2577 5545 reliquos,
2612 5487 2758 5543 quos
2818 5469 3099 5524 adversus
3156 5464 3368 5519 Gentes
3424 5464 3602 5519 variis
3662 5461 3854 5519 titulis

2218 5562 2548 5635 composuit
2574 5557 2993 5627 Tertullianus,
3029 5554 3231 5623 libros,
3265 5552 3483 5608 notulis
3523 5557 3579 5608 et
3608 5552 3858 5609 aliorum

2218 5651 2568 5721 illustratus,
2600 5650 2660 5704 in
2692 5647 2785 5704 his
2842 5646 3025 5701 libros
3071 5643 3142 5698 ad
3201 5640 3475 5698 Nationes
3533 5640 3860 5699 innumeris

2218 5740 2361 5798 locis
2391 5739 2752 5806 emendatos,
2796 5753 2917 5794 una
2945 5751 3080 5792 cum
3126 5729 3562 5803 Prolegomenis
3611 5730 3860 5789 eruditis
