4148 6188
418 301 498 360 67
1894 294 2342 357 PBEFATIO.
3744 299 3826 361 68

1161 433 1318 487 1757.

489 543 519 576 ‹‹
540 523 671 578 Joa.
694 522 840 576 Auo.
878 520 1187 576 Nonsssun
1216 521 1456 576 Dissert.
1491 521 1561 575 de
1591 537 1725 576 vera
1780 522 1950 574 aetate
1998 533 2063 572 ac

417 612 686 668 doctrina
735 611 1087 680 scriptorum
1137 628 1261 680 quae
1321 614 1642 680 supersunt
1688 611 1751 674 Ο.
1795 606 2062 679 Septimii

417 702 568 757 Flor.
604 699 973 763 Tertulliani,
1006 699 1182 754 Halm.
1220 699 1419 769 Ejusd.
1452 700 1545 765 III,
1580 698 1720 753 diss.
1781 698 1853 752 ad
1913 696 2060 750 Hist.

415 790 568 847 Eccl.
605 789 863 861 pertim.,
898 789 1053 842 1847.
1085 812 1106 839 ι

1113 877 1353 931 1738-59

490 992 509 1017 α
541 975 674 1025 Avo.
742 972 1045 1022 HsUMAN‘NI
1095 966 1387 1037 appendix
1449 967 1517 1020 ad
1571 964 1761 1019 varias
1812 966 2057 1018 annota-

417 1057 604 1111 tiones
630 1057 687 1109 in
717 1054 1167 1124 Tertullianum,
1226 1071 1358 1109 cum
1412 1053 1636 1125 analysi
1696 1052 2058 1108 accuratiore

416 1144 549 1198 libri
573 1146 641 1199 de
674 1143 1303 1215 Prmscriptionibusin
1334 1143 1751 1198 Act.eruditor.
1789 1141 2058 1214 Lipsiens

414 1232 740 1304 Supplem.,
774 1240 810 1287 t.
842 1232 938 1297 VI,
973 1236 1113 1287 sect.
1147 1234 1199 1287 5.
1232 1254 1252 1280 υ

1158 1322 1314 1375 1758.

486 1434 513 1460 ‹‹
536 1413 672 1467 Cas.
721 1410 813 1466 W.
858 1411 1070 1465 Fame.
1112 1410 1331 1465 νεῖμαι]
1360 1411 1429 1465 de
1452 1409 1689 1480 Pompis
1732 1408 1955 1464 Sanalae
1987 1406 2058 1462 ad

415 1499 661 1556 Tertull.
696 1501 767 1555 de
787 1499 1164 1571 Spectaculis,
1198 1500 1483 1570 Gotting,
1520 1499 1691 1553 ιιι-4ο.
1732 1519 1759 1546 ››

1202 1589 1358 1642 1759.

487 1700 507 1726 α
544 1677 604 1733 C.
639 1678 739 1733 Gn.
775 1678 915 1733 SAM.
947 1682 1214 1732 Bsanocn
1246 1678 1413 1749 Prog.
1445 1674 1790 1731 Tertulliani
1842 1674 2057 1745 Apolo-

409 1766 636 1838 geticus
694 1769 763 1821 ab
823 1766 1116 1839 iniquiore
1173 1766 1626 1838 reprehensione
1700 1764 2054 1819 vindicatus.

409 1855 668 1928 Erlang,
692 1856 863 1910 ἰιι-Ιιο.
889 1878 916 1906 ››

1186 1946 1342 1999 1762.

481 2058 510 2084 ‹‹
532 2038 621 2090 Jo.
650 2035 787 2090 DAN.
810 2033 931 2089 VAN
966 2035 1173 2090 Hovsn.
1207 2050 1359 2105 spec.
1413 2037 1613 2090 annot.
1674 2033 1742 2088 ad
1807 2030 2051 2086 Tertull.

409 2124 469 2178 in
501 2128 781 2179 Musaeum
812 2124 998 2179 critic.
1022 2125 1091 2189 ll,
1121 2125 1211 2178 26.
1260 2147 1282 2175 ι

1178 2214 1337 2267 1764.

479 2326 507 2353 ‹‹
530 2307 586 2357 C.
623 2304 686 2356 A.
722 2302 911 2356 Bassa
941 2301 1044 2373 Ep.
1087 2319 1201 2373 quo
1232 2317 1411 2356 sensu
1440 2300 1838 2356 Tertullianus
1873 2301 2049 2354 Deum

408 2391 616 2447 dixerit
646 2408 883 2462 corpus,
916 2391 1138 2462 Lipsius,
1174 2392 1346 2446 ιιι-4ο.
1380 2411 1407 2439 ››

1151 2480 1307 2535 1766.

486 2562 630 2623 «Ἐν.
662 2568 1030 2623 Wsansnoar
1060 2568 1131 2623 de
1158 2570 1336 2639 gveste
1378 2568 1639 2624 Palmata
1684 2568 1755 2622 ad
1815 2564 2051 2622 Tertul-

402 2656 545 2713 liani
573 2657 904 2730 Apologet.,
938 2674 988 2713 c.
1023 2658 1111 2713 30.
1150 2658 1474 2725 Wittemb.,
1510 2658 1678 2712 inv4°.
1716 2679 1743 2707 κ

1154 2764 1310 2819 1769.

484 2859 626 2909 Cum
700 2854 934 2908 easdem
1001 2854 1210 2908 Vener.
1273 2853 1575 2909 Thomasii
1649 2851 2054 2907 Institutiones

408 2942 785 3015 Theologicas
842 2943 1219 3012 antiquorum
1283 2947 1515 2998 Patrum
1601 2945 1927 2997 recenseret
1983 2956 2050 2995 ac

407 3034 597 3089 denuo
629 3031 687 3085 in
720 3030 906 3086 lucem
939 3032 1135 3087 ederet
1166 3036 1299 3085 Ant.
1337 3032 1536 3086 Franc.
1565 3029 1834 3095 Vozzisit,
1867 3029 1927 3084 Ο.
1960 3029 2043 3096 8.,

407 3122 623 3178 iterum
659 3122 861 3176 eodem
903 3127 1144 3176 curante
1198 3122 1416 3193 prodiit
1468 3120 1613 3175 liber
1670 3121 1740 3175 de
1786 3119 2051 3173 Praescri-

2086 1817 2134 1882 B

2088 436 2145 503 Α
2171 432 2215 484 t.
2250 430 2345 499 III,
2378 429 2613 486 exhibet
2641 429 2740 487 lib.
2772 431 2840 487 de
2863 430 3110 488 vetandis
3134 432 3462 504 Virginibus,
3492 432 3565 489 de
3601 432 3827 490 Habitu

2172 517 2456 585 muliebri,
2489 518 2557 573 de
2584 521 2753 576 Cultu
2780 523 3133 591 feminarum.
3156 521 3229 577 ad
3255 524 3483 579 Uxorem
3542 527 3587 587 Ι,
3640 522 3709 590 Il,
3761 523 3828 579 de

2173 608 2568 662 Exhortatione
2596 610 2980 677 castitatis,de
3021 612 3383 679 Monogamia,
3441 610 3505 665 de
3551 613 3715 683 Fuga
3762 614 3823 667 in

2167 699 2569 768 persecutione,
2602 699 2675 753 ad
2703 699 3018 769 Scapulam,
3050 700 3117 753 de
3155 702 3567 755 Resurrectione
3615 702 3820 763 carnis,

2171 785 2238 840 de
2268 789 2449 842 Carne
2480 787 2730 848 Christi;
2750 792 2869 842 tom
2896 792 2992 855 IV,
3017 788 3086 842 de
3110 787 3367 842 Oratione
3408 788 3703 859 integrum
3753 806 3821 845 ex

2171 875 2298 929 cod.
2326 877 2596 942 Ambros,
2631 877 3061 947 supplementis
3086 894 3119 932 a
3140 879 3440 933 Muratorio
3495 879 3551 931 in
3610 878 3814 934 Anecd.

2173 964 2508 1035 propositis,
2541 965 2608 1020 de
2640 967 2971 1022 Testimonio
3002 968 3234 1033 anima»,
3259 967 3322 1021 de
3356 968 3690 1022 Paenitentia
3749 967 3819 1023 ad

2170 1052 2457 1123 Martyres,
2490 1055 2562 1109 de
2590 1055 2893 1117 Patientia,
2926 1055 2991 1109 de
3018 1055 3376 1125 Spectaculis,
3409 1056 3474 1110 de
3529 1055 3818 1122 Idolatria,

2169 1141 2233 1195 de
2262 1142 2564 1212 Baptisma,
2595 1142 2898 1212 deAnima,
2931 1144 2995 1198 de
3027 1144 3237 1199 Corona
3265 1144 3488 1209 militis,
3522 1146 3593 1199 de
3641 1144 3819 1199 Pudi-

2170 1232 2341 1292 citia;
2364 1236 2506 1286 tom.
2540 1231 2606 1287 V.
2642 1233 3070 1303 Apologeticum,
3101 1233 3172 1287 ad
3198 1236 3462 1290 Nationes
3516 1233 3561 1288 Ι.
3623 1233 3691 1301 ΙΙ,
3751 1233 3820 1289 de

2168 1320 2357 1374 Pallio
2388 1336 2519 1375 cum
2557 1322 2578 1374 Ι
2611 1321 2850 1376 Semleri
2884 1322 3128 1377 Dissert.
3162 1322 3219 1376 in
3258 1324 3396 1378 Tert.
3441 1321 3505 1377 de
3552 1324 3710 1377 varia
3767 1331 3820 1378 et

2170 1409 2521 1479 incertaejus
2554 1410 2823 1466 librorum
2844 1409 3072 1480 indole;
3123 1415 3330 1466 Sextus
3388 1412 3639 1482 denique
3681 1428 3814 1467 cum

2169 1498 2504 1569 praefatione
2527 1498 2767 1555 Semleri
2798 1500 3007 1555 Indices
3038 1501 3280 1556 locorum
3312 1500 3367 1555 S.
3418 1500 3472 1556 S.
3534 1501 3592 1555 in
3654 1502 3811 1556 Tert.

2166 1603 2289 1658 opp.
2322 1590 2720 1655 occurentium,
2755 1606 2938 1643 rerum
2970 1598 3019 1645 et
3046 1592 3454 1645 sententiarum
3484 1590 3811 1645 memorabi-

2167 1677 2325 1745 lium,
2360 1678 2660 1733 latinitatis
2685 1679 3061 1746 Tertullianae,
3097 1680 3196 1751 qui
3223 1680 3485 1750 perpetui
3509 1695 3810 1733 commen-

2167 1766 2299 1820 tarii
2332 1768 2512 1821 vicem
2555 1767 2846 1823 sustinere
2880 1768 3085 1839 possit.
3136 1772 3176 1820 A
3211 1772 3369 1823 tomo
3399 1767 3535 1822 inde
3603 1772 3809 1839 quarto

2164 1871 2399 1909 omnem
2429 1855 2704 1911 editionis
2726 1873 2926 1911 curam
2949 1857 3148 1922 cessit,
3185 1857 3463 1928 praefatus
3494 1854 3668 1911 etiam
3720 1861 3811 1911 est

2164 1943 2376 1999 Christ.
2439 1945 2747 2000 Godofred.
2799 1945 3125 2012 Schiitzius,
3177 1944 3369 2000 Celeb.
3421 1961 3577 1999 nunc
3628 1946 3806 2000 Acad.

2164 2031 2387 2098 lenens,
2419 2032 2528 2089 litt.
2553 2034 2711 2088 hum.
2746 2040 2803 2089 et
2832 2033 3021 2105 eloqu.
3055 2035 3371 2105 professor,
3400 2034 3500 2105 qui
3530 2050 3662 2088 cum
3682 2035 3808 2103 jam

2163 2121 2566 2191 superioribus
2604 2122 3007 2178 voluminibus
3074 2139 3311 2194 operam
3364 2122 3422 2176 in
3486 2121 3813 2192 colligenda

2162 2208 2478 2265 lectionum
2511 2211 2788 2267 varietate
2820 2215 3092 2266 navasset
3114 2216 3171 2266 et
3202 2211 3296 2264 hic
3325 2211 3397 2265 ab
3421 2211 3649 2281 incepto
3663 2209 3812 2265 nihil

2162 2298 2425 2365 descivit,
2504 2299 2618 2354 nisi
2681 2301 2833 2371 quod
2883 2299 3137 2371 potiores
3194 2304 3426 2355 tantum
3507 2298 3808 2371 eligendae

2160 2387 2469 2443 varietates
2491 2388 2754 2444 lectionis
2776 2393 3060 2453 censeret,
3094 2388 3426 2455 inutilibus,
3462 2404 3577 2459 quo
3618 2388 3803 2442 etiam

2159 2476 2361 2530 Franc.
2391 2477 2554 2531 Junii
2586 2476 3039 2533 hariolationum
3064 2485 3287 2549 partem
3319 2476 3518 2545 refert,
3542 2474 3801 2539 omissis,

2160 2564 2267 2619 Ubi
2320 2566 2583 2621 Rhenani
2635 2567 2726 2621 ed.
2778 2567 3070 2634 deﬁceret,
3122 2566 3516 2621 Pamelianam
3564 2568 3803 2619 secutus

2157 2654 2459 2726 antiquam
2492 2656 2709 2727 ubique
2737 2655 3358 2723 lectionem,nisi,cum
3391 2655 3629 2710 omnino
3661 2654 3798 2710 ferri

2160 2761 2274 2799 non
2297 2762 2469 2816 posse
2497 2745 2810 2801 videretur.
2862 2745 3170 2817 expressit.
3228 2746 3290 2800 In
3340 2744 3505 2799 libris
3562 2743 3676 2799 vol.
3725 2743 3795 2798 V.

2157 2835 2596 2905 comprehensis
2650 2834 3087 2906 Apologeticum
3147 2852 3213 2889 ex
3271 2833 3671 2906 Havercampi,
3720 2833 3793 2887 de

2160 2923 2336 2978 Pallio
2359 2940 2424 2978 ex
2452 2923 2723 2979 Salmasii
2754 2925 3179 2979 emendatione.
3199 2922 3378 2979 libros
3411 2924 3483 2978 ad
3519 2922 3796 2979 Nationes

2158 3028 2223 3066 ex
2253 3012 2484 3084 Rigaltii
2520 3014 2862 3068 auctoritate
2896 3012 3214 3085 proposuit.
3238 3013 3472 3068 Utinam
3500 3029 3634 3067 vero
3654 3027 3788 3066 cum

2157 3101 2400 3172 reliquis
2433 3101 2513 3156 Cl.
2547 3101 2791 3157 Semleri
2842 3102 2899 3156 in
2960 3102 3202 3157 Tertull.
3253 3102 3794 3167 dissertationibus,

406 3211 710 3283 ptionibus
743 3209 1060 3276 nonnullis,
1087 3216 1292 3265 auctus
1327 3213 1481 3264 notis
1513 3226 1639 3281 quae
1700 3224 1903 3264 sanam
1954 3224 2042 3261 sa-

2164 3208 2314 3245 novze
2368 3191 2483 3246 luci
2544 3191 2726 3246 facem
2775 3191 3237 3262 praeferentibus,
3285 3195 3343 3245 et
3419 3191 3555 3255 ista,
3608 3206 3786 3260 quam

410 3299 577 3371 piunt
608 3298 933 3353 doctrinam
958 3299 1349 3370 eximiamque
1380 3298 1789 3354 eruditionem.
1824 3296 2039 3363 Romae,

401 3402 469 3443 ex
495 3392 723 3459 typogr.
756 3388 927 3441 Marci
959 3386 1261 3457 Palearini,
1296 3388 1470 3441 in-lio.

1026 3495 1130 3549 64
1163 3495 1423 3549 1769-76.

468 3584 572 3636 En.
607 3582 912 3637 HALENSIS.
948 3612 1011 3622 —-
1037 3584 1191 3639 Itala?
1219 3600 1309 3654 ap.
1352 3583 1557 3638 Salam.
1617 3599 1707 3654 ap.
1770 3584 1850 3638 Jo.
1907 3582 2034 3637 Chr.

398 3669 648 3739 Hendel.,
682 3668 895 3740 6voll.,
927 3670 991 3733 Ο.
1049 3671 1106 3726 S.
1170 3670 1248 3726 FI.
1309 3672 1462 3726 Tert.
1513 3674 1698 3742 Opera
1746 3670 2042 3726 recensuit

406 3759 492 3813 Jo.
526 3759 755 3814 SALOMO
787 3760 1032 3814 SEMLER.
1068 3791 1131 3800 —
1157 3761 1239 3815 Ab
1270 3760 1437 3815 initio
1497 3759 1740 3816 seorsim
1799 3762 2041 3831 quinque

405 3848 537 3903 libri
565 3848 823 3903 adversus
863 3849 1190 3905 Marcionem
1238 3850 1598 3921 prodierunt,
1649 3849 1867 3921 quibus
1915 3854 2039 3904 tan-

396 3952 574 4008 quam
606 3942 764 3993 tomo
797 3938 983 4009 primo
1026 3938 1257 4010 reliqui,
1307 3943 1559 4009 quatuor
1612 3938 2033 4004 voluminibus,

393 4026 781 4096 suntadjecti,
816 4032 1013 4081 sextus
1046 4027 1268 4082 indices
1298 4043 1433 4082 cum
1466 4027 1750 4098 glossario
1799 4026 2034 4083 Tertul-

397 4112 545 4170 liani
576 4115 1160 4186 praebetEditionem
1209 4116 1491 4171 librorum
1553 4117 1833 4172 adversus
1880 4116 2025 4171 Mar-

391 4203 622 4257 cionem
653 4203 809 4258 haud
843 4204 1079 4275 quidem
1103 4203 1217 4260 alia
1242 4206 1312 4260 de
1344 4222 1521 4261 causa
1552 4222 1866 4278 aggressus
1911 4210 2035 4261 erat

392 4292 711 4358 Semlerus,
754 4309 932 4363 quam
958 4298 1023 4348 ut
1054 4293 1416 4349 Academicis
1458 4294 1671 4349 studiis
1720 4293 1869 4349 libro
1920 4311 2033 4366 pra)

390 4380 520 4435 aliis
545 4380 888 4435 Tertulliani
920 4382 1137 4454 insigni
1180 4388 1236 4437 et
1294 4384 1482 4438 forma
1525 4383 2034 4455 descriptioneque

390 4469 539 4524 facto
572 4470 903 4540 parabiliori
926 4471 1249 4537 inserviret,
1271 4488 1376 4527 nec
1398 4488 1641 4542 operum
1673 4473 2031 4528 edendorum

390 4556 699 4611 consilium
735 4558 1020 4613 rationem
1045 4559 1221 4614 semel
1244 4559 1449 4613 initam
1484 4560 1750 4615 mutavit.
1783 4561 2027 4615 Textum
2061 4547 2109 4611 D

390 4646 619 4701 reduxit
648 4646 1118 4714 Rhenanianum,
1163 4648 1439 4702 editionis
1491 4648 1712 4719 primae,
1771 4649 1873 4703 sed
1924 4666 2030 4704 suo

386 4735 598 4806 partim
633 4734 1108 4806 ingenio,partim
1133 4734 1594 4806 suifragantibus
1615 4737 2030 4807 editt.reliquis

385 4824 788 4891 emendatum,
812 4824 1090 4879 varietate
1120 4823 1179 4877 in
1215 4824 1428 4888 dubiis,
1453 4826 1645 4879 rarius
1676 4826 2030 4895 conjecturis

387 4912 757 4982 subscriptis.
793 4913 875 4965 Ad
906 4929 1117 4967 manus
1148 4917 1315 4967 erant
1340 4919 1544 4983 praeter
1597 4913 1859 4970 Rhenani
1913 4914 2029 4985 pri-

385 5018 564 5067 mam,
599 5000 950 5055 Parisiensis
972 5001 1658 5072 Gagnaai,an.1566,in-8.
1695 5003 2032 5059 Pameliana

386 5091 543 5145 1597.
575 5090 981 5144 Franekerana
1034 5094 1234 5144 Franc.
1295 5091 1457 5145 Junii
1511 5093 1775 5161 ejusdem
1830 5092 1938 5147 loc.
1973 5098 2031 5149 et

381 5191 533 5231 com.
568 5177 807 5249 Rigaltii
840 5177 1029 5249 prima
1066 5195 1200 5234 cum
1235 5183 1453 5235 Veneta
1485 5181 1823 5249 novissima,
1885 5199 2027 5253 pras-

383 5266 672 5319 tereaLat.
705 5268 921 5321 Latiniz'
956 5265 1096 5321 Bibl.
1152 5284 1318 5323 sacra
1378 5273 1436 5323 et
1486 5269 1631 5339 prof.
1693 5278 1746 5325 el
1791 5272 2031 5327 Woverii

383 5351 541 5406 Notae
574 5354 925 5423 Epidicticaa,
957 5372 1051 5409 an.
1090 5356 1246 5423 1603,
1295 5362 1439 5413 tom.
1494 5358 1562 5413 ll.
1618 5358 2031 5429 complectitur

380 5440 691 5512 plerasque
722 5443 1071 5513 scriptiones
1116 5445 1473 5513 polemicas:
1522 5447 1588 5501 de
1645 5448 2025 5519 Praescriptio-

378 5530 541 5585 nibus
568 5532 755 5597 heret,
788 5532 1055 5587 adversus
1113 5535 1531 5608 Hermogenem,
1597 5537 2027 5608 Valentinianos,

380 5625 683 5678 Praxeam.
716 5621 946 5691 Iudaeos,
977 5630 1177 5679 contra
1208 5627 1497 5695 gnosticos,
1531 5625 1653 5683 adv.
1688 5626 2025 5697 psychichos,

2154 3280 2462 3335 Schiitzius
2494 3281 2844 3352 promiserat
2882 3280 3189 3336 historiam
3240 3296 3483 3351 operum
3519 3284 3576 3335 et
3624 3278 3789 3334 editt.

2150 3368 2514 3439 Tertulliani,
2547 3368 2927 3424 accessisset!
2962 3400 3029 3409 —-
3050 3364 3172 3424 Non
3201 3369 3427 3425 curiose
3476 3369 3618 3424 satis
3656 3382 3789 3422 cen-

2150 3474 2242 3513 sor
2301 3457 2489 3513 Goett.
2544 3458 2681 3513 huic
2739 3458 2980 3513 editioni
3044 3457 3338 3529 propriam
3406 3473 3531 3514 esse
3597 3456 3790 3528 inquit

2147 3547 2568 3617 descriptionem
2608 3547 2876 3602 librorum
2928 3563 3028 3618 per
3073 3549 3280 3617 capita,
3327 3545 3540 3618 quippe
3574 3561 3704 3617 quae
3755 3560 3789 3600 a

2151 3636 2386 3691 Pamelii
2411 3636 2545 3691 inde
2568 3636 2932 3706 temporibus
2960 3652 3191 3706 semper
3219 3634 3496 3690 obtinuit.

2842 3753 2997 3806 1770.

2217 3851 2312 3908 65
2368 3874 2395 3899 ‹‹
2435 3851 2487 3906 J.
2538 3850 2677 3905 Cnn.
2720 3850 3096 3905 Wsansnonr
3154 3848 3320 3921 Prog.
3372 3850 3443 3904 de
3501 3846 3785 3912 Ecclesia,

2090 3982 2093 3983 ν
2144 3940 2622 3995 Columbazdomo
2649 3939 2924 4011 simplici,
2949 3940 3020 3994 ad
3044 3939 3152 3994 loc.
3179 3937 3522 3993 Tertulliani
3557 3938 3781 3993 advers.

2144 4028 2611 4095 Valentinianus,
2639 4046 2765 4100 cap.
2789 4030 2841 4083 3.
2864 4028 3133 4095 Helmst.,
3172 4028 3339 4082 in-Iio.
3369 4048 3396 4077 υ

2894 4142 3049 4197 1772.

2220 4270 2247 4299 ‹‹
2280 4249 2347 4303 Η.
2374 4255 2441 4303 A.
2474 4250 2702 4305 ZEIBICH
2734 4254 2777 4302 P
2828 4264 2918 4321 og-
2961 4249 3032 4303 de
3080 4247 3427 4303 Tertulliani
3489 4244 3785 4302 sententia

2144 4339 2215 4393 de
2236 4338 2517 4393 Columba
2547 4338 2605 4392 in
2647 4337 2944 4392 Christum
2981 4336 3303 4404 devolante,
3338 4336 3517 4401 Germ,
3553 4336 3726 4390 in-to.
3755 4356 3782 4383 ››

2883 4454 3041 4508 1774.

2220 4582 2239 4607 ε
2276 4559 2519 4614 ENGsLs.
2561 4562 2885 4613 KLUPPFEL.
2911 4559 3075 4614 Mens
3100 4556 3441 4613 Tertulliani
3487 4557 3557 4612 de
3595 4556 3785 4612 indis-

2147 4647 2506 4703 solubilitate
2558 4647 2918 4702 matrimonii
2995 4648 3051 4701 in
3102 4647 3449 4702 inﬁdelitate
3502 4646 3785 4701 contracti

2140 4739 2390 4809 conjuge
2422 4735 2706 4791 alterutro
2724 4737 2794 4791 ad
2829 4737 3003 4791 ﬁdem
3054 4736 3271 4792 Christi
3330 4735 3617 4791 confesso.
3653 4735 3783 4790 Frib

2142 4826 2198 4880 in
2230 4826 2309 4881 4ο.
2343 4848 2370 4875 ›)

2877 4915 3035 4970 1776.

2211 5027 2238 5054 ‹‹
2268 5004 2409 5058 CHR.
2446 5004 2504 5060 l“.
2541 5004 2823 5060 ROSSLERI
2848 5004 3180 5060 Bibliothek
3242 5005 3300 5059 d.
3363 5003 3788 5059 Kirchenvmter

2141 5095 2198 5148 in
2257 5094 2738 5167 Ubersetqungen
2795 5112 2854 5150 ιι.
2904 5096 3237 5167 Auszﬁgen,
3277 5112 3330 5149 a.
3367 5094 3418 5149 4.
3481 5094 3545 5160 f.,
3592 5098 3634 5147 t.
3686 5093 3782 5147 ΙΙΙ.

2141 5183 2297 5254 Lips.
2332 5205 2359 5233 »

2850 5273 3099 5326 1776-77.

2210 5386 2237 5413 «
2262 5363 2354 5417 Jo.
2380 5362 2613 5416 DANIEL.
2638 5366 2955 5416 SCHUMANN
2987 5360 3155 5416 Obss.
3194 5362 3251 5415 in
3313 5361 3553 5417 veterib.
3599 5358 3790 5414 Eccle-

2139 5451 2238 5506 siae
2265 5452 2661 5521 Scriptoribus
2693 5466 2823 5505 saec.
2858 5466 2921 5504 ιιι
2968 5455 3026 5505 et
3088 5467 3143 5504 ιν
3202 5452 3272 5506 de
3320 5449 3785 5523 interpolationi-

2139 5542 2250 5595 bus
2282 5540 2637 5609 quibusdam
2662 5538 2879 5593 codicis
2903 5538 2968 5592 N.
2996 5540 3061 5594 T.
3084 5540 3443 5597 Tertulliano
3477 5555 3784 5612 perperam

2139 5627 2352 5683 efﬁctis
2384 5628 2739 5697 conjectura.
2778 5630 3036 5685 Hannov.
3073 5629 3244 5686 in-to.
3281 5651 3308 5679 ››
