4148 6188
61 57 1167 241 ﬂ

245 318 326 378 69
1734 311 2175 375 PRIEFATIO.
3581 316 3662 377 70

999 446 1156 501 1780.

314 541 412 592 En.
450 535 997 590 Wmcssnaoausxs.
1030 565 1097 575 —-
1134 535 1475 602 Wirceburgi
1506 535 1565 589 in
1610 535 1706 605 oﬂ‘.
1762 533 1893 588 libr.

242 628 567 683 Staheliana
597 644 617 679 .·
646 626 709 689 Q.
740 630 794 679 S.
832 626 890 680 F.
924 624 1268 681 Tertulliani
1316 641 1493 697 opera
1523 624 1738 690 omnia,
1772 628 1814 677 t.
1848 627 1894 691 Ι,

244 722 314 779 II.
347 718 529 771 etiam
564 716 675 771 sub
710 719 781 770 tit
841 732 853 770 :
886 718 1071 785 Opera
1103 715 1288 769 omnia
1345 714 1446 767 "S.
1498 717 1607 765 PP.
1661 713 1894 766 Latino-

243 822 395 871 rum,
422 804 534 859 vol.
569 804 614 870 Ι,
650 804 717 859 ΙΙ.
750 804 948 858 Editor
978 802 1155 857 celeb.
1191 806 1507 857 Osaaruua
1538 805 1775 855 secutus
1809 804 1899 855 est

240 894 567 949 editionem
601 892 929 957 llalensem,
952 891 1051 946 sed
1084 891 1165 945 ita
1198 895 1261 945 ut
1291 896 1656 961 compararet
1686 888 1898 942 editio-

241 1000 375 1039 nem
423 981 845 1037 Pamelianam.
880 980 1063 1035 Paris.
1120 981 1259 1034 1608
1292 996 1556 1034 recusam
1589 984 1645 1033 et
1676 977 1900 1033 varian-

241 1077 325 1127 tes
357 1071 525 1126 illius
555 1069 833 1125 lectiones
875 1069 1084 1141 partim
1118 1069 1177 1123 in
1207 1068 1363 1124 calce
1394 1069 1728 1139 subjiceret,
1764 1084 1898 1137 par-

236 1163 366 1227 tim,
403 1177 536 1215 raro
569 1167 763 1215 tamen
796 1165 854 1214 et
879 1159 1320 1230 circumspecte,
1342 1157 1501 1212 illam
1537 1158 1897 1212 emendaret.

238 1250 403 1315 Quod
441 1248 576 1303 fecit
606 1249 665 1302 in
724 1248 1021 1302 volumine
1078 1248 1359 1315 secundo,
1392 1251 1456 1300 ut
1508 1246 1632 1317 ipse
1687 1246 1902 1300 fatetur

238 1337 414 1410 paulo
445 1336 710 1401 liberius,
744 1336 1177 1405 substituendo,
1220 1335 1305 1389 vel
1359 1350 1426 1390 ex
1484 1334 1749 1389 Parisina
1785 1334 1901 1388 edi-

235 1425 513 1493 tione,vel
548 1443 616 1480 ex
648 1425 1027 1480 varietatibus
1061 1424 1378 1479 lectionum
1414 1424 1486 1478 ab
1517 1422 1753 1478 Halensi
1778 1422 1898 1477 edi-

237 1521 363 1570 tore
394 1514 680 1581 collectis,
715 1514 851 1568 hinc
887 1513 1021 1568 inde
1074 1512 1160 1567 vel
1194 1514 1429 1568 voculas
1461 1510 1629 1579 alias,
1662 1510 1770 1576 vel,
1806 1528 1895 1565 ra-

240 1605 365 1659 rius
427 1609 649 1671 tamen,
684 1603 944 1673 integras
1003 1602 1181 1657 etiam
1243 1602 1586 1656 sententias.
1623 1603 1905 1654 Praterea

241 1694 511 1750 ordinem
546 1692 833 1747 librorum
867 1689 1346 1762 cbronologicum
1380 1707 1447 1744 ex
1479 1688 1760 1744 Noeeselti
1806 1706 1904 1743 au-

241 1783 513 1837 ctoritate
544 1780 863 1851 adoptavit,
896 1779 1005 1834 hac
1067 1784 1261 1834 tamen
1322 1778 1568 1843 cautela,
1604 1783 1669 1832 ut
1724 1776 1904 1832 libros

238 1876 447 1927 contra
502 1870 879 1933 Marcionem,
938 1885 1052 1922 non
1114 1867 1211 1922 alii
1287 1867 1646 1937 interjectos,
1710 1866 1901 1938 prouti

236 1958 344 2014 viri
406 1958 570 2013 illius
623 1956 1011 2028 Chronologia
1059 1956 1345 2027 exigebat,
1399 1957 1499 2010 sed
1560 1956 1905 2025 conjunctos

233 2065 352 2102 una
382 2047 556 2113 serie,
580 2063 761 2116 seque
795 2045 1134 2100 immediate
1167 2044 1525 2113 excipientes
1558 2044 1903 2115 publicaret.

231 2136 480 2191 Addidit
511 2136 689 2189 etiam
722 2135 998 2189 Carmina
1044 2133 1413 2188 Tertulliano
1441 2132 1574 2187 olim
1611 2133 1785 2187 tribui
1814 2150 1905 2188 so-

234 2224 361 2293 lita,
396 2228 606 2279 contra
640 2225 976 2278 Marcionem
1023 2222 1269 2289 scilicet,
1303 2222 1367 2277 de
1414 2222 1627 2278 Iudicio
1667 2224 1908 2293 Domini,

234 2314 300 2368 de
330 2314 563 2382 Genesi,
596 2312 661 2367 de
707 2312 968 2380 Sodoma,
1028 2311 1094 2366 de
1146 2313 1321 2381 Ligno
1354 2314 1503 2379 vitae,
1566 2328 1599 2365 a
1651 2311 1909 2368 Pamelio

237 2402 729 2475 praetermissum,
764 2406 821 2455 et
844 2401 918 2455 ad
947 2408 1279 2457 senatorem.

990 2510 1149 2562 1780.

311 2621 338 2647 ς(
375 2602 440 2652 In
475 2596 717 2653 Collect.
751 2601 979 2652 Poetar.
1011 2597 1194 2666 Vett.,
1257 2596 1396 2652 edit.
1456 2595 1737 2661 Pisauris,
1772 2600 1813 2650 t.
1843 2596 1914 2671 ν,

245 2686 610 2759 prodierunt
647 2686 912 2741 carmina
960 2687 1159 2741 omnia
1190 2685 1549 2741 Tertulliano
1580 2686 1854 2757 ascripta.
1886 2706 1914 2735 »

1009 2802 1171 2856 1780.

312 2914 341 2941 «ι
379 2890 528 2945 Cen.
587 2891 728 2945 ϐου.
782 2893 1003 2945 Scrw'rz
1050 2888 1360 2960 explicatio
1406 2889 1533 2946 loco
1575 2888 1917 2945 Tertulliani

256 2982 349 3051 (de
384 2979 944 3051 Prescriptionibus
975 2980 1119 3043 XVI,
1142 2978 1335 3047 XVII),
1370 2980 1439 3034 de
1469 2981 1766 3035 eversione
1800 2984 1919 3034 sto-

254 3068 449 3123 machi
505 3072 607 3122 aut
663 3068 887 3123 cerebri
918 3085 985 3123 ex
1025 3068 1438 3139 congressione
1466 3068 1915 3140 scripturarum-

244 3156 353 3210 Jen
366 3196 407 3220 .,
440 3154 599 3209 in-f°.
630 3178 659 3203 »

990 3244 1155 3300 1780.

326 3354 356 3381 α
393 3335 615 3387 Vzasro
644 3334 948 3388 Aueuml
999 3332 1346 3388 Tertulliani
1392 3332 1527 3388 libri
1575 3333 1648 3388 ad
1696 3335 1918 3406 Scapu-

249 3420 399 3485 lam,
431 3438 532 3492 ap.
564 3426 627 3475 Ι).
660 3421 1033 3477 DALRYMPLE.
1065 3422 1296 3477 Edimb.
1333 3442 1361 3469 »

1051 3538 1179 3593 781.

325 3629 393 3678 D.
432 3625 495 3679 P.
532 3629 742 3679 DOMIN.
795 3538 1179 3682 SCHM;7%1..
1218 3631 1274 3681 S.
1336 3627 1399 3681 B.
1463 3627 1721 3699 analysis
1780 3645 1915 3701 opp.

252 3713 611 3769 Tertulliani
640 3714 699 3768 in
733 3731 839 3769 suo
882 3732 1094 3787 magno
1128 3731 1320 3788 opere,
1355 3719 1396 3771 t.
1432 3716 1530 3771 III.
1568 3739 1596 3765 »

1022 3822 1181 3876 1783.

328 3931 356 3957 ‹‹
388 3908 514 3962 Jos.
551 3914 692 3963 Am.
728 3908 990 3963 CANTOVA
1038 3911 1109 3964 de
1160 3910 1443 3981 Septimio
1485 3915 1541 3965 et
1570 3915 1626 3964 8.
1660 3912 1914 3983 Epipha-

256 3998 351 4053 nio
385 3998 672 4052 dissertit.
713 3998 757 4051 II
809 3997 986 4053 theol.
1022 3999 1207 4053 critic.
1244 4000 1301 4053 in
1357 4000 1573 4070 quibus
1599 4002 1917 4073 anthropo-

255 4085 628 4157 morpbismo
652 4094 924 4142 neutrum
951 4086 1279 4143 laborrasse
1300 4089 1917 4158 ostenditur.Mediol.,

256 4174 436 4229 in-8°.
474 4196 503 4223 ››

1015 4264 1173 4319 1784.

331 4353 438 4407 06
472 4377 497 4400 υ
532 4352 676 4408 Cna.
724 4353 872 4409 Gon.
910 4357 1134 4409 Scau'rz
1181 4353 1344 4424 Prog.
1390 4354 1460 4409 de
1511 4354 1727 4425 Regula
1786 4357 1921 4413 ﬁdei

256 4442 415 4513 apud
448 4441 901 4496 Tertullianum.
934 4442 1065 4497 Jen.
1097 4464 1125 4492 ››

1032 4558 1191 4612 1784.

326 4648 391 4702 Iu
422 4648 599 4701 Assisi
625 4646 680 4700 8.
714 4646 1113 4702 Osservazioni
1146 4663 1320 4717 sepra
1360 4646 1619 4703 l’Analisi
1651 4648 1741 4704 del
1772 4650 1919 4706 libro

262 4735 418 4790 delle
449 4736 844 4806 prescrizione
876 4736 935 4791 di
967 4735 1347 4791 Tertulliano.
1380 4768 1448 4777 —
1482 4739 1759 4793 Praecedit
1782 4756 1917 4793 eum

256 4825 530 4879 versione
563 4824 764 4879 italica
795 4830 987 4881 textus
1021 4825 1261 4881 Latinus
1295 4824 1533 4880 Pamelii
1568 4842 1631 4880 ex
1662 4827 1752 4881 ed.
1782 4833 1918 4883 Fra-

260 4914 609 4981 neckerana,
644 4915 783 4967 1597
829 4914 1133 4984 (mendose
1154 4914 1437 4985 scriptum
1472 4916 1652 4985 1697),
1701 4920 1757 4970 et
1814 4916 1917 4972 Va-

257 5000 554 5057 riantibus
614 5002 720 5057 LL.
781 5002 1015 5073 Rigaltii
1073 5003 1142 5057 ad
1204 5003 1507 5071 Venetam,
1544 5004 1700 5057 1744.
1753 5004 1921 5060 Liber

257 5089 380 5157 ille,
412 5090 484 5143 ad
520 5107 696 5161 quem
729 5090 815 5145 ha:
865 5092 1303 5147 observationes
1351 5098 1641 5163 spectant,
1689 5094 1920 5164 prodie-

260 5184 349 5232 rat
379 5178 595 5244 Ticini,
632 5180 791 5247 1783,
816 5181 911 5246 8°;
945 5181 1016 5234 de
1048 5185 1299 5251 utroque
1326 5180 1668 5237 OEIriohsius
1698 5188 1921 5252 noster,

260 5272 323 5321 ut
343 5270 517 5338 puto,
551 5265 798 5323 lectores
832 5268 1108 5324 monebit.

1022 5366 1179 5421 1785.

326 5476 355 5501 ‹‹
396 5454 468 5507 II.
506 5455 650 5507 (Jan.
684 5455 1145 5511 BALLENSTENDT.
1180 5453 1536 5510 Tertullians
1563 5456 1788 5512 Geistes
1823 5458 1918 5512 fa;—

260 5540 586 5613 higkeiten,
620 5542 922 5615 Religions
950 5544 1329 5599 Kemntnisse
1376 5561 1432 5599 u.
1467 5545 1799 5617 Theologic.
1852 5547 1916 5602 E.

260 5628 551 5687 Versbuc.
587 5632 765 5700 in-8°,
799 5633 1065 5689 Abhadll.
1098 5633 1343 5689 Helmst.
1371 5633 1580 5690 ἰη-8ο.»

1928 446 1982 513 Α

2016 1743 2176 1798 bliot.
2265 1742 2861 1798 historico-Iitteraria
2934 1745 3034 1800 PP.
3123 1747 3399 1816 Latinor.,

1936 1810 1981 1873 Β
2015 1850 2069 1903 ρ.
2102 1833 2250 1886 2-53.
2288 1854 2314 1880 η

2080 556 2108 582 ‹‹
2141 536 2276 589 Cna.
2310 535 2488 589 Bmcn
2520 447 3095 606 dissert.iTq9t?osdam
3144 553 3213 590 ex
3257 538 3321 603 Q.
3363 537 3521 607 Sept.
3566 538 3652 595 F1.

2006 624 2347 678 Tertulliani
2391 624 2664 679 collectos
2694 633 2866 696 atque
2900 624 3216 680 illustratos
3246 626 3404 681 locos
3438 627 3657 683 theolo-

2006 712 2166 783 gicos
2197 712 2432 768 sistens.
2467 713 2649 767 Havn.
2686 714 2853 767 ἱτι-ἰιο.
2893 736 2919 763 ››

2776 831 2933 883 1791.

2083 938 2108 965 «ι
2140 917 2191 971 J.
2220 921 2317 971 Gs.
2350 919 2489 974 ARN.
2522 922 2805 973 OELRICHS
2855 920 3263 974 commentarii
3294 921 3363 975 de
3403 922 3654 992 Scripto-

2009 1005 2172 1060 ribus
2205 1006 2468 1062 Ecclesia:
2493 1008 2709 1062 Latina:
2746 1008 3005 1079 priorum
3038 1026 3091 1061 v1
3123 1008 3491 1077 saculorum,
3517 1027 3659 1066 cura

2007 1095 2145 1148 Arn.
2179 1094 2364 1150 herm.
2401 1096 2458 1150 h.
2493 1096 2720 1163 Herem,
2756 1097 2917 1151 in-8°.
2957 1118 2983 1145 ››

2783 1214 2940 1267 1792.

2082 1322 2108 1348 ‹‹
2144 1300 2354 1354 VERSIO
2385 1300 2698 1355 HISPANICA
2726 1303 3027 1371 Apologeta‘?
3057 1301 3369 1373 Religionis
3391 1303 3664 1359 Christia—

2011 1405 2097 1441 nw
2129 1389 2405 1459 antiquae,
2456 1390 2773 1460 interprete
2824 1391 2947 1444 Em.
3003 1390 3274 1446 Ximenes
3324 1393 3394 1447 de
3444 1392 3661 1462 Urieta,

2012 1477 2258 1531 Madrid.
2294 1477 2469 1531 ἰπὶ-4ο,
2506 1499 2532 1526 ››

2708 1566 2969 1620 1792-97.

2086 1676 2113 1703 ‹‹
2146 1654 2247 1709 CH.
2282 1654 2609 1709 'laoooorr.
2668 1658 2912 1710 GOTLIKB
2973 1657 3397 1713 SSHOENEMANN
3456 1658 3514 1713 in
3567 1660 3665 1713 Bi-

3486 1752 3528 1802 t.
3620 1750 3663 1819 Ι,

2082 1943 2110 1970 ‹‹
2144 1921 2359 1975 Vaasm
2388 1920 2733 1976 GERMANICA
2763 1921 3113 1994 Apologetiti
3155 1924 3264 1979 sub
3296 1924 3463 1981 titulo
3498 1944 3510 1982 :
3558 1930 3664 1982 Des

2016 2012 2080 2076 Q.
2111 2014 2265 2080 Sept.
2299 2010 2445 2065 Flor.
2480 2010 2874 2066 Tertullianus
2925 2013 3371 2087 vertheidigung
3401 2016 3466 2070 D.
3500 2016 3668 2069 Chri-

2016 2099 2112 2153 sti.
2148 2099 2331 2153 Sacbe
2362 2115 2544 2170 gegen
2580 2101 2634 2153 d.
2666 2101 2892 2156 heiden.
2925 2119 2979 2154 Α.
3014 2103 3072 2156 d.
3101 2120 3149 2156 ι..
3187 2105 3472 2171 Francoi'.,
3496 2106 3666 2177 in-80,

2019 2192 2175 2241 auct.
2206 2204 2251 2241 J.
2288 2204 2337 2241 ι’.
2370 2187 2619 2242 Kleuker.
2658 2211 2685 2236 ››

2761 2279 2915 2332 1799.

2093 2388 2119 2415 ‹‹
2154 2370 2214 2419 D.
2249 2366 2537 2421 Go'rrann.
2587 2367 2829 2421 [δωρεῇ
2885 2371 2949 2422 Ο.
3001 2368 3059 2423 S.
3105 2372 3166 2425 Β.
3220 2369 3426 2426 histor.
3469 2370 3665 2426 Tbeol.

2024 2454 2093 2509 de
2124 2454 2259 2523 vita,
2305 2454 2538 2526 scriptis
2588 2460 2762 2526 atque
2811 2456 3078 2511 doctrina
3116 2458 3208 2512 SS.
3244 2458 3372 2528 PP.,
3404 2462 3445 2513 t.
3474 2459 3567 2529 V1,
3601 2460 3669 2515 de

2022 2542 2140 2597 vita
2192 2546 2249 2597 et
2295 2541 2529 2613 scriptis
2558 2541 2920 2597 Tertulliani.
2958 2564 2985 2592 ››

2664 2658 2879 2714 Saseulo
2911 2676 3024 2713 χιχ.

2698 2748 3012 2802 1803-1820.

2099 2866 2126 2893 ‹‹
2185 2844 2324 2899 Jott.
2385 2847 2599 2899 Ma'rru.
2648 2845 3028 2900 Scunoacxan
3085 2846 3324 2905 Christi.
3392 2849 3675 2905 Kirchen-

2026 2932 2223 3003 gesch.
2260 2933 2411 3004 Lips.
2446 2932 2657 3002 XXXV,
2691 2933 2761 2987 de
2792 2934 2844 3002 3,
2877 2934 3000 2988 317.
3038 2958 3058 2983 ι

2771 3049 2928 3103 1820.

2103 3160 2124 3187 ι
2157 3140 2222 3193 G.
2257 3137 2323 3192 H.
2361 3137 2831 3192 SCHARFENBERG.
2878 3142 3184 3193 comment.
3231 3140 3392 3194 acad.
3453 3140 3522 3195 de
3569 3140 3676 3195 Ju-

2028 3227 2203 3293 stino,
2235 3226 2592 3281 Tertulliano
2623 3232 2678 3280 et
2709 3226 2995 3298 Cypriano
3028 3228 3156 3282 adv.
3197 3227 3431 3283 Judzeos
3471 3227 3676 3299 dispu-

2027 3315 2305 3370 tantibus.
2333 3315 2517 3369 Lund.
2551 3314 2722 3369 Gotb.
2755 3316 2829 3369 4ο.
2869 3338 2890 3364 ι

2098 3518 2339 3574 Tertull.
2372 3536 2507 3591 opp.
2542 3431 3010 3587 Mediol.u(3.I2.LA.
3071 3519 3372 3585 Moehler.,
3405 3538 3473 3575 ex
3501 3536 3674 3593 opere

2028 3608 2344 3680 posthumo
2375 3608 2695 3680 Patrologie
2752 3609 2893 3663 oder
2949 3608 3287 3663 christlicbe
3314 3608 3674 3683 litteraerge-

2029 3696 2289 3753 echichte
2320 3697 2414 3768 II.)

2780 3787 2936 3841 1822.

2101 3904 2129 3932 ‹‹
2162 3883 2379 3938 VERSIO
2398 3886 2645 3938 GALLICA
2668 3882 2759 3937 IV.
2794 3914 2861 3923 —-
2892 3883 3192 3955 Apologet.
3217 3882 3685 3950 Tertulliani,in-

2028 3976 2280 4042 terprete
2310 3972 2375 4027 D.
2420 3973 2703 4041 Meunier,
2740 3973 2912 4042 prior.
2954 3973 3012 4027 S.
3063 3972 3292 4027 Martini
3338 3972 3399 4027 in
3448 3973 3688 4046 Campis

2030 4060 2087 4114 in
2122 4060 2403 4115 subzirbio
2433 4060 2842 4130 Cabillonensi,
2886 4062 3116 4131 optimas
3170 4065 3315 4116 notae
3347 4077 3411 4116 ac
3445 4063 3689 4133 majoris

2030 4148 2197 4202 fama:
2219 4149 2417 4220 digna,
2447 4149 2544 4203 diu
2581 4154 2712 4220 post
2744 4153 2897 4204 auct.
2932 4149 3158 4204 obitum
3191 4149 3368 4205 edita.
3409 4173 3430 4198 ι

2775 4264 2931 4319 1823.

2107 4375 2134 4403 ‹‹
2186 4353 2239 4408 J.
2295 4355 2359 4407 A.
2420 4354 2648 4409 COENEN
2714 4354 3101 4408 Commentat.
3171 4354 3242 4408 de
3300 4351 3683 4423 Tertulliano,

2033 4442 2498 4499 Christianorum
2550 4448 2606 4497 et
2666 4442 2845 4512 Belig.
2906 4442 3119 4498 Christ.
3193 4443 3419 4497 advers.
3479 4449 3682 4515 gentes

1953 4546 1998 4610 Β
2032 4530 2343 4602 Apologela
2375 4531 2469 4585 67
2504 4561 2571 4571 —
2602 4530 2660 4585 in
2715 4533 2927 4586 Annal.
2978 4531 3161 4587 Acad.
3229 4530 3680 4602 Rheno-traject.

2029 4622 2179 4674 Ann.
2217 4619 2538 4673 1823—1824.
2572 4638 2598 4665 ιι

2775 4708 2935 4763 1825.

2102 4818 2129 4847 ‹‹
2161 4798 2226 4851 Α.
2264 4796 2538 4852 Nemean
2568 4797 3039 4867 Antignostikus,
3075 4797 3240 4854 Geist
3269 4798 3340 4852 de
3371 4796 3682 4852 Tertullia-

2030 4902 2142 4940 nus
2176 4885 2293 4939 und
2327 4884 2661 4956 Einleitung
2718 4886 2775 4939 in
2828 4888 3037 4941 dessen
3082 4886 3395 4951 Schriften,
3453 4886 3557 4940 mit
3589 4903 3680 4940 ar-

2030 4972 2488 5043 chaaologischen
2523 4974 2639 5028 und
2698 4974 3344 5045 dogmenhistorischen
3398 4977 3681 5028 Untersu-

2030 5064 2323 5135 cbungen.
2357 5061 2531 5129 Berl.,
2566 5061 2729 5117 in-8°.
2772 5086 2791 5112 »

2778 5180 2936 5236 1825.

2101 5301 2129 5328 ‹‹
2162 5278 2373 5332 VERSIO
2407 5276 2652 5332 GALLICA
2685 5278 2743 5334 V.
2798 5279 3099 5352 Apologet.
3152 5283 3207 5333 et
3247 5278 3680 5349 Praescription.

2030 5368 2157 5423 adv.
2194 5368 2331 5421 bear.
2366 5366 2677 5438 interprete
2727 5369 2796 5424 de
2837 5373 3082 5442 Gourcy,
3133 5370 3314 5423 Paris.
3369 5368 3535 5435 in-8°,
3596 5388 3686 5425 ac-

2030 5456 2248 5511 curatis
2297 5457 2685 5527 argumentis,
2771 5458 2995 5531 exiguis
3052 5476 3118 5514 ac
3188 5457 3564 5529 paucioribus
3623 5460 3683 5515 in

2028 5550 2275 5614 textum,
2321 5544 2818 5616 frequentioribus
2850 5549 2908 5603 in
2959 5548 3237 5605 lectiones
3288 5547 3477 5603 varias
3526 5547 3682 5603 notis

2031 5638 2335 5691 adornata.
2366 5656 2386 5683 ι
