  <div class='ocr_page' id='page_1' title='image "/cluster/home/n/w/nwhite01/storage/ocr_20150623/1/hvd.32044096580337/043.png"; bbox 0 0 4148 6188; ppageno 0'>
   <div class='ocr_carea' id='block_1_1' title="bbox 454 308 2374 371">
    <p class='ocr_par' dir='ltr' id='par_1_1' title="bbox 454 308 2374 371">
     <span class='ocr_line' id='line_1_1' title="bbox 454 308 2374 371; baseline 0.002 -5"><span class='ocrx_word' id='word_1_1' title='bbox 454 308 525 367; x_wconf 80' lang='grc'>71</span> <span class='ocrx_word' id='word_1_2' title='bbox 1932 308 2374 371; x_wconf 70' lang='lat' dir='ltr'>PREFATIO.</span> 
     </span>
    </p>
   </div>
   <div class='ocr_carea' id='block_1_2' title="bbox 1198 443 1356 497">
    <p class='ocr_par' dir='ltr' id='par_1_2' title="bbox 1198 443 1356 497">
     <span class='ocr_line' id='line_1_2' title="bbox 1198 443 1356 497; baseline 0.006 -1"><span class='ocrx_word' id='word_1_3' title='bbox 1198 443 1356 497; x_wconf 89' lang='lat'>1827.</span> 
     </span>
    </p>
   </div>
   <div class='ocr_carea' id='block_1_3' title="bbox 517 527 2094 602">
    <p class='ocr_par' dir='ltr' id='par_1_3' title="bbox 517 527 2094 602">
     <span class='ocr_line' id='line_1_3' title="bbox 517 527 2094 602; baseline 0.002 -23"><span class='ocrx_word' id='word_1_4' title='bbox 517 527 909 585; x_wconf 78' lang='lat' dir='ltr'>«Tertulliani</span> <span class='ocrx_word' id='word_1_5' title='bbox 955 529 1312 602; x_wconf 80' lang='lat' dir='ltr'>Apologetici</span> <span class='ocrx_word' id='word_1_6' title='bbox 1364 532 1504 587; x_wconf 85' lang='lat' dir='ltr'>edit.</span> <span class='ocrx_word' id='word_1_7' title='bbox 1566 548 1696 586; x_wconf 89' lang='lat' dir='ltr'>nov.</span> <span class='ocrx_word' id='word_1_8' title='bbox 1753 544 1886 586; x_wconf 89' lang='lat' dir='ltr'>cum</span> <span class='ocrx_word' id='word_1_9' title='bbox 1943 545 2094 584; x_wconf 89' lang='lat' dir='ltr'>varr.</span> 
     </span>
    </p>
   </div>
   <div class='ocr_carea' id='block_1_4' title="bbox 448 618 1795 687">
    <p class='ocr_par' dir='ltr' id='par_1_4' title="bbox 448 618 1795 687">
     <span class='ocr_line' id='line_1_4' title="bbox 448 618 1795 687; baseline 0.001 -13"><span class='ocrx_word' id='word_1_10' title='bbox 448 620 633 675; x_wconf 90' lang='lat' dir='ltr'>Lectt.</span> <span class='ocrx_word' id='word_1_11' title='bbox 660 618 785 674; x_wconf 86' lang='lat' dir='ltr'>Jos.</span> <span class='ocrx_word' id='word_1_12' title='bbox 826 618 949 674; x_wconf 81' lang='lat' dir='ltr'>IGN.</span> <span class='ocrx_word' id='word_1_13' title='bbox 982 620 1212 674; x_wconf 79' lang='lat' dir='ltr'>Rmsa.</span> <span class='ocrx_word' id='word_1_14' title='bbox 1249 620 1538 687; x_wconf 85' lang='lat' dir='ltr'>Eberfeld,</span> <span class='ocrx_word' id='word_1_15' title='bbox 1571 622 1741 676; x_wconf 90' lang='lat' dir='ltr'>in-8°.</span> <span class='ocrx_word' id='word_1_16' title='bbox 1770 641 1795 668; x_wconf 84' lang='lat'>»</span> 
     </span>
    </p>
   </div>
   <div class='ocr_carea' id='block_1_5' title="bbox 1200 710 1354 764">
    <p class='ocr_par' dir='ltr' id='par_1_5' title="bbox 1200 710 1354 764">
     <span class='ocr_line' id='line_1_5' title="bbox 1200 710 1354 764; baseline -0.019 0"><span class='ocrx_word' id='word_1_17' title='bbox 1200 710 1354 764; x_wconf 85' lang='lat'>1827.</span> 
     </span>
    </p>
   </div>
   <div class='ocr_carea' id='block_1_6' title="bbox 520 797 2091 853">
    <p class='ocr_par' dir='ltr' id='par_1_6' title="bbox 520 797 2091 853">
     <span class='ocr_line' id='line_1_6' title="bbox 520 797 2091 853; baseline 0 -3"><span class='ocrx_word' id='word_1_18' title='bbox 520 817 540 843; x_wconf 69' lang='grc' dir='ltr'><strong>α</strong></span> <span class='ocrx_word' id='word_1_19' title='bbox 574 800 638 850; x_wconf 91' lang='lat' dir='ltr'>A.</span> <span class='ocrx_word' id='word_1_20' title='bbox 673 801 858 852; x_wconf 77' lang='lat' dir='ltr'>Rnpu.</span> <span class='ocrx_word' id='word_1_21' title='bbox 879 798 1104 853; x_wconf 78' lang='lat' dir='ltr'>Gssssa</span> <span class='ocrx_word' id='word_1_22' title='bbox 1136 797 1409 853; x_wconf 90' lang='lat' dir='ltr'>Biblioth.</span> <span class='ocrx_word' id='word_1_23' title='bbox 1437 798 1535 853; x_wconf 89' lang='lat' dir='ltr'>lat.</span> <span class='ocrx_word' id='word_1_24' title='bbox 1561 798 1832 853; x_wconf 79' lang='lat' dir='ltr'>Veterum</span> <span class='ocrx_word' id='word_1_25' title='bbox 1866 799 2091 852; x_wconf 78' lang='lat' dir='ltr'>Poetar.</span> 
     </span>
    </p>
   </div>
   <div class='ocr_carea' id='block_1_7' title="bbox 440 884 2092 959">
    <p class='ocr_par' dir='ltr' id='par_1_7' title="bbox 440 884 2092 959">
     <span class='ocr_line' id='line_1_7' title="bbox 440 884 2092 959; baseline 0.001 -19"><span class='ocrx_word' id='word_1_26' title='bbox 440 885 821 941; x_wconf 87' lang='lat' dir='ltr'>Christianor.</span> <span class='ocrx_word' id='word_1_27' title='bbox 867 886 1041 940; x_wconf 74' lang='lat' dir='ltr'>Jenae.</span> <span class='ocrx_word' id='word_1_28' title='bbox 1096 891 1303 941; x_wconf 76' lang='lat' dir='ltr'>Praeter</span> <span class='ocrx_word' id='word_1_29' title='bbox 1350 887 1608 959; x_wconf 90' lang='lat' dir='ltr'>primum</span> <span class='ocrx_word' id='word_1_30' title='bbox 1664 892 1885 941; x_wconf 89' lang='lat' dir='ltr'>tomum</span> <span class='ocrx_word' id='word_1_31' title='bbox 1948 884 2092 941; x_wconf 85' lang='lat' dir='ltr'>nihil</span> 
     </span>
    </p>
   </div>
   <div class='ocr_carea' id='block_1_8' title="bbox 443 974 1015 1047">
    <p class='ocr_par' dir='ltr' id='par_1_8' title="bbox 443 974 1015 1047">
     <span class='ocr_line' id='line_1_8' title="bbox 443 974 1015 1047; baseline -0.007 -18"><span class='ocrx_word' id='word_1_32' title='bbox 443 974 693 1030; x_wconf 88' lang='lat' dir='ltr'>ulterius</span> <span class='ocrx_word' id='word_1_33' title='bbox 726 975 960 1047; x_wconf 82' lang='lat' dir='ltr'>prodiit.</span> <span class='ocrx_word' id='word_1_34' title='bbox 988 996 1015 1025; x_wconf 86' lang='grc'>››</span> 
     </span>
    </p>
   </div>
   <div class='ocr_carea' id='block_1_9' title="bbox 1219 1065 1375 1119">
    <p class='ocr_par' dir='ltr' id='par_1_9' title="bbox 1219 1065 1375 1119">
     <span class='ocr_line' id='line_1_9' title="bbox 1219 1065 1375 1119; baseline 0 0"><span class='ocrx_word' id='word_1_35' title='bbox 1219 1065 1375 1119; x_wconf 87' lang='lat'>1827.</span> 
     </span>
    </p>
   </div>
   <div class='ocr_carea' id='block_1_10' title="bbox 508 1153 2088 1226">
    <p class='ocr_par' dir='ltr' id='par_1_10' title="bbox 508 1153 2088 1226">
     <span class='ocr_line' id='line_1_10' title="bbox 508 1153 2088 1226; baseline 0.002 -20"><span class='ocrx_word' id='word_1_36' title='bbox 508 1157 723 1209; x_wconf 76' lang='lat' dir='ltr'>Vsssm</span> <span class='ocrx_word' id='word_1_37' title='bbox 780 1154 1021 1209; x_wconf 78' lang='lat' dir='ltr'>GALLICA</span> <span class='ocrx_word' id='word_1_38' title='bbox 1069 1153 1164 1208; x_wconf 88' lang='lat' dir='ltr'>VI.</span> <span class='ocrx_word' id='word_1_39' title='bbox 1222 1154 1578 1226; x_wconf 86' lang='lat' dir='ltr'>Apologetici</span> <span class='ocrx_word' id='word_1_40' title='bbox 1635 1153 1871 1207; x_wconf 82' lang='lat' dir='ltr'>Tertull.</span> <span class='ocrx_word' id='word_1_41' title='bbox 1934 1158 2088 1209; x_wconf 85' lang='lat' dir='ltr'>auct.</span> 
     </span>
    </p>
   </div>
   <div class='ocr_carea' id='block_1_11' title="bbox 430 1242 2088 1314">
    <p class='ocr_par' dir='ltr' id='par_1_11' title="bbox 430 1242 2088 1314">
     <span class='ocr_line' id='line_1_11' title="bbox 430 1242 2088 1314; baseline -0.001 -16"><span class='ocrx_word' id='word_1_42' title='bbox 430 1244 485 1298; x_wconf 89' lang='lat' dir='ltr'>J.</span> <span class='ocrx_word' id='word_1_43' title='bbox 519 1247 613 1297; x_wconf 75' lang='lat' dir='ltr'>Fs.</span> <span class='ocrx_word' id='word_1_44' title='bbox 652 1248 878 1297; x_wconf 75' lang='lat' dir='ltr'>ALLARD</span> <span class='ocrx_word' id='word_1_45' title='bbox 919 1243 1159 1297; x_wconf 88' lang='lat' dir='ltr'>human.</span> <span class='ocrx_word' id='word_1_46' title='bbox 1212 1242 1385 1297; x_wconf 91' lang='lat' dir='ltr'>litter.</span> <span class='ocrx_word' id='word_1_47' title='bbox 1434 1242 1573 1297; x_wconf 91' lang='lat' dir='ltr'>olim</span> <span class='ocrx_word' id='word_1_48' title='bbox 1626 1242 1952 1314; x_wconf 77' lang='lat' dir='ltr'>professors</span> <span class='ocrx_word' id='word_1_49' title='bbox 1984 1259 2088 1297; x_wconf 89' lang='lat' dir='ltr'>nec</span> 
     </span>
    </p>
   </div>
   <div class='ocr_carea' id='block_1_12' title="bbox 427 1331 2083 1401">
    <p class='ocr_par' dir='ltr' id='par_1_12' title="bbox 427 1331 2083 1401">
     <span class='ocr_line' id='line_1_12' title="bbox 427 1331 2083 1401; baseline -0.001 -14"><span class='ocrx_word' id='word_1_50' title='bbox 427 1332 611 1401; x_wconf 84' lang='lat' dir='ltr'>hujus</span> <span class='ocrx_word' id='word_1_51' title='bbox 642 1331 995 1387; x_wconf 84' lang='lat' dir='ltr'>conditionis</span> <span class='ocrx_word' id='word_1_52' title='bbox 1043 1331 1408 1401; x_wconf 90' lang='lat' dir='ltr'>immemore,</span> <span class='ocrx_word' id='word_1_53' title='bbox 1470 1332 1592 1386; x_wconf 90' lang='lat' dir='ltr'>sive</span> <span class='ocrx_word' id='word_1_54' title='bbox 1624 1331 1683 1385; x_wconf 92' lang='lat' dir='ltr'>in</span> <span class='ocrx_word' id='word_1_55' title='bbox 1722 1331 1934 1401; x_wconf 66' lang='lat' dir='ltr'>praevia</span> <span class='ocrx_word' id='word_1_56' title='bbox 1965 1332 2083 1385; x_wconf 85' lang='lat' dir='ltr'>dis-</span> 
     </span>
    </p>
   </div>
   <div class='ocr_carea' id='block_1_13' title="bbox 429 1420 2083 1491">
    <p class='ocr_par' dir='ltr' id='par_1_13' title="bbox 429 1420 2083 1491">
     <span class='ocr_line' id='line_1_13' title="bbox 429 1420 2083 1491; baseline -0.001 -15"><span class='ocrx_word' id='word_1_57' title='bbox 429 1427 564 1476; x_wconf 90' lang='lat' dir='ltr'>sert.</span> <span class='ocrx_word' id='word_1_58' title='bbox 600 1422 671 1475; x_wconf 90' lang='lat' dir='ltr'>de</span> <span class='ocrx_word' id='word_1_59' title='bbox 723 1420 1000 1476; x_wconf 80' lang='lat' dir='ltr'>laudibus</span> <span class='ocrx_word' id='word_1_60' title='bbox 1047 1420 1410 1489; x_wconf 78' lang='lat' dir='ltr'>Tertulliani,</span> <span class='ocrx_word' id='word_1_61' title='bbox 1445 1437 1622 1491; x_wconf 86' lang='lat' dir='ltr'>quem</span> <span class='ocrx_word' id='word_1_62' title='bbox 1656 1420 1852 1475; x_wconf 93' lang='lat' dir='ltr'>Tullio</span> <span class='ocrx_word' id='word_1_63' title='bbox 1886 1425 1942 1474; x_wconf 89' lang='lat' dir='ltr'>et</span> <span class='ocrx_word' id='word_1_64' title='bbox 1972 1421 2083 1475; x_wconf 89' lang='lat' dir='ltr'>De-</span> 
     </span>
    </p>
   </div>
   <div class='ocr_carea' id='block_1_14' title="bbox 427 1510 2082 1582">
    <p class='ocr_par' dir='ltr' id='par_1_14' title="bbox 427 1510 2082 1582">
     <span class='ocr_line' id='line_1_14' title="bbox 427 1510 2082 1582; baseline -0.001 -17"><span class='ocrx_word' id='word_1_65' title='bbox 427 1510 735 1566; x_wconf 81' lang='lat' dir='ltr'>mosthene</span> <span class='ocrx_word' id='word_1_66' title='bbox 766 1510 937 1582; x_wconf 87' lang='lat' dir='ltr'>longe</span> <span class='ocrx_word' id='word_1_67' title='bbox 980 1510 1312 1580; x_wconf 83' lang='lat' dir='ltr'>eloquentia</span> <span class='ocrx_word' id='word_1_68' title='bbox 1345 1510 1806 1578; x_wconf 73' lang='lat' dir='ltr'>praestantiorem</span> <span class='ocrx_word' id='word_1_69' title='bbox 1859 1510 2035 1564; x_wconf 84' lang='lat' dir='ltr'>habet</span> <span class='ocrx_word' id='word_1_70' title='bbox 2070 1523 2082 1573; x_wconf 94' lang='lat'><strong>;</strong></span> 
     </span>
    </p>
   </div>
   <div class='ocr_carea' id='block_1_15' title="bbox 426 1598 2084 1670">
    <p class='ocr_par' dir='ltr' id='par_1_15' title="bbox 426 1598 2084 1670">
     <span class='ocr_line' id='line_1_15' title="bbox 426 1598 2084 1670; baseline -0.001 -16"><span class='ocrx_word' id='word_1_71' title='bbox 426 1599 545 1655; x_wconf 83' lang='lat' dir='ltr'>sive</span> <span class='ocrx_word' id='word_1_72' title='bbox 578 1600 635 1653; x_wconf 91' lang='lat' dir='ltr'>in</span> <span class='ocrx_word' id='word_1_73' title='bbox 668 1599 823 1654; x_wconf 88' lang='lat' dir='ltr'>notis</span> <span class='ocrx_word' id='word_1_74' title='bbox 855 1600 923 1653; x_wconf 84' lang='lat' dir='ltr'>ad</span> <span class='ocrx_word' id='word_1_75' title='bbox 951 1599 1169 1653; x_wconf 80' lang='lat' dir='ltr'>calcem</span> <span class='ocrx_word' id='word_1_76' title='bbox 1202 1599 1455 1668; x_wconf 80' lang='lat' dir='ltr'>rejectis,</span> <span class='ocrx_word' id='word_1_77' title='bbox 1488 1615 1655 1669; x_wconf 88' lang='lat' dir='ltr'>quas,</span> <span class='ocrx_word' id='word_1_78' title='bbox 1675 1599 1940 1670; x_wconf 89' lang='lat' dir='ltr'>Septimii</span> <span class='ocrx_word' id='word_1_79' title='bbox 1970 1598 2084 1670; x_wconf 82' lang='lat' dir='ltr'>ple-</span> 
     </span>
    </p>
   </div>
   <div class='ocr_carea' id='block_1_16' title="bbox 424 1680 2080 1759">
    <p class='ocr_par' dir='ltr' id='par_1_16' title="bbox 424 1680 2080 1759">
     <span class='ocr_line' id='line_1_16' title="bbox 424 1680 2080 1759; baseline 0 -17"><span class='ocrx_word' id='word_1_80' title='bbox 424 1704 674 1758; x_wconf 89' lang='lat' dir='ltr'>rumque</span> <span class='ocrx_word' id='word_1_81' title='bbox 706 1687 947 1751; x_wconf 89' lang='lat' dir='ltr'>oblitus,</span> <span class='ocrx_word' id='word_1_82' title='bbox 982 1688 1039 1742; x_wconf 93' lang='lat' dir='ltr'>in</span> <span class='ocrx_word' id='word_1_83' title='bbox 1076 1680 1365 1758; x_wconf 84' lang='lat' dir='ltr'>quoslibet</span> <span class='ocrx_word' id='word_1_84' title='bbox 1400 1688 1600 1743; x_wconf 90' lang='lat' dir='ltr'>obvios</span> <span class='ocrx_word' id='word_1_85' title='bbox 1634 1693 1941 1743; x_wconf 85' lang='lat' dir='ltr'>novatores</span> <span class='ocrx_word' id='word_1_86' title='bbox 1974 1705 2080 1759; x_wconf 90' lang='lat' dir='ltr'>pu-</span> 
     </span>
    </p>
   </div>
   <div class='ocr_carea' id='block_1_17' title="bbox 422 1774 1066 1849">
    <p class='ocr_par' dir='ltr' id='par_1_17' title="bbox 422 1774 1066 1849">
     <span class='ocr_line' id='line_1_17' title="bbox 422 1774 1066 1849; baseline 0 -18"><span class='ocrx_word' id='word_1_87' title='bbox 422 1776 686 1849; x_wconf 88' lang='lat' dir='ltr'>gnaciter</span> <span class='ocrx_word' id='word_1_88' title='bbox 723 1774 1011 1831; x_wconf 88' lang='lat' dir='ltr'>immittit.</span> <span class='ocrx_word' id='word_1_89' title='bbox 1040 1799 1066 1824; x_wconf 89' lang='grc'>››</span> 
     </span>
    </p>
   </div>
   <div class='ocr_carea' id='block_1_18' title="bbox 1084 1866 1407 1922">
    <p class='ocr_par' dir='ltr' id='par_1_18' title="bbox 1084 1866 1407 1922">
     <span class='ocr_line' id='line_1_18' title="bbox 1084 1866 1407 1922; baseline 0.006 -2"><span class='ocrx_word' id='word_1_90' title='bbox 1084 1866 1407 1922; x_wconf 85' lang='lat'>1827-1829.</span> 
     </span>
    </p>
   </div>
   <div class='ocr_carea' id='block_1_19' title="bbox 492 1954 2069 2027">
    <p class='ocr_par' dir='ltr' id='par_1_19' title="bbox 492 1954 2069 2027">
     <span class='ocr_line' id='line_1_19' title="bbox 492 1954 2069 2027; baseline 0.003 -21"><span class='ocrx_word' id='word_1_91' title='bbox 492 1978 519 2005; x_wconf 89' lang='grc'>‹‹</span> <span class='ocrx_word' id='word_1_92' title='bbox 554 1960 652 2010; x_wconf 82' lang='grc' dir='ltr'>Ει).</span> <span class='ocrx_word' id='word_1_93' title='bbox 701 1956 1014 2010; x_wconf 77' lang='lat' dir='ltr'>HALLENSIS</span> <span class='ocrx_word' id='word_1_94' title='bbox 1061 1954 1128 2009; x_wconf 88' lang='grc' dir='ltr'>ΙΙ.</span> <span class='ocrx_word' id='word_1_95' title='bbox 1165 1987 1230 1996; x_wconf 91' lang='grc'><strong>-</strong></span> <span class='ocrx_word' id='word_1_96' title='bbox 1276 1957 1429 2012; x_wconf 69' lang='lat' dir='ltr'>llatae</span> <span class='ocrx_word' id='word_1_97' title='bbox 1458 1955 1882 2027; x_wconf 72' lang='lat' dir='ltr'>Mandeburgicae</span> <span class='ocrx_word' id='word_1_98' title='bbox 1914 1956 2069 2027; x_wconf 86' lang='lat' dir='ltr'>apud</span> 
     </span>
    </p>
   </div>
   <div class='ocr_carea' id='block_1_20' title="bbox 412 2043 2064 2116">
    <p class='ocr_par' dir='ltr' id='par_1_20' title="bbox 412 2043 2064 2116">
     <span class='ocr_line' id='line_1_20' title="bbox 412 2043 2064 2116; baseline 0 -16"><span class='ocrx_word' id='word_1_99' title='bbox 412 2044 537 2100; x_wconf 86' lang='lat' dir='ltr'>Joh.</span> <span class='ocrx_word' id='word_1_100' title='bbox 600 2045 799 2099; x_wconf 74' lang='lat' dir='ltr'>Christ.</span> <span class='ocrx_word' id='word_1_101' title='bbox 862 2044 1083 2108; x_wconf 78' lang='lat' dir='ltr'>Hendez&#39;,</span> <span class='ocrx_word' id='word_1_102' title='bbox 1143 2045 1355 2101; x_wconf 85' lang='lat' dir='ltr'>iterum</span> <span class='ocrx_word' id='word_1_103' title='bbox 1416 2043 1629 2116; x_wconf 91' lang='lat' dir='ltr'>prodiit</span> <span class='ocrx_word' id='word_1_104' title='bbox 1677 2045 1736 2100; x_wconf 91' lang='lat' dir='ltr'>in</span> <span class='ocrx_word' id='word_1_105' title='bbox 1786 2050 1925 2101; x_wconf 92' lang='lat' dir='ltr'>tom.</span> <span class='ocrx_word' id='word_1_106' title='bbox 1970 2046 2064 2113; x_wconf 91' lang='lat' dir='ltr'>VI,</span> 
     </span>
    </p>
   </div>
   <div class='ocr_carea' id='block_1_21' title="bbox 412 2133 1242 2205">
    <p class='ocr_par' dir='ltr' id='par_1_21' title="bbox 412 2133 1242 2205">
     <span class='ocr_line' id='line_1_21' title="bbox 412 2133 1242 2205; baseline 0 -16"><span class='ocrx_word' id='word_1_107' title='bbox 412 2134 505 2189; x_wconf 91' lang='lat' dir='ltr'>ed.</span> <span class='ocrx_word' id='word_1_108' title='bbox 538 2133 779 2189; x_wconf 90' lang='lat' dir='ltr'>Semler.</span> <span class='ocrx_word' id='word_1_109' title='bbox 814 2133 945 2189; x_wconf 90' lang='lat' dir='ltr'>Vid.</span> <span class='ocrx_word' id='word_1_110' title='bbox 979 2150 1177 2205; x_wconf 85' lang='lat' dir='ltr'>supra.</span> <span class='ocrx_word' id='word_1_111' title='bbox 1216 2156 1242 2183; x_wconf 84' lang='grc'><strong>››</strong></span> 
     </span>
    </p>
   </div>
   <div class='ocr_carea' id='block_1_22' title="bbox 1170 2224 1327 2277">
    <p class='ocr_par' dir='ltr' id='par_1_22' title="bbox 1170 2224 1327 2277">
     <span class='ocr_line' id='line_1_22' title="bbox 1170 2224 1327 2277; baseline -0.006 0"><span class='ocrx_word' id='word_1_112' title='bbox 1170 2224 1327 2277; x_wconf 82' lang='grc'>1829.</span> 
     </span>
    </p>
   </div>
   <div class='ocr_carea' id='block_1_23' title="bbox 491 2310 2061 2379">
    <p class='ocr_par' dir='ltr' id='par_1_23' title="bbox 491 2310 2061 2379">
     <span class='ocr_line' id='line_1_23' title="bbox 491 2310 2061 2379; baseline 0.003 -16"><span class='ocrx_word' id='word_1_113' title='bbox 491 2334 511 2363; x_wconf 83' lang='grc' dir='ltr'>ι</span> <span class='ocrx_word' id='word_1_114' title='bbox 564 2316 662 2367; x_wconf 81' lang='lat' dir='ltr'>Fa.</span> <span class='ocrx_word' id='word_1_115' title='bbox 734 2313 985 2368; x_wconf 79' lang='lat' dir='ltr'>MUNTER</span> <span class='ocrx_word' id='word_1_116' title='bbox 1037 2312 1366 2367; x_wconf 89' lang='lat' dir='ltr'>Primordia</span> <span class='ocrx_word' id='word_1_117' title='bbox 1434 2310 1699 2367; x_wconf 67' lang='lat' dir='ltr'>Ecclesiae</span> <span class='ocrx_word' id='word_1_118' title='bbox 1756 2312 2061 2379; x_wconf 59' lang='lat' dir='ltr'>Africanas,</span> 
     </span>
    </p>
   </div>
   <div class='ocr_carea' id='block_1_24' title="bbox 424 2400 1192 2473">
    <p class='ocr_par' dir='ltr' id='par_1_24' title="bbox 424 2400 1192 2473">
     <span class='ocr_line' id='line_1_24' title="bbox 424 2400 1192 2473; baseline -0.007 -18"><span class='ocrx_word' id='word_1_119' title='bbox 424 2402 679 2457; x_wconf 67' lang='lat' dir='ltr'>Havniae.</span> <span class='ocrx_word' id='word_1_120' title='bbox 712 2402 884 2469; x_wconf 89' lang='lat' dir='ltr'>in-4°,</span> <span class='ocrx_word' id='word_1_121' title='bbox 915 2419 970 2473; x_wconf 92' lang='lat' dir='ltr'>p.</span> <span class='ocrx_word' id='word_1_122' title='bbox 1005 2400 1130 2457; x_wconf 73' lang='lat'>128.</span> <span class='ocrx_word' id='word_1_123' title='bbox 1166 2424 1192 2452; x_wconf 79' lang='grc'><strong>››</strong></span> 
     </span>
    </p>
   </div>
   <div class='ocr_carea' id='block_1_25' title="bbox 1166 2491 1322 2545">
    <p class='ocr_par' dir='ltr' id='par_1_25' title="bbox 1166 2491 1322 2545">
     <span class='ocr_line' id='line_1_25' title="bbox 1166 2491 1322 2545; baseline 0 0"><span class='ocrx_word' id='word_1_124' title='bbox 1166 2491 1322 2545; x_wconf 84' lang='lat'>1829.</span> 
     </span>
    </p>
   </div>
   <div class='ocr_carea' id='block_1_26' title="bbox 480 2579 2056 2636">
    <p class='ocr_par' dir='ltr' id='par_1_26' title="bbox 480 2579 2056 2636">
     <span class='ocr_line' id='line_1_26' title="bbox 480 2579 2056 2636; baseline 0.004 -6"><span class='ocrx_word' id='word_1_125' title='bbox 480 2602 508 2630; x_wconf 85' lang='grc'>‹‹</span> <span class='ocrx_word' id='word_1_126' title='bbox 567 2585 631 2634; x_wconf 88' lang='lat' dir='ltr'>In</span> <span class='ocrx_word' id='word_1_127' title='bbox 684 2579 1020 2634; x_wconf 88' lang='lat' dir='ltr'>collectione</span> <span class='ocrx_word' id='word_1_128' title='bbox 1080 2579 1291 2634; x_wconf 90' lang='lat' dir='ltr'>selecta</span> <span class='ocrx_word' id='word_1_129' title='bbox 1342 2579 1437 2634; x_wconf 88' lang='lat' dir='ltr'>SS.</span> <span class='ocrx_word' id='word_1_130' title='bbox 1500 2579 1769 2635; x_wconf 70' lang='lat' dir='ltr'>Ecclesiae</span> <span class='ocrx_word' id='word_1_131' title='bbox 1824 2581 2056 2636; x_wconf 81' lang='lat' dir='ltr'>Patrum</span> 
     </span>
    </p>
   </div>
   <div class='ocr_carea' id='block_1_27' title="bbox 408 2668 2054 2740">
    <p class='ocr_par' dir='ltr' id='par_1_27' title="bbox 408 2668 2054 2740">
     <span class='ocr_line' id='line_1_27' title="bbox 408 2668 2054 2740; baseline 0 -17"><span class='ocrx_word' id='word_1_132' title='bbox 408 2668 831 2739; x_wconf 86' lang='lat' dir='ltr'>complectente</span> <span class='ocrx_word' id='word_1_133' title='bbox 874 2668 1338 2739; x_wconf 87' lang='lat' dir='ltr'>exquisitissima</span> <span class='ocrx_word' id='word_1_134' title='bbox 1388 2685 1589 2723; x_wconf 91' lang='lat' dir='ltr'>eorum</span> <span class='ocrx_word' id='word_1_135' title='bbox 1636 2686 1768 2740; x_wconf 85' lang='lat' dir='ltr'>Opp.</span> <span class='ocrx_word' id='word_1_136' title='bbox 1812 2686 1951 2724; x_wconf 86' lang='lat' dir='ltr'>cura</span> <span class='ocrx_word' id='word_1_137' title='bbox 1990 2676 2054 2723; x_wconf 84' lang='lat' dir='ltr'>A.</span> 
     </span>
    </p>
   </div>
   <div class='ocr_carea' id='block_1_28' title="bbox 405 2754 2057 2826">
    <p class='ocr_par' dir='ltr' id='par_1_28' title="bbox 405 2754 2057 2826">
     <span class='ocr_line' id='line_1_28' title="bbox 405 2754 2057 2826; baseline 0 -17"><span class='ocrx_word' id='word_1_138' title='bbox 405 2759 468 2810; x_wconf 90' lang='grc' dir='ltr'>Β.</span> <span class='ocrx_word' id='word_1_139' title='bbox 499 2755 719 2809; x_wconf 88' lang='lat' dir='ltr'>Caillau</span> <span class='ocrx_word' id='word_1_140' title='bbox 752 2759 807 2810; x_wconf 90' lang='lat' dir='ltr'>et</span> <span class='ocrx_word' id='word_1_141' title='bbox 837 2759 906 2809; x_wconf 89' lang='lat' dir='ltr'>M.</span> <span class='ocrx_word' id='word_1_142' title='bbox 942 2759 1010 2810; x_wconf 91' lang='lat' dir='ltr'>N.</span> <span class='ocrx_word' id='word_1_143' title='bbox 1063 2756 1120 2810; x_wconf 92' lang='lat' dir='ltr'>S.</span> <span class='ocrx_word' id='word_1_144' title='bbox 1162 2754 1416 2823; x_wconf 92' lang='lat' dir='ltr'>Guillon,</span> <span class='ocrx_word' id='word_1_145' title='bbox 1451 2756 1716 2826; x_wconf 90' lang='lat' dir='ltr'>prodiere</span> <span class='ocrx_word' id='word_1_146' title='bbox 1755 2755 1887 2811; x_wconf 90' lang='lat' dir='ltr'>libri</span> <span class='ocrx_word' id='word_1_147' title='bbox 1921 2757 2057 2811; x_wconf 89' lang='lat' dir='ltr'>Ter-</span> 
     </span>
    </p>
   </div>
   <div class='ocr_carea' id='block_1_29' title="bbox 405 2844 2058 2915">
    <p class='ocr_par' dir='ltr' id='par_1_29' title="bbox 405 2844 2058 2915">
     <span class='ocr_line' id='line_1_29' title="bbox 405 2844 2058 2915; baseline -0.001 -16"><span class='ocrx_word' id='word_1_148' title='bbox 405 2844 638 2899; x_wconf 87' lang='lat' dir='ltr'>tulliani</span> <span class='ocrx_word' id='word_1_149' title='bbox 690 2844 806 2899; x_wconf 83' lang='lat' dir='ltr'>fere</span> <span class='ocrx_word' id='word_1_150' title='bbox 862 2861 1088 2913; x_wconf 91' lang='lat' dir='ltr'>omnes,</span> <span class='ocrx_word' id='word_1_151' title='bbox 1148 2844 1403 2915; x_wconf 82' lang='lat' dir='ltr'>exceptis</span> <span class='ocrx_word' id='word_1_152' title='bbox 1434 2848 1665 2898; x_wconf 87' lang='lat' dir='ltr'>tantum</span> <span class='ocrx_word' id='word_1_153' title='bbox 1716 2861 1815 2899; x_wconf 88' lang='lat' dir='ltr'>sex</span> <span class='ocrx_word' id='word_1_154' title='bbox 1848 2844 2058 2915; x_wconf 88' lang='lat' dir='ltr'>partim</span> 
     </span>
    </p>
   </div>
   <div class='ocr_carea' id='block_1_30' title="bbox 402 2933 2056 3005">
    <p class='ocr_par' dir='ltr' id='par_1_30' title="bbox 402 2933 2056 3005">
     <span class='ocr_line' id='line_1_30' title="bbox 402 2933 2056 3005; baseline -0.001 -16"><span class='ocrx_word' id='word_1_155' title='bbox 402 2933 596 2998; x_wconf 87' lang='lat' dir='ltr'>editis,</span> <span class='ocrx_word' id='word_1_156' title='bbox 630 2949 840 3005; x_wconf 87' lang='lat' dir='ltr'>nempe</span> <span class='ocrx_word' id='word_1_157' title='bbox 871 2935 941 2989; x_wconf 89' lang='lat' dir='ltr'>de</span> <span class='ocrx_word' id='word_1_158' title='bbox 971 2934 1197 3001; x_wconf 90' lang='lat' dir='ltr'>Anima,</span> <span class='ocrx_word' id='word_1_159' title='bbox 1240 2934 1310 2988; x_wconf 93' lang='lat' dir='ltr'>de</span> <span class='ocrx_word' id='word_1_160' title='bbox 1349 2933 1511 3005; x_wconf 82' lang='lat' dir='ltr'>Fuga</span> <span class='ocrx_word' id='word_1_161' title='bbox 1540 2933 1599 2987; x_wconf 91' lang='lat' dir='ltr'>in</span> <span class='ocrx_word' id='word_1_162' title='bbox 1632 2950 1810 3003; x_wconf 87' lang='lat' dir='ltr'>pers.,</span> <span class='ocrx_word' id='word_1_163' title='bbox 1842 2934 1912 2988; x_wconf 91' lang='lat' dir='ltr'>de</span> <span class='ocrx_word' id='word_1_164' title='bbox 1950 2938 2056 2988; x_wconf 84' lang='lat' dir='ltr'>Pu-</span> 
     </span>
    </p>
   </div>
   <div class='ocr_carea' id='block_1_31' title="bbox 406 3022 2055 3093">
    <p class='ocr_par' dir='ltr' id='par_1_31' title="bbox 406 3022 2055 3093">
     <span class='ocr_line' id='line_1_31' title="bbox 406 3022 2055 3093; baseline -0.001 -14"><span class='ocrx_word' id='word_1_165' title='bbox 406 3023 625 3087; x_wconf 89' lang='lat' dir='ltr'>dicitia,</span> <span class='ocrx_word' id='word_1_166' title='bbox 685 3024 755 3078; x_wconf 89' lang='lat' dir='ltr'>de</span> <span class='ocrx_word' id='word_1_167' title='bbox 796 3023 1050 3093; x_wconf 85' lang='lat' dir='ltr'>Jejunio,</span> <span class='ocrx_word' id='word_1_168' title='bbox 1084 3024 1155 3079; x_wconf 90' lang='lat' dir='ltr'>de</span> <span class='ocrx_word' id='word_1_169' title='bbox 1184 3022 1478 3077; x_wconf 84' lang='lat' dir='ltr'>Exhortat.</span> <span class='ocrx_word' id='word_1_170' title='bbox 1511 3022 1726 3092; x_wconf 89' lang='lat' dir='ltr'>castit.,</span> <span class='ocrx_word' id='word_1_171' title='bbox 1758 3024 1828 3078; x_wconf 86' lang='lat' dir='ltr'>de</span> <span class='ocrx_word' id='word_1_172' title='bbox 1859 3027 2055 3078; x_wconf 86' lang='lat' dir='ltr'>Mono-</span> 
     </span>
    </p>
   </div>
   <div class='ocr_carea' id='block_1_32' title="bbox 410 3112 1129 3185">
    <p class='ocr_par' dir='ltr' id='par_1_32' title="bbox 410 3112 1129 3185">
     <span class='ocr_line' id='line_1_32' title="bbox 410 3112 1129 3185; baseline 0 -18"><span class='ocrx_word' id='word_1_173' title='bbox 410 3112 624 3185; x_wconf 86' lang='lat' dir='ltr'>gamia.</span> <span class='ocrx_word' id='word_1_174' title='bbox 659 3118 801 3168; x_wconf 91' lang='lat' dir='ltr'>tom.</span> <span class='ocrx_word' id='word_1_175' title='bbox 835 3113 925 3177; x_wconf 90' lang='lat' dir='ltr'>VI,</span> <span class='ocrx_word' id='word_1_176' title='bbox 952 3113 1065 3168; x_wconf 89' lang='lat' dir='ltr'>VlI.</span> <span class='ocrx_word' id='word_1_177' title='bbox 1102 3134 1129 3163; x_wconf 83' lang='lat'><strong><em>»</em></strong></span> 
     </span>
    </p>
   </div>
   <div class='ocr_carea' id='block_1_33' title="bbox 1159 3202 1316 3255">
    <p class='ocr_par' dir='ltr' id='par_1_33' title="bbox 1159 3202 1316 3255">
     <span class='ocr_line' id='line_1_33' title="bbox 1159 3202 1316 3255; baseline -0.006 0"><span class='ocrx_word' id='word_1_178' title='bbox 1159 3202 1316 3255; x_wconf 82' lang='lat'>1832.</span> 
     </span>
    </p>
   </div>
   <div class='ocr_carea' id='block_1_34' title="bbox 480 3288 2051 3363">
    <p class='ocr_par' dir='ltr' id='par_1_34' title="bbox 480 3288 2051 3363">
     <span class='ocr_line' id='line_1_34' title="bbox 480 3288 2051 3363; baseline 0.006 -25"><span class='ocrx_word' id='word_1_179' title='bbox 480 3312 507 3339; x_wconf 90' lang='grc'>‹‹</span> <span class='ocrx_word' id='word_1_180' title='bbox 540 3289 755 3344; x_wconf 70' lang='lat' dir='ltr'>Vsasro</span> <span class='ocrx_word' id='word_1_181' title='bbox 788 3288 1033 3344; x_wconf 78' lang='lat' dir='ltr'>GALLICA</span> <span class='ocrx_word' id='word_1_182' title='bbox 1089 3290 1132 3345; x_wconf 90' lang='grc' dir='ltr'>Ι.</span> <span class='ocrx_word' id='word_1_183' title='bbox 1190 3290 1343 3344; x_wconf 84' lang='lat' dir='ltr'>Libri</span> <span class='ocrx_word' id='word_1_184' title='bbox 1377 3290 1441 3345; x_wconf 81' lang='lat' dir='ltr'>de</span> <span class='ocrx_word' id='word_1_185' title='bbox 1477 3291 1805 3346; x_wconf 75' lang='lat' dir='ltr'>Testimonio</span> <span class='ocrx_word' id='word_1_186' title='bbox 1830 3292 2051 3363; x_wconf 68' lang='lat' dir='ltr'>animae,</span> 
     </span>
    </p>
   </div>
   <div class='ocr_carea' id='block_1_35' title="bbox 403 3378 2051 3450">
    <p class='ocr_par' dir='ltr' id='par_1_35' title="bbox 403 3378 2051 3450">
     <span class='ocr_line' id='line_1_35' title="bbox 403 3378 2051 3450; baseline 0.002 -18"><span class='ocrx_word' id='word_1_187' title='bbox 403 3378 502 3449; x_wconf 92' lang='lat' dir='ltr'>qui</span> <span class='ocrx_word' id='word_1_188' title='bbox 536 3382 593 3433; x_wconf 91' lang='lat' dir='ltr'>et</span> <span class='ocrx_word' id='word_1_189' title='bbox 623 3378 746 3448; x_wconf 88' lang='lat' dir='ltr'>ipse</span> <span class='ocrx_word' id='word_1_190' title='bbox 789 3378 1010 3432; x_wconf 69' lang='lat' dir='ltr'>caeteris</span> <span class='ocrx_word' id='word_1_191' title='bbox 1040 3378 1281 3433; x_wconf 88' lang='lat' dir='ltr'>Tertull.</span> <span class='ocrx_word' id='word_1_192' title='bbox 1315 3379 1549 3449; x_wconf 88' lang='lat' dir='ltr'>scriptis</span> <span class='ocrx_word' id='word_1_193' title='bbox 1591 3380 1881 3450; x_wconf 85' lang='lat' dir='ltr'>elegantia</span> <span class='ocrx_word' id='word_1_194' title='bbox 1912 3398 2051 3449; x_wconf 67' lang='lat' dir='ltr'>prae-</span> 
     </span>
    </p>
   </div>
   <div class='ocr_carea' id='block_1_36' title="bbox 403 3465 2050 3539">
    <p class='ocr_par' dir='ltr' id='par_1_36' title="bbox 403 3465 2050 3539">
     <span class='ocr_line' id='line_1_36' title="bbox 403 3465 2050 3539; baseline 0.001 -17"><span class='ocrx_word' id='word_1_195' title='bbox 403 3466 652 3522; x_wconf 88' lang='lat' dir='ltr'>stantior</span> <span class='ocrx_word' id='word_1_196' title='bbox 681 3466 837 3520; x_wconf 89' lang='lat' dir='ltr'>haud</span> <span class='ocrx_word' id='word_1_197' title='bbox 868 3465 1153 3537; x_wconf 87' lang='lat' dir='ltr'>imparem</span> <span class='ocrx_word' id='word_1_198' title='bbox 1206 3474 1414 3521; x_wconf 88' lang='lat' dir='ltr'>nactus</span> <span class='ocrx_word' id='word_1_199' title='bbox 1462 3472 1550 3523; x_wconf 89' lang='lat' dir='ltr'>est</span> <span class='ocrx_word' id='word_1_200' title='bbox 1582 3468 1838 3539; x_wconf 90' lang='lat' dir='ltr'>primum</span> <span class='ocrx_word' id='word_1_201' title='bbox 1871 3468 2050 3524; x_wconf 90' lang='lat' dir='ltr'>inter-</span> 
     </span>
    </p>
   </div>
   <div class='ocr_carea' id='block_1_37' title="bbox 400 3555 2046 3628">
    <p class='ocr_par' dir='ltr' id='par_1_37' title="bbox 400 3555 2046 3628">
     <span class='ocr_line' id='line_1_37' title="bbox 400 3555 2046 3628; baseline 0.002 -20"><span class='ocrx_word' id='word_1_202' title='bbox 400 3560 644 3628; x_wconf 89' lang='lat' dir='ltr'>pretem,</span> <span class='ocrx_word' id='word_1_203' title='bbox 699 3555 757 3609; x_wconf 92' lang='lat' dir='ltr'>in</span> <span class='ocrx_word' id='word_1_204' title='bbox 814 3555 1015 3609; x_wconf 83' lang='lat' dir='ltr'>Annal.</span> <span class='ocrx_word' id='word_1_205' title='bbox 1080 3556 1445 3627; x_wconf 74' lang='lat' dir='ltr'>PhilosOphia:</span> <span class='ocrx_word' id='word_1_206' title='bbox 1503 3557 1859 3627; x_wconf 69' lang='lat' dir='ltr'>Christianae,</span> <span class='ocrx_word' id='word_1_207' title='bbox 1912 3574 2046 3612; x_wconf 89' lang='lat' dir='ltr'>ann.</span> 
     </span>
    </p>
   </div>
   <div class='ocr_carea' id='block_1_38' title="bbox 400 3644 2048 3717">
    <p class='ocr_par' dir='ltr' id='par_1_38' title="bbox 400 3644 2048 3717">
     <span class='ocr_line' id='line_1_38' title="bbox 400 3644 2048 3717; baseline 0.002 -18"><span class='ocrx_word' id='word_1_208' title='bbox 400 3644 558 3709; x_wconf 82' lang='lat'>1832,</span> <span class='ocrx_word' id='word_1_209' title='bbox 592 3660 792 3698; x_wconf 89' lang='lat' dir='ltr'>mense</span> <span class='ocrx_word' id='word_1_210' title='bbox 842 3644 1039 3711; x_wconf 88' lang='lat' dir='ltr'>Junio,</span> <span class='ocrx_word' id='word_1_211' title='bbox 1066 3644 1262 3699; x_wconf 78' lang='lat' dir='ltr'>fascic.</span> <span class='ocrx_word' id='word_1_212' title='bbox 1295 3646 1385 3713; x_wconf 88' lang='lat'>24,</span> <span class='ocrx_word' id='word_1_213' title='bbox 1410 3645 1505 3699; x_wconf 91' lang='lat' dir='ltr'>ubi</span> <span class='ocrx_word' id='word_1_214' title='bbox 1544 3646 1879 3717; x_wconf 89' lang='lat' dir='ltr'>interpretis</span> <span class='ocrx_word' id='word_1_215' title='bbox 1908 3662 2048 3702; x_wconf 89' lang='lat' dir='ltr'>ano-</span> 
     </span>
    </p>
   </div>
   <div class='ocr_carea' id='block_1_39' title="bbox 398 3732 2045 3803">
    <p class='ocr_par' dir='ltr' id='par_1_39' title="bbox 398 3732 2045 3803">
     <span class='ocr_line' id='line_1_39' title="bbox 398 3732 2045 3803; baseline 0.002 -17"><span class='ocrx_word' id='word_1_216' title='bbox 398 3732 559 3803; x_wconf 85' lang='lat' dir='ltr'>nymi</span> <span class='ocrx_word' id='word_1_217' title='bbox 593 3748 829 3797; x_wconf 89' lang='lat' dir='ltr'>nomen,</span> <span class='ocrx_word' id='word_1_218' title='bbox 860 3732 1061 3803; x_wconf 91' lang='lat' dir='ltr'>iniquo</span> <span class='ocrx_word' id='word_1_219' title='bbox 1086 3734 1217 3803; x_wconf 90' lang='lat' dir='ltr'>jure</span> <span class='ocrx_word' id='word_1_220' title='bbox 1265 3732 1581 3789; x_wconf 90' lang='lat' dir='ltr'>lectoribus</span> <span class='ocrx_word' id='word_1_221' title='bbox 1611 3734 2045 3801; x_wconf 90' lang='lat' dir='ltr'>absconditum,</span> 
     </span>
    </p>
   </div>
   <div class='ocr_carea' id='block_1_40' title="bbox 397 3818 2049 3895">
    <p class='ocr_par' dir='ltr' id='par_1_40' title="bbox 397 3818 2049 3895">
     <span class='ocr_line' id='line_1_40' title="bbox 397 3818 2049 3895; baseline 0.002 -21"><span class='ocrx_word' id='word_1_222' title='bbox 397 3818 605 3875; x_wconf 89' lang='lat' dir='ltr'>merito</span> <span class='ocrx_word' id='word_1_223' title='bbox 662 3818 938 3891; x_wconf 87' lang='lat' dir='ltr'>deinceps</span> <span class='ocrx_word' id='word_1_224' title='bbox 997 3822 1057 3875; x_wconf 92' lang='lat' dir='ltr'>in</span> <span class='ocrx_word' id='word_1_225' title='bbox 1107 3821 1298 3876; x_wconf 92' lang='lat' dir='ltr'>indice</span> <span class='ocrx_word' id='word_1_226' title='bbox 1346 3823 1660 3895; x_wconf 76' lang='lat' dir='ltr'>detegitur,</span> <span class='ocrx_word' id='word_1_227' title='bbox 1711 3827 1774 3877; x_wconf 94' lang='lat' dir='ltr'>D.</span> <span class='ocrx_word' id='word_1_228' title='bbox 1840 3838 2049 3895; x_wconf 88' lang='lat' dir='ltr'>nempe</span> 
     </span>
    </p>
   </div>
   <div class='ocr_carea' id='block_1_41' title="bbox 400 3907 1405 3967">
    <p class='ocr_par' dir='ltr' id='par_1_41' title="bbox 400 3907 1405 3967">
     <span class='ocr_line' id='line_1_41' title="bbox 400 3907 1405 3967; baseline 0.004 -4"><span class='ocrx_word' id='word_1_229' title='bbox 400 3907 620 3965; x_wconf 68' lang='lat' dir='ltr'>Menon.</span> <span class='ocrx_word' id='word_1_230' title='bbox 647 3926 724 3966; x_wconf 84' lang='lat' dir='ltr'>nu</span> <span class='ocrx_word' id='word_1_231' title='bbox 766 3914 876 3966; x_wconf 67' lang='lat' dir='ltr'>Lac</span> <span class='ocrx_word' id='word_1_232' title='bbox 907 3926 976 3964; x_wconf 77' lang='lat' dir='ltr'>na</span> <span class='ocrx_word' id='word_1_233' title='bbox 1009 3910 1343 3967; x_wconf 71' lang='lat' dir='ltr'>Momvsa&#39;r.</span> <span class='ocrx_word' id='word_1_234' title='bbox 1378 3934 1405 3960; x_wconf 91' lang='grc'><strong>››</strong></span> 
     </span>
    </p>
   </div>
   <div class='ocr_carea' id='block_1_42' title="bbox 1146 4021 1302 4075">
    <p class='ocr_par' dir='ltr' id='par_1_42' title="bbox 1146 4021 1302 4075">
     <span class='ocr_line' id='line_1_42' title="bbox 1146 4021 1302 4075; baseline 0.006 -1"><span class='ocrx_word' id='word_1_235' title='bbox 1146 4021 1302 4075; x_wconf 89' lang='grc'>1854.</span> 
     </span>
    </p>
   </div>
   <div class='ocr_carea' id='block_1_43' title="bbox 469 4107 2046 4181">
    <p class='ocr_par' dir='ltr' id='par_1_43' title="bbox 469 4107 2046 4181">
     <span class='ocr_line' id='line_1_43' title="bbox 469 4107 2046 4181; baseline 0.002 -19"><span class='ocrx_word' id='word_1_236' title='bbox 469 4107 810 4163; x_wconf 88' lang='lat' dir='ltr'>Tertulliani</span> <span class='ocrx_word' id='word_1_237' title='bbox 841 4108 973 4163; x_wconf 91' lang='lat' dir='ltr'>libri</span> <span class='ocrx_word' id='word_1_238' title='bbox 1008 4109 1077 4164; x_wconf 91' lang='lat' dir='ltr'>de</span> <span class='ocrx_word' id='word_1_239' title='bbox 1110 4109 1654 4181; x_wconf 69' lang='lat' dir='ltr'>Praescriptionibus</span> <span class='ocrx_word' id='word_1_240' title='bbox 1683 4110 2046 4178; x_wconf 69' lang='lat' dir='ltr'>adv.haaret.,</span> 
     </span>
    </p>
   </div>
   <div class='ocr_carea' id='block_1_44' title="bbox 399 4197 2044 4269">
    <p class='ocr_par' dir='ltr' id='par_1_44' title="bbox 399 4197 2044 4269">
     <span class='ocr_line' id='line_1_44' title="bbox 399 4197 2044 4269; baseline 0.001 -17"><span class='ocrx_word' id='word_1_241' title='bbox 399 4197 469 4252; x_wconf 88' lang='lat' dir='ltr'>de</span> <span class='ocrx_word' id='word_1_242' title='bbox 502 4198 823 4269; x_wconf 88' lang='lat' dir='ltr'>Baptismo,</span> <span class='ocrx_word' id='word_1_243' title='bbox 855 4199 925 4253; x_wconf 90' lang='lat' dir='ltr'>de</span> <span class='ocrx_word' id='word_1_244' title='bbox 977 4199 1343 4263; x_wconf 78' lang='lat' dir='ltr'>Pcenitentia,</span> <span class='ocrx_word' id='word_1_245' title='bbox 1376 4200 1446 4255; x_wconf 91' lang='lat' dir='ltr'>de</span> <span class='ocrx_word' id='word_1_246' title='bbox 1474 4201 1766 4269; x_wconf 86' lang='lat' dir='ltr'>Oratione,</span> <span class='ocrx_word' id='word_1_247' title='bbox 1798 4200 2044 4255; x_wconf 90' lang='lat' dir='ltr'>seorsim</span> 
     </span>
    </p>
   </div>
   <div class='ocr_carea' id='block_1_45' title="bbox 396 4286 2047 4361">
    <p class='ocr_par' dir='ltr' id='par_1_45' title="bbox 396 4286 2047 4361">
     <span class='ocr_line' id='line_1_45' title="bbox 396 4286 2047 4361; baseline 0.002 -20"><span class='ocrx_word' id='word_1_248' title='bbox 396 4286 535 4341; x_wconf 90' lang='lat' dir='ltr'>editi</span> <span class='ocrx_word' id='word_1_249' title='bbox 569 4292 729 4357; x_wconf 90' lang='lat' dir='ltr'>sunt,</span> <span class='ocrx_word' id='word_1_250' title='bbox 768 4288 1073 4357; x_wconf 61' lang='lat' dir='ltr'>praemissa</span> <span class='ocrx_word' id='word_1_251' title='bbox 1122 4288 1461 4359; x_wconf 66' lang='lat' dir='ltr'>praefatione</span> <span class='ocrx_word' id='word_1_252' title='bbox 1491 4290 1849 4361; x_wconf 87' lang='lat' dir='ltr'>germanica.</span> <span class='ocrx_word' id='word_1_253' title='bbox 1882 4306 2047 4345; x_wconf 90' lang='lat' dir='ltr'>sum-</span> 
     </span>
    </p>
   </div>
   <div class='ocr_carea' id='block_1_46' title="bbox 392 4374 1900 4449">
    <p class='ocr_par' dir='ltr' id='par_1_46' title="bbox 392 4374 1900 4449">
     <span class='ocr_line' id='line_1_46' title="bbox 392 4374 1900 4449; baseline 0.003 -20"><span class='ocrx_word' id='word_1_254' title='bbox 392 4374 592 4446; x_wconf 78' lang='lat' dir='ltr'>ptibus</span> <span class='ocrx_word' id='word_1_255' title='bbox 620 4392 686 4430; x_wconf 90' lang='lat' dir='ltr'>ac</span> <span class='ocrx_word' id='word_1_256' title='bbox 724 4376 880 4449; x_wconf 81' lang='lat' dir='ltr'>typis</span> <span class='ocrx_word' id='word_1_257' title='bbox 909 4376 1101 4449; x_wconf 80' lang='lat' dir='ltr'>Aloys.</span> <span class='ocrx_word' id='word_1_258' title='bbox 1137 4378 1510 4446; x_wconf 84' lang='lat' dir='ltr'>Attenkover,</span> <span class='ocrx_word' id='word_1_259' title='bbox 1546 4380 1702 4449; x_wconf 79' lang='lat'>1834,</span> <span class='ocrx_word' id='word_1_260' title='bbox 1733 4378 1900 4433; x_wconf 92' lang='lat' dir='ltr'>in-8°.</span> 
     </span>
    </p>
   </div>
   <div class='ocr_carea' id='block_1_47' title="bbox 1142 4485 1305 4540">
    <p class='ocr_par' dir='ltr' id='par_1_47' title="bbox 1142 4485 1305 4540">
     <span class='ocr_line' id='line_1_47' title="bbox 1142 4485 1305 4540; baseline 0 -1"><span class='ocrx_word' id='word_1_261' title='bbox 1142 4485 1305 4540; x_wconf 83' lang='lat'>1838.</span> 
     </span>
    </p>
   </div>
   <div class='ocr_carea' id='block_1_48' title="bbox 3784 322 3862 383">
    <p class='ocr_par' dir='ltr' id='par_1_48' title="bbox 3784 322 3862 383">
     <span class='ocr_line' id='line_1_48' title="bbox 3784 322 3862 383; baseline 0.013 -1"><span class='ocrx_word' id='word_1_262' title='bbox 3784 322 3862 383; x_wconf 77' lang='lat'>72</span> 
     </span>
    </p>
   </div>
   <div class='ocr_carea' id='block_1_49' title="bbox 2121 440 3861 521">
    <p class='ocr_par' dir='ltr' id='par_1_49' title="bbox 2121 440 3861 521">
     <span class='ocr_line' id='line_1_49' title="bbox 2121 440 3861 521; baseline 0.008 -25"><span class='ocrx_word' id='word_1_263' title='bbox 2121 444 2174 509; x_wconf 80' lang='grc' dir='ltr'><strong>Α</strong></span> <span class='ocrx_word' id='word_1_264' title='bbox 2206 440 2451 513; x_wconf 88' lang='lat' dir='ltr'>Patient,</span> <span class='ocrx_word' id='word_1_265' title='bbox 2485 444 2557 501; x_wconf 89' lang='lat' dir='ltr'>de</span> <span class='ocrx_word' id='word_1_266' title='bbox 2595 448 2917 518; x_wconf 87' lang='lat' dir='ltr'>Baptismo,</span> <span class='ocrx_word' id='word_1_267' title='bbox 2950 449 3022 504; x_wconf 90' lang='lat' dir='ltr'>de</span> <span class='ocrx_word' id='word_1_268' title='bbox 3053 448 3285 518; x_wconf 60' lang='lat' dir='ltr'>Posuit,</span> <span class='ocrx_word' id='word_1_269' title='bbox 3318 450 3392 505; x_wconf 80' lang='lat' dir='ltr'>ad</span> <span class='ocrx_word' id='word_1_270' title='bbox 3420 449 3523 506; x_wconf 84' lang='lat' dir='ltr'>Ux.</span> <span class='ocrx_word' id='word_1_271' title='bbox 3554 450 3659 506; x_wconf 89' lang='lat' dir='ltr'>lib.</span> <span class='ocrx_word' id='word_1_272' title='bbox 3691 466 3754 521; x_wconf 84' lang='grc' dir='ltr'>ιι,</span> <span class='ocrx_word' id='word_1_273' title='bbox 3787 455 3861 509; x_wconf 85' lang='lat' dir='ltr'>de</span> 
     </span>
    </p>
   </div>
   <div class='ocr_carea' id='block_1_50' title="bbox 2206 528 3861 613">
    <p class='ocr_par' dir='ltr' id='par_1_50' title="bbox 2206 528 3861 613">
     <span class='ocr_line' id='line_1_50' title="bbox 2206 528 3861 613; baseline 0.008 -30"><span class='ocrx_word' id='word_1_274' title='bbox 2206 528 2373 585; x_wconf 90' lang='lat' dir='ltr'>Cultu</span> <span class='ocrx_word' id='word_1_275' title='bbox 2419 534 2553 587; x_wconf 87' lang='lat' dir='ltr'>fem.</span> <span class='ocrx_word' id='word_1_276' title='bbox 2588 534 2691 590; x_wconf 90' lang='lat' dir='ltr'>lib.</span> <span class='ocrx_word' id='word_1_277' title='bbox 2742 554 2804 603; x_wconf 81' lang='grc' dir='ltr'>ιι,</span> <span class='ocrx_word' id='word_1_278' title='bbox 2864 537 2936 592; x_wconf 91' lang='lat' dir='ltr'>de</span> <span class='ocrx_word' id='word_1_279' title='bbox 2985 537 3223 593; x_wconf 79' lang='lat' dir='ltr'>Exhort.</span> <span class='ocrx_word' id='word_1_280' title='bbox 3280 543 3450 608; x_wconf 89' lang='lat' dir='ltr'>cast.,</span> <span class='ocrx_word' id='word_1_281' title='bbox 3503 541 3573 595; x_wconf 87' lang='lat' dir='ltr'>de</span> <span class='ocrx_word' id='word_1_282' title='bbox 3604 544 3861 613; x_wconf 78' lang='lat' dir='ltr'>Monog.,</span> 
     </span>
    </p>
   </div>
   <div class='ocr_carea' id='block_1_51' title="bbox 2206 619 3857 700">
    <p class='ocr_par' dir='ltr' id='par_1_51' title="bbox 2206 619 3857 700">
     <span class='ocr_line' id='line_1_51' title="bbox 2206 619 3857 700; baseline 0.009 -28"><span class='ocrx_word' id='word_1_283' title='bbox 2206 619 2276 673; x_wconf 88' lang='lat' dir='ltr'>de</span> <span class='ocrx_word' id='word_1_284' title='bbox 2308 620 2580 690; x_wconf 90' lang='lat' dir='ltr'>Pudicit.,</span> <span class='ocrx_word' id='word_1_285' title='bbox 2615 625 2686 678; x_wconf 89' lang='lat' dir='ltr'>de</span> <span class='ocrx_word' id='word_1_286' title='bbox 2735 625 3008 695; x_wconf 85' lang='lat' dir='ltr'>Jejuniis,</span> <span class='ocrx_word' id='word_1_287' title='bbox 3062 628 3131 682; x_wconf 89' lang='lat' dir='ltr'>de</span> <span class='ocrx_word' id='word_1_288' title='bbox 3179 628 3467 699; x_wconf 90' lang='lat' dir='ltr'>Virginib.</span> <span class='ocrx_word' id='word_1_289' title='bbox 3501 629 3754 700; x_wconf 89' lang='lat' dir='ltr'>veland.,</span> <span class='ocrx_word' id='word_1_290' title='bbox 3786 632 3857 687; x_wconf 90' lang='lat' dir='ltr'>de</span> 
     </span>
    </p>
   </div>
   <div class='ocr_carea' id='block_1_52' title="bbox 2204 708 3857 791">
    <p class='ocr_par' dir='ltr' id='par_1_52' title="bbox 2204 708 3857 791">
     <span class='ocr_line' id='line_1_52' title="bbox 2204 708 3857 791; baseline 0.008 -30"><span class='ocrx_word' id='word_1_291' title='bbox 2204 708 2406 763; x_wconf 90' lang='lat' dir='ltr'>Pallio.</span> <span class='ocrx_word' id='word_1_292' title='bbox 2436 742 2503 749; x_wconf 90' lang='lat'>—</span> <span class='ocrx_word' id='word_1_293' title='bbox 2536 713 2756 768; x_wconf 81' lang='lat' dir='ltr'>Prodiit</span> <span class='ocrx_word' id='word_1_294' title='bbox 2785 714 2905 770; x_wconf 72' lang='lat' dir='ltr'>haec</span> <span class='ocrx_word' id='word_1_295' title='bbox 2952 715 3128 771; x_wconf 90' lang='lat' dir='ltr'>editio</span> <span class='ocrx_word' id='word_1_296' title='bbox 3175 716 3386 772; x_wconf 89' lang='lat' dir='ltr'>selecta</span> <span class='ocrx_word' id='word_1_297' title='bbox 3420 718 3579 790; x_wconf 89' lang='lat' dir='ltr'>Lips.</span> <span class='ocrx_word' id='word_1_298' title='bbox 3630 720 3787 791; x_wconf 89' lang='lat'>1839,</span> <span class='ocrx_word' id='word_1_299' title='bbox 3822 722 3857 775; x_wconf 83' lang='lat'>2</span> 
     </span>
    </p>
   </div>
   <div class='ocr_carea' id='block_1_53' title="bbox 2202 799 3853 872">
    <p class='ocr_par' dir='ltr' id='par_1_53' title="bbox 2202 799 3853 872">
     <span class='ocr_line' id='line_1_53' title="bbox 2202 799 3853 872; baseline 0.009 -22"><span class='ocrx_word' id='word_1_300' title='bbox 2202 800 2337 852; x_wconf 90' lang='lat' dir='ltr'>tom.</span> <span class='ocrx_word' id='word_1_301' title='bbox 2374 799 2548 872; x_wconf 86' lang='lat' dir='ltr'>in-12,</span> <span class='ocrx_word' id='word_1_302' title='bbox 2583 818 2805 858; x_wconf 87' lang='lat' dir='ltr'>recens.</span> <span class='ocrx_word' id='word_1_303' title='bbox 2842 808 2898 859; x_wconf 87' lang='grc' dir='ltr'>Ε.</span> <span class='ocrx_word' id='word_1_304' title='bbox 2930 808 2988 859; x_wconf 95' lang='lat' dir='ltr'>F.</span> <span class='ocrx_word' id='word_1_305' title='bbox 3022 805 3299 861; x_wconf 77' lang='lat' dir='ltr'>Lsopow.</span> <span class='ocrx_word' id='word_1_306' title='bbox 3362 806 3512 861; x_wconf 88' lang='lat' dir='ltr'>Phil.</span> <span class='ocrx_word' id='word_1_307' title='bbox 3542 827 3595 863; x_wconf 83' lang='grc' dir='ltr'>ι).</span> <span class='ocrx_word' id='word_1_308' title='bbox 3646 826 3737 864; x_wconf 79' lang='grc' dir='ltr'>ΛΑ.</span> <span class='ocrx_word' id='word_1_309' title='bbox 3774 826 3853 865; x_wconf 92' lang='lat' dir='ltr'>m.</span> 
     </span>
    </p>
   </div>
   <div class='ocr_carea' id='block_1_54' title="bbox 2202 885 3854 966">
    <p class='ocr_par' dir='ltr' id='par_1_54' title="bbox 2202 885 3854 966">
     <span class='ocr_line' id='line_1_54' title="bbox 2202 885 3854 966; baseline 0.009 -27"><span class='ocrx_word' id='word_1_310' title='bbox 2202 885 2260 940; x_wconf 90' lang='lat' dir='ltr'>in</span> <span class='ocrx_word' id='word_1_311' title='bbox 2292 903 2512 959; x_wconf 83' lang='lat' dir='ltr'>gymm.</span> <span class='ocrx_word' id='word_1_312' title='bbox 2546 893 2907 964; x_wconf 75' lang='lat' dir='ltr'>&#39;Annaberg.</span> <span class='ocrx_word' id='word_1_313' title='bbox 2968 893 3239 966; x_wconf 72' lang='lat' dir='ltr'>Praecept.</span> <span class='ocrx_word' id='word_1_314' title='bbox 3299 896 3486 951; x_wconf 91' lang='lat' dir='ltr'>ordin.</span> <span class='ocrx_word' id='word_1_315' title='bbox 3539 897 3854 954; x_wconf 76' lang='lat' dir='ltr'>Laudande</span> 
     </span>
    </p>
   </div>
   <div class='ocr_carea' id='block_1_55' title="bbox 2202 981 3850 1055">
    <p class='ocr_par' dir='ltr' id='par_1_55' title="bbox 2202 981 3850 1055">
     <span class='ocr_line' id='line_1_55' title="bbox 2202 981 3850 1055; baseline 0.008 -26"><span class='ocrx_word' id='word_1_316' title='bbox 2202 992 2342 1030; x_wconf 84' lang='lat' dir='ltr'>sane</span> <span class='ocrx_word' id='word_1_317' title='bbox 2373 981 2429 1033; x_wconf 89' lang='lat' dir='ltr'>et</span> <span class='ocrx_word' id='word_1_318' title='bbox 2472 981 2751 1050; x_wconf 88' lang='lat' dir='ltr'>recensio,</span> <span class='ocrx_word' id='word_1_319' title='bbox 2786 982 2859 1037; x_wconf 94' lang='lat' dir='ltr'>ob</span> <span class='ocrx_word' id='word_1_320' title='bbox 2885 986 3079 1039; x_wconf 87' lang='lat' dir='ltr'>textus</span> <span class='ocrx_word' id='word_1_321' title='bbox 3109 984 3459 1055; x_wconf 82' lang='lat' dir='ltr'>castitatem,</span> <span class='ocrx_word' id='word_1_322' title='bbox 3492 990 3548 1042; x_wconf 89' lang='lat' dir='ltr'>et</span> <span class='ocrx_word' id='word_1_323' title='bbox 3577 988 3752 1042; x_wconf 85' lang='lat' dir='ltr'>editio</span> <span class='ocrx_word' id='word_1_324' title='bbox 3776 989 3850 1043; x_wconf 91' lang='lat' dir='ltr'>ob</span> 
     </span>
    </p>
   </div>
   <div class='ocr_carea' id='block_1_56' title="bbox 2200 1066 3845 1141">
    <p class='ocr_par' dir='ltr' id='par_1_56' title="bbox 2200 1066 3845 1141">
     <span class='ocr_line' id='line_1_56' title="bbox 2200 1066 3845 1141; baseline 0.009 -22"><span class='ocrx_word' id='word_1_325' title='bbox 2200 1066 2449 1121; x_wconf 74' lang='lat' dir='ltr'>charter.</span> <span class='ocrx_word' id='word_1_326' title='bbox 2511 1073 2569 1123; x_wconf 91' lang='lat' dir='ltr'>et</span> <span class='ocrx_word' id='word_1_327' title='bbox 2627 1078 2815 1141; x_wconf 84' lang='lat' dir='ltr'>typor.</span> <span class='ocrx_word' id='word_1_328' title='bbox 2851 1072 3124 1139; x_wconf 90' lang='lat' dir='ltr'>nitorem,</span> <span class='ocrx_word' id='word_1_329' title='bbox 3166 1073 3326 1129; x_wconf 92' lang='lat' dir='ltr'>nullo</span> <span class='ocrx_word' id='word_1_330' title='bbox 3369 1092 3499 1131; x_wconf 91' lang='lat' dir='ltr'>vero</span> <span class='ocrx_word' id='word_1_331' title='bbox 3548 1091 3845 1133; x_wconf 84' lang='lat' dir='ltr'>commen-</span> 
     </span>
    </p>
   </div>
   <div class='ocr_carea' id='block_1_57' title="bbox 2198 1155 3630 1222">
    <p class='ocr_par' dir='ltr' id='par_1_57' title="bbox 2198 1155 3630 1222">
     <span class='ocr_line' id='line_1_57' title="bbox 2198 1155 3630 1222; baseline 0.007 -13"><span class='ocrx_word' id='word_1_332' title='bbox 2198 1155 2366 1222; x_wconf 88' lang='lat' dir='ltr'>tario,</span> <span class='ocrx_word' id='word_1_333' title='bbox 2400 1155 2718 1213; x_wconf 88' lang='lat' dir='ltr'>lectionum</span> <span class='ocrx_word' id='word_1_334' title='bbox 2752 1163 2979 1215; x_wconf 88' lang='lat' dir='ltr'>tantum</span> <span class='ocrx_word' id='word_1_335' title='bbox 3012 1161 3287 1218; x_wconf 88' lang='lat' dir='ltr'>varietate</span> <span class='ocrx_word' id='word_1_336' title='bbox 3327 1164 3630 1219; x_wconf 90' lang='lat' dir='ltr'>adornata.</span> 
     </span>
    </p>
   </div>
   <div class='ocr_carea' id='block_1_58' title="bbox 2937 1269 3094 1323">
    <p class='ocr_par' dir='ltr' id='par_1_58' title="bbox 2937 1269 3094 1323">
     <span class='ocr_line' id='line_1_58' title="bbox 2937 1269 3094 1323; baseline 0 -1"><span class='ocrx_word' id='word_1_337' title='bbox 2937 1269 3094 1323; x_wconf 88' lang='grc'>1839.</span> 
     </span>
    </p>
   </div>
   <div class='ocr_carea' id='block_1_59' title="bbox 2270 1355 3843 1418">
    <p class='ocr_par' dir='ltr' id='par_1_59' title="bbox 2270 1355 3843 1418">
     <span class='ocr_line' id='line_1_59' title="bbox 2270 1355 3843 1418; baseline 0.007 -12"><span class='ocrx_word' id='word_1_338' title='bbox 2270 1375 2297 1402; x_wconf 88' lang='grc'>‹‹</span> <span class='ocrx_word' id='word_1_339' title='bbox 2330 1357 2390 1409; x_wconf 83' lang='grc' dir='ltr'>Ε.</span> <span class='ocrx_word' id='word_1_340' title='bbox 2425 1355 2486 1409; x_wconf 89' lang='lat' dir='ltr'>F.</span> <span class='ocrx_word' id='word_1_341' title='bbox 2518 1359 2776 1410; x_wconf 83' lang='lat' dir='ltr'>LEOPOLD</span> <span class='ocrx_word' id='word_1_342' title='bbox 2826 1355 3011 1413; x_wconf 87' lang='lat' dir='ltr'>Ueber</span> <span class='ocrx_word' id='word_1_343' title='bbox 3063 1359 3155 1413; x_wconf 90' lang='lat' dir='ltr'>die</span> <span class='ocrx_word' id='word_1_344' title='bbox 3204 1358 3499 1416; x_wconf 89' lang='lat' dir='ltr'>Ursachen</span> <span class='ocrx_word' id='word_1_345' title='bbox 3558 1361 3664 1416; x_wconf 89' lang='lat' dir='ltr'>der</span> <span class='ocrx_word' id='word_1_346' title='bbox 3719 1377 3843 1418; x_wconf 77' lang='lat' dir='ltr'>ver-</span> 
     </span>
    </p>
   </div>
   <div class='ocr_carea' id='block_1_60' title="bbox 2194 1442 3840 1506">
    <p class='ocr_par' dir='ltr' id='par_1_60' title="bbox 2194 1442 3840 1506">
     <span class='ocr_line' id='line_1_60' title="bbox 2194 1442 3840 1506; baseline 0.007 -11"><span class='ocrx_word' id='word_1_347' title='bbox 2194 1442 2511 1497; x_wconf 83' lang='lat' dir='ltr'>dorbenem</span> <span class='ocrx_word' id='word_1_348' title='bbox 2534 1442 2791 1499; x_wconf 88' lang='lat' dir='ltr'>latinitat</span> <span class='ocrx_word' id='word_1_349' title='bbox 2815 1446 2905 1501; x_wconf 89' lang='lat' dir='ltr'>hei</span> <span class='ocrx_word' id='word_1_350' title='bbox 2929 1446 3034 1502; x_wconf 91' lang='lat' dir='ltr'>dec</span> <span class='ocrx_word' id='word_1_351' title='bbox 3057 1446 3504 1505; x_wconf 86' lang='lat' dir='ltr'>schriftstellern</span> <span class='ocrx_word' id='word_1_352' title='bbox 3530 1450 3678 1505; x_wconf 92' lang='lat' dir='ltr'>nach</span> <span class='ocrx_word' id='word_1_353' title='bbox 3710 1451 3840 1506; x_wconf 89' lang='lat' dir='ltr'>dem</span> 
     </span>
    </p>
   </div>
   <div class='ocr_carea' id='block_1_61' title="bbox 2192 1530 3840 1608">
    <p class='ocr_par' dir='ltr' id='par_1_61' title="bbox 2192 1530 3840 1608">
     <span class='ocr_line' id='line_1_61' title="bbox 2192 1530 3840 1608; baseline 0.005 -23"><span class='ocrx_word' id='word_1_354' title='bbox 2192 1530 2461 1586; x_wconf 89' lang='lat' dir='ltr'>Zeitalter</span> <span class='ocrx_word' id='word_1_355' title='bbox 2492 1533 2546 1588; x_wconf 91' lang='lat' dir='ltr'>d.</span> <span class='ocrx_word' id='word_1_356' title='bbox 2582 1537 2650 1589; x_wconf 90' lang='lat' dir='ltr'>K.</span> <span class='ocrx_word' id='word_1_357' title='bbox 2682 1535 3006 1605; x_wconf 86' lang='lat' dir='ltr'>Augustus,</span> <span class='ocrx_word' id='word_1_358' title='bbox 3060 1536 3525 1608; x_wconf 73' lang='lat' dir='ltr'>hauptsaacbllch</span> <span class='ocrx_word' id='word_1_359' title='bbox 3586 1540 3676 1594; x_wconf 92' lang='lat' dir='ltr'>bei</span> <span class='ocrx_word' id='word_1_360' title='bbox 3730 1540 3840 1595; x_wconf 91' lang='lat' dir='ltr'>den</span> 
     </span>
    </p>
   </div>
   <div class='ocr_carea' id='block_1_62' title="bbox 2190 1620 3841 1700">
    <p class='ocr_par' dir='ltr' id='par_1_62' title="bbox 2190 1620 3841 1700">
     <span class='ocr_line' id='line_1_62' title="bbox 2190 1620 3841 1700; baseline 0.006 -27"><span class='ocrx_word' id='word_1_361' title='bbox 2190 1620 2682 1689; x_wconf 69' lang='lat' dir='ltr'>Kirchenvaatern,</span> <span class='ocrx_word' id='word_1_362' title='bbox 2717 1623 2825 1677; x_wconf 89' lang='lat' dir='ltr'>mit</span> <span class='ocrx_word' id='word_1_363' title='bbox 2852 1623 3210 1680; x_wconf 89' lang='lat' dir='ltr'>besonderer</span> <span class='ocrx_word' id='word_1_364' title='bbox 3241 1626 3841 1700; x_wconf 79' lang='lat' dir='ltr'>berﬁcksichtingung</span> 
     </span>
    </p>
   </div>
   <div class='ocr_carea' id='block_1_63' title="bbox 2190 1709 3838 1787">
    <p class='ocr_par' dir='ltr' id='par_1_63' title="bbox 2190 1709 3838 1787">
     <span class='ocr_line' id='line_1_63' title="bbox 2190 1709 3838 1787; baseline 0.005 -24"><span class='ocrx_word' id='word_1_365' title='bbox 2190 1710 2293 1763; x_wconf 89' lang='lat' dir='ltr'>des</span> <span class='ocrx_word' id='word_1_366' title='bbox 2322 1709 2661 1767; x_wconf 89' lang='lat' dir='ltr'>Tertullian.</span> <span class='ocrx_word' id='word_1_367' title='bbox 2692 1714 2901 1767; x_wconf 74' lang='lat' dir='ltr'>inserta</span> <span class='ocrx_word' id='word_1_368' title='bbox 2933 1713 2998 1769; x_wconf 92' lang='lat' dir='ltr'>V.</span> <span class='ocrx_word' id='word_1_369' title='bbox 3031 1714 3088 1768; x_wconf 89' lang='lat' dir='ltr'>S.</span> <span class='ocrx_word' id='word_1_370' title='bbox 3123 1718 3188 1769; x_wconf 87' lang='lat' dir='ltr'>V.</span> <span class='ocrx_word' id='word_1_371' title='bbox 3227 1713 3451 1787; x_wconf 87' lang='lat' dir='ltr'>lligenii</span> <span class='ocrx_word' id='word_1_372' title='bbox 3484 1713 3838 1783; x_wconf 80' lang='lat' dir='ltr'>Zeitschril‘t,</span> 
     </span>
    </p>
   </div>
   <div class='ocr_carea' id='block_1_64' title="bbox 2104 1798 3834 1881">
    <p class='ocr_par' dir='ltr' id='par_1_64' title="bbox 2104 1798 3834 1881">
     <span class='ocr_line' id='line_1_64' title="bbox 2104 1798 3834 1881; baseline 0.001 -28"><span class='ocrx_word' id='word_1_373' title='bbox 2104 1816 2151 1881; x_wconf 79' lang='grc' dir='ltr'><strong>Β</strong></span> <span class='ocrx_word' id='word_1_374' title='bbox 2188 1798 2223 1853; x_wconf 82' lang='lat' dir='ltr'>f.</span> <span class='ocrx_word' id='word_1_375' title='bbox 2261 1798 2317 1853; x_wconf 91' lang='lat' dir='ltr'>d.</span> <span class='ocrx_word' id='word_1_376' title='bbox 2355 1798 2560 1855; x_wconf 88' lang='lat' dir='ltr'>histor.</span> <span class='ocrx_word' id='word_1_377' title='bbox 2595 1800 2820 1867; x_wconf 90' lang='lat' dir='ltr'>Theol.,</span> <span class='ocrx_word' id='word_1_378' title='bbox 2854 1801 2966 1856; x_wconf 90' lang='lat' dir='ltr'>vol.</span> <span class='ocrx_word' id='word_1_379' title='bbox 3002 1801 3145 1871; x_wconf 88' lang='lat' dir='ltr'><strong>VIII,</strong></span> <span class='ocrx_word' id='word_1_380' title='bbox 3177 1820 3234 1874; x_wconf 93' lang='lat' dir='ltr'>p.</span> <span class='ocrx_word' id='word_1_381' title='bbox 3270 1805 3294 1857; x_wconf 91' lang='lat'>1</span> <span class='ocrx_word' id='word_1_382' title='bbox 3347 1820 3377 1858; x_wconf 91' lang='lat' dir='ltr'>e</span> <span class='ocrx_word' id='word_1_383' title='bbox 3450 1819 3581 1876; x_wconf 89' lang='lat' dir='ltr'>sqq.</span> <span class='ocrx_word' id='word_1_384' title='bbox 3615 1805 3770 1876; x_wconf 89' lang='lat' dir='ltr'>Lips.</span> <span class='ocrx_word' id='word_1_385' title='bbox 3804 1826 3834 1856; x_wconf 86' lang='grc'>››</span> 
     </span>
    </p>
   </div>
   <div class='ocr_carea' id='block_1_65' title="bbox 2929 1909 3086 1962">
    <p class='ocr_par' dir='ltr' id='par_1_65' title="bbox 2929 1909 3086 1962">
     <span class='ocr_line' id='line_1_65' title="bbox 2929 1909 3086 1962; baseline 0 0"><span class='ocrx_word' id='word_1_386' title='bbox 2929 1909 3086 1962; x_wconf 90' lang='grc'>1840.</span> 
     </span>
    </p>
   </div>
   <div class='ocr_carea' id='block_1_66' title="bbox 2251 1995 3833 2073">
    <p class='ocr_par' dir='ltr' id='par_1_66' title="bbox 2251 1995 3833 2073">
     <span class='ocr_line' id='line_1_66' title="bbox 2251 1995 3833 2073; baseline 0.004 -24"><span class='ocrx_word' id='word_1_387' title='bbox 2251 1996 2406 2050; x_wconf 89' lang='lat' dir='ltr'>Inter</span> <span class='ocrx_word' id='word_1_388' title='bbox 2435 1995 2797 2067; x_wconf 90' lang='lat' dir='ltr'>Scriptorum</span> <span class='ocrx_word' id='word_1_389' title='bbox 2822 1996 3350 2053; x_wconf 88' lang='lat' dir='ltr'>ecclesiasticorum</span> <span class='ocrx_word' id='word_1_390' title='bbox 3383 2000 3669 2071; x_wconf 90' lang='lat' dir='ltr'>opuscula</span> <span class='ocrx_word' id='word_1_391' title='bbox 3695 2017 3833 2073; x_wconf 68' lang='lat' dir='ltr'>pris-</span> 
     </span>
    </p>
   </div>
   <div class='ocr_carea' id='block_1_67' title="bbox 2177 2084 3832 2163">
    <p class='ocr_par' dir='ltr' id='par_1_67' title="bbox 2177 2084 3832 2163">
     <span class='ocr_line' id='line_1_67' title="bbox 2177 2084 3832 2163; baseline 0.004 -24"><span class='ocrx_word' id='word_1_392' title='bbox 2177 2084 2350 2155; x_wconf 90' lang='lat' dir='ltr'>cipua</span> <span class='ocrx_word' id='word_1_393' title='bbox 2382 2086 2649 2156; x_wconf 73' lang='lat' dir='ltr'>quaedam</span> <span class='ocrx_word' id='word_1_394' title='bbox 2684 2085 2911 2140; x_wconf 86' lang='lat' dir='ltr'>Martin.</span> <span class='ocrx_word' id='word_1_395' title='bbox 2944 2086 3066 2141; x_wconf 86' lang='lat' dir='ltr'>Jos.</span> <span class='ocrx_word' id='word_1_396' title='bbox 3102 2088 3313 2154; x_wconf 83' lang='lat' dir='ltr'>Routb,</span> <span class='ocrx_word' id='word_1_397' title='bbox 3335 2091 3390 2142; x_wconf 81' lang='lat' dir='ltr'>S.</span> <span class='ocrx_word' id='word_1_398' title='bbox 3416 2093 3475 2143; x_wconf 92' lang='lat' dir='ltr'>T.</span> <span class='ocrx_word' id='word_1_399' title='bbox 3506 2089 3569 2144; x_wconf 92' lang='lat' dir='ltr'>P.</span> <span class='ocrx_word' id='word_1_400' title='bbox 3602 2089 3832 2163; x_wconf 81' lang='lat' dir='ltr'>collegii</span> 
     </span>
    </p>
   </div>
   <div class='ocr_carea' id='block_1_68' title="bbox 2177 2173 3830 2245">
    <p class='ocr_par' dir='ltr' id='par_1_68' title="bbox 2177 2173 3830 2245">
     <span class='ocr_line' id='line_1_68' title="bbox 2177 2173 3830 2245; baseline 0.003 -18"><span class='ocrx_word' id='word_1_401' title='bbox 2177 2174 2233 2228; x_wconf 91' lang='lat' dir='ltr'>S.</span> <span class='ocrx_word' id='word_1_402' title='bbox 2270 2173 2622 2245; x_wconf 79' lang='lat' dir='ltr'>Magdalenae</span> <span class='ocrx_word' id='word_1_403' title='bbox 2670 2178 2850 2229; x_wconf 86' lang='lat' dir='ltr'>Oxon.</span> <span class='ocrx_word' id='word_1_404' title='bbox 2904 2191 3134 2245; x_wconf 59' lang='lat' dir='ltr'>praess,</span> <span class='ocrx_word' id='word_1_405' title='bbox 3186 2178 3333 2232; x_wconf 91' lang='lat' dir='ltr'>duos</span> <span class='ocrx_word' id='word_1_406' title='bbox 3380 2178 3722 2233; x_wconf 87' lang='lat' dir='ltr'>Tertulliani</span> <span class='ocrx_word' id='word_1_407' title='bbox 3762 2178 3830 2232; x_wconf 90' lang='lat' dir='ltr'>li-</span> 
     </span>
    </p>
   </div>
   <div class='ocr_carea' id='block_1_69' title="bbox 2174 2262 3827 2338">
    <p class='ocr_par' dir='ltr' id='par_1_69' title="bbox 2174 2262 3827 2338">
     <span class='ocr_line' id='line_1_69' title="bbox 2174 2262 3827 2338; baseline 0.003 -21"><span class='ocrx_word' id='word_1_408' title='bbox 2174 2262 2331 2331; x_wconf 90' lang='lat' dir='ltr'>bros,</span> <span class='ocrx_word' id='word_1_409' title='bbox 2365 2263 2434 2317; x_wconf 91' lang='lat' dir='ltr'>de</span> <span class='ocrx_word' id='word_1_410' title='bbox 2465 2263 2741 2318; x_wconf 90' lang='lat' dir='ltr'>Oratione</span> <span class='ocrx_word' id='word_1_411' title='bbox 2775 2280 2982 2335; x_wconf 89' lang='lat' dir='ltr'>nempe</span> <span class='ocrx_word' id='word_1_412' title='bbox 3012 2282 3077 2320; x_wconf 90' lang='lat' dir='ltr'>ac</span> <span class='ocrx_word' id='word_1_413' title='bbox 3108 2266 3178 2319; x_wconf 91' lang='lat' dir='ltr'>de</span> <span class='ocrx_word' id='word_1_414' title='bbox 3227 2266 3677 2338; x_wconf 68' lang='lat' dir='ltr'>Praascriptione</span> <span class='ocrx_word' id='word_1_415' title='bbox 3708 2267 3827 2323; x_wconf 68' lang='lat' dir='ltr'>hae-</span> 
     </span>
    </p>
   </div>
   <div class='ocr_carea' id='block_1_70' title="bbox 2172 2352 3826 2424">
    <p class='ocr_par' dir='ltr' id='par_1_70' title="bbox 2172 2352 3826 2424">
     <span class='ocr_line' id='line_1_70' title="bbox 2172 2352 3826 2424; baseline 0.004 -18"><span class='ocrx_word' id='word_1_416' title='bbox 2172 2352 2509 2420; x_wconf 87' lang='lat' dir='ltr'>reticorum,</span> <span class='ocrx_word' id='word_1_417' title='bbox 2542 2352 2744 2419; x_wconf 79' lang='lat' dir='ltr'>edidit,</span> <span class='ocrx_word' id='word_1_418' title='bbox 2782 2354 3051 2424; x_wconf 89' lang='lat' dir='ltr'>notisque</span> <span class='ocrx_word' id='word_1_419' title='bbox 3098 2353 3346 2410; x_wconf 87' lang='lat' dir='ltr'>aliorum</span> <span class='ocrx_word' id='word_1_420' title='bbox 3398 2361 3455 2410; x_wconf 91' lang='lat' dir='ltr'>et</span> <span class='ocrx_word' id='word_1_421' title='bbox 3500 2357 3626 2411; x_wconf 90' lang='lat' dir='ltr'>suis</span> <span class='ocrx_word' id='word_1_422' title='bbox 3658 2372 3826 2412; x_wconf 82' lang='lat' dir='ltr'>orna-</span> 
     </span>
    </p>
   </div>
   <div class='ocr_carea' id='block_1_71' title="bbox 2167 2440 3825 2516">
    <p class='ocr_par' dir='ltr' id='par_1_71' title="bbox 2167 2440 3825 2516">
     <span class='ocr_line' id='line_1_71' title="bbox 2167 2440 3825 2516; baseline 0.003 -21"><span class='ocrx_word' id='word_1_423' title='bbox 2167 2440 2272 2505; x_wconf 89' lang='lat' dir='ltr'>vit,</span> <span class='ocrx_word' id='word_1_424' title='bbox 2301 2458 2404 2495; x_wconf 91' lang='lat' dir='ltr'>nec</span> <span class='ocrx_word' id='word_1_425' title='bbox 2438 2458 2551 2495; x_wconf 90' lang='lat' dir='ltr'>non</span> <span class='ocrx_word' id='word_1_426' title='bbox 2583 2450 2636 2496; x_wconf 83' lang='lat' dir='ltr'>et</span> <span class='ocrx_word' id='word_1_427' title='bbox 2669 2458 2815 2497; x_wconf 90' lang='lat' dir='ltr'>novo</span> <span class='ocrx_word' id='word_1_428' title='bbox 2847 2441 3167 2497; x_wconf 88' lang='lat' dir='ltr'>lectionum</span> <span class='ocrx_word' id='word_1_429' title='bbox 3201 2444 3272 2498; x_wconf 89' lang='lat' dir='ltr'>ad</span> <span class='ocrx_word' id='word_1_430' title='bbox 3326 2444 3543 2499; x_wconf 86' lang='lat' dir='ltr'>calcem</span> <span class='ocrx_word' id='word_1_431' title='bbox 3578 2446 3825 2516; x_wconf 78' lang='lat' dir='ltr'>rejecte-</span> 
     </span>
    </p>
   </div>
   <div class='ocr_carea' id='block_1_72' title="bbox 2168 2530 3825 2605">
    <p class='ocr_par' dir='ltr' id='par_1_72' title="bbox 2168 2530 3825 2605">
     <span class='ocr_line' id='line_1_72' title="bbox 2168 2530 3825 2605; baseline 0.004 -22"><span class='ocrx_word' id='word_1_432' title='bbox 2168 2546 2299 2585; x_wconf 91' lang='lat' dir='ltr'>rum</span> <span class='ocrx_word' id='word_1_433' title='bbox 2331 2546 2399 2584; x_wconf 84' lang='lat' dir='ltr'>ex</span> <span class='ocrx_word' id='word_1_434' title='bbox 2430 2530 2693 2585; x_wconf 76' lang='lat' dir='ltr'>Ambros.</span> <span class='ocrx_word' id='word_1_435' title='bbox 2742 2531 2868 2585; x_wconf 90' lang='lat' dir='ltr'>cod.</span> <span class='ocrx_word' id='word_1_436' title='bbox 2903 2537 3277 2603; x_wconf 88' lang='lat' dir='ltr'>acceptarum</span> <span class='ocrx_word' id='word_1_437' title='bbox 3306 2532 3606 2605; x_wconf 90' lang='lat' dir='ltr'>spicilegio</span> <span class='ocrx_word' id='word_1_438' title='bbox 3638 2534 3825 2589; x_wconf 90' lang='lat' dir='ltr'>adau-</span> 
     </span>
    </p>
   </div>
   <div class='ocr_carea' id='block_1_73' title="bbox 2166 2618 2900 2687">
    <p class='ocr_par' dir='ltr' id='par_1_73' title="bbox 2166 2618 2900 2687">
     <span class='ocr_line' id='line_1_73' title="bbox 2166 2618 2900 2687; baseline 0.001 -14"><span class='ocrx_word' id='word_1_439' title='bbox 2166 2619 2272 2674; x_wconf 86' lang='lat' dir='ltr'>xit.</span> <span class='ocrx_word' id='word_1_440' title='bbox 2306 2619 2449 2673; x_wconf 89' lang='lat' dir='ltr'>Edit.</span> <span class='ocrx_word' id='word_1_441' title='bbox 2487 2618 2687 2687; x_wconf 89' lang='lat' dir='ltr'>altera,</span> <span class='ocrx_word' id='word_1_442' title='bbox 2721 2622 2900 2675; x_wconf 86' lang='lat' dir='ltr'>Oxon.</span> 
     </span>
    </p>
   </div>
   <div class='ocr_carea' id='block_1_74' title="bbox 2913 2710 3069 2764">
    <p class='ocr_par' dir='ltr' id='par_1_74' title="bbox 2913 2710 3069 2764">
     <span class='ocr_line' id='line_1_74' title="bbox 2913 2710 3069 2764; baseline 0 0"><span class='ocrx_word' id='word_1_443' title='bbox 2913 2710 3069 2764; x_wconf 86' lang='lat'>1842.</span> 
     </span>
    </p>
   </div>
   <div class='ocr_carea' id='block_1_75' title="bbox 2239 2796 3815 2871">
    <p class='ocr_par' dir='ltr' id='par_1_75' title="bbox 2239 2796 3815 2871">
     <span class='ocr_line' id='line_1_75' title="bbox 2239 2796 3815 2871; baseline 0.004 -20"><span class='ocrx_word' id='word_1_444' title='bbox 2239 2820 2264 2845; x_wconf 91' lang='grc'>‹‹</span> <span class='ocrx_word' id='word_1_445' title='bbox 2300 2796 2685 2853; x_wconf 87' lang='lat' dir='ltr'>Novissimam</span> <span class='ocrx_word' id='word_1_446' title='bbox 2727 2813 2792 2852; x_wconf 87' lang='lat' dir='ltr'>ac</span> <span class='ocrx_word' id='word_1_447' title='bbox 2840 2798 3291 2869; x_wconf 72' lang='lat' dir='ltr'>amplissimam,</span> <span class='ocrx_word' id='word_1_448' title='bbox 3346 2816 3473 2871; x_wconf 70' lang='lat' dir='ltr'>quaa</span> <span class='ocrx_word' id='word_1_449' title='bbox 3532 2801 3815 2858; x_wconf 78' lang='lat' dir='ltr'>hactenus</span> 
     </span>
    </p>
   </div>
   <div class='ocr_carea' id='block_1_76' title="bbox 2167 2885 3816 2959">
    <p class='ocr_par' dir='ltr' id='par_1_76' title="bbox 2167 2885 3816 2959">
     <span class='ocr_line' id='line_1_76' title="bbox 2167 2885 3816 2959; baseline 0.004 -20"><span class='ocrx_word' id='word_1_450' title='bbox 2167 2885 2466 2956; x_wconf 90' lang='lat' dir='ltr'>prodierit,</span> <span class='ocrx_word' id='word_1_451' title='bbox 2526 2885 2866 2941; x_wconf 88' lang='lat' dir='ltr'>Tertulliani</span> <span class='ocrx_word' id='word_1_452' title='bbox 2925 2903 3168 2959; x_wconf 89' lang='lat' dir='ltr'>operum</span> <span class='ocrx_word' id='word_1_453' title='bbox 3227 2888 3347 2943; x_wconf 83' lang='lat' dir='ltr'>fere</span> <span class='ocrx_word' id='word_1_454' title='bbox 3406 2889 3816 2946; x_wconf 86' lang='lat' dir='ltr'>universorum</span> 
     </span>
    </p>
   </div>
   <div class='ocr_carea' id='block_1_77' title="bbox 2165 2972 3815 3049">
    <p class='ocr_par' dir='ltr' id='par_1_77' title="bbox 2165 2972 3815 3049">
     <span class='ocr_line' id='line_1_77' title="bbox 2165 2972 3815 3049; baseline 0.004 -22"><span class='ocrx_word' id='word_1_455' title='bbox 2165 2972 2489 3049; x_wconf 83' lang='lat' dir='ltr'>versionem</span> <span class='ocrx_word' id='word_1_456' title='bbox 2538 2974 2819 3030; x_wconf 87' lang='lat' dir='ltr'>Gallicam</span> <span class='ocrx_word' id='word_1_457' title='bbox 2866 2975 3201 3045; x_wconf 85' lang='lat' dir='ltr'>nuperrime</span> <span class='ocrx_word' id='word_1_458' title='bbox 3242 2976 3425 3031; x_wconf 90' lang='lat' dir='ltr'>edidit</span> <span class='ocrx_word' id='word_1_459' title='bbox 3466 2977 3533 3033; x_wconf 92' lang='lat' dir='ltr'>D.</span> <span class='ocrx_word' id='word_1_460' title='bbox 3581 2982 3658 3033; x_wconf 92' lang='lat' dir='ltr'>De</span> <span class='ocrx_word' id='word_1_461' title='bbox 3702 2978 3815 3033; x_wconf 91' lang='lat' dir='ltr'>Ge-</span> 
     </span>
    </p>
   </div>
   <div class='ocr_carea' id='block_1_78' title="bbox 2165 3064 3814 3135">
    <p class='ocr_par' dir='ltr' id='par_1_78' title="bbox 2165 3064 3814 3135">
     <span class='ocr_line' id='line_1_78' title="bbox 2165 3064 3814 3135; baseline 0.002 -17"><span class='ocrx_word' id='word_1_462' title='bbox 2165 3065 2375 3129; x_wconf 91' lang='lat' dir='ltr'>noude,</span> <span class='ocrx_word' id='word_1_463' title='bbox 2410 3064 2468 3119; x_wconf 90' lang='lat' dir='ltr'>in</span> <span class='ocrx_word' id='word_1_464' title='bbox 2502 3081 2609 3120; x_wconf 88' lang='lat' dir='ltr'>sua</span> <span class='ocrx_word' id='word_1_465' title='bbox 2639 3064 3099 3119; x_wconf 87' lang='lat' dir='ltr'>chrestomathia</span> <span class='ocrx_word' id='word_1_466' title='bbox 3122 3065 3543 3135; x_wconf 79' lang='lat' dir='ltr'>Patristica,cui</span> <span class='ocrx_word' id='word_1_467' title='bbox 3567 3065 3814 3135; x_wconf 86' lang='lat' dir='ltr'>titulus;</span> 
     </span>
    </p>
   </div>
   <div class='ocr_carea' id='block_1_79' title="bbox 2167 3153 3813 3227">
    <p class='ocr_par' dir='ltr' id='par_1_79' title="bbox 2167 3153 3813 3227">
     <span class='ocr_line' id='line_1_79' title="bbox 2167 3153 3813 3227; baseline 0.001 -19"><span class='ocrx_word' id='word_1_468' title='bbox 2167 3155 2267 3209; x_wconf 72' lang='lat' dir='ltr'>Le:</span> <span class='ocrx_word' id='word_1_469' title='bbox 2295 3157 2457 3208; x_wconf 73' lang='lat' dir='ltr'>Pera:</span> <span class='ocrx_word' id='word_1_470' title='bbox 2487 3155 2551 3208; x_wconf 82' lang='lat' dir='ltr'>de</span> <span class='ocrx_word' id='word_1_471' title='bbox 2584 3153 2801 3221; x_wconf 74' lang='lat' dir='ltr'>l‘Eglise</span> <span class='ocrx_word' id='word_1_472' title='bbox 2832 3153 3063 3209; x_wconf 73' lang='lat' dir='ltr'>traduz&#39;t:</span> <span class='ocrx_word' id='word_1_473' title='bbox 3122 3171 3188 3210; x_wconf 79' lang='lat' dir='ltr'>en</span> <span class='ocrx_word' id='word_1_474' title='bbox 3240 3156 3528 3227; x_wconf 72' lang='lat' dir='ltr'>Franpais,</span> <span class='ocrx_word' id='word_1_475' title='bbox 3591 3161 3631 3210; x_wconf 92' lang='lat' dir='ltr'>t.</span> <span class='ocrx_word' id='word_1_476' title='bbox 3693 3156 3813 3223; x_wconf 76' lang='lat' dir='ltr'>XII,</span> 
     </span>
    </p>
   </div>
   <div class='ocr_carea' id='block_1_80' title="bbox 2167 3242 3817 3316">
    <p class='ocr_par' dir='ltr' id='par_1_80' title="bbox 2167 3242 3817 3316">
     <span class='ocr_line' id='line_1_80' title="bbox 2167 3242 3817 3316; baseline 0.001 -19"><span class='ocrx_word' id='word_1_477' title='bbox 2167 3242 2349 3309; x_wconf 89' lang='lat' dir='ltr'>Paris,</span> <span class='ocrx_word' id='word_1_478' title='bbox 2384 3243 2546 3297; x_wconf 85' lang='lat' dir='ltr'>in-8°.</span> <span class='ocrx_word' id='word_1_479' title='bbox 2582 3242 2769 3313; x_wconf 86' lang='lat' dir='ltr'>Hujus</span> <span class='ocrx_word' id='word_1_480' title='bbox 2800 3248 2992 3298; x_wconf 91' lang='lat' dir='ltr'>autem</span> <span class='ocrx_word' id='word_1_481' title='bbox 3028 3244 3334 3312; x_wconf 86' lang='lat' dir='ltr'>versionis,</span> <span class='ocrx_word' id='word_1_482' title='bbox 3376 3262 3503 3316; x_wconf 62' lang='lat' dir='ltr'>quae</span> <span class='ocrx_word' id='word_1_483' title='bbox 3561 3247 3708 3300; x_wconf 88' lang='lat' dir='ltr'>duos</span> <span class='ocrx_word' id='word_1_484' title='bbox 3759 3250 3817 3301; x_wconf 91' lang='lat' dir='ltr'>et</span> 
     </span>
    </p>
   </div>
   <div class='ocr_carea' id='block_1_81' title="bbox 2162 3331 3816 3403">
    <p class='ocr_par' dir='ltr' id='par_1_81' title="bbox 2162 3331 3816 3403">
     <span class='ocr_line' id='line_1_81' title="bbox 2162 3331 3816 3403; baseline 0.001 -17"><span class='ocrx_word' id='word_1_485' title='bbox 2162 3332 2369 3403; x_wconf 84' lang='lat' dir='ltr'>viginti</span> <span class='ocrx_word' id='word_1_486' title='bbox 2396 3331 2721 3403; x_wconf 63' lang='lat' dir='ltr'>pracipuos</span> <span class='ocrx_word' id='word_1_487' title='bbox 2753 3332 3100 3388; x_wconf 86' lang='lat' dir='ltr'>Tertulliani</span> <span class='ocrx_word' id='word_1_488' title='bbox 3132 3333 3308 3389; x_wconf 87' lang='lat' dir='ltr'>libros</span> <span class='ocrx_word' id='word_1_489' title='bbox 3328 3334 3816 3403; x_wconf 85' lang='lat' dir='ltr'>oontinet,auctor</span> 
     </span>
    </p>
   </div>
   <div class='ocr_carea' id='block_1_82' title="bbox 2162 3422 3813 3494">
    <p class='ocr_par' dir='ltr' id='par_1_82' title="bbox 2162 3422 3813 3494">
     <span class='ocr_line' id='line_1_82' title="bbox 2162 3422 3813 3494; baseline 0 -17"><span class='ocrx_word' id='word_1_490' title='bbox 2162 3434 2251 3477; x_wconf 89' lang='lat' dir='ltr'>est</span> <span class='ocrx_word' id='word_1_491' title='bbox 2282 3422 2349 3476; x_wconf 78' lang='grc' dir='ltr'>ΙΙ.</span> <span class='ocrx_word' id='word_1_492' title='bbox 2388 3423 2604 3477; x_wconf 79' lang='lat' dir='ltr'>DENAIN</span> <span class='ocrx_word' id='word_1_493' title='bbox 2658 3422 2728 3477; x_wconf 87' lang='lat' dir='ltr'>de</span> <span class='ocrx_word' id='word_1_494' title='bbox 2774 3422 3039 3494; x_wconf 88' lang='lat' dir='ltr'>Septimii</span> <span class='ocrx_word' id='word_1_495' title='bbox 3099 3423 3287 3478; x_wconf 86' lang='lat' dir='ltr'>nostri</span> <span class='ocrx_word' id='word_1_496' title='bbox 3336 3423 3620 3478; x_wconf 83' lang='lat' dir='ltr'>studiosis</span> <span class='ocrx_word' id='word_1_497' title='bbox 3669 3422 3813 3477; x_wconf 87' lang='lat' dir='ltr'>bene</span> 
     </span>
    </p>
   </div>
   <div class='ocr_carea' id='block_1_83' title="bbox 2162 3510 3811 3583">
    <p class='ocr_par' dir='ltr' id='par_1_83' title="bbox 2162 3510 3811 3583">
     <span class='ocr_line' id='line_1_83' title="bbox 2162 3510 3811 3583; baseline 0 -17"><span class='ocrx_word' id='word_1_498' title='bbox 2162 3510 2428 3575; x_wconf 87' lang='lat' dir='ltr'>meritus,</span> <span class='ocrx_word' id='word_1_499' title='bbox 2456 3516 2727 3566; x_wconf 88' lang='lat' dir='ltr'>notarum</span> <span class='ocrx_word' id='word_1_500' title='bbox 2763 3515 2957 3566; x_wconf 89' lang='lat' dir='ltr'>tamen</span> <span class='ocrx_word' id='word_1_501' title='bbox 2992 3511 3231 3567; x_wconf 89' lang='lat' dir='ltr'>omnino</span> <span class='ocrx_word' id='word_1_502' title='bbox 3280 3527 3507 3583; x_wconf 80' lang='lat' dir='ltr'>expers,</span> <span class='ocrx_word' id='word_1_503' title='bbox 3530 3516 3587 3567; x_wconf 91' lang='lat' dir='ltr'>et</span> <span class='ocrx_word' id='word_1_504' title='bbox 3618 3510 3811 3566; x_wconf 89' lang='lat' dir='ltr'>omnis</span> 
     </span>
    </p>
   </div>
   <div class='ocr_carea' id='block_1_84' title="bbox 2161 3599 3806 3673">
    <p class='ocr_par' dir='ltr' id='par_1_84' title="bbox 2161 3599 3806 3673">
     <span class='ocr_line' id='line_1_84' title="bbox 2161 3599 3806 3673; baseline 0 -17"><span class='ocrx_word' id='word_1_505' title='bbox 2161 3600 2567 3657; x_wconf 89' lang='lat' dir='ltr'>commentarii</span> <span class='ocrx_word' id='word_1_506' title='bbox 2599 3599 2751 3655; x_wconf 90' lang='lat' dir='ltr'>mole</span> <span class='ocrx_word' id='word_1_507' title='bbox 2779 3601 3105 3672; x_wconf 88' lang='lat' dir='ltr'>expeditus,</span> <span class='ocrx_word' id='word_1_508' title='bbox 3136 3600 3372 3672; x_wconf 80' lang='lat' dir='ltr'>elegans</span> <span class='ocrx_word' id='word_1_509' title='bbox 3404 3601 3599 3673; x_wconf 86' lang='lat' dir='ltr'>potius</span> <span class='ocrx_word' id='word_1_510' title='bbox 3631 3616 3806 3671; x_wconf 88' lang='lat' dir='ltr'>quam</span> 
     </span>
    </p>
   </div>
   <div class='ocr_carea' id='block_1_85' title="bbox 2159 3689 3807 3761">
    <p class='ocr_par' dir='ltr' id='par_1_85' title="bbox 2159 3689 3807 3761">
     <span class='ocr_line' id='line_1_85' title="bbox 2159 3689 3807 3761; baseline -0.001 -16"><span class='ocrx_word' id='word_1_511' title='bbox 2159 3690 2487 3745; x_wconf 82' lang='lat' dir='ltr'>ﬁdissimus</span> <span class='ocrx_word' id='word_1_512' title='bbox 2518 3690 2831 3761; x_wconf 86' lang='lat' dir='ltr'>interpres,</span> <span class='ocrx_word' id='word_1_513' title='bbox 2862 3689 2961 3760; x_wconf 90' lang='lat' dir='ltr'>qui</span> <span class='ocrx_word' id='word_1_514' title='bbox 2992 3689 3259 3744; x_wconf 75' lang='lat' dir='ltr'>africanae</span> <span class='ocrx_word' id='word_1_515' title='bbox 3292 3689 3534 3761; x_wconf 70' lang='lat' dir='ltr'>loquela:</span> <span class='ocrx_word' id='word_1_516' title='bbox 3584 3689 3807 3761; x_wconf 85' lang='lat' dir='ltr'>asperi-</span> 
     </span>
    </p>
   </div>
   <div class='ocr_carea' id='block_1_86' title="bbox 2158 3778 3807 3851">
    <p class='ocr_par' dir='ltr' id='par_1_86' title="bbox 2158 3778 3807 3851">
     <span class='ocr_line' id='line_1_86' title="bbox 2158 3778 3807 3851; baseline -0.002 -16"><span class='ocrx_word' id='word_1_517' title='bbox 2158 3784 2341 3835; x_wconf 90' lang='lat' dir='ltr'>tatem</span> <span class='ocrx_word' id='word_1_518' title='bbox 2380 3778 2714 3851; x_wconf 90' lang='lat' dir='ltr'>splendenti</span> <span class='ocrx_word' id='word_1_519' title='bbox 2761 3778 2989 3833; x_wconf 90' lang='lat' dir='ltr'>ornavit</span> <span class='ocrx_word' id='word_1_520' title='bbox 3018 3794 3310 3847; x_wconf 85' lang='lat' dir='ltr'>sermone,</span> <span class='ocrx_word' id='word_1_521' title='bbox 3341 3778 3687 3850; x_wconf 80' lang='lat' dir='ltr'>egregiaque</span> <span class='ocrx_word' id='word_1_522' title='bbox 3720 3778 3807 3831; x_wconf 91' lang='lat' dir='ltr'>in-</span> 
     </span>
    </p>
   </div>
   <div class='ocr_carea' id='block_1_87' title="bbox 2155 3864 3810 3938">
    <p class='ocr_par' dir='ltr' id='par_1_87' title="bbox 2155 3864 3810 3938">
     <span class='ocr_line' id='line_1_87' title="bbox 2155 3864 3810 3938; baseline -0.001 -16"><span class='ocrx_word' id='word_1_523' title='bbox 2155 3868 2390 3923; x_wconf 87' lang='lat' dir='ltr'>terdum</span> <span class='ocrx_word' id='word_1_524' title='bbox 2469 3874 2526 3923; x_wconf 92' lang='lat' dir='ltr'>et</span> <span class='ocrx_word' id='word_1_525' title='bbox 2600 3867 2670 3922; x_wconf 83' lang='lat' dir='ltr'>ad</span> <span class='ocrx_word' id='word_1_526' title='bbox 2736 3866 2929 3921; x_wconf 84' lang='lat' dir='ltr'>vivum</span> <span class='ocrx_word' id='word_1_527' title='bbox 2996 3882 3271 3938; x_wconf 86' lang='lat' dir='ltr'>expressa</span> <span class='ocrx_word' id='word_1_528' title='bbox 3335 3864 3810 3938; x_wconf 87' lang='lat' dir='ltr'>interpretatione</span> 
     </span>
    </p>
   </div>
   <div class='ocr_carea' id='block_1_88' title="bbox 2156 3956 2518 4013">
    <p class='ocr_par' dir='ltr' id='par_1_88' title="bbox 2156 3956 2518 4013">
     <span class='ocr_line' id='line_1_88' title="bbox 2156 3956 2518 4013; baseline -0.006 -1"><span class='ocrx_word' id='word_1_529' title='bbox 2156 3956 2453 4013; x_wconf 88' lang='lat' dir='ltr'>recreavit.</span> <span class='ocrx_word' id='word_1_530' title='bbox 2490 3978 2518 4005; x_wconf 84' lang='lat'>»</span> 
     </span>
    </p>
   </div>
   <div class='ocr_carea' id='block_1_89' title="bbox 2911 4044 3069 4098">
    <p class='ocr_par' dir='ltr' id='par_1_89' title="bbox 2911 4044 3069 4098">
     <span class='ocr_line' id='line_1_89' title="bbox 2911 4044 3069 4098; baseline 0.006 -1"><span class='ocrx_word' id='word_1_531' title='bbox 2911 4044 3069 4098; x_wconf 86' lang='lat'>1843.</span> 
     </span>
    </p>
   </div>
   <div class='ocr_carea' id='block_1_90' title="bbox 2228 4132 3807 4204">
    <p class='ocr_par' dir='ltr' id='par_1_90' title="bbox 2228 4132 3807 4204">
     <span class='ocr_line' id='line_1_90' title="bbox 2228 4132 3807 4204; baseline -0.003 -15"><span class='ocrx_word' id='word_1_532' title='bbox 2228 4136 2481 4189; x_wconf 89' lang='lat' dir='ltr'>Tantum</span> <span class='ocrx_word' id='word_1_533' title='bbox 2514 4134 2727 4189; x_wconf 82' lang='lat' dir='ltr'>referre</span> <span class='ocrx_word' id='word_1_534' title='bbox 2759 4132 2927 4187; x_wconf 90' lang='lat' dir='ltr'>nobis</span> <span class='ocrx_word' id='word_1_535' title='bbox 2980 4132 3137 4201; x_wconf 92' lang='lat' dir='ltr'>licet,</span> <span class='ocrx_word' id='word_1_536' title='bbox 3171 4133 3374 4188; x_wconf 87' lang='lat' dir='ltr'>eodem</span> <span class='ocrx_word' id='word_1_537' title='bbox 3405 4136 3667 4204; x_wconf 88' lang='lat' dir='ltr'>tempore</span> <span class='ocrx_word' id='word_1_538' title='bbox 3696 4146 3807 4201; x_wconf 91' lang='lat' dir='ltr'>quo</span> 
     </span>
    </p>
   </div>
   <div class='ocr_carea' id='block_1_91' title="bbox 2156 4219 3805 4293">
    <p class='ocr_par' dir='ltr' id='par_1_91' title="bbox 2156 4219 3805 4293">
     <span class='ocr_line' id='line_1_91' title="bbox 2156 4219 3805 4293; baseline -0.004 -15"><span class='ocrx_word' id='word_1_539' title='bbox 2156 4224 2278 4279; x_wconf 69' lang='lat' dir='ltr'>haec</span> <span class='ocrx_word' id='word_1_540' title='bbox 2311 4229 2509 4279; x_wconf 87' lang='lat' dir='ltr'>nostra</span> <span class='ocrx_word' id='word_1_541' title='bbox 2540 4222 2714 4277; x_wconf 88' lang='lat' dir='ltr'>editis</span> <span class='ocrx_word' id='word_1_542' title='bbox 2766 4222 2921 4293; x_wconf 82' lang='lat' dir='ltr'>typis</span> <span class='ocrx_word' id='word_1_543' title='bbox 2954 4221 3290 4289; x_wconf 90' lang='lat' dir='ltr'>mandatur,</span> <span class='ocrx_word' id='word_1_544' title='bbox 3324 4219 3501 4276; x_wconf 86' lang='lat' dir='ltr'>simul</span> <span class='ocrx_word' id='word_1_545' title='bbox 3533 4224 3591 4275; x_wconf 89' lang='lat' dir='ltr'>et</span> <span class='ocrx_word' id='word_1_546' title='bbox 3622 4219 3677 4273; x_wconf 94' lang='lat' dir='ltr'>in</span> <span class='ocrx_word' id='word_1_547' title='bbox 3713 4219 3805 4272; x_wconf 87' lang='lat' dir='ltr'>lu-</span> 
     </span>
    </p>
   </div>
   <div class='ocr_carea' id='block_1_92' title="bbox 2157 4307 3805 4379">
    <p class='ocr_par' dir='ltr' id='par_1_92' title="bbox 2157 4307 3805 4379">
     <span class='ocr_line' id='line_1_92' title="bbox 2157 4307 3805 4379; baseline -0.004 -11"><span class='ocrx_word' id='word_1_548' title='bbox 2157 4329 2281 4368; x_wconf 89' lang='lat' dir='ltr'>cem</span> <span class='ocrx_word' id='word_1_549' title='bbox 2317 4311 2569 4367; x_wconf 89' lang='lat' dir='ltr'>suboriri</span> <span class='ocrx_word' id='word_1_550' title='bbox 2604 4310 2843 4366; x_wconf 88' lang='lat' dir='ltr'>alteram</span> <span class='ocrx_word' id='word_1_551' title='bbox 2876 4309 3221 4365; x_wconf 86' lang='lat' dir='ltr'>Tertulliani</span> <span class='ocrx_word' id='word_1_552' title='bbox 3242 4310 3582 4379; x_wconf 90' lang='lat' dir='ltr'>editionem,</span> <span class='ocrx_word' id='word_1_553' title='bbox 3605 4307 3805 4364; x_wconf 90' lang='lat' dir='ltr'>cur.II.</span> 
     </span>
    </p>
   </div>
   <div class='ocr_carea' id='block_1_93' title="bbox 2156 4399 2950 4456">
    <p class='ocr_par' dir='ltr' id='par_1_93' title="bbox 2156 4399 2950 4456">
     <span class='ocr_line' id='line_1_93' title="bbox 2156 4399 2950 4456; baseline -0.004 0"><span class='ocrx_word' id='word_1_554' title='bbox 2156 4406 2222 4456; x_wconf 73' lang='grc' dir='ltr'>Α.</span> <span class='ocrx_word' id='word_1_555' title='bbox 2257 4400 2645 4456; x_wconf 86' lang='lat' dir='ltr'>Woodhaam.</span> <span class='ocrx_word' id='word_1_556' title='bbox 2674 4399 2950 4454; x_wconf 88' lang='lat' dir='ltr'>Cantabr.</span> 
     </span>
    </p>
   </div>
   <div class='ocr_carea' id='block_1_94' title="bbox 2906 4488 3062 4543">
    <p class='ocr_par' dir='ltr' id='par_1_94' title="bbox 2906 4488 3062 4543">
     <span class='ocr_line' id='line_1_94' title="bbox 2906 4488 3062 4543; baseline 0 0"><span class='ocrx_word' id='word_1_557' title='bbox 2906 4488 3062 4543; x_wconf 87' lang='lat'>1833.</span> 
     </span>
    </p>
   </div>
   <div class='ocr_carea' id='block_1_95' title="bbox 463 4553 3802 4650">
    <p class='ocr_par' dir='ltr' id='par_1_95' title="bbox 463 4553 3802 4650">
     <span class='ocr_line' id='line_1_95' title="bbox 463 4553 3802 4650; baseline 0 -21"><span class='ocrx_word' id='word_1_558' title='bbox 463 4573 527 4629; x_wconf 90' lang='lat' dir='ltr'>C.</span> <span class='ocrx_word' id='word_1_559' title='bbox 579 4571 703 4628; x_wconf 89' lang='lat' dir='ltr'>Jos.</span> <span class='ocrx_word' id='word_1_560' title='bbox 735 4572 954 4629; x_wconf 66' lang='lat' dir='ltr'>Hesus</span> <span class='ocrx_word' id='word_1_561' title='bbox 993 4575 1299 4629; x_wconf 81' lang='lat' dir='ltr'>Tertullian</span> <span class='ocrx_word' id='word_1_562' title='bbox 1325 4574 1405 4628; x_wconf 75' lang='lat' dir='ltr'>ais</span> <span class='ocrx_word' id='word_1_563' title='bbox 1435 4574 1713 4644; x_wconf 78' lang='lat' dir='ltr'>Apologet.</span> <span class='ocrx_word' id='word_1_564' title='bbox 1775 4574 1834 4629; x_wconf 90' lang='lat' dir='ltr'>in</span> <span class='ocrx_word' id='word_1_565' title='bbox 1896 4575 2045 4647; x_wconf 85' lang='lat' dir='ltr'>Drey</span> <span class='ocrx_word' id='word_1_566' title='bbox 2076 4553 2122 4615; x_wconf 74' lang='grc' dir='ltr'><strong>θ</strong></span> <span class='ocrx_word' id='word_1_567' title='bbox 2223 4580 2325 4635; x_wconf 88' lang='lat' dir='ltr'>His</span> <span class='ocrx_word' id='word_1_568' title='bbox 2358 4579 2539 4650; x_wconf 88' lang='lat' dir='ltr'>igitur</span> <span class='ocrx_word' id='word_1_569' title='bbox 2568 4577 2837 4633; x_wconf 90' lang='lat' dir='ltr'>deductis</span> <span class='ocrx_word' id='word_1_570' title='bbox 2866 4593 2970 4647; x_wconf 90' lang='lat' dir='ltr'>per</span> <span class='ocrx_word' id='word_1_571' title='bbox 3004 4576 3190 4632; x_wconf 88' lang='lat' dir='ltr'>multa</span> <span class='ocrx_word' id='word_1_572' title='bbox 3221 4582 3374 4633; x_wconf 86' lang='lat' dir='ltr'>retro</span> <span class='ocrx_word' id='word_1_573' title='bbox 3407 4577 3619 4633; x_wconf 72' lang='lat' dir='ltr'>saecula</span> <span class='ocrx_word' id='word_1_574' title='bbox 3647 4576 3802 4630; x_wconf 86' lang='lat' dir='ltr'>litte-</span> 
     </span>
    </p>
   </div>
   <div class='ocr_carea' id='block_1_96' title="bbox 396 4660 2042 4735">
    <p class='ocr_par' dir='ltr' id='par_1_96' title="bbox 396 4660 2042 4735">
     <span class='ocr_line' id='line_1_96' title="bbox 396 4660 2042 4735; baseline 0.002 -20"><span class='ocrx_word' id='word_1_575' title='bbox 396 4664 452 4715; x_wconf 92' lang='lat' dir='ltr'>et</span> <span class='ocrx_word' id='word_1_576' title='bbox 478 4660 575 4715; x_wconf 86' lang='lat' dir='ltr'>all.</span> <span class='ocrx_word' id='word_1_577' title='bbox 610 4662 912 4735; x_wconf 86' lang='lat' dir='ltr'>Tubinger</span> <span class='ocrx_word' id='word_1_578' title='bbox 940 4661 1214 4735; x_wconf 89' lang='lat' dir='ltr'>Theolog.</span> <span class='ocrx_word' id='word_1_579' title='bbox 1251 4662 1511 4734; x_wconf 84' lang='lat' dir='ltr'>quartsls</span> <span class='ocrx_word' id='word_1_580' title='bbox 1540 4663 1773 4719; x_wconf 80' lang='lat' dir='ltr'>Schrift.</span> <span class='ocrx_word' id='word_1_581' title='bbox 1806 4695 1873 4704; x_wconf 97' lang='lat'><strong>—</strong></span> <span class='ocrx_word' id='word_1_582' title='bbox 1905 4668 1965 4719; x_wconf 93' lang='lat' dir='ltr'>P.</span> <span class='ocrx_word' id='word_1_583' title='bbox 2003 4666 2042 4732; x_wconf 90' lang='grc' dir='ltr'>Ι,</span> 
     </span>
    </p>
   </div>
   <div class='ocr_carea' id='block_1_97' title="bbox 396 4749 575 4821">
    <p class='ocr_par' dir='ltr' id='par_1_97' title="bbox 396 4749 575 4821">
     <span class='ocr_line' id='line_1_97' title="bbox 396 4749 575 4821; baseline 0.011 -18"><span class='ocrx_word' id='word_1_584' title='bbox 396 4766 451 4821; x_wconf 92' lang='lat' dir='ltr'>p.</span> <span class='ocrx_word' id='word_1_585' title='bbox 484 4749 575 4805; x_wconf 91' lang='lat'>30.</span> 
     </span>
    </p>
   </div>
   <div class='ocr_carea' id='block_1_98' title="bbox 1144 4844 1295 4900">
    <p class='ocr_par' dir='ltr' id='par_1_98' title="bbox 1144 4844 1295 4900">
     <span class='ocr_line' id='line_1_98' title="bbox 1144 4844 1295 4900; baseline -0.013 0"><span class='ocrx_word' id='word_1_586' title='bbox 1144 4844 1295 4900; x_wconf 84' lang='grc'>1839.</span> 
     </span>
    </p>
   </div>
   <div class='ocr_carea' id='block_1_99' title="bbox 468 4931 2040 4997">
    <p class='ocr_par' dir='ltr' id='par_1_99' title="bbox 468 4931 2040 4997">
     <span class='ocr_line' id='line_1_99' title="bbox 468 4931 2040 4997; baseline 0.001 -12"><span class='ocrx_word' id='word_1_587' title='bbox 468 4931 827 4989; x_wconf 85' lang='lat' dir='ltr'>Bibliotheca</span> <span class='ocrx_word' id='word_1_588' title='bbox 849 4932 948 4987; x_wconf 84' lang='lat' dir='ltr'>PP.</span> <span class='ocrx_word' id='word_1_589' title='bbox 970 4931 1500 4987; x_wconf 85' lang='lat' dir='ltr'>ecclesiasticorum</span> <span class='ocrx_word' id='word_1_590' title='bbox 1519 4931 1684 4986; x_wconf 80' lang='lat' dir='ltr'>latin.</span> <span class='ocrx_word' id='word_1_591' title='bbox 1712 4932 1945 4997; x_wconf 85' lang='lat' dir='ltr'>selecta,</span> <span class='ocrx_word' id='word_1_592' title='bbox 1970 4932 2040 4986; x_wconf 90' lang='lat' dir='ltr'>ad</span> 
     </span>
    </p>
   </div>
   <div class='ocr_carea' id='block_1_100' title="bbox 395 5020 2039 5093">
    <p class='ocr_par' dir='ltr' id='par_1_100' title="bbox 395 5020 2039 5093">
     <span class='ocr_line' id='line_1_100' title="bbox 395 5020 2039 5093; baseline -0.001 -16"><span class='ocrx_word' id='word_1_593' title='bbox 395 5022 496 5077; x_wconf 77' lang='lat'>68</span> <span class='ocrx_word' id='word_1_594' title='bbox 528 5022 885 5093; x_wconf 87' lang='lat' dir='ltr'>optimorum</span> <span class='ocrx_word' id='word_1_595' title='bbox 919 5020 1119 5076; x_wconf 90' lang='lat' dir='ltr'>libror.</span> <span class='ocrx_word' id='word_1_596' title='bbox 1162 5022 1337 5076; x_wconf 79' lang='lat' dir='ltr'>{idem</span> <span class='ocrx_word' id='word_1_597' title='bbox 1384 5021 1562 5085; x_wconf 90' lang='lat' dir='ltr'>edita,</span> <span class='ocrx_word' id='word_1_598' title='bbox 1612 5024 1854 5076; x_wconf 86' lang='lat' dir='ltr'>curante</span> <span class='ocrx_word' id='word_1_599' title='bbox 1886 5022 1946 5076; x_wconf 87' lang='lat' dir='ltr'>E.</span> <span class='ocrx_word' id='word_1_600' title='bbox 1980 5022 2039 5076; x_wconf 87' lang='lat' dir='ltr'>G.</span> 
     </span>
    </p>
   </div>
   <div class='ocr_carea' id='block_1_101' title="bbox 389 5108 2043 5182">
    <p class='ocr_par' dir='ltr' id='par_1_101' title="bbox 389 5108 2043 5182">
     <span class='ocr_line' id='line_1_101' title="bbox 389 5108 2043 5182; baseline -0.001 -17"><span class='ocrx_word' id='word_1_601' title='bbox 389 5110 686 5165; x_wconf 80' lang='lat' dir='ltr'>Gersdorl&#39;.</span> <span class='ocrx_word' id='word_1_602' title='bbox 722 5110 783 5164; x_wconf 89' lang='lat' dir='ltr'>in</span> <span class='ocrx_word' id='word_1_603' title='bbox 835 5110 1093 5165; x_wconf 89' lang='lat' dir='ltr'>medium</span> <span class='ocrx_word' id='word_1_604' title='bbox 1151 5110 1346 5182; x_wconf 90' lang='lat' dir='ltr'>posuit</span> <span class='ocrx_word' id='word_1_605' title='bbox 1376 5126 1441 5164; x_wconf 89' lang='lat' dir='ltr'>ac</span> <span class='ocrx_word' id='word_1_606' title='bbox 1475 5108 1691 5180; x_wconf 87' lang='lat' dir='ltr'>publici</span> <span class='ocrx_word' id='word_1_607' title='bbox 1722 5110 1874 5178; x_wconf 89' lang='lat' dir='ltr'>juris</span> <span class='ocrx_word' id='word_1_608' title='bbox 1907 5110 2043 5164; x_wconf 85' lang='lat' dir='ltr'>fecit</span> 
     </span>
    </p>
   </div>
   <div class='ocr_carea' id='block_1_102' title="bbox 389 5198 2041 5265">
    <p class='ocr_par' dir='ltr' id='par_1_102' title="bbox 389 5198 2041 5265">
     <span class='ocr_line' id='line_1_102' title="bbox 389 5198 2041 5265; baseline -0.001 -10"><span class='ocrx_word' id='word_1_609' title='bbox 389 5200 572 5256; x_wconf 91' lang='lat' dir='ltr'>libros</span> <span class='ocrx_word' id='word_1_610' title='bbox 602 5198 840 5254; x_wconf 90' lang='lat' dir='ltr'>Tertull.</span> <span class='ocrx_word' id='word_1_611' title='bbox 878 5200 991 5254; x_wconf 80' lang='lat' dir='ltr'>fere</span> <span class='ocrx_word' id='word_1_612' title='bbox 1018 5217 1239 5265; x_wconf 89' lang='lat' dir='ltr'>omnes,</span> <span class='ocrx_word' id='word_1_613' title='bbox 1276 5200 1332 5255; x_wconf 90' lang='lat' dir='ltr'>in</span> <span class='ocrx_word' id='word_1_614' title='bbox 1364 5201 1510 5254; x_wconf 83' lang='lat' dir='ltr'>duas</span> <span class='ocrx_word' id='word_1_615' title='bbox 1570 5200 1785 5254; x_wconf 89' lang='lat' dir='ltr'>classes</span> <span class='ocrx_word' id='word_1_616' title='bbox 1828 5199 2041 5253; x_wconf 87' lang='lat' dir='ltr'>distin-</span> 
     </span>
    </p>
   </div>
   <div class='ocr_carea' id='block_1_103' title="bbox 389 5287 2040 5357">
    <p class='ocr_par' dir='ltr' id='par_1_103' title="bbox 389 5287 2040 5357">
     <span class='ocr_line' id='line_1_103' title="bbox 389 5287 2040 5357; baseline 0 -14"><span class='ocrx_word' id='word_1_617' title='bbox 389 5294 535 5354; x_wconf 88' lang='lat' dir='ltr'>ctns,</span> <span class='ocrx_word' id='word_1_618' title='bbox 569 5292 625 5341; x_wconf 91' lang='lat' dir='ltr'>et</span> <span class='ocrx_word' id='word_1_619' title='bbox 658 5304 797 5341; x_wconf 85' lang='lat' dir='ltr'>suos</span> <span class='ocrx_word' id='word_1_620' title='bbox 830 5292 969 5343; x_wconf 89' lang='lat' dir='ltr'>tom.</span> <span class='ocrx_word' id='word_1_621' title='bbox 1004 5289 1226 5344; x_wconf 90' lang='lat' dir='ltr'>scilicet</span> <span class='ocrx_word' id='word_1_622' title='bbox 1255 5289 1313 5344; x_wconf 79' lang='lat' dir='ltr'>l0</span> <span class='ocrx_word' id='word_1_623' title='bbox 1344 5288 1492 5343; x_wconf 77' lang='lat' dir='ltr'>Libr.</span> <span class='ocrx_word' id='word_1_624' title='bbox 1534 5287 1917 5357; x_wconf 82' lang='lat' dir='ltr'>Apolegeticos,</span> <span class='ocrx_word' id='word_1_625' title='bbox 1967 5288 2040 5343; x_wconf 89' lang='lat' dir='ltr'>ad</span> 
     </span>
    </p>
   </div>
   <div class='ocr_carea' id='block_1_104' title="bbox 391 5374 2036 5447">
    <p class='ocr_par' dir='ltr' id='par_1_104' title="bbox 391 5374 2036 5447">
     <span class='ocr_line' id='line_1_104' title="bbox 391 5374 2036 5447; baseline -0.001 -17"><span class='ocrx_word' id='word_1_626' title='bbox 391 5376 694 5446; x_wconf 82' lang='lat' dir='ltr'>Martyres,</span> <span class='ocrx_word' id='word_1_627' title='bbox 727 5376 796 5429; x_wconf 90' lang='lat' dir='ltr'>de</span> <span class='ocrx_word' id='word_1_628' title='bbox 852 5376 1196 5447; x_wconf 83' lang='lat' dir='ltr'>Spectacul.,</span> <span class='ocrx_word' id='word_1_629' title='bbox 1232 5379 1300 5431; x_wconf 91' lang='lat' dir='ltr'>de</span> <span class='ocrx_word' id='word_1_630' title='bbox 1358 5374 1581 5439; x_wconf 88' lang='lat' dir='ltr'>Idolol.,</span> <span class='ocrx_word' id='word_1_631' title='bbox 1633 5374 1931 5446; x_wconf 82' lang='lat' dir='ltr'>Apologet.</span> <span class='ocrx_word' id='word_1_632' title='bbox 1968 5376 2036 5429; x_wconf 84' lang='lat' dir='ltr'>ad</span> 
     </span>
    </p>
   </div>
   <div class='ocr_carea' id='block_1_105' title="bbox 387 5462 2041 5533">
    <p class='ocr_par' dir='ltr' id='par_1_105' title="bbox 387 5462 2041 5533">
     <span class='ocr_line' id='line_1_105' title="bbox 387 5462 2041 5533; baseline 0 -15"><span class='ocrx_word' id='word_1_633' title='bbox 387 5468 519 5518; x_wconf 88' lang='lat' dir='ltr'>Nat.</span> <span class='ocrx_word' id='word_1_634' title='bbox 558 5462 657 5517; x_wconf 92' lang='lat' dir='ltr'>lib.</span> <span class='ocrx_word' id='word_1_635' title='bbox 688 5480 748 5529; x_wconf 78' lang='grc' dir='ltr'>ιι,</span> <span class='ocrx_word' id='word_1_636' title='bbox 784 5465 852 5519; x_wconf 89' lang='lat' dir='ltr'>de</span> <span class='ocrx_word' id='word_1_637' title='bbox 885 5466 1125 5521; x_wconf 84' lang='lat' dir='ltr'>Testim.</span> <span class='ocrx_word' id='word_1_638' title='bbox 1184 5467 1376 5520; x_wconf 86' lang='lat' dir='ltr'>Anim.</span> <span class='ocrx_word' id='word_1_639' title='bbox 1437 5464 1507 5518; x_wconf 91' lang='lat' dir='ltr'>de</span> <span class='ocrx_word' id='word_1_640' title='bbox 1535 5466 1758 5517; x_wconf 85' lang='lat' dir='ltr'>Corona</span> <span class='ocrx_word' id='word_1_641' title='bbox 1789 5464 1939 5533; x_wconf 91' lang='lat' dir='ltr'>mil.,</span> <span class='ocrx_word' id='word_1_642' title='bbox 1970 5466 2041 5519; x_wconf 91' lang='lat' dir='ltr'>de</span> 
     </span>
    </p>
   </div>
   <div class='ocr_carea' id='block_1_106' title="bbox 392 5550 2041 5627">
    <p class='ocr_par' dir='ltr' id='par_1_106' title="bbox 392 5550 2041 5627">
     <span class='ocr_line' id='line_1_106' title="bbox 392 5550 2041 5627; baseline -0.001 -19"><span class='ocrx_word' id='word_1_643' title='bbox 392 5553 553 5621; x_wconf 85' lang='lat' dir='ltr'>Fuga</span> <span class='ocrx_word' id='word_1_644' title='bbox 590 5550 649 5605; x_wconf 92' lang='lat' dir='ltr'>in</span> <span class='ocrx_word' id='word_1_645' title='bbox 683 5568 926 5623; x_wconf 86' lang='lat' dir='ltr'>persec.,</span> <span class='ocrx_word' id='word_1_646' title='bbox 960 5555 1287 5627; x_wconf 88' lang='lat' dir='ltr'>Scorpiace,</span> <span class='ocrx_word' id='word_1_647' title='bbox 1321 5554 1389 5608; x_wconf 89' lang='lat' dir='ltr'>ad</span> <span class='ocrx_word' id='word_1_648' title='bbox 1424 5552 1653 5623; x_wconf 89' lang='lat' dir='ltr'>Scapul.</span> <span class='ocrx_word' id='word_1_649' title='bbox 1693 5552 1753 5605; x_wconf 82' lang='lat'>2°</span> <span class='ocrx_word' id='word_1_650' title='bbox 1785 5552 1937 5606; x_wconf 84' lang='lat' dir='ltr'>Libr.</span> <span class='ocrx_word' id='word_1_651' title='bbox 1970 5554 2041 5607; x_wconf 82' lang='lat' dir='ltr'>ad</span> 
     </span>
    </p>
   </div>
   <div class='ocr_carea' id='block_1_107' title="bbox 389 5641 2035 5715">
    <p class='ocr_par' dir='ltr' id='par_1_107' title="bbox 389 5641 2035 5715">
     <span class='ocr_line' id='line_1_107' title="bbox 389 5641 2035 5715; baseline 0.001 -19"><span class='ocrx_word' id='word_1_652' title='bbox 389 5642 531 5697; x_wconf 79' lang='lat' dir='ltr'>ritus</span> <span class='ocrx_word' id='word_1_653' title='bbox 577 5644 627 5699; x_wconf 85' lang='lat' dir='ltr'>et</span> <span class='ocrx_word' id='word_1_654' title='bbox 672 5659 848 5701; x_wconf 74' lang='lat' dir='ltr'>more:</span> <span class='ocrx_word' id='word_1_655' title='bbox 897 5644 1265 5702; x_wconf 78' lang='lat' dir='ltr'>Christianor.</span> <span class='ocrx_word' id='word_1_656' title='bbox 1314 5643 1676 5715; x_wconf 77' lang='lat' dir='ltr'>pertinentes,</span> <span class='ocrx_word' id='word_1_657' title='bbox 1725 5641 1797 5695; x_wconf 88' lang='lat' dir='ltr'>de</span> <span class='ocrx_word' id='word_1_658' title='bbox 1856 5642 2035 5713; x_wconf 88' lang='lat' dir='ltr'>Orat.,</span> 
     </span>
    </p>
   </div>
   <div class='ocr_carea' id='block_1_108' title="bbox 2156 4665 3805 4738">
    <p class='ocr_par' dir='ltr' id='par_1_108' title="bbox 2156 4665 3805 4738">
     <span class='ocr_line' id='line_1_108' title="bbox 2156 4665 3805 4738; baseline -0.002 -15"><span class='ocrx_word' id='word_1_659' title='bbox 2156 4669 2325 4723; x_wconf 88' lang='lat' dir='ltr'>rariis</span> <span class='ocrx_word' id='word_1_660' title='bbox 2357 4666 2699 4723; x_wconf 88' lang='lat' dir='ltr'>Tertulliani</span> <span class='ocrx_word' id='word_1_661' title='bbox 2741 4665 3056 4721; x_wconf 88' lang='lat' dir='ltr'>annalibus</span> <span class='ocrx_word' id='word_1_662' title='bbox 3108 4667 3282 4721; x_wconf 82' lang='lat' dir='ltr'>ﬁnem</span> <span class='ocrx_word' id='word_1_663' title='bbox 3335 4666 3805 4738; x_wconf 87' lang='lat' dir='ltr'>qualemcunque</span> 
     </span>
    </p>
   </div>
   <div class='ocr_carea' id='block_1_109' title="bbox 2154 4753 3806 4828">
    <p class='ocr_par' dir='ltr' id='par_1_109' title="bbox 2154 4753 3806 4828">
     <span class='ocr_line' id='line_1_109' title="bbox 2154 4753 3806 4828; baseline -0.003 -17"><span class='ocrx_word' id='word_1_664' title='bbox 2154 4758 2416 4827; x_wconf 87' lang='lat' dir='ltr'>imponet</span> <span class='ocrx_word' id='word_1_665' title='bbox 2441 4757 2559 4810; x_wconf 68' lang='lat' dir='ltr'>haec</span> <span class='ocrx_word' id='word_1_666' title='bbox 2582 4771 2730 4809; x_wconf 90' lang='lat' dir='ltr'>nova</span> <span class='ocrx_word' id='word_1_667' title='bbox 2752 4753 3109 4810; x_wconf 76' lang='lat' dir='ltr'>PARISIENSIS</span> <span class='ocrx_word' id='word_1_668' title='bbox 3138 4771 3531 4828; x_wconf 75' lang='lat' dir='ltr'>snrrio,quam</span> <span class='ocrx_word' id='word_1_669' title='bbox 3566 4758 3700 4825; x_wconf 88' lang='lat' dir='ltr'>post</span> <span class='ocrx_word' id='word_1_670' title='bbox 3721 4757 3806 4807; x_wconf 90' lang='lat' dir='ltr'>tot</span> 
     </span>
    </p>
   </div>
   <div class='ocr_carea' id='block_1_110' title="bbox 2154 4843 3806 4901">
    <p class='ocr_par' dir='ltr' id='par_1_110' title="bbox 2154 4843 3806 4901">
     <span class='ocr_line' id='line_1_110' title="bbox 2154 4843 3806 4901; baseline -0.004 0"><span class='ocrx_word' id='word_1_671' title='bbox 2154 4846 2398 4901; x_wconf 89' lang='lat' dir='ltr'>aliorum</span> <span class='ocrx_word' id='word_1_672' title='bbox 2470 4850 2525 4899; x_wconf 90' lang='lat' dir='ltr'>et</span> <span class='ocrx_word' id='word_1_673' title='bbox 2590 4849 2888 4898; x_wconf 88' lang='lat' dir='ltr'>tantorum</span> <span class='ocrx_word' id='word_1_674' title='bbox 2958 4843 3187 4899; x_wconf 89' lang='lat' dir='ltr'>labores</span> <span class='ocrx_word' id='word_1_675' title='bbox 3258 4845 3385 4899; x_wconf 91' lang='lat' dir='ltr'>ideo</span> <span class='ocrx_word' id='word_1_676' title='bbox 3446 4843 3806 4898; x_wconf 82' lang='lat' dir='ltr'>confidenter</span> 
     </span>
    </p>
   </div>
   <div class='ocr_carea' id='block_1_111' title="bbox 2152 4931 3803 5007">
    <p class='ocr_par' dir='ltr' id='par_1_111' title="bbox 2152 4931 3803 5007">
     <span class='ocr_line' id='line_1_111' title="bbox 2152 4931 3803 5007; baseline -0.005 -16"><span class='ocrx_word' id='word_1_677' title='bbox 2152 4934 2548 5007; x_wconf 84' lang='lat' dir='ltr'>aggredimur,</span> <span class='ocrx_word' id='word_1_678' title='bbox 2574 4933 2726 5003; x_wconf 88' lang='lat' dir='ltr'>quod</span> <span class='ocrx_word' id='word_1_679' title='bbox 2762 4931 2907 4985; x_wconf 92' lang='lat' dir='ltr'>nihil</span> <span class='ocrx_word' id='word_1_680' title='bbox 2932 4932 3043 4986; x_wconf 90' lang='lat' dir='ltr'>nisi</span> <span class='ocrx_word' id='word_1_681' title='bbox 3076 4932 3333 4988; x_wconf 89' lang='lat' dir='ltr'>alienum</span> <span class='ocrx_word' id='word_1_682' title='bbox 3367 4949 3434 4987; x_wconf 90' lang='lat' dir='ltr'>ac</span> <span class='ocrx_word' id='word_1_683' title='bbox 3466 4934 3803 4986; x_wconf 90' lang='lat' dir='ltr'>mutuatum</span> 
     </span>
    </p>
   </div>
   <div class='ocr_carea' id='block_1_112' title="bbox 2152 5020 3805 5095">
    <p class='ocr_par' dir='ltr' id='par_1_112' title="bbox 2152 5020 3805 5095">
     <span class='ocr_line' id='line_1_112' title="bbox 2152 5020 3805 5095; baseline -0.004 -18"><span class='ocrx_word' id='word_1_684' title='bbox 2152 5028 2520 5095; x_wconf 75' lang='lat' dir='ltr'>praestamus.</span> <span class='ocrx_word' id='word_1_685' title='bbox 2560 5021 2629 5075; x_wconf 92' lang='lat' dir='ltr'>Ut</span> <span class='ocrx_word' id='word_1_686' title='bbox 2659 5021 2814 5074; x_wconf 90' lang='lat' dir='ltr'>enim</span> <span class='ocrx_word' id='word_1_687' title='bbox 2876 5036 2944 5074; x_wconf 84' lang='lat' dir='ltr'>ex</span> <span class='ocrx_word' id='word_1_688' title='bbox 3000 5020 3073 5075; x_wconf 84' lang='lat' dir='ltr'>iis</span> <span class='ocrx_word' id='word_1_689' title='bbox 3123 5038 3250 5091; x_wconf 65' lang='lat' dir='ltr'>quas</span> <span class='ocrx_word' id='word_1_690' title='bbox 3310 5022 3597 5076; x_wconf 89' lang='lat' dir='ltr'>hactenus</span> <span class='ocrx_word' id='word_1_691' title='bbox 3627 5033 3805 5089; x_wconf 86' lang='lat' dir='ltr'>opera</span> 
     </span>
    </p>
   </div>
   <div class='ocr_carea' id='block_1_113' title="bbox 2150 5109 3805 5174">
    <p class='ocr_par' dir='ltr' id='par_1_113' title="bbox 2150 5109 3805 5174">
     <span class='ocr_line' id='line_1_113' title="bbox 2150 5109 3805 5174; baseline -0.004 -6"><span class='ocrx_word' id='word_1_692' title='bbox 2150 5111 2491 5168; x_wconf 86' lang='lat' dir='ltr'>Tertulliani</span> <span class='ocrx_word' id='word_1_693' title='bbox 2516 5109 2888 5165; x_wconf 83' lang='lat' dir='ltr'>elucidarunt</span> <span class='ocrx_word' id='word_1_694' title='bbox 2910 5109 3055 5163; x_wconf 89' lang='lat' dir='ltr'>nihil</span> <span class='ocrx_word' id='word_1_695' title='bbox 3078 5111 3357 5165; x_wconf 84' lang='lat' dir='ltr'>duximus</span> <span class='ocrx_word' id='word_1_696' title='bbox 3380 5109 3805 5174; x_wconf 86' lang='lat' dir='ltr'>omittendum;</span> 
     </span>
    </p>
   </div>
   <div class='ocr_carea' id='block_1_114' title="bbox 2150 5197 3809 5267">
    <p class='ocr_par' dir='ltr' id='par_1_114' title="bbox 2150 5197 3809 5267">
     <span class='ocr_line' id='line_1_114' title="bbox 2150 5197 3809 5267; baseline -0.005 -11"><span class='ocrx_word' id='word_1_697' title='bbox 2150 5201 2231 5256; x_wconf 87' lang='lat' dir='ltr'>ita</span> <span class='ocrx_word' id='word_1_698' title='bbox 2264 5200 2406 5254; x_wconf 90' lang='lat' dir='ltr'>nihil</span> <span class='ocrx_word' id='word_1_699' title='bbox 2445 5200 2599 5267; x_wconf 88' lang='lat' dir='ltr'>novi,</span> <span class='ocrx_word' id='word_1_700' title='bbox 2656 5198 2743 5252; x_wconf 89' lang='lat' dir='ltr'>vel</span> <span class='ocrx_word' id='word_1_701' title='bbox 2802 5198 3050 5252; x_wconf 91' lang='lat' dir='ltr'>inauditi</span> <span class='ocrx_word' id='word_1_702' title='bbox 3114 5201 3496 5253; x_wconf 89' lang='lat' dir='ltr'>asserendum</span> <span class='ocrx_word' id='word_1_703' title='bbox 3557 5197 3809 5251; x_wconf 81' lang='lat' dir='ltr'>libenter</span> 
     </span>
    </p>
   </div>
   <div class='ocr_carea' id='block_1_115' title="bbox 2150 5286 3807 5362">
    <p class='ocr_par' dir='ltr' id='par_1_115' title="bbox 2150 5286 3807 5362">
     <span class='ocr_line' id='line_1_115' title="bbox 2150 5286 3807 5362; baseline -0.003 -19"><span class='ocrx_word' id='word_1_704' title='bbox 2150 5290 2513 5362; x_wconf 82' lang='lat' dir='ltr'>proﬁtemur.</span> <span class='ocrx_word' id='word_1_705' title='bbox 2550 5288 2832 5357; x_wconf 85' lang='lat' dir='ltr'>Equidem</span> <span class='ocrx_word' id='word_1_706' title='bbox 2882 5287 2937 5339; x_wconf 93' lang='lat' dir='ltr'>in</span> <span class='ocrx_word' id='word_1_707' title='bbox 2991 5286 3098 5339; x_wconf 89' lang='lat' dir='ltr'>hoc</span> <span class='ocrx_word' id='word_1_708' title='bbox 3142 5294 3367 5353; x_wconf 89' lang='lat' dir='ltr'>nostro,</span> <span class='ocrx_word' id='word_1_709' title='bbox 3412 5287 3807 5357; x_wconf 89' lang='lat' dir='ltr'>quodcunque</span> 
     </span>
    </p>
   </div>
   <div class='ocr_carea' id='block_1_116' title="bbox 2151 5372 3803 5449">
    <p class='ocr_par' dir='ltr' id='par_1_116' title="bbox 2151 5372 3803 5449">
     <span class='ocr_line' id='line_1_116' title="bbox 2151 5372 3803 5449; baseline -0.005 -16"><span class='ocrx_word' id='word_1_710' title='bbox 2151 5379 2246 5447; x_wconf 89' lang='lat' dir='ltr'>sit,</span> <span class='ocrx_word' id='word_1_711' title='bbox 2280 5395 2451 5449; x_wconf 87' lang='lat' dir='ltr'>opere</span> <span class='ocrx_word' id='word_1_712' title='bbox 2478 5374 2858 5429; x_wconf 79' lang='lat' dir='ltr'>describendo</span> <span class='ocrx_word' id='word_1_713' title='bbox 2889 5374 3163 5429; x_wconf 91' lang='lat' dir='ltr'>lectorem</span> <span class='ocrx_word' id='word_1_714' title='bbox 3198 5377 3296 5431; x_wconf 88' lang='lat' dir='ltr'>diu</span> <span class='ocrx_word' id='word_1_715' title='bbox 3344 5374 3558 5431; x_wconf 89' lang='lat' dir='ltr'>morari</span> <span class='ocrx_word' id='word_1_716' title='bbox 3614 5372 3803 5428; x_wconf 91' lang='lat' dir='ltr'>nolui-</span> 
     </span>
    </p>
   </div>
   <div class='ocr_carea' id='block_1_117' title="bbox 2149 5461 3807 5535">
    <p class='ocr_par' dir='ltr' id='par_1_117' title="bbox 2149 5461 3807 5535">
     <span class='ocr_line' id='line_1_117' title="bbox 2149 5461 3807 5535; baseline -0.005 -13"><span class='ocrx_word' id='word_1_717' title='bbox 2149 5484 2325 5532; x_wconf 90' lang='lat' dir='ltr'>mus;</span> <span class='ocrx_word' id='word_1_718' title='bbox 2377 5480 2646 5535; x_wconf 69' lang='lat' dir='ltr'>quaanam</span> <span class='ocrx_word' id='word_1_719' title='bbox 2704 5467 2897 5516; x_wconf 90' lang='lat' dir='ltr'>tamen</span> <span class='ocrx_word' id='word_1_720' title='bbox 2958 5461 3095 5517; x_wconf 91' lang='lat' dir='ltr'>huic</span> <span class='ocrx_word' id='word_1_721' title='bbox 3149 5465 3389 5519; x_wconf 87' lang='lat' dir='ltr'>editioni</span> <span class='ocrx_word' id='word_1_722' title='bbox 3449 5461 3807 5519; x_wconf 86' lang='lat' dir='ltr'>accesserint</span> 
     </span>
    </p>
   </div>
   <div class='ocr_carea' id='block_1_118' title="bbox 2149 5549 3802 5623">
    <p class='ocr_par' dir='ltr' id='par_1_118' title="bbox 2149 5549 3802 5623">
     <span class='ocr_line' id='line_1_118' title="bbox 2149 5549 3802 5623; baseline -0.004 -14"><span class='ocrx_word' id='word_1_723' title='bbox 2149 5556 2571 5615; x_wconf 87' lang='lat' dir='ltr'>additamenta,</span> <span class='ocrx_word' id='word_1_724' title='bbox 2601 5549 2862 5619; x_wconf 88' lang='lat' dir='ltr'>qualisve</span> <span class='ocrx_word' id='word_1_725' title='bbox 2904 5555 3097 5607; x_wconf 81' lang='lat' dir='ltr'>textus</span> <span class='ocrx_word' id='word_1_726' title='bbox 3157 5554 3416 5610; x_wconf 86' lang='lat' dir='ltr'>recensio</span> <span class='ocrx_word' id='word_1_727' title='bbox 3476 5551 3666 5623; x_wconf 90' lang='lat' dir='ltr'>potior</span> <span class='ocrx_word' id='word_1_728' title='bbox 3696 5550 3802 5603; x_wconf 87' lang='lat' dir='ltr'>ha-</span> 
     </span>
    </p>
   </div>
   <div class='ocr_carea' id='block_1_119' title="bbox 2147 5639 3801 5716">
    <p class='ocr_par' dir='ltr' id='par_1_119' title="bbox 2147 5639 3801 5716">
     <span class='ocr_line' id='line_1_119' title="bbox 2147 5639 3801 5716; baseline -0.004 -17"><span class='ocrx_word' id='word_1_729' title='bbox 2147 5644 2379 5709; x_wconf 87' lang='lat' dir='ltr'>beatur,</span> <span class='ocrx_word' id='word_1_730' title='bbox 2412 5640 2706 5695; x_wconf 88' lang='lat' dir='ltr'>undenam</span> <span class='ocrx_word' id='word_1_731' title='bbox 2756 5639 3102 5710; x_wconf 88' lang='lat' dir='ltr'>petierimus</span> <span class='ocrx_word' id='word_1_732' title='bbox 3150 5649 3463 5716; x_wconf 89' lang='lat' dir='ltr'>perpetuos</span> <span class='ocrx_word' id='word_1_733' title='bbox 3504 5654 3801 5697; x_wconf 87' lang='lat' dir='ltr'>commen-</span> 
     </span>
    </p>
   </div>
  </div>
