4148 6188
267 313 329 371 73
1743 318 2182 384 ΡΗιΕΕΑἸῚΟ.
3588 340 3672 399 74

260 445 451 513 tarios,
481 446 660 517 paulo
686 448 880 505 fusius
910 448 1144 505 dicendi
1173 450 1409 507 animus
1439 455 1529 507 est
1556 469 1621 508 ac
1651 452 1905 510 necessi-
1934 456 1990 523 Α
2020 454 2078 509 in
2113 453 2300 511 lucem
2334 456 2546 513 iterum
2578 459 2964 532 proferemus,
2997 479 3111 535 quo
3144 465 3420 535 rarius,et
3448 476 3675 542 questu

259 538 339 589 tas
370 535 678 592 incumbit.

816 682 1213 738 ARTICULUS
1254 683 1348 739 IV.

649 789 719 843 De
747 806 884 844 nova
916 790 1156 846 editione
1187 792 1516 846 Parisiensz.

318 930 607 986 Coalescit
649 933 764 987 hac
797 933 976 988 editio
1013 938 1214 1005 postea
1270 951 1339 989 ex
1393 935 1587 989 tribus
1647 935 1911 1006 partibus

260 1020 501 1075 seorsim
562 1020 907 1077 ordinandis
967 1039 1033 1077 ac
1086 1024 1509 1090 describendis,
1544 1040 1753 1094 nempe
1788 1030 1911 1078 tum

252 1125 311 1163 ex
368 1108 806 1180 prolegomenis
864 1111 1262 1180 quibusdam,
1328 1122 1452 1167 tum
1510 1130 1578 1167 ex
1638 1112 1912 1180 plurimis

250 1198 678 1267 appendicibus
737 1199 835 1253 69
868 1199 1020 1254 inter
1051 1216 1200 1269 quas
1234 1200 1369 1255 hinc
1402 1205 1458 1255 et
1490 1200 1623 1254 inde
1652 1201 1913 1256 decurrit

250 1288 468 1358 integer
492 1286 838 1342 Tertulliani
873 1293 1088 1353 textus,
1139 1290 1414 1345 varietate
1469 1288 1788 1345 lectionum
1848 1305 1913 1344 ac

249 1376 426 1431 multo
457 1377 878 1432 commentario
914 1376 1271 1432 illustratus.

314 1466 374 1519 ln
408 1467 603 1536 primo
635 1464 840 1520 limine
870 1481 1213 1521 conservare
1246 1482 1311 1521 ac
1343 1465 1497 1538 typis
1528 1464 1915 1523 inamandare

250 1553 508 1625 religioni
542 1555 822 1610 duximus
851 1572 1229 1610 TERTULLIANI
1260 1572 1437 1610 νιτΑΜ
1471 1572 1581 1609 PER
1598 1573 1816 1611 VIGINTI
1847 1574 1915 1611 ET

253 1660 518 1706 QUATUOR
548 1661 735 1699 annos
766 1663 797 1698 a
828 1644 1084 1699 Pamelio
1135 1645 1573 1709 concinnatam,
1640 1645 1913 1701 brevibus

249 1738 479 1787 tantum
514 1732 610 1787 hic
642 1732 762 1788 illic
794 1733 1081 1803 respersis
1107 1732 1684 1796 annotationibus,ac
1708 1733 1912 1789 sedulo

2022 544 2322 601 difﬁcilius
2372 550 2461 602 est
2516 547 2950 619 amplissimum
3011 552 3154 607 illud
3217 554 3299 611 rei
3356 558 3674 628 patristicm

2021 632 2199 688 trium
2234 634 2493 706 priorum
2528 638 2870 693 saeculorum
2908 642 3251 699 armarium.

2094 740 2223 796 llaac
2254 746 2392 797 sunt
2421 760 2548 815 quae
2583 746 2818 801 utiliora
2850 748 3123 804 duximus
3174 752 3388 822 praevia
3440 754 3682 810 Tertul-

2019 828 2161 884 liani
2219 831 2404 885 nostri
2461 831 2668 888 limina
2700 852 2766 889 ac
2800 852 2943 906 pene
2973 838 3162 894 dicam
3195 840 3511 914 Propylzea.
3538 844 3683 907 Quae

2021 936 2155 973 cum
2190 922 2624 991 pertransieris,
2660 924 2863 980 tutiori
2896 928 3040 996 pede
3072 930 3476 999 penetralibus
3533 933 3683 1005 ipsis

2021 1010 2322 1064 succedes.
2386 1010 2509 1073 Quo
2563 1013 2685 1083 jam
2720 1019 2771 1068 te
2805 1031 3031 1070 mecum
3067 1018 3401 1088 pervenisse
3431 1021 3681 1078 videaris

2022 1096 2216 1163 velim,
2254 1104 2336 1165 ut,
2371 1099 2601 1155 aediﬁcii
2636 1103 2911 1175 preacipui
2944 1105 3231 1178 tantisper
3261 1107 3495 1178 oblitus,
3539 1127 3684 1167 con-

2022 1186 2186 1240 tinuo
2211 1188 2639 1244 remotissimae
2662 1192 2985 1249 invisamus
3016 1196 3458 1266 appendiculas.
3494 1200 3682 1265 Quin-

2023 1290 2132 1345 que
2164 1292 2299 1347 ergo
2334 1278 2583 1348 reperies
2614 1278 2672 1334 in
2703 1280 2857 1335 calce
2883 1283 3193 1353 repositas,
3245 1287 3539 1342 coronidis
3586 1288 3683 1344 ln-

2024 1370 2168 1431 star,
2202 1365 2413 1420 diversi
2438 1370 2766 1436 argumenti
2800 1372 3173 1441 appendices.
3209 1374 3463 1438 Quarum
3493 1379 3683 1457 prima

2023 1453 2201 1508 habet
2226 1470 2481 1511 CARMINA
2512 1458 2632 1512 sive
2662 1460 2938 1531 genuina,
2983 1462 3103 1517 sive
3150 1453 3525 1536 suppositia;
3557 1484 3684 1540 qua

2023 1542 2366 1598 Tertulliani
2401 1548 2637 1601 nomine
2667 1550 3398 1626 circumferuntur,exiguo
3424 1557 3687 1628 quidem,

2026 1638 2224 1702 utpote
2268 1635 2460 1705 exigui
2522 1639 2822 1707 momenti,
2885 1645 3304 1700 commentario
3362 1645 3677 1704 illustrata.

2025 1724 2281 1779 Secunda
2337 1731 2531 1781 autem
2566 1729 2958 1801 fragmentum
2992 1735 3286 1802 quoddam
3319 1736 3556 1793 exhibet
3580 1738 3685 1794 diu

249 1837 487 1875 recensu
519 1821 927 1876 consularium
962 1821 1221 1876 {asinum
1255 1822 1426 1887 εει-ξε,
1472 1822 1529 1876 in
1585 1824 1913 1893 pmoeden-
1949 1830 1994 1894 Β
2030 1830 2129 1883 per
2157 1813 2345 1870 multa
2375 1815 2589 1873 saecula
2622 1817 2681 1872 in
2714 1819 3013 1877 codicibus
3045 1825 3329 1881 vaticanis
3357 1827 3682 1900 ,obrutum,

247 1910 401 1965 tibus
433 1911 797 1965 editionibus
828 1910 975 1964 mire
1009 1912 1363 1975 disturbata,
1398 1914 1707 1981 truncatis,
1744 1913 1909 1967 inau-

247 1998 453 2054 ditisve
486 1997 831 2053 nominibus
859 1998 1237 2062 horrida,nec
1268 2001 1444 2053 etiam
1480 2016 1634 2053 nunc
1662 2006 1909 2071 purgata

241 2087 365 2142 labe
397 2086 660 2157 quadam
696 2092 998 2158 perpetua,
1044 2088 1224 2143 unius
1283 2104 1491 2159 nempe
1549 2089 1687 2143 anni
1746 2097 1906 2143 ante-

236 2177 541 2244 rioritate,
597 2192 727 2247 quae
781 2193 811 2231 e
870 2181 1104 2231 vetusta
1160 2176 1564 2231 consularium
1625 2178 1906 2234 Fastuum

243 2266 588 2321 chronotaxi
646 2265 706 2319 in
750 2264 1151 2321 Pameliauam
1186 2265 1584 2321 recensionem
1620 2266 1906 2322 inoffenso

241 2355 381 2426 pede
414 2353 795 2419 transmissa,
832 2353 969 2408 hinc
999 2353 1225 2425 absque
1284 2369 1496 2424 magno
1555 2370 1751 2409 rerum
1811 2360 1927 2410 tu-

245 2441 431 2497 multu
467 2439 601 2512 ejici
636 2439 1019 2511 nequivisset.

314 2532 376 2584 ln
410 2529 509 2584 his
541 2529 726 2601 igitur
754 2528 1110 2584 Pamelianis
1143 2527 1454 2585 annalibus
1477 2534 1717 2585 manent
1737 2530 1905 2601 plura

243 2617 609 2690 imperfecta,
644 2616 861 2685 hiulca,
895 2617 1290 2687 conjectanea,
1350 2634 1625 2686 erronea;
1685 2620 1903 2691 quibus

247 2706 641 2762 resarcieudis
680 2706 1080 2761 necessarium
1132 2706 1467 2762 subsidium
1501 2713 1740 2779 praestat
1767 2725 1901 2764 eru-

240 2794 543 2849 ditissima
582 2794 637 2849 J.
698 2799 846 2865 Aug.
908 2791 1172 2848 Noesselt
1225 2810 1587 2851 DISSERTATIO
1636 2814 1706 2851 nn
1758 2815 1901 2854 VERA

238 2900 424 2937 ΕΓΑΤΒ
485 2899 556 2937 AC
603 2898 884 2937 DOCI‘RINA
915 2898 1285 2937 SCRIPTORUM
1315 2900 1447 2946 QUE
1477 2900 1813 2941 SUPERSUNT
1842 2904 1896 2950 Ο.

234 2988 490 3026 summu
518 2986 923 3037 TERTULLIANI,
958 2987 1027 3024 ex
1055 2971 1291 3025 historia
1323 2971 1559 3041 theolog.
1590 2975 1782 3029 critica
1830 2976 1899 3031 de

232 3064 362 3127 vita,
420 3061 647 3129 scriptis
705 3075 770 3113 ac
823 3057 1078 3113 doctrina
1134 3058 1229 3114 SS.
1278 3061 1512 3115 Patrum
1539 3066 1605 3115 D.
1642 3063 1898 3134 Lumper

228 3153 538 3219 excerpta;
572 3164 823 3218 quorum
851 3164 1001 3219 opus
1032 3164 1343 3204 commune
1378 3158 1440 3204 ut
1468 3150 1717 3206 libenter
1764 3152 1889 3206 edi-

230 3254 387 3303 mus,
452 3236 773 3292 lectoribus
831 3240 1170 3308 pergratum
1233 3237 1352 3293 fore
1410 3240 1541 3304 rati,
1601 3241 1680 3295 ita
1710 3257 1888 3312 penes

228 3333 554 3398 utrumque
586 3331 740 3381 stare
771 3324 1087 3380 nonnullas
1119 3341 1321 3381 eorum
1384 3328 1709 3384 subdubias
1768 3331 1893 3401 opi-

230 3417 442 3471 niones
476 3420 901 3471 contestamur.

299 3507 436 3569 Quae
480 3504 729 3559 subinde
782 3508 1104 3559 occurrunt
1157 3520 1534 3559 TERTULLIANI
1595 3523 1894 3562 pananoxa

226 3611 356 3648 cum
399 3594 648 3648 antidoto
678 3594 938 3657 Pamelii,
971 3610 1511 3656 PROVERBIALESQUE
1542 3612 1831 3651 renatum
1860 3614 1895 3651 α

227 3686 403 3739 Beato
433 3684 694 3739 Rhenano
723 3686 773 3736 et
802 3682 1021 3737 Andrea
1050 3684 1197 3752 Hoyo
1230 3683 1499 3752 Brugensi
1549 3700 1612 3740 ex
1624 3684 1889 3756 planatae,

223 3789 325 3828 eas
358 3778 425 3826 ut
459 3773 517 3825 in
548 3770 787 3837 caeteris,
823 3770 905 3824 sic
936 3777 991 3826 et
1021 3770 1081 3825 in
1114 3778 1316 3826 nostra
1372 3771 1628 3828 editione
1687 3774 1892 3844 babes,

223 3878 331 3916 nec
395 3859 627 3915 inﬁcias
680 3859 897 3914 ibimus
930 3876 1042 3915 non
1072 3860 1271 3930 potius
1305 3862 1730 3933 praecriptioni
1763 3866 1891 3920 cui-

220 3952 362 4005 dam
394 3966 461 4005 ac
494 3949 753 4020 priorum
788 3948 1112 4004 editionum
1146 3949 1431 4022 exemplo,
1462 3968 1640 4022 quam
1667 3954 1890 4024 patenti

219 4039 540 4095 commodo
576 4037 767 4092 locum
803 4037 1032 4094 fecisse.

289 4128 445 4183 Data
475 4126 685 4180 deinde
715 4126 1115 4197 Apologetica,
1150 4128 1360 4182 iterum
1393 4134 1447 4181 et
1481 4145 1606 4199 quae
1648 4130 1712 4185 de
1761 4147 1888 4201 pro-

211 4220 351 4289 pria
383 4216 507 4286 ejus
536 4219 698 4269 aetate
726 4231 790 4269 ac
820 4213 1137 4285 specialius
1168 4215 1233 4269 de
1284 4216 1592 4273 Severiana:
1646 4236 1893 4290 persecu-

213 4307 391 4361 tionis
452 4306 617 4359 initio
670 4303 1009 4374 disquisivit
1052 4304 1103 4359 J.
1145 4311 1309 4360 Laur.
1343 4306 1646 4379 Mosheim,
1676 4310 1748 4363 ab
1778 4310 1890 4364 edi-

217 4398 389 4451 tione
415 4393 637 4448 Veneta
668 4393 928 4448 secunda
958 4393 1344 4449 detraximus.

282 4488 363 4539 At
396 4482 547 4537 nihil
581 4481 835 4553 plenius,
868 4481 1154 4553 integrius
1205 4488 1263 4538 et
1322 4483 1577 4554 amplius
1640 4503 1890 4557 usquam

2024 1902 2263 1957 tandem
2297 1921 2516 1959 annum
2552 1906 2705 1962 circa
2738 1909 2875 1963 1630
2907 1927 2940 1964 a
2967 1911 3098 1966 Job.
3153 1912 3339 1970 Maria
3385 1915 3677 1973 Suaresio.

2018 1990 2289 2047 biblioth.
2324 1994 2498 2050 vatic.
2529 1998 2792 2066 custode,
2827 2000 3072 2070 editum,
3107 2001 3439 2075 iterumque
3469 2022 3504 2061 a
3533 2008 3683 2063 duo-

2016 2080 2128 2135 bus
2160 2080 2389 2137 saeculis
2422 2084 2634 2139 oblivio
2665 2086 2940 2142 obrutum
2965 2094 3065 2144 aut
3105 2090 3467 2162 despectum.
3503 2095 3679 2151 Tertia

2018 2174 2213 2224 autem
2249 2171 2534 2227 nonnulla
2564 2175 2951 2246 deprehendit
2981 2194 3107 2249 quae
3138 2180 3330 2236 Graeco
3356 2199 3456 2238 ore
3485 2186 3675 2255 Septi-

2017 2257 2173 2312 mius
2205 2259 2369 2327 dixit,
2404 2261 2725 2332 transtulit,
2754 2269 2857 2319 aut
2886 2266 3446 2336 exaravit,atticismi
3479 2272 3676 2330 forsan

2014 2347 2258 2417 peritior
2287 2365 2463 2419 quem
2498 2349 2688 2406 latinae
2722 2354 3095 2412 urbanitatis.
3149 2358 3363 2426 Quarta
3410 2362 3672 2435 demum,

2017 2451 2143 2506 quis
2177 2438 2414 2508 penitus
2444 2439 2665 2496 amissa
2694 2442 3107 2501 desiderantur
3157 2464 3334 2519 opera
3388 2457 3671 2521 recenset,

2015 2529 2118 2580 aut
2164 2542 2367 2582 eorum
2422 2528 2614 2600 epicas
2671 2531 2950 2603 decerpit,
3010 2540 3112 2590 aut
3170 2538 3373 2609 spuria
3424 2547 3669 2598 resecat.

2012 2614 2270 2670 Tandem
2305 2618 2509 2685 Quinta
2541 2622 2878 2691 suppeditat
2906 2624 3151 2681 eximias
3206 2629 3265 2681 υ.
3327 2628 3672 2688 Coasmmm

2013 2704 2240 2759 Tnoaun
2268 2723 2689 2763 ADNOTATIONES
2719 2709 2777 2764 in
2805 2711 3035 2768 duobus
3059 2714 3327 2787 Septimii
3351 2719 3423 2774 de
3444 2720 3670 2792 Baptis-

2012 2807 2106 2846 mo
2137 2798 2192 2847 et
2224 2794 2566 2850 Poenitentia
2598 2796 2787 2867 libris,
2820 2800 3047 2870 opimas
3082 2820 3222 2859 sane
3253 2822 3319 2861 ac
3367 2808 3668 2866 uberrima

2010 2880 2343 2937 substantia
2373 2885 2866 2956 confertas,paulo
2899 2890 3125 2946 tardius
3157 2894 3329 2950 nobis
3359 2899 3666 2955 transmis-

2007 2986 2104 3024 sas
2162 2987 2340 3041 quam
2399 2977 2463 3025 ut
2501 2990 2606 3027 suo
2641 2974 2764 3029 loco
2797 2979 3135 3045 succedant,
3166 2987 3429 3054 tempore
3460 2991 3659 3042 tamen

2006 3063 2098 3113 sat
2127 3064 2455 3129 opportuno
2487 3065 2551 3115 ut
2598 3063 2898 3133 egregium
2958 3067 3117 3137 Operi
3173 3086 3322 3139 pene
3380 3073 3652 3129 absoluto

1922 3194 1964 3261 C
2008 3147 2184 3201 finem
2244 3148 2549 3218 imponant
2602 3168 2668 3205 ac
2730 3153 2828 3207 70
2880 3154 3095 3210 effusas
3148 3159 3315 3213 nobis
3346 3159 3653 3219 incumbat

2005 3252 2170 3261 ..ι-Α-,ς
2206 3243 2395 3261 ..ι-ΑιΑ,
2424 3239 2869 3261 L-___--I-_L2__3
2892 3259 2923 3261 -_
2954 3260 2961 3261 κ
3008 3244 3043 3261 l1
3107 3245 3128 3261 τ
3181 3247 3221 3261 n
3278 3252 3325 3261 .-
3371 3248 3382 3261 ι
3496 3254 3512 3261 -

2003 3252 2172 3307 agere
2203 3243 2397 3308 grates
2422 3239 2972 3298 benevolentissimo
3008 3244 3066 3300 V.
3098 3245 3148 3301 J.
3180 3247 3242 3301 Β·
3275 3248 3652 3323 Malou,|pro-

2002 3325 2209 3380 fessori
2237 3326 2435 3381 Theol.
2470 3328 2824 3401 Dogmaticae
2867 3331 2926 3385 in
2987 3333 3243 3392 univers.
3304 3338 3655 3398 Lovaniens.

2002 3418 2059 3467 et
2087 3413 2353 3484 ejusdem
2382 3418 2558 3472 Acad.
2595 3417 2892 3485 Biblioth.,
2927 3423 3097 3492 cujus
3128 3441 3235 3496 ope
3266 3443 3332 3481 ac
3383 3430 3657 3486 comitate

2004 3501 2123 3556 haec
2180 3504 2328 3574 grati
2381 3506 2716 3577 accepimus
2776 3511 3156 3582 munuscula,
3216 3515 3432 3585 quibus
3482 3523 3540 3574 et
3569 3525 3657 3589 tu,

2002 3591 2250 3646 candide
2278 3591 2473 3660 lector,
2507 3599 2673 3665 grato
2701 3595 2980 3654 similiter
3010 3604 3209 3657 animo
3255 3607 3435 3674 utere,
3496 3624 3658 3664 ama-

2002 3684 2081 3747 to,
2109 3685 2169 3734 et
2201 3680 2415 3736 fruere.

2071 3771 2237 3823 Nunc
2269 3770 2506 3825 tandem
2541 3772 2924 3831 redeuntibus
2953 3777 3024 3831 ad
3049 3795 3292 3850 operum
3314 3782 3657 3842 Tertulliani

2001 3873 2234 3928 corpus,
2270 3858 2381 3912 tria
2409 3859 2616 3915 iterum
2650 3866 3007 3921 secernenda
3031 3876 3351 3927 occurrunt
3399 3890 3413 3928 :
3466 3878 3657 3931 textus

2000 3962 2232 4017 nempe,
2267 3948 2439 4002 variae
2469 3947 2773 4021 lectiones,
2807 3957 2864 4007 et
2894 3958 3324 4027 commentarii,
3350 3964 3528 4018 Porro
3559 3964 3653 4019 in-

1998 4035 2399 4107 tegerrimam,
2433 4037 2949 4113 castissimamque
2997 4046 3192 4100 textus
3250 4051 3652 4109 recensionem

2000 4123 2308 4195 propalare
2365 4126 2531 4180 enixe
2588 4127 2916 4199 cupientes,
2970 4136 3367 4202 praeeuntibus
3398 4138 3513 4195 VV.
3549 4145 3649 4196 CC.

2001 4216 2308 4283 Lumpero.
2356 4212 2818 4271 Schoenemann.
2880 4220 3166 4292 Walchio,
3225 4226 3326 4296 qui
3383 4229 3649 4284 omnium

2001 4302 2285 4369 optimam
2353 4302 2625 4358 dixerunt
2689 4305 2864 4362 Editio
2899 4350 2911 4362 .
2983 4311 3653 4382 Pamelio-Rigaltz'anam

2000 4390 2234 4459 Priorii,
2269 4409 2407 4446 ann.
2442 4394 2599 4463 1664,
2633 4393 2790 4449 hunc
2823 4396 3131 4455 babuimes
3162 4402 3435 4460 editionis
3493 4423 3650 4463 novaa

2000 4478 2220 4533 fontem
2282 4496 2427 4549 pene
2458 4498 2688 4537 omnem
2724 4490 2781 4539 et
2814 4485 3089 4555 unicum;
3118 4506 3224 4544 nec
3255 4496 3450 4549 tamen
3483 4512 3652 4551 accu-

212 4576 285 4628 de
318 4571 689 4628 Tertulliano
722 4571 1083 4625 elaboratum
1116 4576 1228 4638 est,
1261 4588 1436 4643 quam
1469 4574 1621 4643 quod
1669 4575 1885 4644 publici
1918 4564 1965 4628 D
1998 4570 2183 4621 ratam
2218 4573 2557 4625 caaterarum
2591 4571 2915 4629 editionum
2949 4576 3321 4636 collationem
3355 4583 3658 4657 negligen-

202 4664 371 4732 juris
397 4660 532 4715 fecit
556 4660 615 4713 in
640 4675 746 4713 suo
771 4664 947 4714 tanta:
972 4658 1146 4715 molis
1171 4676 1234 4715 ac
1284 4662 1562 4716 doctrinae
1610 4663 1889 4734 Apparatu

217 4769 275 4806 ι).
310 4766 510 4806 NICOL.
548 4766 621 4803 La
656 4765 889 4802 NOURBY
921 4751 1217 4804 monachus
1250 4752 1448 4806 Bened.
1482 4768 1511 4806 θ
1537 4766 1792 4823 congreg.
1826 4759 1885 4809 S.

215 4840 399 4893 Henr.
431 4863 446 4902 ;
481 4840 585 4909 qui
617 4842 734 4891 tres
768 4836 1005 4907 quidem
1055 4837 1235 4892 libros
1289 4844 1517 4893 tantum
1576 4841 1889 4913 indagatu—

212 4945 345 4996 rus,
382 4927 522 4981 inde
552 4926 766 4980 laxatis
799 4924 1027 4993 velis,in
1062 4925 1413 4981 altissimam
1449 4928 1630 4983 totius
1661 4931 1889 4987 Tertul-

210 5016 365 5070 liani
398 5014 735 5069 doctrinam
769 5013 1085 5081 invehitur,
1122 5014 1251 5069 loca
1302 5016 1584 5089 scopulis,
1645 5020 1891 5074 offendi-

211 5104 455 5159 culisve
508 5102 667 5157 invia
696 5104 1054 5157 conﬁdenter
1080 5104 1328 5174 inquirit
1361 5122 1425 5159 ac
1457 5109 1583 5160 tuto
1616 5099 1889 5177 illustrat,

211 5209 406 5248 suum
435 5195 603 5246 tanto
634 5191 853 5245 doctori
888 5190 1303 5246 fidelissimum
1338 5195 1597 5249 restituit
1626 5212 1890 5268 sensum,

210 5297 399 5337 suam
433 5281 497 5334 in
532 5279 733 5333 multis
764 5279 1115 5335 criminibus
1148 5279 1291 5336 falso
1323 5281 1630 5352 imputatis
1653 5301 1891 5341 causam

207 5369 510 5437 vindicat,
543 5383 679 5423 vera
708 5368 1001 5439 indigitat,
1032 5385 1257 5424 errores
1280 5371 1560 5441 increpat,
1623 5376 1896 5446 conspuit

213 5462 456 5534 spuria,
491 5456 851 5513 verosimilia
882 5457 1141 5527 conjicit,
1174 5475 1280 5514 nec
1313 5459 1416 5513 ulli
1476 5462 1772 5518 audaciori
1834 5466 1896 5517 fi-

218 5555 498 5623 gmento,
558 5545 648 5602 vel
706 5545 930 5601 favente
989 5547 1193 5619 optimi
1253 5547 1495 5605 editoris
1528 5551 1893 5622 auctoritate,

221 5644 456 5696 tetricus
486 5652 680 5693 censor
709 5641 762 5691 et
791 5652 950 5704 asper
982 5635 1264 5710 indulget.
1303 5639 1474 5695 Porro
1523 5656 1589 5696 eo
1646 5640 1898 5700 alacrius

566 5764 832 5823 PATBOL.
884 5762 929 5821 Ι.

1999 4659 2104 4721 tes,
2139 4662 2361 4728 septem
2399 4659 2751 4730 praecipuas,
2783 4679 2991 4733 nempe
3045 4666 3333 4739 Rbenani,
3395 4674 3654 4744 Pamelii,

1998 4744 2251 4816 Rigaltii,
2310 4748 2723 4817 Parisiensem,
2757 4752 3065 4819 Venetam,
3100 4756 3409 4816 Halensem
3442 4767 3501 4818 et
3529 4766 3658 4820 Sta-

1999 4834 2296 4889 helianam
2324 4837 2624 4892 continuis
2650 4840 2948 4908 manibus,
2983 4850 3183 4901 nostra
3213 4849 3353 4904 dum
3413 4853 3658 4921 orietur,
3722 4884 3728 4890 -

1999 4921 2569 4986 habuimus.Quibus
2601 4927 2866 4997 accessit,
2899 4947 3003 5001 pro
3036 4936 3315 4992 omnibus
3345 4939 3403 4994 in
3438 4958 3504 4997 ea
3535 4943 3659 4998 edi-

1998 5012 2076 5066 tis
2136 5011 2342 5077 libris,
2403 5014 2716 5083 splendida
2775 5034 2841 5072 ac
2902 5024 3309 5083 recentissima
3375 5032 3658 5104 recensio,

2001 5100 2196 5156 studio
2230 5101 2290 5155 E.
2327 5102 2382 5157 Ρ.
2420 5103 2690 5174 Leopoldi
2724 5105 2922 5178 Lipsiae
2953 5111 3110 5180 data,
3166 5122 3231 5171 ut
3291 5100 3653 5178 bibliothecae

2002 5193 2265 5258 Patrum,
2302 5196 2542 5246 curante
2574 5196 2634 5249 E.
2670 5194 2737 5250 G.
2771 5196 3063 5266 Gersdorf,
3096 5202 3471 5263 insereretur.

2006 5473 2317 5527 continuos
2341 5474 2496 5529 enim
2524 5478 2952 5538 subnexuimus
2974 5487 3324 5548 variantium
3348 5493 3664 5551 lectionum

2006 5558 2316 5629 indiculos,
2351 5578 2416 5616 ex
2449 5566 2686 5634 Optimis
2718 5568 3040 5644 codicibus,
3074 5577 3317 5638 editisve
3346 5584 3664 5639 volumini-

2006 5647 2117 5703 bus
2150 5664 2326 5720 quam
2360 5650 2813 5725 diligentissime
2848 5660 3140 5722 collectos.
3169 5667 3316 5725 Hinc
3373 5671 3423 5726 ei
3484 5686 3663 5726 manu

3298 5796 3334 5851 3
