4148 6188
433 366 511 425 75
1918 357 2358 417 PREFATIO.
3767 358 3846 414 76

430 494 841 553 tantummodo
881 492 1048 548 obvia
1104 490 1381 563 quaelibet
1436 490 1573 547 folia
1630 488 1882 557 evolvas,
1940 489 2078 545 hinc
2109 492 2160 559 Α
2193 490 2368 546 editio
2401 488 2589 545 divisa
2604 492 2706 545 aut
2728 489 2922 562 potius
2953 488 3200 560 disjecta
3231 487 3546 545 fuerit.A1ii
3578 492 3846 563 tempora

430 586 570 640 inde
624 581 795 639 velim
854 582 1132 637 excitatos
1164 580 1358 635 videas
1392 579 1622 634 codices
1656 577 2082 650 Agobardinos,

433 672 1019 745 Lugduno-Batavos,
1051 668 1397 737 Fuldenses,
1426 669 1758 724 Vaticanos.
1803 667 2083 723 Pamelia-

433 781 575 831 nos,
644 761 1097 827 Ambrosianos,
1167 759 1655 823 Wouwerianos,
1726 757 2085 822 Latinianos,

432 852 790 914 Gelesianos,
816 867 881 903 ac
904 849 1225 903 identidem
1246 848 1465 919 passim
1492 846 1775 901 editiones
1800 846 2084 915 Rhenani,

431 941 695 1006 Pamelii,
736 938 993 1010 Rigaltii,
1030 938 1419 1003 Franeckerm,
1456 936 1838 1003 Parisiorum,
1896 936 2086 991 Vene-

428 1036 575 1100 tam,
634 1028 983 1094 Halensem,
1044 1026 1634 1097 Wirceburgensem,
1700 1024 2084 1097 Lipsiensem,

431 1116 728 1190 Leopoldi,
760 1120 865 1170 etc.
898 1116 1081 1170 Erunt
1109 1115 1350 1170 fortasse
1378 1115 1499 1186 qui,
1544 1114 1719 1186 longa
1780 1119 1977 1169 nostra
2027 1114 2084 1168 in

431 1208 524 1263 his
581 1205 953 1278 perlegendis
999 1204 1237 1259 fastidia
1264 1204 1581 1275 dedignati,
1615 1204 1989 1258 mirabuntur
2020 1220 2086 1257 ac

430 1297 577 1351 forte
607 1295 890 1350 dolebunt
923 1296 1147 1349 nosmet
1176 1294 1234 1347 in
1278 1292 1624 1347 delicatulas
1684 1309 1749 1347 ac
1809 1290 2085 1346 molestas

430 1387 605 1441 tricas
669 1385 880 1439 misere
928 1382 1245 1454 impegisse
1277 1399 1342 1436 ac
1376 1382 1618 1437 lectores
1651 1397 1948 1453 perperam
1985 1381 2085 1435 ad-

432 1475 688 1530 duxisse.
723 1474 908 1526 Erunt
938 1475 1131 1526 autem
1163 1476 1219 1526 et
1250 1470 1345 1526 alii
1408 1469 1607 1542 plures
1665 1475 1721 1525 et
1776 1468 2081 1540 aequiores,

431 1564 531 1638 qui
562 1578 692 1619 cum
722 1560 1051 1617 audiendus
1084 1562 1159 1615 sit
1215 1565 1345 1631 post
1396 1564 1477 1613 tot
1532 1558 1743 1613 szscula
1796 1558 2087 1615 redivivus

428 1650 849 1720 Tertullianus,
912 1665 1128 1704 vesana
1186 1648 1560 1703 librariorum
1596 1664 1660 1702 ac
1691 1651 2082 1702 correctorum

427 1741 751 1800 recentium
788 1739 1024 1794 licentia
1056 1738 1219 1793 miris
1252 1738 1439 1793 modis
1489 1737 1877 1806 distorbatus,
1938 1736 2086 1791 nihil

428 1849 557 1889 esse
615 1831 789 1885 inane
849 1844 915 1883 ac
972 1827 1263 1882 insulsum
1321 1844 1389 1881 ex
1438 1827 1511 1881 iis
1540 1826 1626 1881 vel
1661 1826 1924 1882 minimis
1956 1844 2084 1898 qua:

426 1923 574 1979 tanti
634 1919 739 1973 viri
792 1934 991 1974 vocem
1052 1932 1258 1987 puram
1313 1919 1515 1987 putam
1573 1916 1781 1971 elicere
1838 1920 2087 1997 queant,

431 2010 738 2068 nobiscum
801 2006 1008 2061 merito
1062 2004 1525 2059 arbitrabuntur.
1564 2004 1731 2076 Atqui
1765 2020 1883 2059 rem
1914 2003 2089 2076 paulo

430 2098 714 2158 attentius
745 2094 1144 2150 consideranti
1182 2109 1334 2165 saepe
1377 2093 1590 2165 saepius
1649 2092 1786 2147 illud
1844 2092 2085 2162 accidet,

434 2190 495 2245 ni
559 2186 746 2256 fallor,
808 2184 962 2256 quod
1008 2182 1059 2237 ei
1092 2198 1160 2236 ex
1190 2181 1393 2237 vocula
1421 2182 1698 2253 quadam,
1732 2182 1789 2235 in
1823 2181 2087 2237 lectioni-

438 2280 550 2335 bus
580 2273 939 2331 variantibus
969 2271 1171 2326 timide
1204 2271 1436 2340 rejecta,
1470 2268 1567 2323 lux
1598 2270 1849 2341 amplior
1892 2271 2087 2325 forsan

440 2382 619 2442 quam
650 2381 718 2419 ex
748 2360 1161 2419 abundantiori
1191 2364 1330 2415 nota
1361 2359 1716 2414 suboriatur.

507 2473 731 2538 Quibus
763 2467 1149 2525 nihilominus
1181 2465 1558 2522 adminiculis
1582 2482 1817 2521 necesse
1838 2470 1961 2521 erat
1992 2466 2091 2521 ad-

434 2565 653 2619 dantur
683 2557 1029 2615 doctissima
1074 2573 1139 2611 ac
1193 2554 1533 2611 felicissima
1588 2554 1975 2627 interpretum
2037 2561 2093 2610 et

440 2652 967 2709 commentatorum
1039 2646 1110 2700 ad
1175 2644 1607 2701 Tertullianum
1679 2643 2091 2715 explicandum

434 2739 784 2800 tentamina.
818 2737 933 2792 Nec
965 2735 1120 2791 solas
1152 2751 1257 2790 nec
1288 2750 1495 2789 omnes
1532 2734 1871 2789 Parisiensis
1923 2739 2093 2789 notas

435 2829 885 2901 usurpavimus;
919 2824 1156 2880 omissis
1189 2823 1489 2878 nonnullis
1544 2822 1758 2895 quibus
1818 2822 1909 2878 vel
1970 2824 2093 2895 ple-

438 2934 689 2991 rumque
746 2913 1094 2971 brevissima
1142 2912 1393 2968 lectione
1424 2912 1584 2967 varia
1614 2913 1951 2986 suppletum
2005 2932 2103 2997 es,

438 3010 529 3068 vel
561 3007 776 3080 quibus
808 3003 1182 3060 obnitebatur
1213 3007 1368 3058 recta
1404 3003 1545 3057 fides
1584 3002 1890 3071 catholica,
1952 3005 2099 3063 alias

444 3118 513 3155 ex
545 3097 754 3153 iisdem
806 3093 1070 3149 fontibus
1101 3109 1166 3147 ac
1198 3090 1475 3157 Priorius,
1510 3108 1719 3163 nempe
1751 3094 2039 3165 praecipue
2069 3112 2099 3151 e

442 3183 686 3243 Pamelii
718 3180 1015 3237 uberrima
1046 3178 1213 3250 copia
1242 3177 1572 3233 hausimus.
1604 3182 1787 3243 Quam
1822 3181 2091 3253 frequen-

2195 596 2299 651 pro
2330 579 2500 634 libitu
2536 596 2640 634 suo
2694 579 2998 634 metientes
3053 594 3118 632 ac
3171 577 3516 645 statuenles,
3580 578 3842 636 ordinem

2195 668 2669 741 chronologicum
2731 668 2961 739 assequi
3021 667 3395 723 studuerunt.
3453 668 3568 723 Hoc
3632 670 3686 722 in
3725 668 3844 724 ani~

2198 758 2309 813 mis
2343 758 2449 813 sibi
2485 758 2827 830 przecepisse
2860 757 3130 812 videntur
3178 756 3255 811 La
3309 756 3493 813 Cerda
3551 762 3609 813 et
3664 758 3842 814 Ober-

2194 847 2352 903 thur.
2411 847 2543 917 Alii,
2605 852 2669 901 ut
2700 847 3017 901 Rhenanus
3049 851 3105 902 et
3137 845 3444 919 Rigaltius,
3478 851 3843 905 vetustorum

2195 938 2462 992 codicum
2494 936 2718 993 indices
2747 935 3184 1008 qualescunque
3244 936 3301 991 in
3361 953 3563 991 eorum
3622 937 3840 992 instru-

2195 1027 2346 1081 enda
2402 1026 2656 1081 editione
2685 1026 2863 1081 duces
2893 1026 3169 1081 habuere.
3205 1026 3338 1092 Alii,
3372 1042 3477 1081 nec
3508 1032 3841 1099 temporum

2196 1132 2299 1171 nec
2331 1116 2593 1171 codicum
2628 1115 2825 1170 habita
2857 1115 3099 1185 ratione,
3130 1113 3216 1170 vel
3243 1120 3489 1187 utraque
3537 1116 3839 1187 permixta,

2194 1204 2436 1261 Pamelii
2463 1204 2746 1276 exemplo,
2779 1221 2974 1260 rerum
3007 1206 3259 1277 quadam
3294 1204 3647 1277 Theologica
3705 1222 3842 1278 syn-

2196 1296 2346 1351 thesi
2427 1296 2813 1351 deductarum
2900 1295 3163 1351 ordinem
3244 1312 3664 1368 assumpsere.
3740 1296 3846 1351 Alii

2197 1386 2459 1452 demum,
2508 1389 2565 1441 et
2614 1402 2727 1456 prae
2758 1384 2979 1439 caeteris
3013 1386 3277 1439 omnium
3312 1385 3671 1441 novissimus
3700 1389 3753 1441 J.
3785 1390 3841 1441 Β.

2195 1473 2508 1541 Semlerus,
2543 1472 2684 1527 nihil
2718 1473 2829 1527 sibi
2862 1473 3238 1544 proposuisse
3268 1473 3541 1529 videntur
3575 1474 3687 1529 nisi
3719 1492 3845 1529 om-

2196 1562 2294 1615 nia
2323 1561 2585 1633 Septimii
2630 1562 2746 1617 sive
2778 1561 3047 1618 catholici
3080 1562 3200 1617 sive
3230 1563 3596 1617 Montanistaa
3628 1563 3845 1636 scripta

2196 1651 2275 1705 ita
2304 1668 2372 1705 ex
2403 1651 2691 1705 industria
2722 1650 2968 1706 miscere
3026 1666 3091 1705 ac
3141 1651 3520 1716 confundere,
3581 1657 3647 1706 ut
3708 1669 3841 1723 pro-

2196 1739 2422 1794 miscue
2480 1740 2550 1794 ab
2611 1756 2726 1795 uno
2777 1740 2847 1793 ad
2882 1738 3155 1794 ultimum
3189 1757 3305 1795 una
3335 1740 3657 1813 eademque
3691 1746 3844 1795 Mon-

2194 1829 2469 1883 tanistica
2544 1828 2835 1899 farragine
2912 1828 3113 1883 foedari
3188 1835 3582 1884 censeantur.
3668 1830 3845 1884 Nobis

2200 1918 2380 1989 igitur
2435 1916 2544 1972 etsi
2603 1917 2803 1988 religio
2836 1933 3067 1972 summa
3097 1917 3294 1973 futura
3323 1919 3400 1973 sit
3429 1924 3689 1975 veterum
3722 1920 3845 1975 edi-

2200 2007 2427 2062 tionum
2460 2008 2724 2061 ordinem
2757 2006 2815 2060 in
2848 2023 2957 2061 usu
2991 2013 3316 2078 acceptum,
3349 2007 3509 2062 omni
3541 2024 3648 2079 ope
3704 2026 3845 2063 con-

2199 2113 2448 2163 servare,
2511 2112 2665 2150 nunc
2723 2096 2782 2149 in
2841 2095 2950 2150 hoc
2998 2095 3316 2150 multarum
3367 2097 3477 2151 sibi
3512 2098 3847 2169 obstrepen-

2198 2186 2345 2239 tium
2379 2184 2721 2239 Tertulliani
2754 2184 3077 2239 editionum
3114 2184 3391 2249 tumultu,
3445 2202 3683 2242 necesse
3738 2187 3847 2242 fuit

2198 2290 2402 2331 novam
2467 2273 2695 2341 seriem,
2772 2274 2984 2344 partim
3061 2272 3551 2346 chronologicam,
3630 2275 3843 2346 partim

2198 2362 2656 2435 systematicam,
2677 2362 3203 2435 componere.Hinc
3233 2364 3289 2418 in
3326 2364 3473 2419 duas
3504 2364 3847 2421 dividendos

2198 2468 2326 2509 esse
2360 2456 2555 2523 partes
2586 2451 2850 2523 Septimii
2882 2456 3168 2508 tractatus
3202 2453 3435 2508 abunde
3466 2454 3674 2508 suadet
3712 2454 3847 2509 Vita

2200 2541 2329 2612 ejus
2387 2540 2625 2611 duplex,
2686 2539 2871 2595 altera
2929 2540 3041 2595 fide
3098 2541 3342 2611 integra,
3404 2540 3585 2597 altera
3636 2541 3844 2597 haeresi

2202 2629 2614 2685 contaminata.
2661 2628 2805 2683 Hinc
2864 2629 3013 2684 duos
3070 2630 3431 2701 distinguere
3487 2635 3576 2686 est
3632 2634 3842 2697 tomos,

2203 2735 2452 2791 quorum
2507 2718 2665 2789 prior
2721 2718 2976 2773 continet
3023 2718 3243 2791 scripta
3272 2719 3344 2774 ab
3377 2723 3624 2775 Auctore
3654 2719 3848 2775 adhuc

2204 2808 2513 2877 catholico,
2574 2808 2862 2878 posterior
2916 2808 3135 2880 scripta
3187 2813 3319 2881 post
3378 2814 3716 2880 susceptum
3774 2810 3847 2863 ab

2204 2898 2405 2953 eodem
2464 2897 2915 2951 Montanismum
2972 2902 3223 2954 exarata.
3284 2902 3540 2965 Rursus,
3599 2914 3732 2953 cum
3787 2898 3848 2951 in

2209 2992 2453 3059 utraque
2505 2987 2632 3040 vita:
2689 2987 2817 3055 ejus
2874 2986 2998 3041 vice
3054 2988 3207 3042 idem
3268 2988 3439 3042 modo
3463 2986 3849 3059 {adversarios

2209 3093 2348 3133 suos
2406 3077 2798 3147 perstringat,
2861 3075 3031 3130 modo
3091 3093 3229 3131 suos
3286 3077 3355 3131 ad
3420 3077 3601 3131 bonos
3659 3092 3850 3132 mores

2209 3165 2439 3229 excitet,
2500 3181 2635 3236 pars
2693 3169 2938 3236 utraque
2968 3181 3208 3237 operum
3240 3166 3311 3220 ad
3344 3165 3557 3235 duplex
3584 3165 3853 3235 generale

445 3276 564 3329 tius
592 3270 779 3337 licuit,
811 3267 1092 3340 speciales
1122 3267 1515 3340 quorumdam
1571 3267 1854 3324 librorum
1914 3240 2095 3327 anno-
2125 3240 2167 3305 C
2208 3260 2385 3326 caPut
2414 3254 2743 3309 reducenda
2773 3254 2943 3308 νθηίῖ·
2979 3254 3124 3309 Hinc
3156 3255 3212 3309 ίο
3248 3255 3435 3326 Prima
3465 3259 3626 3325 Parte
3670 3253 3852 3308 εθτίθε

443 3361 717 3427 tationes,
750 3356 1040 3430 pleniores
1068 3354 1413 3426 plerumque
1445 3372 1509 3410 ac
1541 3357 1797 3427 penitius
1839 3360 2095 3415 auctoris

448 3465 689 3507 sensum
724 3444 1221 3517 introspicientes,
1251 3460 1368 3515 pra:
1411 3444 1682 3501 omnibus
1738 3446 2096 3520 colligendas

449 3538 744 3595 duximus.
784 3534 926 3589 Hinc
955 3538 1164 3605 praeter
1188 3533 1723 3590 animadversiones
1762 3537 2094 3592 Corbiniani

449 3629 690 3686 Thomas
722 3626 779 3679 in
812 3623 946 3678 libr.
982 3622 1265 3695 Baptismi
1296 3629 1352 3677 et
1384 3623 1738 3679 Pcenitentiaa
1770 3626 1940 3681 modo
1968 3626 2095 3681 lau-

452 3719 643 3783 datas,
678 3727 950 3784 magnam
984 3714 1207 3782 partem
1242 3710 1502 3782 perpetui
1555 3711 1612 3765 in
1662 3712 2095 3784 Apologeticam

446 3802 827 3874 Havercampi
859 3799 1289 3869 commentarii,
1326 3806 1547 3856 remota
1576 3801 1779 3857 sedulo
1810 3802 2100 3875 indigesta

449 3895 705 3968 quadam
738 3889 1117 3947 classicorum
1150 3893 1453 3945 auctornm
1479 3890 1833 3961 professoria
1849 3896 1907 3946 et
1929 3892 2102 3947 haere-

447 3986 562 4039 tica
594 3979 941 4043 ructatione,
988 3975 1345 4048 accepimus.
1404 3976 1549 4032 Hinc
1607 3977 1666 4033 in
1726 3981 1909 4034 arduo
1959 3979 2101 4035 Palii

448 4074 597 4131 libro
649 4067 977 4125 acutissimi
1036 4066 1302 4122 Salmasii
1363 4068 1749 4138 proverbiales
1793 4070 2101 4126 elucubra-

449 4165 638 4220 tiones
670 4156 1152 4214 transcribendus
1184 4157 1538 4213 curavimus.
1572 4158 1717 4213 Hinc
1748 4160 1920 4231 primi
1972 4165 2105 4232 post

448 4250 859 4313 Muratorium,
920 4245 1186 4317 egregias
1244 4248 1371 4317 ejus
1432 4264 1496 4302 ac
1530 4248 1815 4304 Panciroli
1846 4254 2013 4305 notas
2043 4249 2102 4305 in

446 4340 737 4399 Orationis
769 4337 985 4392 librum
1020 4335 1265 4390 dimidia
1297 4340 1459 4407 parte
1488 4338 1801 4393 adauctum
1841 4355 1909 4393 ex
1954 4341 2103 4410 ejus-

445 4433 578 4487 dem
637 4424 957 4483 rarissimis
1013 4426 1328 4480 Anecdotis
1386 4425 1898 4497 deprompsimus.
1958 4428 2105 4484 Hinc

447 4523 685 4577 demum
717 4516 971 4572 excitata
1002 4532 1030 4569 a
1065 4514 1320 4569 Semlero
1352 4514 1411 4569 in
1446 4514 1825 4582 D.Irenaeum,
1848 4517 2105 4589 aliosque

2205 3345 2366 3417 prior
2397 3359 2692 3398 LIBRORUM
2708 3359 3449 3414 Apococs'rlcoaummempe
3464 3358 3850 3407 APOLOGE‘I‘ICI,

2208 3449 2503 3489 LIBROBUM
2532 3449 2605 3486 AD
2638 3449 2929 3501 NATIONES,
2981 3450 3051 3487 DE
3104 3450 3445 3488 TESTIMONIO
3499 3448 3718 3497 AN!M.E,
3778 3448 3849 3485 AD

2204 3539 2523 3587 mammas,
2558 3538 2628 3576 ns
2679 3538 3069 3589 sesc'racuus,
3096 3538 3167 3575 ns
3207 3539 3599 3590 IDOLOLATRIA,
3634 3520 3851 3591 quibus

2207 3610 2547 3684 appendicis
2605 3611 2811 3678 instar,
2870 3610 3132 3665 libellum
3193 3611 3448 3665 auctoris
3481 3608 3849 3664 Montanistae

2205 3718 2277 3757 an
2312 3701 2708 3765 SCAPULAM,Ob
2744 3716 2932 3756 rerum
2967 3700 3847 3769 connexionem,subjunximus,

2208 3791 2425 3862 quippe
2454 3789 2512 3843 in
2548 3788 2618 3844 iis
2657 3790 2932 3844 omnibus
2971 3776 3155 3844 libris
3210 3788 3605 3844 Tertullianus
3663 3804 3849 3841 causa:

2210 3879 2539 3935 christiana;
2601 3882 2911 3950 patronum
2945 3894 3005 3934 se
3036 3879 3361 3949 profitetur,
3395 3895 3459 3932 ac
3490 3881 3689 3948 gentes
3721 3892 3863 3947 gen-

2212 3967 2455 4039 tiliaque
2480 3967 2821 4022 insectatur.
2859 3967 3152 4021 Posterior
3180 3984 3313 4022 vero
3346 3967 3609 4036 ejusdem
3672 3965 3855 4036 partis

2211 4057 2393 4112 series
2427 4056 2607 4112 libros
2636 4055 2868 4110 exhibet
2898 4055 3245 4110 Tertulliani
3276 4055 3549 4110 catholici
3580 4071 3858 4109 DOGMATI-

2212 4163 2332 4211 cos,
2367 4146 2422 4199 in
2456 4145 2670 4215 quibus
2702 4150 2862 4199 totus
2892 4150 2980 4199 est
3010 4146 3067 4199 in
3100 4144 3457 4215 exponendis
3502 4144 3731 4209 ritibus,
3794 4159 3860 4197 ac

2213 4233 2544 4305 disciplinis
2574 4233 3061 4300 Christianorum,
3096 4250 3304 4305 nempe
3336 4250 3406 4287 ns
3436 4249 3717 4287 oamous
3745 4248 3858 4287 us.

2215 4342 2277 4389 1.,
2309 4325 2379 4378 de
2410 4340 2688 4378 BAPTISMO
2721 4340 2827 4378 LIB.
2864 4341 2905 4388 ι,
2940 4340 3123 4377 unum
3158 4340 3227 4377 ns
3274 4339 3653 4388 posm'rsx'ru,
3705 4337 3853 4375 DUOS

2210 4430 2285 4467 AD
2314 4430 2568 4483 UXOREM,
2602 4430 2671 4467 DE
2700 4430 2884 4468 CULTU
2916 4429 3259 4467 FEMINARUM
3292 4429 3461 4475 DUOS,
3511 4412 3665 4465 hunc
3726 4427 3857 4465 VCI‘O

2215 4503 2501 4569 ordinem,
2563 4502 2833 4573 quisquis
2889 4518 3023 4557 cum
3080 4506 3413 4573 temporum
3475 4502 3571 4556 72
3624 4498 3864 4555 calculis

443 4614 650 4669 Patres
680 4608 783 4664 lite
818 4605 1002 4677 impia
1063 4604 1132 4659 de
1186 4621 1385 4659 eorum
1449 4605 1801 4676 scriptorum
1861 4609 2106 4680 origine,
2138 4612 2182 4676 D
2217 4591 2369 4646 infra
2400 4591 2458 4645 in
2494 4591 2725 4646 ἀίεεθΐδ·
2763 4591 2828 4645 D-
2894 4591 3161 4663 LumPe'i
3222 4590 3553 4680 PerPePSi3_
3584 4590 3861 4680 “inferet:

443 4699 704 4775 palmare
759 4699 888 4768 ejus
933 4696 1351 4766 argumentum
1410 4693 1703 4764 susdeque
1761 4698 2101 4752 vertendum

446 4792 567 4847 fore
598 4786 867 4844 arbitrati
902 4800 1132 4851 sumus,
1169 4781 1505 4849 dummodo,
1556 4784 1795 4839 attentis
1856 4785 1992 4841 hinc
2045 4792 2101 4843 et

444 4880 580 4936 inde
600 4874 943 4933 Tertulliani
968 4877 1023 4927 et
1047 4869 1243 4925 Irenaai
1272 4869 1412 4924 locis
1436 4870 1729 4928 similibus
1752 4873 1870 4929 sole
1883 4875 2099 4932 clarius

376 5018 384 5028 .
446 4966 880 5025 ostenderimus
913 4978 1024 5015 non
1061 4959 1250 5013 solum
1286 4975 1461 5029 opera
1496 4961 1689 5015 Irenazi
1740 4980 1945 5035 graeca,
1996 4966 2093 5020 sed

446 5065 502 5113 et
561 5070 761 5111 eorum
821 5055 1070 5104 veterem
1128 5046 1367 5102 latinam
1420 5049 1961 5122 interpretationem
1999 5055 2088 5109 71

445 5143 802 5203 Tertulliano
837 5136 1176 5211 prazluxisse
1209 5152 1274 5190 ac
1308 5137 1551 5207 proinde
1585 5142 1949 5212 temporibus
1970 5142 2095 5199 suis

444 5233 762 5307 praeivisse.

515 5341 643 5396 Haec
677 5339 855 5409 igitur
884 5336 1056 5390 erunt
1096 5332 1327 5387 diversa
1388 5333 1567 5405 hujus
1627 5337 1903 5392 editionis
1956 5338 2092 5393 hinc

442 5431 604 5487 illinc
636 5432 871 5498 accepta
901 5423 1186 5480 membra.
1239 5424 1503 5486 Quanam
1562 5441 1692 5479 vero
1754 5427 1978 5483 ratione
2032 5428 2091 5481 in

441 5536 655 5591 corpus
713 5520 939 5580 coeant,
1003 5530 1068 5566 ac
1130 5512 1281 5565 inter
1325 5527 1386 5564 se
1412 5519 1857 5579 connectentur,
1894 5517 2090 5585 paucis

376 5634 385 5648 ο
442 5612 705 5666 remanet
736 5603 1119 5678 praafanclnm.
1156 5599 1370 5653 Mirum
1404 5606 1491 5654 est
1522 5604 1844 5675 quotuplici
1897 5621 2086 5659 rerum

441 5699 643 5755 ordine
677 5701 731 5751 et
770 5695 1053 5750 librorum
1115 5688 1263 5743 serie
1322 5705 1688 5764 unaquaeque
1745 5693 2090 5749 Tertulliani

2204 4681 2329 4751 jam
2390 4681 2567 4736 etiam
2632 4680 2870 4736 minime
2928 4681 3000 4735 ab
3060 4680 3262 4736 ordine
3320 4678 3723 4748 chronologico
3756 4695 3860 4733 nos

2210 4770 2525 4826 recessisse
2556 4769 2969 4841 deprehendet.

2283 4893 2704 4961 Tertullianus,
2742 4902 3015 4965 suscepto
3049 4894 3465 4960 montanismo,
3502 4895 3613 4949 sibi
3666 4893 3862 4964 aliquo

2210 4984 2384 5039 modo
2446 4983 2743 5050 constitit;
2808 4999 2960 5037 nunc
3019 4984 3175 5037 enim
3234 4984 3293 5038 in
3339 4984 3541 5049 aciem,
3574 4988 3639 5037 ut
3668 4989 3860 5047 antea,

2208 5090 2344 5127 cum
2380 5073 2662 5127 omnibus
2696 5071 3045 5127 adversariis
3104 5072 3500 5143 congreditur,
3562 5087 3718 5125 nunc
3777 5073 3862 5125 l‘o-

2207 5163 2363 5217 rensi
2422 5164 2620 5217 studio
2656 5162 2819 5232 quasi
2854 5161 3125 5215 detentus
3156 5162 3226 5215 de
3260 5163 3471 5216 ritibus
3504 5178 3569 5216 ac
3598 5161 3860 5215 moribus

2205 5255 2543 5307 concionem
2596 5250 2788 5305 habet.
2851 5249 2993 5303 llinc
3051 5249 3319 5303 secundis
3377 5266 3621 5320 operum
3676 5248 3858 5319 partis

2205 5340 2387 5393 series
2424 5357 2436 5394 :
2473 5339 2628 5411 prior
2679 5336 2895 5392 coaluit
2951 5352 3018 5390 ex
3074 5337 3385 5392 innumera
3439 5339 3859 5393 Poasmcoaum

2206 5427 2516 5482 LIBRORUM
2550 5426 2726 5493 mole,
2761 5425 3040 5479 nimirum
3090 5443 3161 5480 DE
3212 5444 3437 5483 CORONA
3491 5445 3724 5494 MILITIS,
3790 5443 3863 5481 ns

2201 5530 2349 5569 5'qu
2379 5532 2437 5569 IN
2469 5516 3201 5580 pansscu'rIONs,adversus
3234 5517 3858 5589 psychicos.wvaasus

2202 5618 2511 5658 GNOSTlCOS
2544 5619 2871 5665 SCORPIACE,
2904 5621 3201 5661 ADVERSUS
3234 5624 3522 5673 PRAXEAM,
3567 5622 3863 5661 ADVERSUS

2201 5710 2540 5765 HERMOGEM,
2575 5710 2863 5750 ADVERSUS
2892 5712 3256 5769 MARCIONEM,
3298 5714 3595 5753 ADVERSUS
3648 5714 3865 5754 VALEN-
