4148 6188
251 361 324 419 ’Π
1580 357 1843 420 TERTU
1854 356 2111 418 LLIANI
2156 358 2367 420 VITA.

250 508 530 558 ἸἿΝΙΔΝΟΘ,
590 508 861 548 ωνιςιιευε
930 510 1141 548 ωαεοε
1150 537 1164 563 ,

254 600 659 647 PElLOSOPBOS,
702 601 773 638 DE
828 599 1007 638 CARNE
1069 600 1279 639 CHIISTI
1328 600 1600 640 ADVEBBUS
1659 599 1915 647 QUATUOR

255 690 541 741 Ηλειιιςεεε,
584 691 652 727 DE
701 689 1151 728 RESURRECTIONB
1211 691 1393 730 CABNIS
1441 689 1719 732 ADVERSUS
1776 690 1912 727 MAR-

255 780 557 828 CIONISTAS,
590 779 853 826 suosque
885 767 1348 817 cnosncothem
1381 764 1580 817 sedato
1615 761 1916 816 interdum

252 852 355 906 illo
394 851 1047 923 impugnandifervido
1105 858 1273 918 astu,
1332 852 1565 906 animos
1624 865 1917 906 recreasse

254 940 520 996 voluisse
568 940 799 994 videtur
856 956 987 994 cum
1049 940 1391 1010 posterioris
1465 941 1658 995 seriei.
1713 941 1917 994 LIBROS

254 1047 512 1087 Ioannes
588 1029 920 1100 descripsit,
981 1047 1047 1084 ns
1123 1046 1384 1086 VELANDIS
1436 1046 1772 1093 VIRGINIBUS,
1851 1046 1918 1083 ns

255 1137 677 1175 ΕΧΗΟΒΤΔΤΙΟἿΕ
709 1135 1037 1185 ΟΔΞἹἸΤΑΤΙΒ,
1068 1137 1134 1174 DE
1166 1136 1500 1190 MONOGAMH,
1540 1137 1608 1174 DE
1664 1136 1917 1187 JBJUNIIS,

260 1228 326 1264 na
359 1226 661 1277 PUDICITIA,
694 1224 759 1262 ns
785 1224 992 1263 PALLIO.
1028 1208 1227 1263 Exstat
1258 1209 1450 1263 adhuc
1500 1210 1728 1279 insigne
1778 1210 1917 1262 Ter-

260 1298 500 1353 tulliani
536 1315 703 1370 opus,
756 1297 874 1351 imo
936 1297 1254 1352 maximum
1317 1315 1382 1352 ac
1443 1297 1919 1361 celeberrimum,

262 1406 427 1443 ιιΒειι
459 1404 674 1459 nempe
732 1403 1231 1441 PRJBSCRIPTIONUM
1279 1404 1553 1442 ADVERSUS
1611 1403 1923 1441 HERETICOS

258 1495 473 1541 ausas,
510 1478 583 1531 de
608 1478 778 1546 cujus
809 1481 975 1529 aetate
997 1477 1225 1542 acriter,
1252 1482 1316 1530 ut
1354 1476 1503 1530 infra
1562 1477 1760 1529 videre
1810 1479 1919 1540 est,

256 1567 413 1620 inter
443 1564 709 1620 eruditos
743 1564 1144 1635 disceptatur;
1180 1581 1432 1635 quorum
1464 1564 1599 1619 lites
1622 1581 1753 1619 cum
1807 1580 1923 1619 non

261 1664 534 1710 nostrum
566 1654 643 1707 sit
674 1669 1041 1721 componere,
1079 1653 1335 1707 mediam
1405 1653 1556 1707 inter
1614 1658 1925 1724 utramque

260 1742 753 1799 contendentium
805 1742 987 1796 aciem
1040 1742 1352 1796 stationem
1439 1742 1745 1813 elegimus,
1800 1759 1925 1797 me-

261 1835 551 1904 diumque
584 1831 723 1885 huic
766 1830 917 1886 libro
977 1830 1170 1886 locum
1228 1832 1631 1903 ascripsimus,
1692 1848 1921 1903 nempe,

260 1925 415 1978 inter
439 1920 747 1977 orthodexi
780 1919 1122 1975 Tertulliani
1157 1923 1213 1974 et
1242 1920 1508 1990 ejusdem
1554 1921 1923 1976 tuontanistae

264 2030 466 2083 opera,
523 2012 583 2064 in
632 2011 820 2064 fronte
885 2007 1224 2081 posterioris
1275 2009 1450 2076 torni,
1514 2014 1580 2064 ut
1612 2009 1923 2065 duodecim

266 2098 583 2171 polemicis
614 2097 783 2153 libris
810 2097 1152 2169 praefulgeat
1183 2114 1249 2152 ae
1297 2097 1459 2154 velut
1501 2098 1927 2171 antesignanus

273 2193 517 2262 praeeat.

3585 364 3668 423 78

1251 511 1320 549 ne
1392 509 1553 550 ANIMA
1636 507 1911 548 ADVERSUS
1938 492 1993 557 Α
2096 492 2229 555 Quae
2260 508 2395 548 cum
2450 497 2767 564 utcumque
2814 492 3052 548 tandem
3107 490 3373 563 exposita
3420 492 3662 560 fuerint,

2025 580 2260 652 penitus
2283 582 2568 654 explicata
2600 588 2724 638 tota
2753 588 2947 637 mente
2980 586 3182 637 nostra
3228 586 3353 636 tum
3401 582 3473 637 de
3530 582 3677 638 Ter-

2027 669 2259 725 tulliani
2302 672 2654 727 auctoritate
2710 688 2844 726 vera
2893 686 2958 726 ac
3011 677 3168 726 recto
3235 688 3365 738 usu,
3425 676 3552 727 tum
3599 671 3673 728 de

2027 758 2283 814 instituti
2345 761 2529 816 nostri
2587 762 2833 833 origine,
2905 761 3192 816 subsidiis
3270 778 3336 816 ac
3416 761 3674 830 ratione,

2027 848 2203 902 ﬁnem
2264 850 2503 905 demum
2582 851 2864 922 praefandi
2922 851 3221 917 facientes,
3292 848 3557 906 diximus.
3607 881 3677 891 —-

2027 936 2210 992 Deum
2245 956 2376 995 vero
2404 940 2618 994 iterum
2650 941 3003 1011 iterumque,
3055 944 3120 994 ut
3166 939 3531 1009 inchoantes,
3593 939 3677 996 ita

2028 1033 2085 1081 et
2116 1027 2484 1085 absolventes
2518 1046 2685 1100 opus,
2718 1030 2885 1084 enixe
2915 1046 3215 1101 rogamus,
3257 1030 3670 1099 deprecamur-

2030 1132 2161 1185 que,
2195 1116 2531 1189 almamque
2564 1117 2741 1173 simul
2776 1119 3083 1189 Deiparam
3107 1118 3426 1190 Virginem,
3451 1119 3673 1189 angelo-

2028 1222 2158 1259 rum
2189 1205 2585 1278 hominumque
2627 1216 2859 1263 matrem
2888 1224 2951 1261 ac
2978 1206 3234 1273 delicias,
3285 1213 3676 1277 cunctamque

2033 1295 2461 1366 triumphantis
2492 1296 2761 1352 Ecclesia:
2804 1295 3207 1368 splendentem
3267 1312 3562 1361 coronam,
3611 1312 3677 1352 eo

2032 1383 2159 1455 ipso
2191 1385 2261 1438 de
2279 1402 2393 1455 quo
2427 1402 2669 1441 manum
2702 1387 2771 1440 de
2828 1385 3030 1440 tabula
3072 1384 3339 1452 tulimus,
3400 1386 3675 1441 caelorum

2033 1477 2441 1545 terrarumque
2499 1474 2722 1530 ambitu
2800 1475 3005 1530 festive
3063 1474 3529 1530 concelebratam
3622 1475 3680 1529 in

2034 1562 2424 1632 patrocinium
2456 1580 2521 1617 ac
2554 1563 2803 1619 tutelam
2839 1567 3215 1632 advocamus,
3285 1565 3681 1619 obtestamur-

2035 1668 2147 1723 que
2181 1657 2241 1705 ut
2281 1652 2401 1707 haec
2450 1653 2773 1708 novissima
2831 1652 3046 1708 diutini
3096 1652 3287 1724 operis
3340 1652 3682 1723 primordia,

2036 1741 2150 1795 Deo
2184 1742 2403 1813 optimo
2430 1743 2684 1798 maximo
2737 1748 2973 1814 accepta
3004 1743 3144 1810 sint,
3192 1741 3457 1797 Ecclesia:
3508 1741 3686 1797 matri

2038 1829 2193 1883 haud
2228 1830 2481 1902 ingrata,
2521 1830 2974 1902 quampluribns
3024 1830 3211 1899 utilia,
3273 1829 3563 1901 nobisque
3624 1831 3683 1886 in

2038 1923 2320 1975 aeternum
2346 1919 2673 1991 profutura.

2108 2096 2480 2153 Scribebatur
2529 2097 2738 2168 Paris.,
2765 2097 2884 2153 Kal.
2918 2098 3082 2167 Nov.,
3112 2102 3185 2153 Μ.
3211 2097 3277 2153 D.
3312 2099 3454 2153 CC(‘.
3490 2097 3684 2153 XLIII.

270 2357 3692 2402 ψ

1137 2539 1235 2591 ⁴¹
1325 2550 1733 2672 VITA
1838 2549 1983 2697 Ο.

2088 2550 2828 2676 SEPTIMII

447 2800 1772 3002 FLORENTIS
1917 2802 3507 3011 TERTULLIANI

1118 3090 2077 3180 CARTHAGINENSIS
2135 3093 2855 3184 PltESBYTEBI.

1326 3274 1755 3331 AUCTORE
1808 3273 2158 3331 JAGOBO
2217 3275 2649 3345 PAMELIO,

845 3444 977 3497 OUE
1022 3443 1160 3489 EJUS
1201 3443 1431 3488 ETATIS
1476 3440 1703 3488 VIGINTI
1746 3441 2027 3495 QUATUOR
2070 3442 2366 3489 ANNORUI
2410 3444 2736 3492 HISTORIAM
2781 3446 3143 3509 CONTINENT,

349 3748 452 3817 δι.
508 3747 817 3817 Exponilur
885 3744 1093 3816 pravia
1171 3744 1538 3798 controversia
1596 3742 1824 3812 duplex.
1867 3772 1933 3783 —
1966 3741 2009 3810 C
2052 3746 2183 3797 sent
2212 3742 2621 3819 Martyrologia
2659 3764 2725 3803 ex
2756 3750 2915 3806 Actis
2946 3752 3240 3822 passionis
3296 3759 3350 3809 S.
3413 3758 3694 3831 Stephani

270 3843 325 3895 4.
360 3840 749 3894 Τεῆτυιιιικι
781 3835 956 3888 vitam
976 3834 1093 3889 Deo
1126 3832 1364 3904 auspice
1391 3832 1797 3902 descripturis,
1832 3831 1934 3902 qui

271 3928 460 3999 (quod
496 3929 829 3981 memoratu
874 3922 1114 3991 dignum
1164 3923 1274 3987 est)
1318 3921 1426 3975 sub
1481 3921 1616 3974 Afro
1674 3922 1935 3974 Romano

280 4016 566 4074 Pontitice
615 4015 670 4068 S.
727 4012 979 4080 Victore,
1037 4011 1390 4082 Imperatore
1445 4009 1585 4063 item
1629 4009 1765 4063 Afro
1826 4008 1937 4063 sibi

277 4106 644 4177 cognomine
674 4101 953 4173 Septimio
984 4105 1207 4167 Severo,
1231 4100 1366 4153 Afer
1407 4102 1463 4153 et
1522 4098 1645 4168 ipse
1702 4097 1939 4164 ﬂoruit;

282 4196 416 4249 duae
467 4197 795 4249 occurrunt
840 4188 1496 4256 controversiae.eaaque
1554 4184 1938 4241 difﬁcillimas.

282 4284 475 4346 Prior,
523 4282 597 4335 de
644 4278 902 4335 Tertullo
950 4276 1211 4332 cousule.
1270 4276 1664 4330 Taawaumo
1722 4280 1942 4341 nostro,

283 4371 629 4443 Tertyliauo
658 4369 687 4424 J
724 4371 783 4422 (1.
816 4372 873 4421 et
900 4371 956 4420 S.
1001 4364 1302 4420 Tertulino
1355 4364 1621 4431 Martyre,
1655 4378 1684 4417 e
1730 4361 1946 4433 quibus

286 4466 551 4532 quatuor
592 4455 1052 4511 hallucinatione
1111 4454 1365 4522 quadam
1422 4467 1607 4506 unum
1666 4450 1949 4506 conﬁcere

289 4548 542 4622 quidam
580 4544 769 4599 conati
798 4548 958 4597 sunt.
1008 4540 1223 4604 Altera,
1276 4542 1345 4594 de
1394 4544 1652 4607 tempore
1683 4542 1739 4591 et
1784 4542 1950 4593 (etate

292 4636 728 4704 Auctoris,quo
759 4632 893 4687 fidei
924 4628 1521 4686 Sacramentisnovus
1553 4625 1768 4682 Christi
1800 4627 1950 4698 Tyro

290 4727 573 4782 initiatus
606 4728 715 4777 est.

369 4820 425 4871 2.
458 4816 537 4871 Ac
591 4814 789 4882 primo.
852 4811 923 4866 de
977 4808 1215 4864 Tertullo
1271 4806 1513 4871 consule,
1577 4805 1956 4861 Tauruumo

294 4914 524 4967 nostra,
573 4902 887 4973 Tertyliano
913 4900 1001 4955 JC.
1032 4908 1082 4952 et
1137 4898 1193 4952 S.
1240 4896 1536 4950 Tertullino
1579 4894 1835 4967 Mai-lyre.
1888 4926 1960 4937 —-

304 4995 391 5049 Ad
428 4992 683 5064 priorem
706 4990 861 5061 quod
895 4988 1122 5055 attinet,
1158 4986 1215 5040 in
1242 4984 1446 5056 primis
1487 4984 1693 5038 fefellit
1728 4984 1959 5039 Rhena-

302 5100 451 5139 num
488 5084 766 5151 corrupta
797 5076 968 5132 lectio
1002 5076 1155 5146 apud
1210 5073 1547 5144 Hegionem,
1605 5089 1731 5143 qua:
1786 5074 1959 5128 casti-

302 5173 498 5243 ganda
543 5173 721 5223 etiam
781 5167 935 5236 apud
1007 5164 1404 5218 Hermannum
1462 5160 1840 5215 Contractum
1906 5162 1964 5216 in

302 5258 645 5324 Cbronicis,
679 5261 743 5310 ut
772 5271 876 5326 pro
908 5252 1233 5309 Tertullino
1256 5249 1528 5321 Martyre,
1559 5265 1734 5303 unem
1769 5264 1965 5304 recen-

384 5456 468 5525 (l)
500 5454 633 5508 Vid.
668 5452 740 5506 ad
776 5448 1207 5525 calcem_illius
1245 5444 1689 5525 dissertationis
1730 5445 1971 5525 Pamelii

307 5515 628 5597 Responsa
656 5523 975 5594 Tertyliani
1004 5521 1095 5597 ἇς).
1130 5522 1523 5597 qua_exstant
1553 5517 1610 5571 in
1633 5515 1763 5571 libr.
1784 5519 1967 5597 pige-

308 5590 459 5655 stor'.
495 5597 577 5651 Cf.
609 5596 739 5652 Job.
771 5590 1189 5649 Blumembach
1242 5591 1308 5647 de
1364 5590 1844 5645 Senatusconsulto
1905 5592 1966 5659 ρ.

312 5671 593 5741 Septimio
654 5669 792 5723 Flor.
851 5666 1172 5738 presbytero
1227 5667 1279 5718 εἰ
1331 5662 1705 5719 Jureconsulto
1760 5662 1967 5717 Tertul-

2044 3831 2212 3921 Papzs
2246 3833 2433 3904 pridie
2462 3836 2655 3891 Nonas
2689 3840 2961 3906 Augusti,
2991 3842 3440 3902 TEBTULLIANUM
3464 3846 3689 3921 legerit.

2044 3920 2261 4010 peinde
2302 3940 2415 3978 non
2449 3925 2646 3981 minus
2670 3926 3175 3988 ballucinatisunt
3226 3920 3541 4009 hactenus,
3592 3938 3692 4010 qui

2048 4008 2372 4063 Tertullum
2405 4015 2723 4068 Romanum
2758 4016 3067 4072 Consulem
3100 4035 3232 4074 cum
3279 4008 3693 4081 Jureconsulto

2049 4097 2378 4169 Tertyliano
2422 4100 2808 4171 confundunt,
2842 4107 3146 4162 occasione
3186 4108 3697 4168 Senatusconsulti

2052 4186 2491 4255 Tertulliani,ad
2529 4194 2682 4263 quod
2701 4194 3002 4265 complura
3026 4197 3327 4271 Rescripta
3348 4206 3489 4255 sunt
3517 4203 3693 4270 edita,

2054 4292 2183 4344 qure
2218 4277 2540 4334 recitantur
2575 4282 2634 4335 Ι).
2669 4283 2729 4337 L.
2756 4283 2844 4337 38.
2881 4285 2946 4340 T.
2984 4285 3070 4353 17,
3124 4292 3181 4342 et
3218 4289 3353 4343 Cod.
3415 4294 3474 4345 L.
3527 4291 3581 4345 6.
3631 4292 3696 4348 Τ.

2054 4364 2124 4417 55
2153 4365 2250 4435 (Ι).
2278 4365 2474 4437 Neque
2506 4370 2658 4424 enim
2686 4372 2921 4442 reperiri
2983 4376 3194 4445 poterit
3224 4376 3438 4450 aliquis
3486 4381 3701 4436 Consul

2054 4453 2473 4524 Tertullianus,
2507 4475 2608 4513 seu
2666 4460 3055 4533 Tertylianus,
3083 4466 3183 4519 sed
3212 4466 3275 4529 Ο.
3310 4467 3541 4525 Flavius
3569 4474 3705 4524 Ter-

2058 4541 2242 4597 tullus
2265 4560 2398 4599 eum
2437 4546 2654 4603 Licinio
2680 4552 2989 4607 Sacerdote
3013 4569 3165 4608 anno
3198 4554 3263 4610 U.
3314 4556 3374 4612 C.
3408 4557 3706 4621 DCCCCX.

2061 4631 2131 4685 ad
2160 4634 2329 4702 cujus
2352 4632 2692 4692 relationem
2716 4640 2838 4709 jam
2856 4646 3046 4710 antea,
3064 4642 3388 4714 imperante
3413 4647 3707 4705 Hadriano

1978 4780 2004 4805 ⁸
2064 4726 2351 4791 Augusto,
2403 4724 2629 4782 dictum
2688 4728 3279 4789 Senatusconsultum
3342 4735 3709 4806 publicatum

2063 4812 2172 4861 est.
2210 4807 2417 4879 Utpote
2450 4827 2582 4866 cum
2612 4818 2672 4867 D.
2706 4815 2859 4871 dicto
2890 4817 3082 4874 Titulo
3135 4818 3238 4876 lib.
3269 4839 3390 4894 xxx,
3455 4829 3515 4879 υ.
3579 4825 3714 4880 Pius

2066 4896 2408 4964 decreverit,
2444 4900 2502 4953 in
2554 4902 2806 4971 quadam
2844 4906 2975 4960 facti
3026 4909 3217 4979 specie
3265 4927 3496 4967 cessare
3538 4913 3713 4968 Sena-

2069 4987 2506 5042 tusconsultum
2532 4990 2984 5062 Tertullianum,
3018 4999 3171 5067 quod
3197 5000 3437 5070 proinde
3476 5017 3543 5056 eo
3581 5017 3719 5057 con-

2073 5079 2191 5130 stat
2222 5091 2350 5129 esse
2383 5077 2727 5148 antiquius:
2773 5082 3144 5155 Tertylianus
3203 5105 3334 5144 vero
3392 5090 3484 5145 JC.
3548 5089 3722 5145 sicuti

2077 5180 2212 5217 mox
2241 5163 2439 5229 latius,
2466 5168 2577 5222 sub
2610 5167 2939 5228 Alexandro
2961 5177 3321 5245 Imperatore
3353 5177 3558 5234 multis
3594 5182 3726 5249 post

2078 5253 2249 5309 annis
2278 5255 2509 5324 claruit,
2536 5274 2667 5314 cum
2699 5259 2831 5317 aliis
2862 5262 2980 5335 plet
3021 5282 3167 5337 sque
3206 5267 3506 5341 Papiniani
3556 5268 3727 5325 disci-

2085 5449 2257 5526 lz’ams
2289 5453 2385 5526 lio.
2424 5455 2605 5525 Lips..
2634 5459 2791 5526 1755,
2827 5459 2996 5514 ἱη-ἀο.
3021 5494 3089 5504 --
3118 5466 3273 5523 Just.
3334 5468 3395 5523 Ο.
3454 5468 3728 5523 Wiezen-

2080 5522 2644 5609 generudz‘sputznde
2701 5522 3092 5609 Jujleconsulto
3147 5543 3199 5593 et
3258 5540 3319 5607 ρ.
3354 5522 3707 5609 νδεριδηον

2081 5595 2974 5680 πενεςιιέίαιείδε-ῌξιάρε.,1743,4.
3035 5595 3387 5667 Μειὶειη.Ἶίὶ›.
3440 5595 3519 5680 ἰν,
3551 5607 3726 5679 epist-

2078 5682 2141 5735 ιι,
2175 5667 2399 5724 Valent.
2434 5670 2593 5740 4742,
2625 5672 2774 5728 ἱη-4ο
2899 5667 2909 5673 ’
3272 5682 3391 5734 Eun
