4148 6188
409 284 487 343 79

1724 283 2254 345 TERTULLIANI
2299 286 2481 347 VITA
2498 330 2512 347 .

3740 307 3819 367 80

406 412 587 487 pulis,
621 410 719 484 qui
749 411 871 466 Juri
904 410 1157 466 dicundo
1180 426 1415 483 operam
1441 413 1666 481 dedere,
1704 415 1873 485 cujus
1905 414 2051 469 Con-
2084 416 2140 484 Α
2170 416 2486 486 Tertullus,
2536 434 2670 475 cum
2718 424 2777 475 T.
2838 420 3031 479 Flavio
3088 422 3382 484 Clemente
3440 433 3814 496 consulatum

411 502 746 557 slitutiones
777 516 845 554 ex
878 500 1059 554 Libris
1106 498 1503 563 Quaestionum
1538 506 1593 558 et
1641 502 1810 559 Libro
1845 504 2052 576 singu-

408 590 515 645 lari
548 590 616 643 de
647 588 937 643 Castrensi
992 587 1238 659 peculio,
1292 605 1361 644 ne
1403 591 1541 662 quid
1596 591 1689 647 hic
1722 592 1890 661 desit,
1923 596 2053 665 post

407 680 598 735 Vitam
632 679 782 733 hanc
813 680 1082 733 Auctoris
1114 680 1297 734 nostri
1334 680 1716 751 subjecimus.
1751 682 1882 745 Quae
1915 682 2049 737 sola:

404 786 539 825 cum
573 766 889 840 supersint,
924 784 1026 821 nec
1060 768 1371 838 quisquam
1405 768 1555 825 alius
1588 770 1871 826 librorum
1907 772 2048 827 alio-

402 875 533 914 rum
564 859 636 913 ab
668 857 777 911 hoc
810 858 907 911 4‘2
958 856 1285 928 Tertyliano
1346 858 1637 914 editorum
1692 861 2047 930 meminerit,

399 949 584 1005 falsus
614 946 845 1003 videtur
892 947 1190 1001 Conradus
1242 946 1556 1017 Gesncrus,
1591 949 1729 1003 dum
1764 949 1847 1003 illi
1898 968 2046 1021 pre:-

398 1044 555 1093 terea
605 1033 844 1090 ascribit
918 1034 1109 1100 legum
1188 1035 1489 1106 Rescripta
1570 1054 1636 1091 ex
1711 1038 1919 1107 Libris,
1977 1040 2047 1096 de

400 1125 961 1194 Senatusconsultis,
996 1142 1061 1180 ac
1093 1128 1161 1181 ad
1194 1130 1289 1181 SC.
1324 1128 1708 1184 Libonianum
1750 1134 1807 1184 et
1834 1130 2043 1202 Orphi-

400 1219 649 1274 tianum.
697 1218 882 1286 Atque
916 1216 970 1269 in
1004 1216 1098 1270 his
1141 1217 1288 1273 satis
1319 1219 1696 1274 consentiunt
1725 1220 2040 1276 Doctiores.

399 1312 618 1363 Verum
653 1323 726 1361 an
758 1305 910 1360 idem
937 1304 1013 1359 sit
1042 1305 1139 1361 ille
1159 1306 1527 1379 Tertylianus
1560 1325 1692 1363 cum
1717 1315 1913 1365 nostro
1940 1311 2043 1366 hoc

398 1402 816 1465 TERTULLIANO,
851 1394 1041 1449 adhuc
1073 1396 1181 1449 sub
1226 1396 1422 1465 judice
1454 1396 1525 1452 lis
1576 1402 1682 1465 est,
1719 1400 2040 1469 prmeertim

397 1488 455 1543 id
485 1485 884 1542 asserentibus
915 1484 1269 1554 quibusdam
1306 1486 1501 1557 magni
1536 1487 1793 1543 nominis
1825 1493 1880 1542 et
1909 1506 2039 1543 eru-

398 1575 636 1633 ditionis
665 1575 757 1629 JC.
793 1574 907 1628 Nos
939 1578 1111 1640 certe,
1148 1573 1303 1629 salvo
1336 1575 1551 1629 saniori
1576 1577 1825 1647 judicio,
1858 1578 2041 1635 diver-

395 1686 529 1725 sum
561 1682 890 1733 censemus,
940 1669 1065 1720 tum
1109 1665 1261 1735 quod
1313 1665 1409 1721 ille
1448 1667 1617 1737 juxta
1657 1668 1940 1725 veriorem
1973 1686 2039 1725 ex

2165 508 2347 580 gessit
2381 527 2532 567 anno
2563 513 2752 568 Severi
2787 531 2870 569 ιιι.
2904 514 3098 571 Altera
3130 535 3260 573 vero
3285 521 3455 591 ratio,
3492 541 3606 597 qua
3636 529 3817 598 potis-

2163 598 2379 653 simum
2417 602 2690 657 nituntur
2716 603 2820 671 illi,
2847 606 3000 677 quod
3031 606 3187 663 Juris
3214 610 3518 669 verborum
3555 618 3814 675 retinen-

2161 687 2432 743 tissimus
2464 696 2634 761 atque
2667 693 2809 747 adeo
2839 693 2932 748 JC.
2959 694 3260 753 Romanus
3292 699 3487 773 fuerit,
3521 705 3609 761 vel
3642 709 3815 765 Euse-

2161 776 2256 830 bio
2288 782 2452 849 teste,
2506 788 2705 836 noster
2756 784 3219 855 TERTULLIANUS,
3276 806 3389 845 non
3450 795 3633 863 magis
3662 813 3805 854 con-

2159 864 2340 919 vincit
2371 884 2549 937 quam
2584 870 2632 924 si
2666 871 2955 939 dicamus,
2980 874 3279 932 Caecilium
3313 880 3609 939 Oratorem
3636 903 3810 958 quem

2158 953 2479 1011 introducit
2536 975 2739 1015 secum
2800 960 3230 1034 colloquentem
3302 968 3357 1022 in
3413 987 3519 1026 suo
3578 953 3811 1033 Octavio

2160 1043 2445 1101 Minutius
2478 1048 2932 1114 Felix,eumdem
2965 1070 3093 1108 esse
3114 1072 3247 1111 cum
3276 1057 3498 1115 Caecilio
3528 1063 3811 1136 Cypriane

2158 1138 2378 1201 nostro,
2412 1138 2562 1206 quod
2622 1143 2868 1210 uterque
2927 1143 3250 1201 Oratoriam
3304 1155 3629 1209 exercuerit
3661 1174 3673 1223 ;
3709 1163 3812 1213 aut

2154 1220 2333 1292 (quod
2367 1224 2436 1278 ad
2499 1225 2837 1282 institutum
2901 1230 3036 1285 facit
3091 1235 3306 1307 magis)
3362 1238 3409 1292 si
3456 1220 3809 1312 Septimium

2156 1311 2429 1366 Severum
2490 1318 2636 1386 Imp.
2699 1318 2969 1373 eumdem
3026 1337 3155 1376 esse
3210 1311 3615 1386 existimemus
3670 1349 3803 1389 cum

2153 1399 2435 1472 Septimio
2465 1403 2645 1459 altero
2676 1406 3067 1479 Severo,quod
3098 1415 3340 1484 uterque
3371 1417 3507 1472 Afer
3528 1424 3583 1473 et
3608 1420 3803 1477 Histo-

2153 1490 2309 1545 ricus
2337 1491 2527 1559 fuerit,
2561 1510 2809 1564 quorum
2836 1495 2931 1551 ille
2965 1514 3155 1567 suam,
3183 1500 3277 1556 hic
3307 1503 3616 1562 Alexandri
3651 1514 3802 1582 Imp.

2150 1576 2322 1630 vitam
2358 1580 2844 1652 conscripsit.Aut
2874 1584 3146 1657 denique,
3176 1588 3223 1643 ei
3258 1592 3605 1662 Septimium
3629 1576 3800 1654 illum

2151 1666 2319 1736 cujus
2349 1683 2556 1723 versus
2578 1676 2809 1725 exstant
2831 1674 2985 1743 apud
3015 1676 3301 1733 Crinitum
3327 1680 3382 1734 in
3415 1683 3543 1737 Jani
3568 1684 3796 1758 laudes,

395 1756 703 1813 Pandectis
736 1754 1083 1810 Florentinis
1131 1753 1463 1826 lectionem,
1508 1760 1655 1812 teste
1708 1759 2038 1831 Augustino
2070 1788 2118 1852 Β
2150 1760 2250 1852 {ut
2308 1756 2586 1852 Quintum
2647 1760 2997 1852 Septimium
3055 1768 3402 1838 Romanum,
3438 1772 3538 1843 qui
3600 1753 3800 1849 Dyotis

392 1846 722 1914 Justinano,
757 1844 976 1915 ubique
1003 1843 1369 1915 Tertylianus
1395 1849 1654 1913 vocetur,
1678 1851 1877 1904 noster
1906 1864 2041 1904 vero

391 1937 851 2001 TERTULLIANUS,
872 1936 997 1986 tum
1022 1933 1174 2003 quod
1193 1932 1368 1987 etiam
1400 1933 1691 1989 Francisc.
1717 1935 1854 1990 Bald
1867 1936 2041 1993 uinus

394 2024 547 2080 datis
578 2024 647 2079 ad
684 2039 774 2077 me
803 2020 1012 2076 litteris
1044 2021 1285 2093 stylum,
1317 2026 1373 2076 et
1404 2023 1728 2079 orationem
1780 2025 2037 2080 dissimi-

392 2114 507 2169 lem
541 2113 845 2167 confessus
877 2111 979 2178 sit,
1010 2114 1135 2164 tum
1169 2110 1605 2182 denique,quod
1636 2118 1901 2185 tempora
1924 2132 2037 2169 non

393 2204 536 2259 satis
567 2201 934 2258 conveniant.
969 2200 1204 2255 Sienim
1239 2217 1371 2254 cum
1429 2202 1787 2257 Uernardino
1822 2204 2038 2260 Rutilio

387 2291 783 2364 Tertylianum
816 2306 955 2345 suos
985 2288 1240 2344 edidisse
1264 2287 1467 2345 Libros
1490 2290 1754 2346 dicamus
1786 2292 1897 2345 sub
1932 2292 2043 2347 lm-

388 2381 548 2454 perio
580 2379 851 2436 Hadriani
886 2382 943 2434 et
993 2378 1290 2444 Antonini,
1343 2395 1472 2433 cum
1526 2379 1857 2436 Hadrianus
1891 2380 2037 2454 Imp.

388 2471 597 2527 obierit
626 2487 719 2527 an.
756 2468 822 2524 U.
856 2468 917 2523 C.
974 2467 1417 2537 DCCCLXXXX,
1473 2472 1530 2523 et
1582 2469 1830 2525 Severus
1888 2471 2035 2539 Imp.

386 2561 498 2617 sub
530 2576 640 2631 quo
674 2562 872 2613 noster
900 2558 1363 2623 TERTULLIANUS,
1392 2556 1647 2629 primum
1675 2558 1910 2630 coeperit
1933 2559 2040 2615 im-

387 2666 591 2722 perare
621 2665 772 2702 anno
804 2646 870 2701 U.
899 2648 956 2699 C.
1026 2645 1405 2716 DCCCCXLV,
1438 2651 1494 2701 et
1550 2646 1633 2702 sic
1692 2648 2039 2704 intercesse-

387 2739 503 2793 rint
533 2737 671 2793 anni
703 2735 813 2804 LV,
865 2734 1155 2807 oportebit
1202 2734 1356 2789 hunc
1416 2735 1598 2791 fuisse
1645 2741 1811 2792 astate
1862 2739 2034 2810 quin-

387 2826 742 2901 quagenaria
803 2825 1119 2895 majorem,
1180 2838 1312 2878 cum
1373 2841 1441 2879 ex
1497 2825 1592 2881 JC.
1667 2826 2033 2885 Christianus

384 2919 572 2973 factus
604 2915 971 2981 est,maxime
1003 2914 1048 2969 si
1078 2913 1380 2984 Responsa
1411 2912 1509 2969 illa
1535 2912 1614 2968 illi
1640 2916 2033 2973 attribuamus

384 3025 509 3080 quas
540 3004 773 3061 nonnisi
808 3004 865 3057 in
914 3001 1257 3058 auctoritate
1303 3019 1514 3073 magna
1562 3006 1863 3061 constituti
1894 3007 2032 3062 dare

380 3096 572 3153 solent
586 3096 705 3163 JC.,
727 3094 894 3164 cujus
911 3097 1107 3147 tamen
1134 3092 1489 3147 contrarium
1516 3109 1581 3147 ex
1598 3098 1653 3148 S.
1679 3094 2028 3167 Hieronymo

2151 1843 2444 1900 Cretensis
2474 1846 2544 1901 de
2568 1847 2723 1903 Bello
2755 1849 3004 1919 Trojano
3030 1852 3225 1910 Libros
3258 1874 3356 1913 sex
3376 1860 3607 1918 Latinos
3640 1843 3799 1935 fecit,

2151 1933 2583 1991 confundamus
2631 1953 2762 1991 cum
2822 1946 3019 1995 nostro
3076 1946 3325 2001 SEPTIMO
3371 1933 3801 2020 TERTULLIANO,

2152 2022 2306 2091 quod
2341 2024 2513 2077 ambo
2544 2030 2601 2079 et
2651 2026 2768 2079 Afri
2816 2032 2872 2081 et
2921 2028 3106 2085 Poetae
3156 2034 3386 2090 fuerint.
3424 2040 3509 2093 Ad
3546 2058 3797 2111 quorum

2151 2110 2416 2165 fortassis
2448 2112 2907 2182 distinctionem,
2941 2119 3158 2174 Auctor
3202 2130 3416 2195 noster,
3446 2129 3510 2191 Ο.
3543 2110 3800 2191 Samum:

2151 2200 2466 2255 FLORENTIB
2497 2202 2885 2260 TERTULLIANI
2918 2206 3438 2269 CARTBAGINIENSIS
3461 2219 3800 2289 appellatio-

2150 2305 2255 2342 nes
2286 2288 2475 2343 Libris
2508 2290 2753 2360 pra-fixit
2789 2294 2913 2349 suis
2944 2297 3044 2363 (2),
3077 2314 3191 2353 non
3224 2288 3799 2366 contentusiduabus

2150 2376 2267 2431 illis
2299 2382 2554 2433 SEPTIMII
2588 2379 3000 2451 TERTULLIANI,
3052 2390 3549 2457 quemadmodum
3586 2396 3797 2469 reliqui

2148 2470 2280 2537 post
2310 2482 2444 2522 eum
2480 2469 2793 2540 scriptores
2826 2474 2969 2542 Afri,
3003 2475 3288 2535 Minutius
3322 2481 3494 2550 Felix,
3529 2486 3795 2545 Caecilius

2147 2556 2490 2628 Cyprianus,
2524 2561 2855 2616 Lactantius
2902 2562 3253 2635 Firmianus,
3289 2569 3508 2629 Marius
3546 2574 3794 2633 Victori-

2146 2662 2278 2709 nus,
2314 2651 2372 2701 et
2403 2647 2674 2704 Aurelius
2707 2651 3086 2722 Augustinus.

2215 2738 2242 2803 §
2272 2735 2341 2790 II.
2377 2738 2448 2791 De
2479 2740 2721 2808 tempore
2764 2757 2865 2810 quo
2908 2742 2977 2797 ad
3004 2743 3168 2813 ﬁdem
3218 2762 3508 2805 conversus
3537 2760 3615 2807 est
3643 2753 3792 2809 Tea-

2141 2842 2460 2907 TULLIANUS
2509 2830 2711 2883 noster.
2744 2860 2812 2869 --
2867 2831 2919 2886 3.
2980 2832 3153 2888 Porro
3210 2836 3381 2907 (quod
3445 2840 3510 2893 ad
3549 2839 3793 2899 alteram

2142 2901 2395 2985 pertin'et
2425 2918 2903 2986 controversiam)
2936 2921 3005 2975 de
3051 2901 3313 2994 tempore
3351 2942 3466 2997 quo
3511 2930 3581 2983 ad
3615 2930 3791 2987 ﬁdem

2142 3019 2459 3058 conversus
2490 3009 2577 3058 est
2605 3006 3046 3063 Tsarunmmus
3073 3016 3488 3085 noster,major
3514 3017 3700 3074 multo
3724 3037 3789 3077 se

2141 3091 2459 3146 difﬁcultas
2509 3093 2693 3148 offert.
2747 3095 3041 3158 Quosdam
3094 3102 3194 3170 qui
3245 3101 3527 3161 claruisse
3574 3112 3790 3178 putant

379 3189 629 3250 constat,
689 3160 813 3254 qui-
838 3182 1033 3236 media
1082 3180 1249 3234 illum
1284 3186 1471 3249 aetate,
1524 3198 1655 3237 cum
1717 3160 2023 3240 antea-diu
2058 3160 2102 3228 C
2142 3181 2295 3235 circa
2324 3198 2543 3235 annum
2577 3182 2793 3238 Christi
2828 3186 2944 3239 nati
2979 3160 3491 3253 cuifefellitillud
3516 3160 3787 3253 Auctoris

379 3274 689 3345 Presbyter
718 3270 949 3336 fuisset,
1010 3270 1079 3324 ad
1134 3268 1403 3324 haeresim
1463 3271 1667 3325 scribit
1718 3273 2022 3329 defecisse.

380 3363 479 3418 Sin
512 3378 667 3429 vero,
692 3362 863 3431 juxta
893 3358 1037 3413 alios
1067 3361 1343 3430 (quorum
1377 3376 1555 3430 supra
1599 3361 1781 3415 secuti
1816 3379 2023 3419 sumus

380 3449 753 3522 sententiam)
781 3450 889 3503 sub
933 3447 1257 3502 Alexandro
1308 3448 1454 3519 Imp.
1488 3464 1620 3504 cum
1672 3452 1894 3506 caeteris
1923 3452 2020 3509 JC.

381 3557 627 3613 quorum
665 3540 967 3609 Responsa
1004 3536 1061 3589 in
1116 3536 1436 3592 Pandectas
1486 3538 1668 3594 relata
1715 3545 1873 3611 sunt,
1900 3543 2022 3612 jam

377 3632 505 3687 luce
538 3628 752 3686 clarius
796 3631 903 3698 est,
959 3627 1230 3681 eumdem
1277 3643 1392 3681 non
1437 3644 1585 3683 esse.
1645 3629 1789 3684 Nam
1824 3636 2023 3687 noster

377 3724 817 3777 TenTULLIANus
849 3720 983 3771 ante
1012 3714 1405 3770 Alexandrum
1457 3716 1625 3772 annis
1658 3718 1790 3789 plus
1822 3720 2017 3777 minus

372 3829 483 3867 xxx
512 3808 720 3863 Christi
754 3808 926 3861 ﬁdem
973 3804 1297 3877 amplexus,
1350 3822 1415 3861 eo
1445 3810 1706 3878 tempore
1745 3810 1792 3863 si
1827 3811 2017 3866 adhuc

371 3902 671 3972 superstes
703 3897 894 3962 fuerit,
928 3896 987 3949 in
1021 3895 1223 3950 haeresi
1247 3894 1635 3952 volutabatur.
1652 3898 1851 3970 Neque
1880 3918 2016 3957 vero

368 3991 715 4061 argumenta
739 3990 939 4041 contra
956 3984 1334 4039 sentientium
1368 3985 1515 4039 tanti
1548 3991 1687 4041 sunt
1720 3989 2013 4063 ponderis,

364 4084 430 4135 ut
460 4078 517 4132 in
552 4080 746 4149 partes
790 4092 929 4130 suas
974 4091 1065 4128 me
1118 4073 1415 4145 potuerint
1463 4075 1812 4146 pertrahere.
1847 4080 2009 4145 Quod

361 4168 517 4225 enim
552 4167 834 4239 Ulpianus
854 4162 978 4235 (qui
1001 4162 1166 4217 locus
1192 4164 1457 4218 fortassis
1483 4165 1849 4222 occasionem
1877 4168 2010 4224 huic

361 4258 520 4313 dedit
546 4254 969 4324 controversiae)
1006 4257 1066 4306 D.
1129 4253 1190 4306 L.
1225 4253 1313 4306 38.
1347 4252 1393 4305 T
1475 4254 1560 4319 17,
1622 4255 1690 4309 ad
1726 4256 1824 4311 SC.
1874 4258 2009 4312 Ter-

356 4346 674 4402 tullianum
703 4344 806 4397 lib.
840 4360 881 4397 1.
918 4339 1208 4411 Rescripti
1242 4340 1515 4395 meminit
1546 4343 1923 4413 Imperatoris
1953 4351 2009 4400 et

355 4436 423 4492 D.
459 4434 645 4489 Patris
678 4432 754 4497 (id
787 4435 873 4487 est
927 4429 1198 4485 Antonini
1248 4434 1302 4483 et
1332 4429 1545 4499 Severi)
1594 4432 1663 4485 ad
1699 4432 2005 4489 Tertullia-

2136 3269 2259 3323 Lib.
2293 3271 2364 3324 de
2396 3269 2788 3341 Monogamia,
2821 3276 2985 3329 annis
3015 3278 3238 3333 circiter
3268 3298 3390 3350 CLx,
3422 3286 3632 3339 exinde
3656 3302 3786 3357 pro-

2133 3358 2311 3412 ductis
2342 3358 2428 3428 (de
2458 3363 2673 3430 Monog.
2709 3362 2835 3432 III);
2872 3381 3071 3419 verum
3103 3366 3186 3421 illi
3222 3372 3516 3439 quomodo
3548 3390 3787 3446 compu-

2132 3447 2295 3502 tandi
2329 3447 2448 3501 sint
2478 3464 2510 3501 a
2543 3466 2714 3518 passo
2745 3450 2997 3519 Christo,
3032 3471 3103 3509 an
3139 3458 3333 3527 potius
3365 3460 3439 3514 ab
3473 3466 3640 3517 astate
3669 3480 3787 3535 qua

2134 3540 2435 3607 apostolus
2466 3537 2682 3592 Paulus
2716 3538 3033 3611 Epistolam
3067 3544 3304 3611 scripsit
3350 3549 3419 3602 ad
3455 3550 3784 3607 Corinthios

2134 3626 2406 3695 primam,
2432 3626 2581 3680 infra
2606 3626 2782 3683 latius
2805 3630 2874 3683 ad
2901 3647 3120 3686 annum
3158 3635 3384 3689 Domini
3410 3640 3781 3697 ccxxv.Multo

2131 3715 2328 3786 itaque
2362 3716 2575 3770 rectius
2632 3717 2942 3788 Eusebius,
3000 3720 3137 3774 Ven.
3184 3724 3355 3790 Beda,
3417 3727 3778 3798 Freculphus

2131 3800 2514 3872 Lexoviensis,
2546 3806 2831 3860 Martinus
2870 3806 3141 3873 Polonus,
3197 3810 3495 3870 Conradus
3528 3832 3561 3869 a
3593 3816 3779 3872 Litch-

2126 3899 2324 3950 tenaw
2378 3894 2536 3949 Abh.
2598 3893 3051 3968 Urspergensis,
3119 3898 3460 3956 Vincentius
3519 3904 3774 3960 Bellova-

2126 3983 2716 4047 censis,Hermannus
2746 3987 3174 4051 Contractus,et
3198 3988 3585 4062 Trithemius,
3621 3992 3774 4050 circa

2124 4089 2340 4127 annum
2380 4073 2510 4141 plus
2559 4072 2755 4127 minus
2802 4072 3014 4129 Christi
3050 4091 3115 4129 cc
3166 4076 3621 4136 TERTULLIANUM
3655 4082 3770 4138 cla-

2123 4162 2311 4217 ruisse
2343 4159 2627 4215 scribunt.
2662 4160 2835 4232 Atqui
2868 4161 2938 4217 de
2961 4178 3133 4233 anno,
3159 4180 3272 4235 quo
3296 4165 3525 4223 Christo
3559 4186 3770 4227 nomen

2120 4250 2364 4317 dederit,
2392 4249 2565 4303 silent
2594 4264 2799 4303 omnes
2832 4255 3039 4321 praeter
3063 4251 3256 4323 ipsum
3287 4255 3768 4330 TERTULLIANUM,

2118 4340 2219 4394 sed
2252 4338 2441 4394 verbis
2474 4338 2643 4410 longe
2673 4339 3128 4397 obscurissimis.
3166 4342 3313 4397 Illud
3366 4346 3599 4415 quidem
3633 4366 3767 4421 per-

2116 4429 2389 4500 spicuum
2420 4432 2529 4491 est,
2564 4428 2762 4483 statim
2798 4446 2829 4483 a
2863 4428 3151 4500 baptismo
3186 4435 3579 4506 conscriptum
3606 4439 3677 4494 ab
3699 4456 3765 4495 eo

353 4540 495 4580 num
528 4522 839 4594 quemdam
868 4537 880 4575 :
910 4518 1205 4584 imprimis
1238 4522 1339 4572 aut
1368 4517 1603 4585 Junius,
1634 4524 1733 4574 aut
1764 4521 2002 4579 Ovinius
2034 4541 2080 4605 D
2116 4517 2354 4570 Librum
2390 4516 2459 4570 de
2481 4514 2687 4605 Pallio,
2723 4532 3031 4605 capempe
3062 4519 3382 4586 occasione,
3418 4525 3593 4593 quod,
3628 4542 3764 4582 cum

340 4614 513 4685 juxta
570 4628 680 4666 me.
742 4610 866 4664 cod.
924 4606 1327 4662 Tertullianus
1371 4606 1466 4661 ille
1525 4609 1998 4681 prenominatur,

347 4719 480 4757 cum
510 4704 711 4756 noster
740 4700 1131 4764 Q.Ssp'rumus
1162 4696 1607 4751 TERTULLIANUS
1640 4698 1997 4769 appelletur;

344 4790 554 4846 deinde
614 4789 919 4843 Pandect:e
980 4784 1320 4838 Florentium
1392 4785 1713 4841 Tertullum
1774 4788 1994 4864 legunt,

2112 4621 2213 4675 pro
2246 4620 2404 4659 more
2436 4603 2768 4659 Christiano
2797 4604 2955 4675 Toga
3004 4605 3253 4662 dimissa
3302 4608 3551 4666 Pallium
3582 4612 3758 4668 indu-

2109 4698 2206 4748 tus
2238 4698 2411 4758 esset,
2440 4692 2665 4748 amicus
2697 4693 2989 4765 quispiam
3041 4696 3255 4765 objecit
3296 4701 3398 4752 44
3450 4702 3530 4755 Ita
3560 4719 3593 4755 α
3626 4704 3759 4773 Toga

2106 4782 2174 4836 ad
2210 4782 2498 4836 Pallium!
2547 4782 2646 4836 Cui
2708 4782 2863 4837 inter
2915 4787 3123 4839 caetera
3181 4787 3529 4857 respondet:
3563 4796 3756 4862 Atego

340 4878 613 4937 fortassis
644 4877 936 4942 eumdem,
969 4873 1067 4946 qui
1102 4873 1277 4928 etiam
1310 4872 1500 4929 dictus
1532 4877 1631 4930 43
1665 4878 1729 4941 Ο.
1764 4877 1992 4933 Flavius
2094 4872 2222 4942 jam
2252 4872 2343 4925 illi
2372 4874 2542 4924 etiam
2573 4870 2774 4926 divina:
2822 4880 2985 4929 secta?
3013 4888 3078 4927 ac
3121 4872 3432 4946 disciplinas
3483 4894 3756 4934 commer-

413 5058 486 5129 (2)
516 5056 606 5112 Sic
639 5059 845 5127 praeter
886 5053 1067 5107 libros
1117 5056 1325 5129 mstos.
1368 5052 1988 5129 jamuAngelus‘Poli-

335 5124 534 5185 tianus
562 5124 857 5183 auctorem
891 5130 1154 5180 nostrum
1191 5124 1443 5193 signavit
1477 5124 1577 5178 lib.
1613 5142 1688 5190 1v,
1724 5124 1893 5196 epist.
1932 5144 1985 5194 v,

335 5202 407 5257 de
436 5200 802 5257 Nominibus.
832 5199 923 5252 Sic
970 5197 1218 5266 ipsemet
1262 5200 1463 5249 auctor
1496 5202 1713 5259 noster,
1761 5199 1829 5252 de
1865 5200 1981 5253 Vir-

2099 5051 2488 5105 memineritis.
2521 5049 2739 5105 Similis
2768 5054 2857 5105 est
2914 5048 3178 5105 clausula
3227 5051 3329 5107 libi
3381 5052 3449 5109 de
3479 5055 3752 5111 Exhorta-

2096 5124 2245 5176 tione
2287 5123 2592 5176 castitatis:
2650 5122 2907 5176 Memento
2956 5123 3013 5174 in
3065 5124 3409 5180 orationibus
3458 5128 3567 5181 tui:
3600 5127 3750 5184 TER-

2096 5194 2404 5251 TULLIAN!
2461 5195 2828 5249 exhortantis.
2895 5195 2977 5247 Ita
3046 5193 3186 5245 edit.
3249 5197 3435 5251 Paris.
3501 5199 3747 5255 Franck.

331 5276 554 5343 gz‘nibus
598 5270 869 5335 vetandis,
932 5262 1263 5322 cfultiino:
1322 5269 1449 5343 [tam
1498 5284 1622 5320 cum
1680 5269 1818 5322 bona
1846 5287 1983 5343 pace
2089 5264 2328 5343 _V_cueta.
2365 5265 2653 5343 Rigaltius
2685 5272 2879 5343 autem
2915 5262 3266 5343 ultimahtso
3301 5268 3474 5343 verba
3509 5272 3745 5327 omisit;

329 5338 633 5416 tegentibus
697 5344 1009 5416 ιιίιιίιιξιιςηιΔ
1066 5338 1449 5416 consuetudini
1515 5342 1975 5416 prafponentilms,

326 5410 443 5488 pili:
489 5421 537 5471 et
570 5417 751 5483 gratia
780 5432 811 5466 α
835 5412 1313 5488 _D_o(n_ino_-nAoslro
1361 5410 1487 5488 1Iesu
1516 5411 1816 5488 _redundet,
1850 5410 1975 5488 cum

324 5472 634 5544 snp'mi'o
694 5480 1248 5552 'I‘EltTULLtaNO,
1286 5480 1441 5552 cujus
1507 5482 1604 5535 hoc
1656 5472 1975 5552 opusculum

324 5567 420 5618 est.
457 5560 679 5616 Similis
710 5563 798 5614 est
826 5554 1090 5610 clausula
1122 5551 1251 5606 libri
1288 5551 1353 5605 de
1386 5551 1705 5621 Buplismo:
1742 5557 1971 5611 Tantum

326 5650 422 5691 oro
457 5643 510 5688 ut
539 5650 661 5688 cum
708 5630 892 5703 petitis
939 5627 1106 5683 etiam
1152 5623 1638 5681 TERTULLIANI
1661 5631 1967 5699 peccatoris

2089 5336 2227 5391 hinc
2255 5338 2325 5391 ab
2384 5336 2498 5391 alia
2558 5354 2732 5390 manu
2797 5335 2977 5389 fuisse
3036 5335 3285 5404 adjecta,
3348 5339 3508 5394 nullo
3544 5345 3742 5397 tamen

2085 5409 2311 5463 favente
2347 5414 2520 5469 msto,
2553 5414 2679 5461 tum
2714 5406 2928 5461 Salom.
2965 5404 3208 5474 Semler,
3242 5413 3367 5465 tum
3404 5411 3461 5466 E.
3500 5415 3556 5465 Ρ.
3596 5418 3737 5469 Leo-

2083 5480 2215 5556 pold
2245 5480 2436 5556 visum
2484 5486 2572 5556 est
2627 5494 2875 5556 prorsus
2925 5477 3261 5537 indubium.
3316 5482 3399 5537 Cf.
3468 5488 3741 5556 Lumper,

2081 5549 2441 5628 Hist._thcol.
2475 5550 2603 5605 crit.
2654 5555 2745 5603 SS.
2802 5550 2903 5605 PP.
2955 5567 3091 5623 pars
3138 5568 3218 5623 vr,
3279 5556 3506 5628 oap._i,
3542 5549 3654 5614 art.
3691 5549 3734 5628 I,

2079 5627 2202 5679 not.
2238 5623 2293 5677 b.

3407 5624 3546 5683 Enn.
