4148 6184
349 246 412 305 81
1642 248 2175 311 TEBTULLIANI
2222 252 2429 312 VITA.
3656 255 3736 316 82

350 380 483 433 cium
509 380 738 450 confero.
763 378 958 451 Gaude,
989 382 1256 452 Pallium,
1289 386 1339 439 et
1370 384 1603 452 exsulta,
1634 383 1834 438 melior
1851 382 1973 453 jam
2001 380 2056 448 Α
2087 381 2251 451 chas,
2286 399 2416 439 cum
2475 382 2604 440 aliis
2663 384 3091 456 compluribus,
3137 400 3387 456 quorum
3433 385 3586 442 intra
3635 386 3733 443 ﬁet

348 472 393 521 te
441 467 788 540 Philasaphia
841 471 1070 542 dignata
1130 477 1244 541 est,
1303 490 1373 529 ea:
1431 491 1534 545 quo
1594 473 1965 528 Christianum

342 557 516 610 vestire
547 558 752 628 carpisti
786 560 922 629 (Lib.
954 561 1018 615 de
1048 562 1189 617 Pall.
1223 580 1274 617 c.
1307 563 1359 617 5.
1415 563 1547 618 Ibid.
1582 564 1713 618 ενδ.
1746 562 1880 617 Ibid.
1914 577 1963 616 ε.

340 646 403 711 3).
434 645 641 701 Verum
675 665 788 703 non
831 650 1068 721 perinde
1116 651 1365 724 intelligi
1418 658 1628 723 potest,
1664 652 1803 725 quid
1855 652 1965 707 sibi

337 733 499 788 velint
528 736 793 805 ejusdem
845 739 978 795 libri
1011 742 1184 798 verba
1218 761 1229 799 :
1266 743 1367 799 Sed
1416 761 1617 799 vanum
1650 742 1769 814 jam
1819 742 1963 796 anti-

333 824 523 893 quitas,
564 826 777 896 quando
834 830 1124 887 curricula
1180 836 1363 888 nostra
1419 850 1622 889 coram.
1686 833 1963 900 Quantum

332 915 635 981 reformavit
682 917 827 973 orbis
871 922 1133 976 saeculum
1183 923 1375 978 istud!
1419 924 1695 991 Quantum
1743 922 1965 977 urbium

332 1006 415 1055 aut
434 1003 698 1073 produxit
726 1016 824 1063 aut
852 1012 1016 1064 auxit
1047 1020 1151 1066 aut
1174 1013 1410 1068 reddidit
1424 1016 1712 1084 praesentis
1732 1014 1965 1085 Imperii

328 1092 519 1161 triplex
571 1096 769 1151 virtus.
807 1098 911 1153 Deo
960 1103 1037 1156 tot
1075 1104 1331 1172 Augustis
1374 1106 1430 1157 in
1480 1120 1654 1158 unum
1700 1106 1963 1174 favente!

328 1180 451 1247 Quot
505 1197 697 1238 census
754 1191 1078 1260 transeripti
1118 1196 1137 1244 !
1197 1191 1331 1259 Quot
1365 1192 1559 1264 populi
1614 1196 1905 1265 repugnati
1944 1201 1962 1250 !

328 1268 448 1335 Quot
494 1272 713 1327 ordines
764 1276 1078 1333 illustrati!
1110 1280 1243 1347 Quot
1291 1282 1529 1336 Barbari
1573 1283 1790 1337 exclusi
1812 1288 1829 1337 Ι
1860 1284 1961 1337 Re-

328 1374 443 1413 vera
469 1360 614 1415 orbis
657 1365 1028 1421 cultissimum
1076 1368 1237 1439 hujus
1266 1371 1495 1440 Imperii
1521 1388 1618 1425 rus
1652 1375 1748 1439 est,
1778 1371 1961 1426 eradi~

322 1452 427 1502 cato
454 1452 606 1504 omni
634 1455 849 1510 aconita
872 1456 1271 1523 hastilitatis,et
1299 1465 1451 1514 caelo
1476 1468 1527 1515 et
1556 1462 1691 1515 rubo
1721 1460 1964 1517 subdola?

324 1538 743 1610 familiaritatis,
789 1547 1061 1600 consitum
1108 1550 1157 1601 et
1204 1563 1482 1605 ameenum
1527 1566 1693 1621 super
1742 1551 1963 1605 Alcinoi

322 1631 573 1694 pometum
626 1638 679 1685 et
726 1632 892 1690 Midae
938 1646 1206 1691 rasetum.
1245 1637 1305 1692 Id
1339 1639 1574 1709 quidem
1620 1639 1953 1695 Rhenanus.

326 1712 862 1826 ‘Magdeburgenses,
896 1721 1110 1795 aliique
1159 1742 1292 1780 eum
1325 1726 1511 1782 secuti
1541 1727 1622 1783 ita
1670 1727 1955 1800 interpre-
1989 1762 2037 1826 Β

324 1804 522 1868 tantur,
558 1810 624 1860 ut
676 1823 780 1879 per
829 1811 1111 1883 Triplicem
1162 1812 1390 1884 Imperii
1439 1817 1695 1871 virtutem
1746 1816 1961 1871 intelli-

326 1896 452 1961 gant
479 1897 757 1953 Severum
805 1902 1158 1972 Augustum,
1192 1909 1248 1957 et
1274 1906 1661 1960 Pescennium
1689 1906 1958 1977 Nigrum,

328 1994 385 2033 ac
435 1980 744 2040 Claudium
802 1988 1079 2046 Albinum
1134 1996 1398 2064 Caesares,
1435 2012 1685 2066 quorum
1744 1994 1827 2049 illi
1888 1995 1961 2050 ab

329 2070 666 2129 exercitibus
716 2076 774 2130 in
828 2076 1139 2136 Pannoniis
1168 2086 1224 2138 et
1253 2082 1509 2151 Oriente,
1541 2084 1634 2139 hic
1669 2086 1725 2139 in
1776 2083 1963 2139 Gallia

326 2156 498 2214 Caesar
544 2162 741 2220 dictus
791 2172 897 2222 est.
930 2169 1036 2225 Sed
1087 2170 1213 2242 ipse
1252 2172 1364 2227 sibi
1415 2174 1762 2229 contradicit
1811 2173 1960 2229 Bhe-

326 2262 519 2315 nanus,
553 2267 693 2307 cum
753 2254 968 2312 fatetur
1024 2260 1208 2317 invito
1255 2267 1462 2318 Severo
1512 2264 1567 2318 id
1622 2264 1838 2319 factum
1891 2264 1961 2318 de

328 2333 650 2413 Pescennio,
675 2348 731 2398 et
767 2351 1082 2419 utrumque
1112 2350 1183 2405 ab
1216 2350 1318 2405 illo
1350 2352 1580 2408 hostem
1602 2353 1959 2424 judicatum,

326 2430 427 2479 ete
456 2428 599 2485 vivis
654 2433 953 2492 sublatum
1006 2445 1226 2510 postea.
1261 2441 1383 2496 Non
1432 2444 1645 2513 poterit
1672 2442 1853 2511 igitur
1901 2443 1957 2497 in

326 2516 470 2569 tanta
490 2519 673 2575 trium
695 2525 987 2581 Caesarum
1010 2528 1313 2585 simultate
1334 2533 1763 2587 accommodari
1788 2532 1956 2587 illud:

329 2603 421 2659 Dea
448 2613 523 2661 tot
553 2610 821 2682 Augustis
852 2617 909 2669 in
943 2633 1115 2673 unum
1156 2622 1396 2689 favente,
1432 2621 1618 2677 multo
1661 2639 1795 2677 vero
1845 2622 1957 2677 mi-

326 2708 423 2747 nus
452 2695 594 2752 illud
630 2715 645 2754 :
674 2702 949 2762 eradicato
998 2710 1152 2763 omni
1196 2712 1416 2765 aconita
1464 2712 1799 2767 hostilitatis.
1835 2712 1955 2767 Imo

323 2795 442 2837 cum
497 2784 596 2841 illa
668 2791 847 2847 trium
906 2793 1199 2851 Caesarum
1276 2799 1454 2853 variis
1511 2800 1571 2854 in
1637 2800 1954 2856 Provinciis

324 2869 550 2930 delectio
600 2879 917 2951 contigerit
971 2885 1169 2941 statim
1226 2887 1395 2943 initio
1451 2888 1687 2959 Imperii
1738 2888 1952 2959 Severi,

323 2960 545 3019 minime
576 2970 892 3026 convenire
923 2977 1109 3043 potest
1142 2992 1273 3030 cum
1304 2977 1494 3033 verbis
1526 2978 1903 3047 sequentibus
1938 2994 1949 3031 :

322 3048 441 3114 Quot
467 3068 664 3110 census
710 3063 1068 3133 transcripti!
1098 3067 1234 3131 etc.,
1266 3074 1390 3136 quot
1419 3067 1659 3120 Barbari
1703 3068 1952 3121 exclusi!

2076 473 2314 528 mentio.
2349 474 2389 528 E
2415 475 2632 546 quibus
2664 491 2767 547 pro
2795 476 2890 531 45
2920 478 3117 529 nostra
3156 475 3445 530 sententia
3487 474 3728 547 faciunt,

2068 550 2191 621 jam
2228 567 2357 634 post
2389 565 2649 619 occisum
2681 565 2925 637 Nigrum
2960 563 3243 635 publicati
3274 564 3369 619 isti
3406 581 3417 619 :
3452 581 3577 619 IMP.
3597 582 3730 621 cras.

2075 668 2130 706 D.
2163 670 2406 708 CLAUDIO
2438 672 2590 710 SEPT.
2624 672 2750 710 ΑΕΒ.
2787 672 2907 709 COS.
2941 672 3003 708 Il.
3040 672 3268 709 MONETA
3298 671 3430 709 AUG.
3465 671 3545 709 CS.
3579 671 3724 709 VICT.

2075 749 2317 797 sumant
2349 762 2620 800 MINERVE
2652 762 2937 799 matri:an
2976 761 3206 799 smcuno
3254 759 3549 799 roscunno
3578 762 3591 811 ;
3628 747 3730 799 aut

2076 831 2327 904 denigue
2362 851 2373 889 :
2409 852 2727 903 seuerus;
2765 853 2891 907 quas
2943 835 3140 890 omnia
3190 834 3478 906 pertinere
3525 833 3727 889 viden-

2074 924 2171 976 tur
2201 924 2270 978 ad
2304 923 2471 991 illud,
2504 926 2787 981 eradicato
2819 926 2971 980 omni
2998 926 3218 981 aconita
3250 924 3601 979 hostilitatis.

2146 1012 2197 1065 5.
2234 1012 2313 1067 De
2341 1014 2625 1069 Antonino
2677 1019 2874 1068 autem
2921 1014 3108 1069 Severi
3162 1012 3305 1080 ﬁlio,
3351 1013 3505 1084 quod
3550 1011 3727 1068 etiam

2065 1100 2190 1171 jam
2224 1102 2359 1157 inde
2389 1102 2631 1158 Cmsaris
2660 1102 2831 1157 titulo
2866 1102 3184 1175 insignitus
3218 1103 3410 1167 fuerit,
3439 1102 3553 1157 duo
3587 1104 3729 1157 sunt

2072 1207 2199 1260 quae
2231 1191 2624 1261 conjecturam
2661 1192 3015 1247 conﬁrmant
3056 1196 3341 1262 nostram,
3376 1196 3502 1246 tum
3550 1190 3642 1246 lex
3674 1192 3725 1263 1,

2073 1279 2143 1333 de
2174 1280 2501 1337 inofﬁcioso
2534 1283 2909 1337 Testamento
2941 1282 3076 1337 Cod.
3114 1280 3155 1353 Ι,
3188 1282 3242 1349 3,
3276 1298 3453 1351 quam
3485 1280 3729 1351 rescrip-

2072 1374 2275 1424 serunt
2312 1372 2561 1427 Severus
2592 1376 2647 1427 et
2674 1371 3011 1426 Antoninus
3038 1370 3161 1426 Kal.
3198 1369 3371 1427 Juliis
3400 1369 3642 1425 Falcone
3671 1373 3729 1424 et

2070 1456 2236 1514 Claro
2286 1464 2471 1526 Coss.,
2506 1477 2755 1533 quorum
2811 1459 3165 1515 Consulatus
3208 1459 3415 1515 incidit
3462 1459 3578 1513 ini
3620 1476 3725 1514 an-

2070 1562 2213 1601 num
2240 1548 2466 1617 Severi;
2491 1553 2616 1604 tum
2645 1549 2765 1604 haec
2788 1548 3170 1605 numismatis
3192 1548 3501 1621 inscriptio
3524 1564 3537 1602 :
3561 1565 3723 1603 IMPP.

2070 1652 2281 1691 INVICTI
2342 1654 2422 1692 PII
2477 1654 2613 1693 suo.
2649 1638 2802 1708 (cum
2862 1637 3051 1692 Severi
3104 1637 3295 1709 efﬁgie
3341 1642 3397 1691 et
3439 1636 3725 1691 Antonini

2069 1724 2263 1781 adhuc
2294 1728 2459 1798 pueri
2492 1727 2794 1797 imberbis)
2843 1744 3102 1782 VICTORIA
3143 1743 3423 1781 mamma
3472 1744 3720 1781 summa.

2071 1817 2204 1881 Quae
2250 1816 2393 1870 adeo
2443 1816 2643 1872 referri
2694 1821 2885 1887 potest
2934 1817 3004 1871 ad
3057 1815 3202 1870 illud
3249 1831 3262 1872 :
3313 1816 3452 1883 Quot
3500 1816 3724 1870 barbari

2071 1905 2331 1959 exclusi!
2356 1904 2510 1959 sicut
2538 1910 2595 1960 et
2628 1906 2741 1961 ista.
2776 1921 2788 1960 :
2825 1922 2875 1959 L.
2909 1921 3061 1960 snp'r.
3093 1921 3212 1959 szv.
3248 1921 3408 1959 pnn'r.
3439 1920 3573 1959 sua.
3596 1920 3717 1958 IMP.

2072 2010 2135 2047 Il.
2186 2011 2353 2049 ARAB.
2388 2011 2515 2048 PAR.
2550 2011 2740 2049 ADIAB.
2784 2010 2904 2049 COS.
2937 2010 2999 2049 II.
3050 2011 3139 2049 PP.
3174 2010 3256 2049 SC.
3301 1992 3552 2048 maxime
3583 2009 3721 2047 COD-

2071 2082 2357 2138 sentienle
2387 2082 2695 2153 Spartiano
2721 2082 2779 2137 in
2804 2084 2923 2138 haec
2946 2084 3119 2138 verba
3146 2089 3272 2152 post
3290 2082 3451 2154 Nigri
3474 2082 3719 2138 caedem:

2069 2172 2273 2228 Deinde
2299 2175 2451 2227 circa
2496 2172 2754 2227 Arabiam
2782 2173 2947 2244 plura
2989 2174 3177 2242 gessit,
3208 2172 3433 2227 Parthis
3461 2173 3629 2226 etiam
3662 2174 3724 2227 in

2072 2260 2401 2317 deditionem
2432 2262 2689 2328 redactis,
2744 2278 2957 2317 necnon
2992 2266 3043 2316 et
3094 2262 3387 2315 Adiabenis
3416 2276 3510 2332 quz
3541 2276 3725 2316 omnes

2070 2366 2195 2404 cum
2243 2352 2538 2405 Pescennio
2593 2358 2892 2405 senserunt.
2955 2351 3124 2420 Atque
3180 2349 3243 2404 ob
3296 2356 3393 2404 hoc
3449 2365 3720 2415 reversus,

2069 2440 2351 2508 Arabicus,
2384 2440 2693 2506 Parthicus,
2725 2440 3113 2507 Adiabenicus,
3146 2439 3454 2509 appellatus
3499 2448 3600 2508 est,
3632 2438 3723 2494 sed

2070 2529 2406 2599 triumphum
2438 2530 2663 2601 respuit,
2683 2546 2752 2583 ne
2781 2530 3071 2584 videretur
3099 2529 3164 2583 de
3191 2529 3345 2583 civili
3369 2526 3720 2599 triumphare

2066 2619 2317 2673 victoria.
2353 2618 2597 2689 Insuper
2640 2625 2696 2673 et
2725 2618 2973 2673 Eusebio
3024 2620 3147 2687 (seu
3193 2618 3389 2689 potius
3421 2621 3482 2671 Β.
3514 2617 3714 2672 Hiero-

2068 2723 2264 2778 nymo,
2298 2708 2397 2777 qui
2432 2708 2616 2762 multa
2646 2709 2717 2762 ad
2748 2706 2985 2762 Latinos
3033 2706 3390 2778 pertinentia
3419 2706 3719 2761 (Jbronicis

2064 2796 2253 2867 ipsius
2284 2795 2641 2867 interseruit)
2674 2796 2773 2867 qui
2803 2795 3020 2851 bellum
3049 2796 3380 2861 Judaicum,
3412 2795 3715 2850 Samariti-

2064 2900 2320 2954 cumque
2349 2901 2415 2940 ac
2446 2884 2780 2939 Parthicum
2815 2884 2953 2939 caedi
2985 2883 3180 2937 Albini
3214 2884 3535 2954 praeponit;
3570 2900 3715 2953 que-

2064 2974 2338 3028 madmod
2349 2991 2448 3029 um
2472 2974 2645 3028 etiam
2662 2972 3071 3040 Orosius,Joan
3084 2989 3184 3027 nes
3198 2971 3713 3042 Zonaras,etHugo

2062 3061 2469 3119 Floriacensis.
2500 3064 2617 3119 Nec
2647 3063 2860 3130 obstat,
2881 3062 3036 3133 quod
3070 3061 3434 3117 Herodianus
3466 3059 3714 3115 dilatum

317 3139 555 3200 Quorum
606 3130 974 3215 postremum
1028 3130 1310 3223 majorem
1360 3154 1707 3226 scrupulum
1742 3155 1952 3225 injicit,
1983 3130 2026 3199 C
2065 3152 2257 3207 adhuc
2283 3153 2504 3208 scribat
2539 3151 2758 3207 bellum
2792 3130 3145 3216 Parthicum,
3180 3154 3304 3206 tum
3359 3151 3516 3222 quod
3570 3150 3716 3204 ﬁdes

316 3229 452 3314 quod
482 3232 621 3288 inde
655 3242 905 3303 constat,
937 3256 1052 3295 non
1085 3241 1196 3297 nisi
1230 3246 1361 3314 post
1407 3245 1655 3300 exclusos
1688 3246 1953 3301 barbaros

317 3313 457 3371 hunc
508 3319 729 3379 librum
790 3313 1305 3401 conscriptumpid
1364 3336 1471 3399 est,
1506 3338 1639 3404 post
1695 3334 1950 3389 devictos

317 3406 533 3473 Arabas,
589 3411 836 3470 Parthos
895 3421 951 3472 et
1006 3420 1358 3476 Adiabenos.
1390 3422 1551 3485 Quod
1612 3423 1829 3494 itaque,
1890 3423 1949 3477 in

317 3497 657 3565 Argumento
689 3507 748 3558 et
778 3508 1278 3565 Annotationibus
1331 3511 1570 3577 nostris,
1606 3512 1675 3567 ad
1727 3528 1947 3567 annum

312 3580 413 3637 fere
438 3587 715 3655 quintum
746 3594 1059 3652 retulimus
1090 3597 1323 3669 Imperii
1372 3599 1586 3665 Severi,
1620 3601 1689 3654 ad
1725 3617 1946 3655 annum

313 3672 532 3760 tertium
579 3679 782 3750 potius
835 3684 1116 3755 applicari
1170 3692 1436 3758 oportere
1488 3692 1690 3760 postea
1746 3689 1948 3760 depre-

312 3756 634 3834 hendimus,
681 3785 816 3826 cum
876 3790 1028 3829 anno
1086 3781 1295 3846 quarto
1356 3794 1388 3831 a
1441 3778 1649 3833 Severo
1705 3777 1949 3833 deﬁcere

311 3848 536 3936 Albinus
587 3859 850 3929 coeperit,
884 3865 942 3916 et
988 3880 1141 3919 anno
1196 3865 1401 3936 quinto
1454 3865 1798 3921 interfectus
1848 3866 1943 3922 sit.

314 3935 495 4009 Itaque
544 3943 985 4016 Imperantibus
1036 3956 1175 4007 tunc
1217 3935 1350 4009 iuna
1404 3954 1611 4010 Severo
1666 3944 1945 4028 Augusto,

312 4031 590 4115 antonino
640 4036 772 4107 ejus
825 4037 966 4106 ﬁlio,
998 4045 1054 4096 et
1103 4043 1258 4099 dicto
1302 4044 1527 4114 Albino,
1578 4050 1781 4115 pacato
1821 4046 1945 4115 jam

311 4113 564 4189 Imperio,
600 4128 804 4194 utpote
836 4127 1076 4185 devictis
1101 4132 1221 4200 jam
1256 4148 1322 4187 ac
1352 4113 1663 4199 occisia—et
1692 4113 1943 4201 Iuliano,

310 4205 398 4345 ξῆᾳὶ
428 4210 617 4267 occiso
662 4212 967 4273 Pertinace
998 4217 1143 4274 illud
1176 4219 1489 4288 invaserat,
1521 4225 1577 4276 et
1623 4221 1944 4278 Pescennio

356 4309 488 4345 ΙΩΓΟ-

356 4309 488 4364 igro.

371 4383 416 4439 4.
435 4386 499 4441 Et
518 4404 655 4445 vero
678 4392 748 4447 de
772 4394 979 4452 Albino
1010 4397 1245 4469 Imperii
1278 4403 1543 4455 consorte
1571 4399 1946 4456 consentiunt

2064 3242 2253 3312 major
2281 3241 2483 3297 haberi
2516 3242 2723 3296 debeat
2754 3241 2957 3295 Latino
2989 3256 3167 3311 quam
3198 3243 3393 3295 Graeco
3422 3238 3715 3307 scriptori,

2063 3330 2165 3401 qui
2200 3329 2426 3384 nullum
2460 3329 2720 3386 historiae
2754 3329 3019 3385 ordinem
3048 3328 3393 3394 observavit,
3413 3332 3538 3382 tum
3561 3326 3717 3399 quod

2060 3418 2405 3489 Spartianus
2455 3418 2830 3489 postmodum
2863 3417 3076 3473 iterum
3125 3418 3451 3489 profectum
3498 3416 3718 3472 scribat

2058 3507 2117 3561 in
2149 3507 2391 3575 Arabas,
2428 3507 2670 3563 Parthos
2712 3512 2768 3563 et
2816 3507 3170 3575 Adiabenos,
3204 3510 3260 3561 et
3308 3505 3460 3562 bello
3511 3510 3715 3561 contra

2058 3611 2157 3651 eos
2207 3596 2466 3652 confecto
2515 3596 2884 3668 triumphum
2939 3596 3148 3668 egisse,
3183 3596 3457 3651 eumdem
3504 3610 3714 3667 nempe

2059 3686 2131 3739 de
2187 3701 2303 3756 quo
2362 3685 2513 3741 infra
2572 3701 2723 3741 anno
2780 3684 2975 3740 Severi
3030 3702 3107 3752 x;
3170 3684 3518 3756 prasertim,
3578 3698 3712 3738 cum

2058 3778 2286 3829 exstent
2314 3777 2369 3829 et
2397 3774 2758 3829 Marmorum
2783 3773 3246 3829 etNummorum
3277 3772 3711 3843 inscriptiones,

2057 3861 2116 3917 in
2151 3864 2367 3935 quibus
2414 3863 2505 3919 bis
2553 3862 2863 3918 Parthicus
2914 3866 3304 3934 nuncupatur.
3341 3860 3542 3917 Altera
3572 3862 3711 3915 anni

2055 3968 2135 4019 χι,
2171 3953 2435 4023 ejusdem
2468 3952 2526 4007 in
2557 3954 2706 4006 Arcu
2760 3950 3026 4023 Septimii
3060 3954 3252 4005 Roma
3288 3965 3301 4005 :
3336 3965 3455 4005 ηερ.
3489 3966 3623 4005 oms.
3659 3968 3708 4006 ι.

2057 4058 2213 4098 SEPT.
2248 4059 2312 4097 M.
2350 4059 2399 4097 Ρ.
2436 4058 2669 4097 SEVERO.
2696 4057 2810 4096 PIO.
2838 4057 3006 4095 PERT.
3026 4056 3162 4095 AUG.
3190 4057 3242 4094 P.
3270 4055 3323 4093 P.
3357 4053 3514 4094 ΡΑιιΤ.
3537 4056 3706 4092 ARAB.

2055 4148 2221 4186 PART.
2271 4148 2463 4187 ADIAB.
2500 4147 2663 4185 PONT.
2701 4146 2863 4185 MAXI.
2896 4146 3052 4185 TRIB.
3100 4145 3291 4184 POTES.
3320 4145 3397 4183 XI.
3445 4144 3567 4182 COS.
3617 4143 3704 4181 III.

2055 4238 2291 4277 PROCOS.
2325 4238 2393 4276 ET
2418 4238 2541 4275 IMP.
2574 4236 2710 4275 (ΗΕΒ.
2745 4238 2810 4274 Μ.
2842 4236 3051 4275 AUREL.
3084 4236 3132 4273 L.
3168 4236 3221 4273 1⁷³.
3252 4233 3537 4273 ANTONINO
3567 4231 3703 4271 AUG.

2055 4328 2149 4367 ΡΙο
2180 4327 2381 4366 FELICI.
2414 4327 2567 4365 TRIB.
2604 4326 2724 4365 POT.
2768 4326 2844 4363 VI.
2878 4324 2998 4363 COS.
3034 4324 3265 4363 PROCOS.
3300 4323 3353 4361 P.
3387 4323 3441 4361 Ρ.
3474 4312 3704 4360 0PTIMIS

2052 4416 2466 4463 FORTISSIMISQ.
2501 4415 2889 4455 PRINCIPIBUS.
2923 4413 3253 4453 INSIGNIBUS
3284 4410 3484 4451 EORUM
3508 4410 3707 4450 νωτο-

314 4484 514 4532 omnes.
549 4477 701 4535 Nam
737 4482 906 4552 juxta
951 4490 1153 4543 Festos
1184 4488 1551 4555 Consulares,
1585 4488 1781 4544 statim
1813 4493 1945 4560 post
1970 4508 2020 4575 D
2051 4506 2220 4545 rusus
2252 4506 2394 4545 nom
2435 4505 2656 4551 FORISQ.
2692 4505 2739 4543 s.
2775 4505 2829 4543 Ρ.
2865 4504 2916 4549 Q.
2960 4503 3016 4541 Β.
3052 4486 3204 4541 Anni
3242 4503 3335 4551 xv,
3388 4484 3571 4541 altera
3604 4502 3616 4540 :
3652 4502 3704 4539 L.

315 4570 557 4634 acceptos
582 4584 790 4626 omnes
813 4573 1040 4645 Imperii
1061 4576 1656 4633 titulos.D.CL.wnws
1684 4584 1939 4634 Amemus

316 4662 374 4700 ΑΒ
403 4668 497 4707 ΜΡ.
528 4672 673 4713 ειεε.
707 4677 754 4714 [ι.
790 4678 1053 4720 SEPTIMIO
1085 4680 1297 4721 SEVERO
1327 4684 1460 4723 AUG.
1495 4683 1689 4722 CiESAR
1733 4684 1939 4722 APPEL-

316 4750 471 4796 tarus
500 4761 601 4800 ssr
632 4763 645 4802 :
677 4752 733 4804 et
750 4766 899 4808 anno
917 4755 1185 4826 sequenti
1216 4756 1593 4811 Consulatum
1618 4756 1751 4811 iniit
1770 4758 1940 4812 Seve-

316 4839 399 4881 rus
426 4847 554 4888 cum
584 4836 919 4912 Albino,qui
945 4844 1069 4913 jam
1104 4844 1243 4901 inde
1272 4846 1444 4901 etiam
1477 4862 1788 4902 ssp'rmws
1816 4846 1939 4901 dio-

315 4915 396 4969 tus
423 4924 525 4989 est,
558 4930 849 4994 quantum
897 4937 1161 5003 apparet,
1193 4933 1249 4988 in
1286 4935 1478 4990 Severi
1527 4935 1799 5008 gratiam.
1834 4934 1941 5000 Qui

314 5016 368 5102 ea
394 5008 558 5102 etiam
611 5012 831 5072 honore
860 5017 1025 5074 illum
1060 5028 1409 5093 prosecutus
1441 5028 1529 5079 est
1572 5028 1637 5078 ut
1667 5040 1942 5079 nummos

319 5100 426 5185 9J1le
471 5100 729 5174 imagine
777 5107 947 5177 (teste
978 5111 1306 5183 Spartiano)
1355 5112 1627 5185 insigniri
1670 5113 1937 5183 jusserit,

317 5184 401 5273 qui
425 5188 742 5248 etiamnum
774 5196 851 5267 (3)
882 5204 1110 5254 exstant
1139 5216 1269 5255 cum
1303 5201 1789 5273 inscriptionibus
1821 5207 1939 5256 tam

313 5268 503 5360 graecis
557 5297 735 5351 quam
797 5286 1019 5342 Latinis
1077 5291 1231 5360 apud
1286 5291 1610 5346 Generosos
1664 5291 1943 5346 Dominos

314 5357 552 5423 Marcum
588 5376 645 5427 et
674 5372 1002 5432 Guidonem
1035 5357 1316 5435 Laurinos
1368 5379 1689 5436 Watreﬂeti
1719 5380 1943 5452 Topar-

2052 4597 2174 4636 SEP.
2209 4597 2329 4635 SEV.
2362 4594 2498 4634 Αυα.
2534 4595 2659 4633 IMP.
2693 4592 2794 4632 XII.
2829 4593 2994 4632 PART.
3025 4592 3194 4631 ARAB.
3229 4592 3393 4630 PART.
3428 4589 3701 4629 ADIABJV.

2050 4686 2104 4723 ι.
2132 4684 2459 4724 PBOFECTIO.
2484 4670 2937 4736 AUG.,quantum
2958 4669 3218 4737 apparet,
3240 4664 3297 4718 in
3318 4663 3701 4719 Britanniam.

2051 4759 2309 4822 Quarum
2343 4756 2519 4828 priori
2553 4755 2765 4827 partim
2798 4755 2977 4810 etiam
3010 4754 3334 4826 explicatur
3363 4752 3507 4807 illud
3539 4755 3705 4822 :quot

2047 4848 2239 4919 papuli
2284 4846 2620 4915 repugnati!
2666 4843 3170 4907 Quemadmodum
3217 4846 3271 4897 et
3323 4840 3516 4895 illud:
3576 4845 3704 4911 quot

2050 4936 2268 4991 ordines
2297 4932 2607 4988 illustrati!
2636 4932 2706 4985 de
2738 4930 3055 4985 Ordinibus
3106 4945 3316 5001 nempe
3347 4945 3449 4983 sen
3496 4927 3700 4999 Legio-

2053 5024 2227 5079 nibus
2248 5021 2618 5084 Militaribus,
2642 5035 2743 5090 per
2769 5020 3186 5089 inscriptiones
3217 5033 3504 5072 annorum
3534 5020 3698 5071 Seve.

2050 5130 2113 5183 II,
2170 5130 2255 5178 III,
2302 5128 2365 5165 ao
2416 5127 2491 5178 IV,
2524 5110 2709 5176 istas;
2744 5124 2868 5162 IMP.
2921 5125 3058 5163 oms.
3112 5126 3162 5162 L.
3214 5123 3333 5161 sev.
3385 5111 3493 5161 etc.
3543 5122 3697 5161 TRIB.

2051 5219 2177 5258 po'r.
2212 5220 2273 5257 ιι.
2307 5217 2430 5256 IMP.
2466 5216 2541 5254 ιν.
2562 5214 2683 5252 cos.
2712 5214 2774 5252 ιι.
2802 5214 3035 5252 paocos.
3065 5214 3112 5251 p.
3143 5213 3193 5251 Ρ.
3223 5196 3373 5251 Ordo
3400 5212 3559 5251 cws.
3596 5200 3651 5249 et
3683 5210 3697 5248 :

2049 5309 2202 5348 VIRG.
2240 5308 2393 5346 DIAN.
2429 5305 2589 5345 SACR.
2626 5304 2735 5341 PRO
2767 5303 2978 5341 SALUTE
3005 5304 3128 5341 IMP.
3163 5303 3212 5341 L.
3247 5302 3401 5341 SEPT.
3435 5301 3554 5339 SEV.
3588 5287 3699 5337 etc.

2050 5398 2205 5437 TRIB.
2240 5397 2364 5436 POT.
2396 5394 2481 5434 III.
2512 5392 2638 5433 IMP.
2662 5375 2884 5431 ν.οτόο
2913 5391 3075 5431 CLUS.
3109 5392 3175 5431 ΕΟ
3210 5390 3223 5430 ἶ
3259 5391 3384 5430 ΙΜΡ.
3418 5389 3554 5429 CES.
3589 5376 3700 5427 etc.

380 5581 449 5654 (3)
477 5584 709 5646 Scilicet
738 5590 893 5647 circa
924 5607 1147 5650 annum
1177 5594 1336 5666 1579,
1370 5611 1485 5668 quo
1520 5594 1774 5668 primum
1804 5594 1959 5651 edita
1987 5593 2099 5652 fuit
2130 5613 2162 5653 a
2192 5592 2450 5653 Pamelio
2480 5590 2613 5647 Vita
2639 5589 2759 5647 hanc
2788 5590 3155 5649 Tertulliani.
