4148 6188
389 297 467 358 83

1708 294 2239 358 TERTULLIANI
2286 297 2468 357 VITA
2485 341 2499 356 .

3720 302 3798 361 84

390 445 513 484 IMP.
546 446 668 484 vm.
713 446 867 485 TRIB.
921 444 1041 484 Ροτ.
1078 446 1153 485 ιν.
1208 445 1331 485 nso.
1363 447 1459 485 vn.
1518 448 1683 487 cws.
1723 430 2041 487 Historiam
2076 428 2127 495 Α
2157 428 2265 497 det,
2295 445 2417 485 cum
2450 448 2709 487 ssprmxo
2734 448 3143 500 rsarunusuo,
3168 434 3323 502 cuius
3352 438 3450 488 hoc
3478 434 3801 505 opusculum

392 517 781 574 nihilominus
832 519 931 573 46
982 523 1238 574 nostram
1290 519 1731 592 suspicabimur
1769 539 1801 575 a
1850 521 2040 593 primo

392 608 583 663 Severi
614 625 788 676 anno,
812 612 871 662 et
893 609 1417 680 Tsarunmamjam
1446 610 1757 665 Christiani
1783 612 1853 665 ab
1886 628 2040 666 anno

390 696 553 752 illius
581 697 774 763 tertio,
807 698 1126 753 dummodo
1176 700 1441 770 quaedam
1476 700 1928 771 prazmiserimus
1974 702 2042 755 de

395 787 523 857 ejus
554 785 1048 858 appellationibus
1079 806 1131 851 ο.
1165 805 1415 843 summu
1446 807 1760 845 FLORENTIS
1799 807 2042 847 TERTUL-

397 891 547 929 LIANI
595 892 1120 944 CARTHAGINIENSIS,
1156 882 1209 933 et
1258 878 1500 950 proinde
1532 880 1601 934 de
1632 880 1817 951 ipsius
1848 885 2039 953 gente,

394 964 636 1035 familia,
697 965 900 1037 stirpe,
963 968 1323 1038 parentibus,
1382 968 1590 1041 patria,
1650 970 2040 1037 institutione,

395 1053 611 1109 studiis
648 1058 706 1109 et
736 1052 968 1125 scriptis
996 1055 1422 1125 adolescentiae,
1454 1059 1583 1113 vita:
1615 1062 1792 1127 statu,
1830 1064 1881 1113 et
1913 1063 2043 1114 asta-

390 1145 468 1209 te,
504 1158 635 1197 cum
666 1147 909 1198 Severus
940 1143 1258 1216 Imperium
1289 1146 1437 1201 iniit.

467 1230 615 1303 ἕΙΙΙ.
649 1232 723 1287 De
768 1234 883 1302 eius
925 1237 1293 1305 prwnomine,
1334 1239 1575 1308 nomine,
1628 1240 1949 1308 cognomine
1992 1241 2045 1293 et

393 1323 712 1392 agnomine.
746 1354 813 1361 —-
836 1323 895 1378 6.
937 1328 1109 1379 Porro
1140 1326 1203 1389 Ο.
1240 1327 1421 1396 (quod
1456 1328 1676 1383 auctori
1713 1334 1909 1385 nostro
1940 1329 2041 1383 tri-

395 1411 649 1466 buerunt
685 1412 811 1483 jam
860 1411 997 1467 olim
1045 1413 1389 1471 Vincentius
1434 1417 1882 1486 Bellovacensis,
1912 1419 2043 1474 Tri-

397 1499 695 1565 thaamius,
727 1500 1072 1571 Politianus,
1106 1508 1162 1559 et
1193 1522 1303 1561 ms.
1349 1507 1503 1577 cod.)
1535 1524 1864 1580 praenomen
1892 1525 2042 1579 esse,

400 1594 617 1644 norunt
666 1590 998 1662 Antiquarii
1046 1610 1271 1662 omnes,
1324 1596 1593 1652 fortassis
1641 1599 1795 1668 quod
1840 1598 2044 1670 quinto

398 1676 523 1733 loco
569 1683 744 1735 natus
792 1685 964 1747 esset,
1003 1687 1201 1756 utpote
1232 1701 1363 1740 cum
1417 1688 1776 1757 praenomina
1825 1692 1927 1743 aut
1973 1688 2045 1742 ab

2149 527 2265 581 est;
2293 519 2451 589 hinc,
2505 525 2561 575 et
2618 539 2649 576 a
2700 522 3000 577 Lactantio
3052 523 3238 577 Instit.
3291 522 3468 579 divin.
3504 524 3545 578 l.
3577 524 3629 578 5.
3664 540 3714 579 c.
3747 525 3798 579 1.

2150 612 2271 663 eta
2313 614 2373 662 B.
2431 609 2659 666 Hieron.
2716 613 2817 666 188
2866 610 3070 682 Epist.,
3122 612 3192 665 ad
3243 611 3564 680 Faboliam,
3615 629 3798 668 SEPTI-

2151 714 2289 753 MIUS
2335 716 2768 755 TERTULLIANUS
2802 699 3163 771 appellatur;
3198 700 3415 773 quibus
3456 701 3631 757 etiam
3665 719 3800 757 con-

2152 786 2412 841 sentiunt
2459 788 2844 854 Trithemius,
2878 787 3224 855 Politianus,
3257 794 3313 843 et
3355 806 3452 845 MS.
3486 791 3800 863 excusique

2150 874 2434 931 hactenus
2492 877 2720 931 codices
2788 894 3035 932 omnes.
3072 878 3391 934 FLORENTIS
3453 896 3800 951 cognomen,

2152 965 2436 1022 familiam
2472 968 2704 1039 quidem
2739 972 2954 1023 certam
2975 970 3070 1023 47
3103 969 3603 1041 gentisSeptimiaa
3629 971 3803 1043 signi-

2153 1055 2307 1121 ficat,
2342 1056 2443 1110 sed
2481 1074 2605 1128 quis
2630 1057 2782 1129 apud
2814 1057 3108 1112 Romanos
3132 1058 3242 1113 fuit
3266 1059 3599 1131 incognita;
3634 1060 3799 1115 attri-

2152 1145 2354 1200 buitur
2400 1149 2593 1201 tamen
2646 1146 2868 1201 auctori
2919 1163 3033 1201 non
3087 1148 3259 1202 modo
3303 1147 3362 1203 in
3413 1150 3664 1217 excusis,
3701 1151 3800 1205 sed

2153 1237 2210 1288 et
2241 1252 2350 1289 ms.
2385 1236 2537 1298 cod.,
2572 1252 2637 1290 ac
2663 1236 2786 1307 jam
2821 1234 2958 1290 olim
2994 1253 3027 1291 a
3058 1236 3378 1292 Trithemio
3409 1242 3467 1292 et
3500 1238 3801 1295 Politiano.

2152 1323 2534 1379 Tnnrunusm
2585 1325 2823 1380 nomine
2855 1329 3065 1397 praeter
3110 1326 3256 1381 alios
3293 1327 3393 1398 qui
3426 1326 3585 1383 illius
3635 1344 3801 1384 men-

2152 1412 2369 1468 tionem
2404 1413 2626 1468 faciunt
2674 1414 2988 1485 scriptores
3018 1431 3220 1470 omnes
3251 1432 3363 1471 non
3418 1417 3590 1472 modo
3617 1417 3805 1472 verbis

2147 1502 2272 1571 jam
2335 1503 2551 1570 citatis,
2586 1503 2685 1557 sed
2752 1503 2929 1559 etiam
2988 1503 3147 1559 hisce
3206 1506 3465 1576 seipsum
3526 1506 3804 1578 appellat,

2156 1592 2384 1645 Tantum
2443 1607 2535 1646 oro
2592 1600 2671 1659 ut,
2730 1608 2855 1647 cum
2905 1593 3134 1665 petitis,
3193 1596 3363 1649 etiam
3428 1612 3805 1651 TERTULLIANI

2152 1682 2455 1751 peccatoris
2499 1683 2905 1747 memineritis;
2936 1687 3011 1751 et,
3045 1684 3308 1739 Memento
3355 1686 3411 1740 in
3460 1685 3809 1741 orationibus

400 1772 631 1839 eventu,
665 1773 765 1825 aut
796 1771 868 1825 ab
900 1771 1041 1841 avis,
1076 1774 1326 1846 proavis,
1360 1791 1459 1830 seu
1494 1777 1678 1831 atavis
1711 1778 1827 1833 fere
1874 1795 2045 1834 usur-
2081 1806 2127 1871 Β
2162 1772 2274 1824 tuis
2321 1787 2695 1826 TERTULLIANI
2727 1771 2797 1827 ad
2824 1776 2943 1829 haec
2991 1775 3350 1829 exhortantis.
3384 1775 3545 1842 Quod
3574 1775 3809 1830 videtur

400 1857 591 1930 paria
619 1858 899 1916 Romanis
957 1860 1181 1918 soleant
1211 1862 1291 1932 (in
1335 1882 1580 1933 quorum
1629 1866 1821 1922 locum
1874 1866 2048 1923 hodie

401 1952 815 2004 successerunt
832 1950 1068 2023 propria
1088 1953 1376 2025 cujusque
1398 1955 1861 2028 nomina),quale
1883 1962 1971 2012 est
1993 1961 2050 2012 et

398 2035 543 2092 illud
601 2054 613 2093 :
675 2054 882 2101 eumn
921 2058 1205 2113 SEPTIMIA,
1268 2045 1419 2116 quod
1478 2045 1632 2101 inter
1688 2046 2049 2118 praenomina

396 2125 751 2182 feminarum
781 2129 854 2183 ab
885 2129 1187 2202 Onuphrio
1210 2138 1562 2189 recensotur.
1594 2136 1875 2203 Ssrrmu,
1910 2152 2046 2207 gen-

398 2214 475 2270 tis
533 2219 623 2271 est
668 2216 1000 2289 appellatio,
1040 2237 1165 2290 qua
1224 2223 1375 2294 apud
1436 2223 1731 2280 Romanos
1790 2225 2047 2296 primum

400 2303 601 2376 Regia,
634 2305 843 2362 deinde
874 2306 1121 2379 plebeia,
1156 2316 1452 2381 postremo
1484 2313 1824 2369 Consularis
1856 2315 1967 2369 fuit
1996 2318 2053 2369 et

401 2393 732 2450 Patritia.In
756 2396 962 2467 primis
983 2398 1138 2454 enim
1164 2400 1489 2459 invenitur:
1515 2420 1818 2460 SEPTIMIUS
1843 2421 2051 2460 MESIUS

405 2498 833 2546 EQUICOLARUM
858 2503 987 2553 nux,
1020 2487 1155 2543 inde
1177 2491 1234 2543 in
1256 2491 1433 2546 variis
1456 2492 1809 2549 Marmorum
1846 2493 2051 2549 inseri-

406 2572 749 2645 ptionihus,
813 2576 1023 2648 partim
1084 2576 1237 2633 inter
1293 2579 1731 2652 Epigrammata
1803 2582 2053 2654 antiqua

407 2660 602 2733 Urbis,
638 2663 850 2735 partim
885 2665 942 2719 in
976 2665 1407 2740 Orthographia
1439 2670 1562 2726 Aldi
1590 2672 1853 2742 Manutii,
1888 2673 2053 2728 femi-

406 2766 621 2806 narum
654 2752 1082 2825 appellationes
1117 2773 1129 2811 :
1164 2772 1430 2813 summm
1461 2777 1655 2829 suum,
1692 2779 1776 2816 FL.
1810 2779 2059 2817 HORATIA

408 2855 672 2897 SEPTIMIA
697 2859 1024 2915 OCTAVILLA,
1050 2861 1203 2901 SEPT.
1238 2865 1590 2904 FELICIBSIMA
1614 2867 1875 2920 EURESIA,
1898 2868 2054 2907 SEPTo

408 2945 686 2999 saeuum,
737 2948 891 2987 supr.
946 2951 1201 3004 uxorm;
1235 2940 1291 2990 et
1321 2936 1555 2992 Ordinis
1597 2938 1868 2996 Militaris
1915 2941 2061 2997 viro-

408 3037 540 3076 rum
574 3022 723 3093 (quas
754 3023 823 3077 ad
859 3024 1197 3082 institutum
1251 3027 1440 3100 magis
1474 3029 1714 3099 faciunt)
1752 3048 1763 3085 :
1798 3050 1847 3087 τ.
1879 3048 2061 3088 SEPTI-

413 3127 558 3167 MIUB
608 3129 1001 3171 FELICISSIMUS
1044 3133 1320 3172 COHOR’I‘IS
1354 3136 1418 3185 Il,
1469 3122 1525 3173 et
1573 3136 1621 3173 L.
1658 3137 1893 3177 FLAVIUS
1926 3141 1975 3176 L.
2008 3139 2058 3177 Ρ.

2160 1859 2553 1915 derivatitium
2578 1879 2608 1915 a
2633 1860 2914 1928 Tertullo,
2944 1863 3115 1917 sicuti
3138 1864 3435 1919 Octaviani
3461 1862 3532 1919 ab
3553 1863 3805 1931 Octavio,

2157 1954 2211 2004 et
2226 1950 2571 2021 Septimiani
2598 1967 2630 2005 a
2651 1950 3272 2024 Septimio,etstirpem
3292 1952 3623 2025 signiﬁcare
3638 1952 3807 2006 fami-

2155 2038 2245 2092 liae
2301 2038 2655 2094 Florentum.
2713 2044 2786 2094 De
2832 2057 2947 2112 qua
2996 2041 3261 2096 fortassis
3311 2046 3399 2096 est
3445 2058 3572 2112 quas
3621 2046 3810 2097 exstat

2159 2128 2427 2183 Montuni
2459 2130 2527 2183 ad
2562 2134 2618 2183 S.
2654 2129 3019 2197 Mauritium,
3054 2146 3120 2184 ac
3152 2130 3459 2186 Mediolani
3495 2131 3564 2185 ad
3595 2134 3651 2185 S.
3680 2130 3810 2185 Vic-

2159 2222 2341 2273 torem
2376 2221 2544 2290 porta
2589 2217 2943 2273 Vercellensi
2977 2218 3096 2273 haec
3136 2218 3441 2291 inscriptio
3476 2235 3487 2273 :
3522 2236 3572 2273 c.
3608 2236 3811 2275 ssn'ro-

2161 2324 2295 2363 RIUS
2342 2326 2391 2363 L.
2427 2326 2475 2362 Ρ.
2530 2324 2657 2363 ονΡ.
2705 2324 3129 2364 TERTULLIANUS
3162 2324 3510 2375 ννετειῑΑΝοε
3561 2325 3679 2364 ιεα.
3729 2326 3807 2363 XI.

2161 2412 2423 2452 CURATOR
2452 2414 2654 2452 CIVIUM
2679 2414 3043 2453 ROMANORUM
3067 2413 3552 2465 MOGUNTIACI,88U
3580 2414 3810 2452 MUNGO-

2159 2503 2358 2540 ruam.
2392 2485 2510 2541 Hoc
2542 2485 2746 2541 saltem
2798 2490 3027 2542 constat
3056 2502 3126 2541 ex
3166 2486 3403 2542 Eusebii
3446 2486 3727 2541 Chronico
3758 2490 3817 2541 et

2164 2582 2225 2631 B.
2261 2576 2490 2631 Hieron.
2527 2579 2644 2630 Cat.
2678 2575 3035 2648 Scriptorum
3082 2574 3326 2642 Eccles.,
3358 2580 3815 2631 Taurum/muas

2165 2670 2431 2721 nostrum
2483 2664 2684 2720 Afrum
2736 2665 2919 2719 fuisse
2964 2665 3319 2721 centurionis
3374 2664 3815 2720 Proconsularis

2167 2754 2578 2825 ﬁlium;quod
2632 2754 2805 2809 etiam
2858 2754 3158 2810 affirmant
3214 2759 3277 2808 Β.
3341 2754 3618 2821 Isidorus,
3668 2754 3815 2808 Ven.

2169 2845 2343 2909 Beda,
2374 2843 2758 2916 Nicephorus,
2797 2844 3156 2916 Freculphus
3187 2843 3577 2910 Lexoviensis,
3613 2842 3817 2901 Maria-

2171 2951 2282 2989 nus
2314 2932 2541 2995 Scotus,
2573 2934 2717 3000 Ado,
2751 2940 2807 2989 et
2834 2933 3174 2988 Vincentius
3206 2932 3653 2989 Bellovacensis.

2243 3023 2270 3096 Ξ
2302 3023 2395 3078 IV.
2433 3024 2598 3095 Cujus
2625 3025 2815 3094 fuerit,
2843 3024 3088 3095 qualisve
3114 3024 3231 3094 eius
3278 3024 3569 3086 institutio.
3604 3023 3820 3079 littera-

2173 3129 2299 3167 rum
2323 3114 2531 3183 peritia
2560 3128 2624 3165 ac
2668 3114 3027 3167 scientiarum
3047 3115 3072 3165 .9
3102 3144 3167 3152 —
3190 3113 3245 3166 7.
3278 3112 3532 3168 Patriam
3578 3111 3820 3167 Cartha-

415 3216 721 3257 SEPTIMIUS
752 3220 896 3258 AFER
928 3222 1297 3261 OCTAVIANIUS
1336 3224 1387 3261 C.
1423 3224 1476 3277 V,
1520 3225 1701 3263 TURM.
1760 3227 1818 3264 Il.
1869 3228 2060 3273 EQUIT.

2176 3201 2368 3273 ginem
2418 3200 2639 3255 indicat
2686 3218 2971 3272 agnomen
3019 3202 3534 3257 CARTHAGINIENBIS
3565 3217 3577 3255 :
3612 3202 3667 3255 in
3704 3218 3820 3272 quo

418 3305 560 3343 ROM.
593 3307 648 3343 Χ.
681 3308 777 3345 VIR
808 3309 891 3348 ST.
928 3311 1148 3350 LITIBUS
1177 3312 1539 3363 JUDICANDls;
1575 3301 1630 3351 8t
1660 3315 1706 3351 L.
1762 3315 2067 3357 SEPTIMIUS

420 3394 745 3435 ANTIGONUS
795 3398 914 3436 ΜΠ..
967 3400 1095 3438 COH.
1144 3401 1218 3440 VI.
1267 3401 1360 3438 PR.
1393 3388 1452 3439 εἰ
1496 3402 1546 3439 Τ.
1584 3402 1888 3445 8ΕΡἸΊΜΙΟΒ
1931 3407 1981 3445 C.
2016 3408 2067 3447 F.

423 3482 545 3522 sua.
577 3484 729 3523 τινιΑ
756 3486 843 3524 ra.
878 3488 998 3525 MIL.
1018 3472 1268 3544 denique
1296 3491 1664 3531 L.SEPTIMIUS
1695 3494 2069 3552 ssvsmauus,

429 3559 487 3610 et
534 3572 685 3613 supr.
731 3575 934 3615 αλιυτο
978 3578 1033 3615 ν.
1089 3579 1142 3616 Ρ.
1192 3563 1601 3619 Consularium
1642 3565 1890 3638 denique
1919 3570 2073 3625 viro-

432 3659 561 3698 rum
592 3646 703 3700 sub
731 3646 890 3702 Julio
912 3651 1133 3705 Caesare
1152 3652 1413 3722 Augusto
1436 3657 2075 3729 P.snpr1MIUs,Trajano

433 3730 658 3788 Οωεειιιθ
689 3750 993 3792 SEP‘I‘IMIUS
1026 3754 1337 3795 AGNIDINUS
1368 3758 1417 3792 V.
1453 3758 1717 3808 C.,AGENS
1750 3762 1859 3801 PER
1888 3763 2083 3803 HISPA-

432 3838 557 3876 mas
590 3840 644 3878 v.
680 3839 731 3877 c.
773 3841 826 3879 Ρ.
857 3843 909 3879 'r.
942 3842 1250 3883 VISESACRA
1300 3845 1680 3899 COGNOSCENS,
1731 3834 1841 3889 sub
1890 3836 2084 3894 Marco

433 3908 579 3982 Imp.
614 3927 916 3969 summus
966 3932 1236 3983 ssvsnus,
1269 3936 1334 3973 M.
1383 3935 1630 3976 ssp'rmu
1658 3939 1813 3978 cura;
1841 3942 1890 3979 Ρ.
1920 3929 2084 3996 post-

433 4001 672 4056 modum
705 4003 1162 4075 Imperator,sub
1194 4006 1321 4079 ipso
1343 4006 1441 4063 illo
1471 4010 1681 4067 Severo
1714 4028 1769 4068 n.
1803 4028 2084 4071 CLAUDIUS

432 4104 739 4147 rsp'rmws
790 4110 1051 4160 namus,
1095 4112 1226 4150 cum
1284 4096 1401 4165 illo,
1438 4098 1523 4153 uti
1578 4116 1759 4171 supra
1806 4102 2084 4174 diximus,

434 4183 571 4235 Caes.
597 4181 949 4253 appellatus,
976 4201 1338 4242 P.SEPTIMIUS
1372 4204 1433 4243 M.
1459 4205 1663 4244 norm
1694 4188 1853 4246 illius
1888 4192 2082 4260 frater,

435 4285 487 4334 ρ.
523 4286 824 4327 SEPTIMIUS
862 4289 1220 4330 PLAUTIANUS
1255 4276 1530 4330 Antonini
1567 4276 1668 4331 ﬁlii
1703 4278 1891 4349 ipsius
1922 4297 2086 4336 socer

436 4362 493 4413 et
513 4359 751 4430 (mirum
778 4361 849 4417 de
868 4363 1158 4418 Antonino
1181 4365 1309 4435 ejus
1348 4363 1467 4420 tilio
1490 4364 1708 4438 majore
1730 4371 1892 4436 natu,
1926 4370 2084 4440 quod

436 4465 687 4505 summ:
718 4450 1169 4523 appellationem
1204 4454 1681 4527 praetermiserit.)
1704 4474 2083 4514 p.ssprm1us

2177 3290 2351 3345 etiam
2420 3288 2501 3343 illi
2570 3290 2977 3357 consentiunt,
3042 3306 3177 3345 cum
3244 3290 3447 3346 dicunt
3510 3291 3824 3347 Provinciae

2180 3380 2418 3450 Africam
2489 3378 2739 3434 Civitatis
2806 3379 3315 3451 Carthaginiensis,
3389 3380 3562 3435 sicuti
3628 3384 3684 3435 et
3749 3380 3821 3433 Β.

2182 3470 2430 3540 Optatus
2478 3468 2845 3524 Milevitanus
2892 3468 2995 3524 lib.
3028 3486 3067 3535 ι,
3099 3469 3225 3524 adv.
3262 3468 3737 3534 Parmenianum,
3769 3473 3827 3524 et

2186 3557 2532 3613 nominatim
2566 3557 2945 3629 Nicephorus,
2979 3574 3111 3612 cum
3145 3557 3492 3629 Carthagine
3521 3557 3579 3611 in
3634 3558 3829 3613 Africa

2194 3652 2385 3703 ortum
2438 3647 2660 3703 scribit.
2712 3646 2905 3710 Quid?
2945 3647 3101 3718 quod
3148 3647 3274 3718 ipse
3326 3649 3537 3702 Auctor
3584 3647 3639 3700 id
3690 3646 3837 3701 satis

2193 3752 2486 3809 superque
2532 3736 2750 3792 indicet
2779 3736 2855 3807 (4)
2887 3736 3055 3791 initio
3104 3735 3257 3791 Libri
3289 3736 3359 3790 de
3404 3734 3587 3791 Pallio
3621 3752 3633 3790 :
3667 3737 3835 3791 Prin-

2191 3828 2337 3896 cipss
2370 3826 2603 3898 (inquit)
2655 3841 2871 3897 semper
2917 3826 3143 3896 Africae,
3194 3827 3306 3880 viri
3356 3824 3837 3896 Carthaginienses

2192 3920 2456 3971 vetustate
2501 3914 2735 3984 nobiles,
2767 3918 3007 3972 novitate
3049 3916 3301 3986 felices...
3357 3920 3563 3971 Tamen
3590 3922 3641 3969 et
3684 3915 3835 3970 vobis

2194 4006 2411 4062 habitus
2462 4006 2629 4061 aliter
2653 4006 2882 4060 olim...
2922 4004 3072 4060 Vobis
3114 4019 3238 4059 vero
3265 4012 3385 4075 post
3415 4006 3647 4074 injuriae
3675 4007 3833 4059 bene-

2192 4095 2472 4164 ﬁcium...
2501 4096 2621 4163 post
2648 4091 2880 4149 Gracchi
2908 4094 3151 4147 obscwna
3180 4094 3461 4158 omina...,
3494 4100 3612 4161 post
3656 4094 3836 4147 trinas

2195 4186 2445 4256 Pompeii
2472 4200 2626 4250 aras,
2654 4192 2709 4237 et
2744 4183 2933 4253 longas
2965 4181 3201 4238 Caesaris
3238 4196 3420 4237 moras
3447 4198 3467 4235 :
3497 4182 3595 4235 ubi
3636 4182 3838 4235 moenia

2192 4275 2447 4330 Statilius
2476 4274 2683 4328 Taurus
2712 4272 2986 4343 imposuit,
3014 4271 3283 4326 solemnia
3323 4270 3546 4326 Sentius
3576 4270 3837 4326 Salami-

2191 4380 2297 4420 nus
2352 4364 2655 4429 enarravit,
2714 4377 2837 4416 cum
2892 4360 3182 4418 concordia
3227 4360 3416 4429 juvat,
3454 4364 3598 4430 Toga
3656 4359 3841 4413 oblata

2192 4458 2337 4509 est...
2371 4451 2622 4507 Pallium
2651 4460 2830 4507 tamen
2860 4450 3201 4519 generaliter
3225 4450 3839 4517 vestrum,immemores

435 4555 632 4594 savum
658 4554 791 4596 suo.
826 4558 878 4596 Ρ.
896 4557 1037 4597 GETA
1060 4560 1332 4600 macres.
1366 4561 1500 4599 suo.
1528 4545 1603 4599 De
1634 4562 1883 4616 quorum
1908 4552 2081 4620 gente
2112 4544 2157 4608 D
2187 4546 2379 4609 etiam,
2413 4543 2710 4597 denotatis.
2761 4539 3025 4611 Equidem
3071 4538 3227 4594 haud
3279 4540 3454 4593 miror
3505 4552 3626 4609 prae
3671 4537 3831 4592 docu-

437 4644 509 4683 an
544 4628 718 4683 fuerit
764 4628 938 4684 etiam
988 4631 1113 4702 ipse
1157 4632 1291 4686 Afer
1339 4633 1548 4687 Auctor
1596 4638 1813 4704 noster,
1846 4652 1961 4690 non
2006 4637 2087 4693 ita

437 4721 705 4787 constat;
735 4716 863 4790 ipse
895 4718 1129 4775 interim
1182 4721 1291 4777 sibi
1326 4721 1472 4793 ipse,
1505 4721 1607 4776 lib.
1641 4722 1712 4778 de
1740 4723 1868 4779 Vet.
1900 4725 2083 4796 Virg.,

436 4824 564 4879 cap.
618 4806 752 4873 ult.,
802 4825 965 4863 num.
1018 4810 1137 4879 140,
1188 4809 1281 4865 his
1328 4811 1520 4867 verbis
1567 4810 1623 4866 id
1675 4813 1933 4869 nominis
1979 4814 2085 4869 tri-

438 4896 570 4952 buit
602 4914 615 4953 :
650 4898 769 4953 Pax
809 4900 860 4954 et
903 4900 1087 4969 gratia
1122 4917 1156 4956 a
1196 4901 1425 4957 Domino
1468 4907 1659 4957 nostro
1702 4904 1830 4959 Iesu
1874 4904 2084 4959 redun-

512 5078 582 5151 (4)
641 5076 961 5151 §cripsisse
1019 5080 1249 5135 videtur
1306 5082 1572 5138 Eusebius
1647 5081 2082 5137 Tertullianum

436 5151 620 5206 fuisse
642 5150 970 5206 Romanum
1005 5158 1061 5224 et
1092 5154 1377 5224 nobilem,
1404 5154 1531 5207 Hist
1585 5152 1844 5224 Eccl.lib.
1882 5171 2077 5224 ugcap.

433 5225 497 5279 2.
552 5224 726 5296 T‘aﬁta
798 5222 1255 5296 Tcptouhlmqu
1302 5222 1448 5296 τοῂς⁸
1497 5222 1801 5296 λῬωμαὲονρς
1880 5222 2082 5296 ’νόμούς

435 5291 763 5369 ἡκριϐωᾈὼλς
798 5338 813 5369 ,γ
865 5289 998 5369 ἆνῆρ
1055 5316 1111 5369 re
1167 5291 1311 5349 ἄλλα
1367 5289 1620 5369 ἔν-δοξοςς
1678 5293 1765 5369 xui
1815 5289 2081 5369 rév'pd-

437 5365 596 5425 λιάτα
659 5365 743 5421 ἐπί
804 5365 1023 5436 Ῥώμης
1081 5366 1371 5437 λαμπρῶν.
1404 5366 1565 5428 Quod
1617 5367 1793 5419 tradit
1849 5365 2082 5421 Tertul-

434 5442 659 5499 lianum
682 5440 1074 5495 Romanorum
1098 5439 1288 5505 legum
1314 5437 2080 5508 fuisseperitum,quosdam

435 5516 505 5571 ad
534 5513 889 5570 credendum
924 5510 1173 5573 induxit,
1193 5525 1324 5563 eum
1358 5514 1654 5564 auctorem
1686 5509 1866 5564 fuisse
1894 5510 2079 5566 Juris-

435 5584 793 5651 consultum,
844 5586 902 5635 et
948 5596 1144 5636 revera
1190 5580 1429 5651 quidam
1481 5585 1570 5635 est
1610 5580 2080 5639 Jurisconsultus

434 5657 701 5731 ejusdem
753 5652 1049 5721 nominis;
1082 5657 1141 5709 at
1169 5656 1401 5708 constat
1446 5651 1627 5709 alium
1657 5668 1787 5711 esse
1814 5669 1849 5710 a
1878 5658 2080 5712 nostro

2195 4641 2379 4689 mento
2425 4631 2725 4701 superiore.
2756 4629 2893 4683 Nam
2944 4632 2996 4684 et
3023 4629 3260 4683 Arielem
3301 4628 3401 4682 illa
3444 4626 3652 4682 dicitur
3702 4627 3835 4682 Car-

2196 4723 2377 4793 thago,
2423 4720 2630 4774 studiis
2673 4719 2985 4789 asperrima
3028 4717 3179 4785 belli,
3208 4718 3393 4788 prima
3441 4717 3693 4771 omnium
3740 4732 3835 4769 ar-

2193 4826 2387 4866 masse.
2422 4812 2556 4865 Cum
2600 4815 2783 4863 tamen
2834 4808 3163 4862 ultimarent
3208 4810 3454 4877 tempora
3496 4806 3711 4876 patriae
3745 4804 3837 4873 (en

2187 4902 2432 4973 patriam
2464 4898 2846 4969 Carthaginem
2899 4896 3084 4968 vocat)
3133 4903 3185 4951 et
3214 4896 3372 4951 Aries
3392 4895 3516 4967 jam
3563 4895 3838 4949 Romanus

2193 5077 2572 5143 Tertulliano,
2607 5092 2711 5131 nec
2744 5075 2915 5131 tradit
2946 5074 3209 5129 Eusebius
3240 5074 3421 5129 fuisse
3450 5070 3840 5128 Jurisconsul-

2194 5160 2339 5217 tum,
2375 5152 2471 5205 sed
2526 5150 2717 5219 legum
2746 5147 3166 5219 Romanarum
3196 5147 3492 5219 peritum.
3545 5144 3705 5219 Quod
3763 5144 3833 5219 de

2192 5215 2545 5293 ejus’Patria
2578 5215 2633 5274 Et
2665 5218 2965 5293 nobilitate
2996 5216 3237 5293 subj‘icit
3280 5215 3833 5293 Eusebius,_defendi

2193 5288 2417 5367 nequit,
2468 5293 2646 5367 nimde
2696 5288 2971 5367 Romanis
3020 5290 3408 5367 Scriptoribus
3460 5289 3830 5367 ca_piatur,et

2191 5358 2402 5422 sensus
2433 5360 2963 5431 sit,’l‘ertullianum
2984 5376 3166 5413 unum
3191 5360 3370 5415 fuisse
3401 5377 3466 5414 ex
3488 5358 3836 5414 clarissimis

2190 5438 2386 5494 latinis
2419 5434 2773 5490 auctoribus.
2811 5432 3034 5501 Ruﬁnus
3064 5432 3173 5486 hoc
3204 5448 3378 5487 sensu
3426 5433 3581 5485 hunc
3614 5431 3837 5485 Eusebii

2189 5510 2381 5565 locum
2441 5506 2662 5575 accepit
2716 5504 3013 5574 vertendo,
3072 5506 3218 5561 inter
3269 5508 3485 5561 nostros
3538 5504 3837 5576 Scriptores

2186 5580 2479 5638 admodum
2503 5578 2711 5636 clarus.
