4148 6188
354 272 428 329 35
1680 277 2207 338 TERTULLIANI
2256 277 2461 337 VITA.
3704 285 3782 345 εδ

352 402 409 454 in
433 417 614 456 muros
647 403 923 473 quandam
980 420 1101 461 suos
1130 404 1374 474 auderet,
1407 411 1632 479 stupure
1687 409 1843 464 illico
1878 408 2007 463 Car-
2040 412 2096 478 Α
2124 408 2185 464 in
2210 409 2626 466 communibus
2647 410 2791 466 locis
2832 411 3137 467 Ithetorico
3170 413 3462 469 exsultare
3482 431 3775 474 sermone.

350 492 722 560 thaginienses
746 498 807 547 ut
835 510 1033 549 novum
1062 498 1388 552 extraneum
1435 498 1740 568 ingenium.
1777 500 2003 553 Tantum

344 583 447 632 κω·
479 582 789 653 longinqua
822 585 964 639 valet
991 594 1208 640 mutare
1240 592 1493 642 vetustas.
1527 588 1618 643 Sic
1646 588 1875 659 denique
1906 604 2004 643 nec

342 668 598 725 Pallium
628 675 968 739 agnoscitur.
1002 674 1130 730 Haec
1159 676 1332 747 paulo
1394 677 1697 747 prolixius,
1757 680 1829 733 ob
1877 678 1999 749 opi-

344 759 586 813 nionem
612 761 711 815 48
735 761 1007 829 Vadiani,
1041 764 1139 834 qui
1175 764 1231 819 in
1265 764 1477 821 Charta
1533 766 1853 823 Palaestinis
1899 785 1997 839 pa-

341 848 518 901 triam
557 847 640 903 illi
663 851 927 921 assignat
947 852 1333 926 Municipium
1352 857 1647 928 quoddam
1664 858 1835 929 juxta
1852 864 1997 913 Aras

338 934 729 994 Philenorum
759 942 1033 997 fratrum.

407 1062 462 1114 8.
499 1062 679 1133 Atqui
714 1064 1306 1137 Tsnrunuamqualis
1326 1068 1459 1123 felix
1484 1070 1656 1124 fuerit
1684 1071 1996 1139 institutio,

338 1149 537 1203 Libris
603 1152 732 1220 ejus
791 1154 1075 1210 adversus
1132 1156 1345 1212 Gentes
1390 1162 1703 1224 testantur,
1761 1161 1861 1231 qui
1914 1162 1997 1225 (Β.

336 1237 582 1292 Hieron.
617 1244 765 1294 teste
799 1240 984 1311 Epist.
1018 1244 1088 1297 ad
1124 1244 1425 1315 Magnum)
1479 1254 1749 1303 cunctam
1804 1248 1999 1303 saeculi

332 1327 648 1381 continent
674 1327 1077 1400 disciplinam,
1106 1348 1135 1386 e
1166 1334 1383 1403 quibus
1429 1336 1511 1389 vel
1572 1336 1713 1391 solis
1771 1342 2002 1392 constat

335 1430 546 1469 omnes
582 1415 751 1470 illum
784 1423 1069 1475 Auctores
1097 1422 1747 1490 evolvisse,Historicos,
1771 1426 1999 1493 Poetae,

332 1501 812 1571 Grammaticos;
842 1507 915 1561 de
944 1507 1375 1566 Jureconsultis
1405 1529 1539 1567 vero
1573 1532 1665 1569 res
1699 1515 1889 1570 notior
1914 1520 2003 1569 est

334 1605 517 1659 quam
553 1596 619 1645 ut
651 1593 998 1662 probatione
1024 1597 1102 1650 sit
1122 1614 1291 1668 opus,
1327 1601 1397 1655 de
1447 1601 1688 1658 Medicis
1720 1608 1777 1658 et
1808 1604 1999 1658 Philo-

334 1678 541 1748 sophis
574 1680 835 1751 idipsum
869 1698 938 1737 ex
986 1683 1132 1740 libro
1189 1687 1260 1742 de
1299 1690 1513 1744 Anima
1566 1691 1839 1762 colligere
1888 1698 1995 1748 est.
2094 1718 2101 1723 ·

332 1765 599 1828 Quorum
623 1770 890 1825 omnium
924 1772 1267 1847 Catalogum
1293 1777 1349 1832 in
1385 1796 1524 1835 suas
1555 1780 1774 1836 classes
1800 1781 1996 1837 distri-
2028 1795 2076 1860 Β

333 1855 547 1910 butum
582 1858 827 1928 reperiet
860 1865 1065 1916 Lector
1112 1864 1264 1919 inter
1307 1867 1534 1923 Indices
1590 1876 1843 1935 nostros,
1876 1876 1997 1926 tam

341 1947 676 2001 Graecorum
709 1964 886 2018 quam
922 1950 1436 2012 Latinorum.Hine
1466 1974 1498 2012 a
1531 1959 1829 2014 Lactantio
1850 1960 1997 2015 dici-

338 2038 439 2087 tur
468 2033 528 2087 in
559 2039 721 2091 omni
754 2054 967 2108 genere
990 2039 1323 2100 litterarum
1350 2050 1595 2116 peritus,
1628 2050 1701 2104 ab
1749 2048 1998 2105 Eusebio

338 2123 539 2195 legum
558 2131 616 2180 et
634 2143 829 2183 rerum
844 2132 1242 2189 Romanarum
1271 2137 1477 2206 peritia
1491 2138 1747 2207 clarus,a
1770 2140 1994 2198 B.Hier.

336 2214 492 2269 acris
512 2221 571 2269 et
591 2216 953 2275 vehementis
983 2221 1201 2293 ingenii
1233 2225 1323 2279 vir
1352 2243 1469 2297 quo
1499 2228 1644 2283 nihil
1684 2230 1996 2297 eruditius,

336 2304 485 2358 nihil
511 2307 743 2361 acutius
775 2325 839 2374 ;a
858 2308 1261 2381 B.Augustino
1279 2315 1837 2390 disertissimus,qui
1854 2322 1997 2376 buc-

334 2391 422 2445 cis
440 2394 798 2451 sonantibus
816 2397 1138 2456 orationem
1156 2402 1444 2459 inflaverit
1466 2423 1479 2472 ;
1504 2407 1869 2478 aNicephoro
1883 2408 1998 2464 elo-

334 2480 582 2550 quentia
614 2484 933 2540 admodum
968 2487 1215 2558 pollens,
1251 2494 1401 2547 acris
1424 2500 1480 2549 et
1508 2495 1849 2567 ingeniosus
1888 2500 1988 2551 ad-

329 2570 602 2624 modum.
632 2571 767 2634 Qua
798 2576 999 2630 omnia
1030 2576 1208 2635 latius
1236 2582 1421 2636 multo
1455 2584 1830 2655 prosequitur
1851 2585 1990 2640 Vin-

331 2658 567 2711 centius
603 2658 968 2718 Lirinensis:
1019 2688 1047 2715 ‹‹
1095 2666 1200 2722 Hic
1260 2669 1490 2743 (inquit)
1545 2674 1697 2744 apud
1757 2674 1991 2730 Latinos

334 2751 682 2802 nostrorum
743 2752 1008 2807 omnium
1069 2756 1238 2811 facile
1286 2758 1558 2831 princeps
1606 2762 1988 2832 judicandus.

328 2833 482 2896 Quid
522 2836 677 2892 enim
710 2838 820 2894 hoc
848 2841 972 2896 viro
1002 2843 1229 2900 doctius
1258 2846 1285 2899 ‘I
1316 2850 1452 2918 quid
1484 2850 1543 2904 in
1576 2851 1789 2907 divinis
1815 2857 1989 2923 atque

328 2923 616 2981 humanis
649 2927 824 2983 rebus
867 2933 1238 2990 exercitatius
1267 2937 1294 2989 7
1322 2937 1540 3010 Nempe
1588 2956 1822 2995 omnem
1855 2941 1987 2996 Phi-

326 3010 689 3082 losophiam,
721 3021 777 3070 et
807 3024 1048 3075 cunctas
1087 3022 1571 3096 philosophorum
1605 3035 1814 3096 sectas,
1849 3047 1985 3086 auc-

330 3106 493 3156 tores
552 3110 991 3176 assertoresque
1044 3116 1360 3180 sectarum,
1412 3133 1731 3189 omnesque
1778 3136 1979 3176 eorum

2122 500 2286 555 Certe
2316 506 2372 555 et
2394 502 2855 572 TERTULLIANUS,
2888 519 3012 557 cum
3045 502 3225 557 adhuc
3256 512 3393 557 esset
3425 504 3777 575 adolescens,

2115 589 2257 644 lusit
2290 590 2346 644 in
2377 590 2483 645 hac
2518 592 2779 647 materia.
2821 613 2843 642 υ
2880 594 3057 663 Cujus
3089 592 3224 647 libri
3267 599 3679 664 argumentum
3719 601 3776 651 ct

2112 678 2351 734 titulum
2389 681 2538 735 idem
2570 682 2752 753 Epist.
2779 684 2867 749 22,
2904 684 2973 737 ad
3016 684 3291 738 Eustoch.
3330 689 3628 739 recenset:
3664 710 3689 734 ‹‹
3716 673 3775 739 Si

2110 768 2216 823 tibi
2279 769 2469 841 placet
2520 772 2759 843 (inquit)
2813 773 2981 843 scire,
3036 779 3177 845 quot
3242 773 3531 829 molestiis
3612 774 3774 846 virgo

2108 856 2480 930 libera,quot
2510 878 2653 915 uxor
2685 862 2925 917 astricta
2982 861 3079 927 sit,
3132 861 3293 934 legas
3352 864 3770 919 TERTULLIANUN

2108 965 2181 1002 AD
2211 950 2442 1004 Asnaum
2476 949 2898 1007 PHILOSOPHUM.
2928 974 2953 999 ››
2987 951 3109 1015 Quo
3159 952 3223 1006 ﬁt
3285 957 3347 1007 ut
3406 953 3767 1011 castitatem,

2111 1054 2284 1107 quam
2318 1043 2435 1093 toto
2468 1040 2592 1093 vitae
2617 1046 2875 1110 tempore
2907 1042 3006 1095 49
3064 1057 3245 1111 usque
3292 1041 3436 1096 adeo
3468 1058 3768 1097 commen-

2112 1126 2307 1181 datam
2346 1127 2574 1195 habuit,
2608 1129 2786 1183 etiam
2813 1130 2938 1200 jam
2970 1129 3106 1184 inde
3136 1130 3208 1184 ab
3271 1129 3371 1185 illo
3402 1130 3771 1187 observatam

2111 1232 2479 1272 censeamus.
2503 1219 2691 1288 Atque
2723 1219 2865 1273 adeo
2899 1236 3011 1273 non
3046 1222 3165 1273 tam
3194 1235 3298 1274 suo
3314 1236 3489 1290 quam
3513 1219 3766 1275 aliorum

2112 1304 2361 1373 nomine,
2396 1306 2643 1378 exempli
2674 1308 2882 1379 gratia,
2916 1307 3139 1361 dictum
3190 1306 3581 1379 intelligimus
3602 1307 3765 1362 illius

2110 1394 2384 1450 Auctoris
2420 1412 2432 1450 :
2464 1418 2489 1444 «
2519 1399 2633 1469 Ego
2655 1414 2740 1451 me
2766 1398 2879 1451 scio
2908 1413 3083 1467 neque
3128 1398 3243 1451 alia
3272 1413 3436 1451 carne
3489 1396 3768 1452 adulteria.

2108 1485 2462 1552 commisisse,
2485 1501 2664 1556 neque
2695 1502 2841 1541 nunc
2872 1486 2991 1540 alia
3012 1502 3182 1541 carne
3239 1486 3308 1539 ad
3360 1486 3766 1541 continentiam

2108 1574 2266 1625 eniti.
2305 1575 2423 1627 Lib.
2449 1574 2513 1629 de
2540 1579 2733 1630 Resur.
2764 1592 2875 1629 car.
2902 1592 3027 1641 cap.
3060 1575 3150 1628 59.
3177 1596 3205 1623 ››

2180 1660 2210 1732 §
2265 1664 2331 1715 V.
2390 1664 2466 1717 De
2511 1665 2632 1734 ejus
2689 1665 3102 1719 conversatione
3176 1664 3233 1717 in
3305 1662 3645 1733 gentilismo,
3696 1662 3762 1717 de

2107 1750 2382 1821 conjugio.
2417 1781 2482 1792 —
2510 1753 2930 1823 9.Conjugiuui
2962 1759 3155 1807 tamen
3189 1752 3391 1807 iniisse
3420 1752 3761 1807 TEBTULLIA-

2107 1856 2221 1892 sua:
2252 1856 2321 1893 ex
2354 1840 2539 1896 Libris
2566 1842 2796 1897 duobus
2829 1844 2898 1897 ad
2935 1842 3180 1897 Uxorem
3215 1841 3593 1913 perspicuum
3627 1846 3754 1896 est:

2109 1926 2375 1983 fortassis
2407 1932 2559 2000 quod
2586 1934 2846 1986 nondum
2879 1931 3121 1986 sublata
3171 1935 3369 1987 essent
3400 1930 3580 2002 Papia
3608 1935 3757 2000 Pop-

2107 2033 2231 2088 paea
2259 2023 2316 2072 et
2344 2018 2501 2074 Julia
2530 2018 2706 2091 leges,
2756 2037 2880 2092 quas
2939 2020 3155 2076 liberos
3199 2020 3421 2092 suscipi
3474 2020 3760 2091 cogebant

2105 2104 2216 2175 (uti
2249 2107 2372 2177 ipse
2404 2107 2637 2179 fatetur)
2670 2108 2975 2164 etcaelibes
3032 2116 3091 2165 et
3142 2109 3316 2164 orbos
3372 2109 3648 2164 vetabant
3690 2126 3759 2164 ex

2106 2199 2454 2251 testamento
2488 2196 2743 2252 solidum
2777 2200 3105 2269 capere;de
3163 2196 3381 2268 quibus
3441 2214 3542 2268 per
3584 2198 3755 2253 Seve-

2107 2300 2237 2337 rum
2272 2286 2415 2356 Imp.
2453 2285 2701 2342 sublatis
2732 2286 2884 2341 infra
2913 2286 3377 2350 latius.Quarum
3409 2285 3605 2357 legum
3621 2302 3754 2341 con—

2105 2370 2332 2428 stitutio
2372 2375 2759 2445 prescribens
2817 2375 3176 2430 matrimonii
3227 2378 3448 2430 certam
3496 2379 3748 2446 aetatem,

2106 2467 2305 2532 utpote
2328 2464 2496 2533 juxta
2527 2464 2826 2519 Platonem
2858 2464 2995 2519 anni
3020 2481 3186 2531 xxxv,
3244 2468 3506 2518 nostram
3539 2463 3750 2519 conﬁr-

2104 2556 2227 2605 mat
2253 2554 2666 2622 conjecturam,
2701 2554 2855 2625 quod
2889 2558 3021 2609 ante
3069 2554 3243 2608 ﬁdem
3303 2552 3749 2607 matrimonium

2102 2642 2471 2709 contraxerit,
2505 2660 2843 2715 quanquam
2865 2642 3395 2698 tamenliberorum
3428 2644 3556 2711 ejus
3587 2641 3752 2697 nulla

2101 2730 2331 2798 uspiam
2418 2733 2657 2787 mentio.
2740 2732 3029 2787 Scribitur
3077 2737 3271 2786 autem
3329 2748 3363 2785 a
3421 2730 3748 2786 Trithemio

2099 2818 2252 2886 apud
2286 2804 2700 2891 Carthaginem
2734 2821 2959 2891 aliquot
2990 2821 3161 2875 annis
3192 2819 3566 2874 Rhetoricam
3621 2818 3749 2891 glo-

2098 2906 2249 2960 riose
2280 2907 2552 2964 docuisse
2578 2934 2592 2978 ;
2620 2913 2819 2979 postea
2841 2911 3219 2969 etOratorem
3265 2906 3443 2963 fuisse
3475 2923 3576 2961 seu
3608 2923 3747 2961 cau-

2096 3010 2318 3050 sarum.
2349 2998 2705 3053 Advocatum
2741 3015 2871 3054 mox
2902 2996 3436 3069 comprobabimus.
3462 2995 3747 3050 Jurecon-

2095 3082 2317 3139 sultum
2351 3086 2526 3141 etiam
2560 3086 2739 3142 fuisse
2772 3090 3000 3141 constat
3029 3103 3099 3140 ex
3116 3084 3293 3140 variis
3322 3084 3538 3155 quibus
3561 3084 3749 3140 utitur

326 3190 704 3262 disciplinas,
725 3166 960 3252 omnem
992 3166 1370 3258 historiarqu
1404 3166 1862 3264 {Qte-dish};-
2014 3166 2055 3231 Ο
2094 3172 2410 3242 phraSibu’
2444 3180 2500 3230 et
2528 3176 2559 3231 Ἰ
2592 3180 2648 3230 C'
2681 3175 3236 3231 vocibus'FormSSis
3267 3178 3460 3229 Rome
3493 3189 3742 3264 pro“?

322 3279 600 3335 rietatem
627 3283 775 3338 mira
789 3286 1044 3356 quadam
1071 3291 1279 3347 mentis
1293 3296 1612 3367 capacitate
1643 3298 1982 3369 complexus

321 3371 435 3422 est.
472 3368 716 3441 Ingenio
750 3389 882 3429 vero
916 3393 1109 3433 nonne
1166 3386 1283 3435 tam
1344 3385 1504 3453 gravi
1553 3392 1608 3441 et
1656 3368 1982 3444 vehementi

320 3456 623 3549 excelluit,
652 3460 736 3515 uti
771 3462 915 3518 nihil
947 3466 1058 3521 sibi
1084 3485 1230 3539 pene
1259 3472 1331 3525 ad
1362 3477 1817 3546 expugnandum
1852 3495 1980 3549 pro-

321 3547 615 3616 posuerit,
649 3551 803 3620 quod
835 3569 948 3608 non
972 3562 1073 3611 aut
1103 3560 1372 3615 acumine
1403 3563 1809 3633 irruperit,aut
1839 3547 1982 3639 pon-

320 3634 464 3689 dere
497 3636 775 3727 illiserit?
804 3642 936 3697 Jam
969 3661 1141 3715 porro
1172 3650 1454 3706 orationis
1476 3670 1594 3707 sua:
1626 3634 1982 3727 laudesquis

322 3728 538 3794 exequi
592 3726 828 3783 valeat?
875 3731 1010 3794 Qua:
1064 3739 1229 3792 tanta
1286 3741 1481 3796 nescio
1529 3758 1646 3813 qua
1694 3726 1981 3802 rationem

321 3813 617 3870 densitate
644 3824 912 3875 conserta
941 3828 1052 3890 est,
1087 3830 1148 3880 ut
1200 3828 1270 3882 ad
1304 3844 1656 3887 consensum
1689 3835 1803 3901 sui,
1836 3853 1981 3906 quos

319 3903 575 3995 suadere
606 3922 722 3961 non
758 3912 1037 3977 potuerit,
1076 3914 1361 3986 impellat,
1423 3920 1593 3991 cujus
1637 3929 1780 3993 quot
1835 3903 1983 3995 pene

317 3992 618 4080 verba,tot
649 3999 950 4053 sententia:
982 4008 1140 4075 sunt,
1173 4012 1317 4076 quot
1364 4024 1598 4080 sensus,
1656 3992 1743 4067 tot
1797 3992 1978 4069 vieto-

317 4078 444 4135 τίω.
480 4104 511 4131 ››
548 4082 897 4155 Quanquam
928 4088 1161 4147 interim
1195 4097 1551 4167 experientia
1580 4099 1709 4170 ipsa
1733 4102 1980 4158 convicti

319 4169 619 4226 fateamur
650 4190 887 4232 necesse
908 4178 1007 4248 sit,
1032 4183 1183 4252 quod
1205 4184 1275 4239 de
1305 4202 1371 4241 eo
1384 4188 1587 4243 scribit
1606 4169 1978 4261 Lactantius,

317 4275 534 4329 parum
568 4278 698 4318 esse
730 4263 984 4335 facilem,
1017 4270 1216 4328 minus
1255 4282 1576 4347 comptum,
1636 4284 1692 4334 et
1721 4280 1976 4339 multum

314 4349 666 4417 obscurum,
690 4357 747 4408 et
779 4354 950 4423 juxta
980 4362 1043 4411 Β.
1082 4360 1521 4435 Hieronymum,
1553 4369 1818 4426 crebrum
1847 4373 1976 4444 qui-

315 4436 449 4492 dem
474 4438 538 4530 in
569 4443 899 4512 sententiis,
945 4447 1045 4502 sed
1098 4449 1396 4507 difficilem
1453 4454 1512 4510 in
1543 4436 1887 4530 eloquendo,
1918 4468 1978 4518 ut

2095 3265 2218 3317 tore
2250 3281 2393 3320 usus
2412 3270 2503 3319 est
2530 3265 2792 3320 Serbidio
2823 3264 3091 3329 Scaevola,
3124 3267 3181 3319 et
3239 3264 3572 3318 studiorum
3622 3260 3742 3317 col-

2093 3348 2220 3423 lega
2275 3356 2480 3408 Severo
2542 3354 2687 3425 Imp.
2739 3358 2795 3409 et
2835 3352 3067 3408 Emilio
3136 3351 3510 3424 Papiniano:
3571 3355 3740 3407 aetate

2090 3444 2286 3496 tamen
2323 3443 2516 3499 minor
2545 3444 2776 3514 Severo,
2800 3443 2900 3513 qui
2932 3447 3104 3497 natus
3132 3440 3241 3495 fuit
3294 3458 3445 3496 anno
3508 3440 3737 3496 Domini

2091 3547 2269 3600 cxcvr,
2346 3536 2412 3587 ut
2467 3533 2967 3603 quadragenarius
3027 3530 3201 3587 fuerit
3258 3530 3423 3585 initio
3498 3528 3739 3601 Imperii

2092 3618 2271 3674 illius.
2308 3621 2445 3676 Inde
2470 3621 2626 3676 enim
2660 3622 2727 3676 ad
2760 3622 2933 3676 finem
2986 3637 3173 3691 usque
3202 3620 3435 3691 Imperii
3466 3618 3655 3691 ipsius
3686 3622 3744 3673 et

2092 3708 2198 3763 filii
2228 3710 2355 3779 ejus
2386 3710 2659 3765 Antonini
2693 3710 3025 3775 Caracallie,
3072 3711 3182 3765 sub
3244 3710 3465 3781 quibus
3522 3712 3745 3763 Auctor

2092 3797 2310 3867 floruit,
2338 3800 2475 3854 anni
2506 3800 2844 3855 efﬁciuntur
2888 3817 3039 3868 xx1v,
3104 3803 3207 3854 aut
3252 3799 3518 3865 circiter;
3571 3802 3628 3853 et
3660 3798 3745 3852 sic

2091 3887 2270 3942 simul
2328 3889 2769 3944 constituuntur
2827 3906 2937 3943 ini
2996 3888 3183 3943 aetatis
3261 3888 3652 3953 Temenum,
3709 3902 3744 3940 a

2090 3994 2206 4047 quo
2238 3995 2391 4033 anno
2424 3980 2619 4051 (quem
2653 3978 3113 4035 climactericum
3155 3982 3364 4032 vocant
3388 3976 3618 4045 Medici)
3649 3977 3743 4033 de-

2089 4066 2307 4138 crepita
2329 4071 2487 4139 aetas,
2519 4069 2589 4123 ad
2624 4085 2802 4139 quam
2835 4084 3014 4139 usque
3067 4067 3228 4131 vixit,
3288 4065 3540 4121 exordiri
3564 4063 3741 4121 solet.

2088 4159 2197 4210 Pro
2220 4173 2335 4227 quo
2368 4157 2506 4212 facit
2534 4158 2689 4229 quod
2720 4160 2777 4212 Β.
2814 4157 3050 4227 Hieron,
3090 4161 3148 4211 et
3204 4154 3566 4226 Nicephorus
3608 4157 3740 4224 post

2090 4245 2343 4300 mediam
2376 4250 2602 4301 (etatem
2633 4246 2692 4301 in
2725 4246 2992 4301 haeresim
3024 4243 3281 4299 Montani
3321 4243 3552 4315 lapsum
3586 4242 3737 4297 scri-

2085 4332 2255 4403 bunt,
2290 4352 2496 4405 nempe
2529 4340 2729 4391 nostra
2759 4336 2999 4406 quidem
3023 4334 3315 4389 sententia
3333 4332 3487 4387 circa
3510 4347 3731 4387 annnm

2086 4423 2272 4479 atatis
2318 4426 2445 4495 ejus
2496 4424 3058 4497 quinquagesimum
3120 4421 3384 4486 tertium,
3444 4437 3598 4477 anno
3644 4421 3738 4476 Se-

314 4542 431 4581 non
460 4527 680 4584 mirum
714 4532 807 4599 sit,
843 4534 1061 4606 stylum
1091 4539 1219 4609 ejus
1241 4546 1298 4596 et
1327 4542 1576 4600 aliorum
2006 4537 2052 4601 D
2084 4513 2200 4609 veri
2230 4520 2473 4609 xv,rtote
2502 4520 2635 4571 ante
2664 4516 2895 4609 obitum
2921 4515 3229 4609 ‘decennio.
3286 4512 3499 4569 Verum
3534 4514 3602 4568 de
3633 4511 3726 4567 his

314 4630 447 4669 rum
514 4617 683 4674 facile
734 4622 996 4691 potuisse
1042 4626 1293 4683 discerni
1327 4648 1357 4685 a
1388 4635 1699 4704 Nepotanio
1751 4620 1855 4695 (uti
1913 4639 1972 4695 in

313 4701 445 4795 Yita
476 4706 609 4795 ejus
636 4712 887 4766 testatur
938 4713 1093 4771 idem
1144 4717 1203 4772 Β.
1258 4701 1690 4795 Hieronymus),
1743 4726 1973 4782 Minutii

312 4791 526 4849 Felicis
558 4797 712 4867 dico,
743 4804 807 4855 Β.
842 4803 1139 4874 Cypriani,
1178 4809 1440 4876 Arnobii,
1480 4791 1808 4880 'Lactantii,
1839 4816 1971 4872 Vic-

312 4882 513 4939 torini.
546 4884 935 4947 Obscuritatis
964 4909 1099 4949 vero
1131 4897 1266 4968 styli
1322 4900 1674 4972 pracipuam
1732 4920 1970 4961 causam

315 4974 625 5029 annotavit
676 4976 893 5034 alicubi
942 4982 1279 5054 Rhenanus,
1338 4990 1489 5058 quod
1521 5007 1589 5045 ex
1642 4992 1969 5051 Graecorum

313 5063 633 5153 Auctorum
667 5067 907 5124 assidua
935 5069 1183 5129 lectione
1219 5075 1361 5132 adeo
1412 5077 1637 5136 Graecas
1694 5082 1970 5153 loquendi

314 5146 606 5206 formulas
640 5153 957 5230 imbiberit,
1000 5167 1065 5216 ut
1092 5162 1264 5218 etiam
1298 5165 1497 5223 Latine
1527 5146 1814 5239 scribens,
1843 5172 1967 5229 illa-

309 5252 443 5292 rum
496 5239 764 5299 oblivisci
817 5251 1106 5320 nequiret.
1169 5252 1233 5307 Et
1273 5271 1409 5310 vero
1469 5259 1775 5329 scripsisse
1832 5280 1966 5318 eum

307 5329 677 5397 quaedamin
741 5336 1158 5409 adolescentia,
1202 5348 1375 5415 atque
1405 5347 1548 5401 adeo
1606 5358 1741 5405 ante
1791 5353 1966 5408 ﬁdem

304 5416 527 5510 Christi
563 5431 923 5496 susceptam,
960 5429 1118 5485 idem
1176 5432 1237 5486 B.
1293 5433 1677 5508 Hieronymus
1707 5438 1967 5510 locuples

308 5508 478 5601 testis
508 5514 634 5601 est.
679 5511 804 5569 Non
865 5539 892 5565 (ι
955 5522 1043 5573 est
1094 5519 1310 5591 (inquit
1359 5522 1513 5579 lib.I
1569 5527 1700 5583 adv.
1749 5508 1963 5601 Jovin.)

311 5592 490 5667 hujus
522 5596 639 5657 loci
667 5604 1009 5675 nuptiarum
1031 5610 1336 5681 angustias
1368 5612 1779 5689 describere,et
1798 5592 1967 5692 quasi

2084 4600 2217 4672 plus
2250 4604 2416 4660 satis.
2449 4606 2575 4660 Jam
2609 4606 2679 4661 ad
2715 4604 3033 4661 Historiam
3085 4620 3402 4677 pergamus
3446 4618 3737 4659 annorum

2082 4689 2316 4747 illorum
2336 4710 2486 4747 xxiv.

2615 4858 2781 4911 Anno
2820 4856 2873 4911 J.
2928 4857 2987 4911 C.
3022 4872 3198 4913 cxcxv.

2154 5000 2238 5054 10.
2266 5002 2433 5056 Anno
2466 5000 2645 5071 igitur
2676 5000 2912 5057 Domini
2951 5018 3135 5070 cxcxv,
3194 5004 3251 5055 C.
3314 5000 3514 5056 SOSIO
3573 4999 3734 5055 FAL-

2079 5087 2266 5145 CONE
2290 5096 2348 5145 et
2377 5091 2439 5145 C.
2479 5090 2679 5146 JULIO
2713 5090 2975 5146 ERUTIO
3004 5090 3240 5145 CLARO
3296 5094 3473 5145 COSS.
3510 5089 3566 5145 S.
3600 5089 3735 5142 Vic-

2080 5180 2247 5250 toris,
2277 5180 2336 5234 F.
2383 5178 2589 5236 Felicis
2628 5180 2775 5247 Afri,
2836 5179 3080 5235 Romani
3133 5178 3432 5234 Pontificis
3482 5196 3576 5233 an.
3612 5195 3734 5246 vui,

2080 5270 2230 5340 Imp.
2271 5268 2409 5323 Caas.
2448 5269 2501 5324 L.
2534 5268 2799 5340 Septimii
2832 5273 2904 5321 M.
2968 5268 3027 5335 F,
3088 5268 3233 5333 Afri,
3292 5272 3352 5321 P.
3417 5266 3734 5323 Pertinacis

2078 5358 2325 5429 Augusti
2346 5375 2499 5413 anno
2528 5375 2567 5423 ι,
2590 5362 2999 5413 TsanLLusus
3030 5357 3220 5413 adhuc
3264 5356 3535 5412 ethnicus
3592 5373 3735 5411 cau-

2078 5463 2279 5502 sarum
2311 5451 2627 5518 patronum
2653 5448 2862 5517 agebat
2917 5447 3308 5519 Carthagine;
3359 5449 3513 5518 quod
3573 5461 3731 5499 com-

2076 5536 2359 5607 probatur
2388 5536 2481 5593 his
2504 5537 2693 5610 ipsius
2724 5536 2917 5592 verbis
2946 5552 3075 5608 quas
3123 5537 3233 5592 sub
3282 5535 3448 5591 Pallii
3481 5548 3732 5604 persona

2078 5622 2148 5678 de
2179 5638 2240 5679 se
2277 5622 2513 5697 scripsit
2539 5624 2667 5697 jam
2700 5623 3074 5681 Christianus
3104 5624 3291 5678 tactus
3327 5626 3503 5692 :Ego,
3537 5619 3730 5689 inquit
