4148 6188
399 387 475 447 8'1

1720 383 2249 446 TERTULLIANI
2300 391 2506 453 VITA.

3733 385 3811 443 88

401 522 545 577 nihil
566 523 703 591 loro,
736 518 882 575 nihil
911 532 1118 589 campo,
1150 517 1299 573 nihil
1327 518 1501 573 carix
1531 516 1716 587 debeo,
1750 518 1891 573 nihil
1919 518 2045 589 ofﬁ-
2077 519 2133 585 Α
2165 522 2512 593 Spartianus
2545 544 2608 581 ac
2646 524 2797 581 Fasti
2828 522 3196 591 Consulares,
3230 522 3371 576 dum
3404 521 3475 575 3O
3506 522 3815 592 postquam

402 614 483 667 cio
512 610 770 681 advigila,
802 609 962 663 nulla
994 613 1170 663 rastra
1197 623 1535 679 praeaccupo,
1582 608 1743 663 nulla
1783 609 2055 678 pra’toria

402 701 640 768 observo,
667 696 943 755 cancellos
973 713 1081 752 non
1113 696 1299 765 adoro,
1336 696 1596 751 subsellia
1626 714 1732 752 non
1758 696 2051 763 contundo,

399 794 543 849 Jura
596 805 705 844 non
746 790 1029 854 oonturbo,
1080 802 1267 841 causas
1313 802 1423 841 non
1470 787 1675 842 clatra.
1735 788 1867 842 Plus
1912 791 2057 856 togae

406 880 593 935 laesere
622 880 803 950 Remp.
840 894 1005 948 quam
1056 878 1245 933 loricae
1303 876 1394 946 (De
1441 875 1584 930 Pali.
1646 893 1690 931 c.
1751 876 1828 947 5).
1889 875 2055 930 Certe

402 967 703 1023 ethnicum
736 984 797 1023 se
829 967 1009 1022 tuisse
1040 968 1165 1038 ipse
1198 965 1431 1032 fatetur,
1483 981 1664 1037 agens
1719 964 1789 1019 de
1828 964 2055 1035 judicio

402 1061 686 1128 extremo,
742 1056 859 1112 vita
891 1060 947 1110 et
976 1054 1106 1125 igne
1138 1053 1393 1121 aeternis,
1451 1058 1507 1109 et
1548 1053 1930 1109 suscitatione
1961 1053 2058 1108 de-

404 1147 739 1203 functorum
769 1146 954 1213 :Hazc,
979 1144 1193 1215 inquit,
1224 1148 1277 1199 et
1310 1160 1405 1199 nos
1457 1144 1683 1199 risimus
1731 1142 2059 1214 aliquando,

403 1236 470 1292 de
497 1238 689 1292 vestris
716 1237 947 1306 fuimus.
975 1236 1158 1303 Fiunt,
1204 1249 1314 1288 non
1366 1234 1468 1290 50
1526 1236 1828 1288 nascuntur
1874 1232 2057 1287 Chris-

404 1327 546 1382 tiani
575 1327 669 1398 (5).
698 1325 863 1397 Apud
900 1328 1196 1379 auctorem
1233 1338 1364 1377 vero
1423 1323 1686 1394 quaedam
1722 1323 1793 1377 ad
1838 1338 2057 1377 annum

404 1415 562 1470 hunc
595 1413 947 1487 pertinentia
980 1410 1234 1484 reperire
1265 1415 1376 1467 est.
1441 1410 1735 1484 Imprimis
1787 1412 1857 1466 de
1907 1411 2060 1465 caede

404 1503 618 1575 Imper.
654 1507 714 1557 P.
751 1502 955 1567 Helvii,
1002 1506 1063 1555 P.
1124 1501 1187 1555 E.
1246 1499 1567 1556 Pertinacis
1610 1500 1785 1555 occisi
1818 1517 1869 1553 v.
1930 1498 2057 1554 Kal.

406 1591 590 1664 April.
624 1591 767 1648 illud
802 1589 1160 1663 Apologetici
1198 1606 1209 1644 :
1250 1589 1396 1647 Unde
1444 1592 1541 1661 qui
1584 1589 1838 1661 lancibus
1870 1590 2061 1661 exprio

406 1682 617 1738 mendis
644 1682 1016 1754 palestricam
1062 1679 1362 1735 exercent?
1385 1680 1536 1736 Unde
1582 1680 1678 1751 qui
1727 1681 1941 1735 armati
1962 1696 2061 1751 pa-

410 1772 605 1827 latium
623 1774 963 1843 irrumpunt,
989 1771 1237 1825 omnibus
1266 1769 1503 1838 Sigeriis
1550 1773 1716 1841 atque
1750 1769 2064 1824 Parthenii:

410 1861 883 1919 audaciorestbe
943 1860 1219 1928 Romanis,
1274 1860 1338 1913 ni
1394 1852 1566 1931 fallar
1627 1858 1802 1930 (Apol.
1845 1876 1891 1913 c.
1951 1858 2062 1929 35),

412 1954 613 2023 utpote
644 1950 744 2024 qui
766 1951 823 2005 in
857 1949 1081 2005 foribus
1105 1947 1305 2020 palatii
1328 1949 1398 2004 ab
1431 1948 1671 2003 armatis
1700 1948 2068 2003 Pretorianis

414 2040 702 2097 militibus
747 2040 1091 2095 interfectus
1150 2037 1246 2108 sit,
1310 2037 1559 2093 factione
1620 2036 1755 2093 Laeti
1817 2036 2068 2109 przefecti

416 2129 682 2203 prmtorio
711 2128 999 2200 ejusdem,
1029 2127 1197 2198 cujus
1249 2127 1423 2197 jussu
1468 2127 1825 2183 Commodus
1856 2126 2069 2198 Imper.

417 2233 533 2274 non
568 2217 754 2272 multo
787 2221 921 2273 ante
954 2234 987 2272 a
1016 2215 1290 2271 Narcisso
1340 2214 1578 2282 athleta,
1639 2232 1771 2270 cum
1830 2232 1945 2287 quo
1975 2214 2073 2270 ille

418 2305 644 2365 solebat
673 2307 731 2362 in
763 2306 1092 2379 palaestrica
1132 2306 1406 2373 exerceri,
1432 2306 1833 2377 strangulatus
1860 2305 2071 2361 fuerat.

418 2395 639 2452 Deinde
670 2396 739 2452 de
772 2396 986 2467 Imper.
1007 2398 1147 2449 Cass.
1174 2395 1495 2450 Pescennio
1524 2394 1723 2467 Nigro,
1757 2394 1857 2465 qui
1887 2393 2076 2450 occiso

413 2486 590 2557 jussu
622 2485 871 2540 Senatus
896 2485 1107 2556 Imper.
1141 2486 1349 2539 Caesar.
1384 2484 1461 2539 M.
1494 2483 1663 2539 Didio
1706 2484 1780 2538 Μ.
1820 2484 1873 2537 F.
1909 2486 2077 2539 Com-

425 2574 598 2630 modo
626 2578 833 2629 Severo
855 2573 1093 2629 Juliano
1146 2576 1433 2645 Augusto,
1495 2576 1701 2628 exante
1748 2572 1903 2627 diem
1963 2577 2078 2626 Ka-

424 2665 631 2723 lendas
662 2665 846 2721 Maias
880 2664 1192 2737 Imperium
1247 2666 1562 2733 invaserat,
1614 2664 1757 2719 illud
1814 2666 2078 2735 ejusdem

426 2756 539 2815 loci
564 2776 577 2814 :
607 2759 781 2814 Plane
808 2759 999 2816 caeteri
1029 2758 1246 2813 ordines
1262 2773 1364 2829 pro
1395 2758 1726 2813 auctoritate
1755 2757 2001 2828 religiosi
2014 2773 2084 2813 ex

430 2848 537 2922 ﬁde
564 2848 710 2903 nihil
739 2848 1007 2903 hosticum
1040 2846 1325 2918 (adversus
1360 2846 1651 2918 Cwsarem)
1692 2846 1757 2901 de
1810 2848 1926 2918 ipso
1984 2846 2083 2901 Se-

430 2946 595 3006 natu,
620 2937 685 2994 de
713 2939 909 3010 equite,
933 2937 999 2993 de
1017 2938 1234 3004 castris,
1297 2939 1363 2991 de
1388 2937 1617 3009 palatiis
1677 2937 1809 3007 ipsis
1844 2937 2079 3009 spirant.

431 3025 580 3085 Unde
609 3026 785 3083 Cassii
812 3032 864 3083 et
888 3026 1103 3098 Nigri?
1152 3029 1409 3091 Quorum
1470 3025 1635 3097 prius
1688 3025 1757 3079 ad
1812 3025 2084 3081 Avidium

425 3117 695 3174 Cassium
727 3116 1110 3188 refertur,qui
1138 3132 1205 3171 ex
1237 3114 1458 3171 familia
1488 3113 1824 3169 Cassiorum
1854 3114 1916 3169 C.
1940 3113 2082 3170 Julii

426 3208 567 3261 Cass.
598 3205 1065 3275 interfectorum,
1098 3208 1154 3260 et
1180 3204 1470 3258 Antonino
1532 3203 1626 3258 Pio
1676 3207 1732 3258 et
1789 3202 1982 3259 Marco
2016 3220 2081 3257 ac

2170 613 2227 667 in
2264 615 2466 669 urbem
2501 621 2734 671 venerat
2764 615 2876 684 die,
2910 618 3115 669 exante
3148 613 3301 667 diem
3336 610 3461 666 Kal.
3511 608 3629 665 Jul.
3681 624 3815 678 pro-

2168 702 2386 758 fectum
2418 705 2683 760 scribunt
2712 698 2997 761 Severum
3020 704 3078 758 in
3136 702 3430 758 Orientem
3486 702 3688 753 contra
3718 695 3815 750 Ni-

2169 799 2703 866 grumtyrannum,
2738 794 2890 849 datis
2942 795 3107 865 prius
3156 791 3314 863 plebi
3376 788 3705 861 Congiaria,
3764 787 3821 839 et

2168 882 2449 940 Donativo
2482 884 2804 953 Militibus;
2839 883 3094 954 denique
3152 887 3208 937 et
3264 881 3383 935 hanc
3443 874 3821 933 numismatis

2169 971 2476 1045 inscriptio
2530 989 2545 1028 :
2596 973 2746 1028 IMP.
2807 972 2978 1027 CJES.
3036 972 3098 1026 L.
3158 970 3351 1025 SEPT.
3403 966 3555 1021 SEV.
3616 963 3819 1019 PERT.

2168 1060 2333 1116 AUG.
2411 1062 2554 1118 COS.
2624 1061 3078 1117 LIBERALITAS
3150 1059 3307 1115 AUG.
3372 1072 3488 1129 quo
3549 1052 3819 1126 pertinet.

2168 1150 2341 1206 etiam
2375 1152 2527 1223 quod
2561 1150 3066 1224 praetermittitur:
3095 1150 3255 1204 Focos
3310 1151 3360 1203 et
3392 1146 3571 1201 thoros
3630 1144 3686 1197 in
3717 1158 3825 1213 pu-

2169 1241 2372 1295 blicum
2400 1242 2749 1307 educere,5l
2788 1243 3009 1298 vicatim
3032 1238 3553 1311 epulari,civitatem
3584 1233 3825 1289 tabernae

2172 1329 2369 1385 habitu
2405 1330 2758 1400 abolefacere,
2820 1332 2944 1384 vino
3021 1329 3197 1383 lutum
3244 1338 3455 1395 cogere.
3518 1321 3603 1375 Ad
3670 1319 3825 1374 hunc

2172 1424 2448 1490 praeterea
2479 1436 2700 1474 annum
2734 1419 3022 1491 pertinere
3053 1430 3365 1473 censemus
3424 1410 3569 1466 illud
3604 1407 3703 1463 lib.
3753 1406 3824 1460 ad

2170 1510 2479 1579 δοειΡυιᾶω
2515 1526 2527 1564 ε
2560 1510 2679 1580 Ipse
2699 1510 2871 1563 etiam
2900 1508 3129 1562 Severus
3155 1512 3315 1576 pater
3344 1500 3607 1557 Antonini
3640 1495 3829 1551 Chris-

2171 1600 2451 1654 tianorum
2480 1613 2691 1654 memor
2717 1600 2845 1669 fuit.
2869 1602 3007 1655 Nam
3038 1604 3089 1652 et
3120 1593 3414 1649 Proculum
3447 1588 3825 1647 Christianum

2171 1690 2271 1759 qui
2302 1688 2600 1759 Torpacion
2629 1686 3144 1756 cognominabatur,
3202 1680 3463 1737 Euhodiw
3504 1683 3829 1750 procurato-

2172 1793 2311 1843 rem,
2346 1778 2441 1848 qui
2468 1794 2592 1833 eum
2639 1793 2737 1849 per
2789 1777 2971 1831 oleum
3026 1772 3335 1844 aliquando
3392 1773 3701 1831 curaverat,
3736 1780 3825 1819 re-

2173 1868 2425 1938 quisivit,
2458 1866 2598 1921 etin
2624 1867 2830 1938 palatio
2856 1880 2950 1919 suo
3007 1863 3201 1918 habuit
3256 1875 3426 1931 usque
3482 1857 3550 1912 ad
3598 1857 3821 1910 mortem

2175 1953 2327 2021 eius:
2361 1969 2519 2023 quem
2546 1956 2599 2008 et
2634 1954 2945 2008 dntoninus
2995 1952 3196 2022 optime
3241 1953 3472 2003 noverat
3504 1942 3816 2000 Christiano

2180 2044 2318 2097 lacte
2346 2042 2605 2097 educatus
2637 2042 2717 2113 (L.
2751 2041 2820 2097 ad
2849 2042 3012 2112 Scap.
3053 2056 3099 2094 c.
3127 2040 3199 2110 4).
3262 2037 3407 2093 Nam
3442 2033 3711 2088 morbum
3744 2026 3830 2083 illi

2179 2148 2414 2204 gravem
2447 2132 2763 2204 contigisse
2788 2130 2957 2185 initio
2985 2127 3241 2200 Imperii,
3284 2143 3354 2183 ex
3392 2123 3539 2180 ZElio
3592 2121 3829 2189 Lampr.

2182 2220 2269 2276 vel
2300 2220 2434 2276 inde
2466 2226 2643 2293 patet,
2676 2221 2830 2291 quod
2875 2236 3007 2274 cum
3060 2217 3164 2272 ﬁlii
3221 2215 3311 2272 sui
3365 2214 3421 2268 id
3488 2210 3676 2267 aetatis
3715 2223 3830 2263 non

2183 2310 2465 2365 haberent
2522 2315 2583 2365 ut
2642 2310 2930 2381 imperare
2990 2310 3249 2380 possent,
3323 2304 3598 2359 Severum
3660 2297 3713 2352 id
3776 2296 3838 2350 in

2185 2399 2381 2454 animo
2413 2398 2691 2454 habuisse
2743 2397 3065 2469 scripserit,
3098 2399 3184 2465 ut,
3244 2392 3293 2449 si
3343 2390 3485 2463 quid
3546 2388 3655 2443 sibi
3695 2385 3844 2439 forte

2187 2487 2531 2543 humanitus
2562 2487 2891 2557 accidisset,
2922 2484 3098 2556 Niger
3155 2479 3510 2539 Pescennius
3559 2481 3616 2532 et
3670 2473 3845 2530 Clau-

2190 2577 2325 2633 dius
2357 2577 2604 2633 Albinus
2637 2576 3051 2641 succederent;
3085 2589 3333 2645 quorum
3362 2569 3457 2625 ille
3484 2566 3711 2623 occisus
3734 2561 3852 2617 fuit

2192 2683 2344 2723 anno
2375 2666 2663 2738 sequenti.
2698 2667 2766 2721 Et
2810 2682 2943 2721 cum
2976 2663 3172 2736 (sicuti
3222 2662 3375 2716 infra
3430 2656 3626 2726 latius)
3690 2667 3849 2707 anno

2192 2756 2383 2829 ipsius
2416 2757 2470 2823 4,
2503 2756 2835 2811 Antoninus
2866 2770 3090 2811 annum
3139 2768 3317 2824 agens
3376 2750 3463 2815 13,
3501 2746 3641 2803 Cazs.
3697 2746 3848 2812 Aug.

2192 2845 2520 2918 appellatus
2554 2845 2650 2912 sit,
2680 2845 2971 2917 oportebit
3000 2841 3114 2897 huc
3141 2842 3354 2896 referre
3387 2837 3539 2909 quod
3594 2833 3663 2888 de
3687 2830 3849 2885 illius

2193 2935 2397 2991 scribit
2426 2934 2772 2991 educatione
2802 2936 3037 2989 Auctor.
3072 2930 3173 2986 Cui
3202 2926 3396 2984 simile
3448 2928 3538 2979 est
3594 2919 3737 2976 illud
3770 2918 3844 2972 de

2192 3024 2292 3080 illo
2320 3023 2611 3096 Spartiani
2642 3041 2653 3079 :
2686 3022 2789 3077 «Si
2834 3023 3069 3093 quando
3102 3018 3238 3075 feris
3277 3016 3534 3087 objectos
3593 3012 3848 3066 damna-

2193 3118 2284 3169 tos
2312 3112 2476 3181 vidit,
2510 3112 2687 3179 ﬂevit,
2723 3116 2823 3166 aut
2857 3110 3055 3167 oculos
3084 3106 3309 3164 avertit.
3342 3100 3651 3175 Septennis
3679 3112 3847 3171 puer,

2195 3219 2327 3259 cum
2351 3200 2698 3258 collusorem
2732 3218 2905 3256 suum
2934 3214 3180 3272 puerum
3240 3195 3312 3251 ob
3371 3190 3675 3249 Judaicam
3718 3184 3855 3242 reli-

424 3296 575 3350 Vero
606 3294 793 3366 Impp.
829 3293 1195 3367 principatus
1228 3298 1569 3362 extorquere
1625 3295 1869 3347 conatus
1926 3291 2071 3360 fuit;
2106 3276 2149 3345 C
2188 3292 2419 3364 gionem
2452 3289 2687 3361 gravius
2719 3289 3086 3344 verberatum
3147 3285 3432 3349 audisset,
3494 3295 3682 3350 neque
3737 3292 3843 3346 pa-

426 3380 674 3438 alterum
695 3382 766 3437 ad
789 3381 947 3453 Nigri
962 3380 1453 3452 conspirationem
1492 3380 1771 3436 adversus
1800 3380 2073 3436 Severum

425 3471 571 3543 Imp.
603 3474 737 3528 lam
767 3479 817 3526 et
846 3471 1112 3526 solemnia
1152 3472 1430 3526 Caesarum
1463 3468 1684 3541 (qualia
1737 3471 1911 3526 etiam
1971 3470 2077 3525 Ka-

378 3596 381 3599 »
422 3560 579 3616 tend.
612 3559 805 3615 Iuniis
835 3559 893 3615 in
923 3559 1307 3631 auguratione
1339 3575 1487 3613 nova
1532 3559 1747 3625 Severi,
1783 3558 1881 3632 qui
1906 3564 2077 3615 antea

422 3648 626 3705 Idibus
657 3648 793 3704 Mali
828 3649 900 3703 ab
931 3647 1188 3704 exercitu
1234 3649 1558 3719 Imperator
1615 3647 1807 3703 dictus
1866 3648 2073 3717 fuerat,

426 3737 717 3794 celebrata
748 3741 907 3806 sunt)
958 3735 1177 3792 ibidem
1225 3736 1282 3791 in
1333 3736 1454 3791 haec
1512 3736 1686 3791 verba
1746 3737 2073 3793 describit:

428 3825 540 3883 Cur
567 3826 659 3882 die
691 3827 813 3882 laeto
862 3842 969 3881 non
1030 3826 1249 3881 laureis
1291 3830 1469 3897 postes
1530 3826 1941 3895 obumbramus,
1997 3842 2096 3882 nec

431 3916 677 3971 lucernis
717 3915 863 3971 diem
906 3914 1326 3989 infringimus‘l
1375 3922 1427 3969 et
1486 3919 1662 3987 paulo
1718 3919 1896 3987 post:
1949 3918 2095 3989 Ipsos

434 4005 699 4075 Quirites,
734 4006 912 4076 ipsam
942 4004 1293 4061 vernaculam
1334 4013 1543 4077 septem
1600 4005 1831 4061 callium
1879 4003 2096 4076 plebem

433 4095 723 4157 convenio;
769 4111 843 4149 an
873 4094 1048 4149 alicui
1091 4093 1301 4151 Caesari
1345 4110 1443 4150 sua
1482 4098 1690 4164 parcat
1737 4094 1847 4149 illa
1901 4095 2095 4164 lingua

435 4182 725 4240 Romana?
767 4183 939 4238 Testis
997 4188 1075 4238 est
1128 4183 1358 4249 Tiberis,
1416 4192 1467 4239 et
1514 4183 1711 4240 schalw
1771 4185 2091 4239 bestiarum.

432 4276 556 4331 Iam
585 4276 635 4328 si
659 4272 972 4345 pectoribus
995 4271 1064 4327 ad
1120 4272 1573 4327 translucendum
1624 4272 1915 4343 quamdam
1972 4289 2092 4344 spe-

435 4364 680 4418 cularem
736 4364 1034 4418 materiam
1087 4371 1297 4417 natura
1374 4362 1704 4427 abduxisset,
1755 4362 1914 4433 cujus
1979 4380 2094 4417 non

433 4450 742 4525 praeordia
773 4452 1047 4522 insculpta
1088 4452 1356 4521 apparent
1408 4451 1537 4504 novi
1580 4466 1642 4504 ac
1695 4452 1827 4504 novi
1866 4451 2096 4507 Caesaris

440 4557 660 4597 scenam
688 4540 980 4611 Congiaria
1021 4540 1327 4597 dividundo
1384 4540 1741 4611 praesidentis
1796 4543 1964 4597 etiam
1997 4543 2095 4597 illa

443 4630 731 4703 hora,qua
768 4632 1110 4686 acclamant:
1157 4631 1231 4684 De
1282 4630 1485 4684 vostris
1527 4631 1690 4684 annis
1738 4630 1844 4686 tibi
1886 4631 2098 4701 Jupiter
2126 4651 2174 4717 Β

444 4729 647 4791 augeat
677 4719 893 4775 annos?
920 4720 1035 4776 lloc
1067 4720 1221 4775 enim
1268 4718 1530 4774 indicant
1563 4719 1924 4775 Herodianus
1960 4721 2007 4774 1.
2041 4720 2098 4789 2,

446 4811 599 4866 inter
628 4813 834 4866 caetera
864 4808 1129 4865 scribens
1172 4806 1385 4863 Milites
1443 4807 1829 4865 Praetorianos
1881 4807 2101 4864 relictis

450 4898 632 4958 armis
664 4915 1016 4973 pomparum
1046 4896 1250 4953 habitu
1308 4896 1595 4953 lameatos
1628 4898 1987 4970 processisse
2011 4916 2023 4966 ;
2045 4900 2103 4953 et

524 5095 601 5167 (5)
647 5095 902 5167 lpsemet
958 5094 1083 5150 suis
1139 5092 1663 5167 diserte__testatur
1706 5092 2103 5167 Tertullianus

453 5163 648 5221 verbis
676 5163 763 5222 'se
824 5184 939 5221 una
995 5183 1129 5223 cuzn
1189 5163 1495 5235 gentilium
1576 5164 2101 5235 superstitionibus

454 5236 689 5293 libidini
716 5238 1076 5301 inserviisse,
1108 5238 1164 5291 in
1202 5235 1350 5291 libro
1385 5237 1453 5289 de
1487 5235 1805 5290 Resurrect.
1840 5254 1965 5307 cap.
1998 5238 2099 5291 59:

454 5311 566 5379 Ego
592 5326 678 5364 me
695 5312 825 5379 scio,
859 5327 1036 5381 neque
1061 5310 1175 5363 alia
1220 5322 1385 5381 carne
1424 5307 1703 5381 adulteria
1749 5310 2100 5371 commisisse,

454 5396 629 5453 neque
661 5397 807 5435 nunc
834 5380 949 5435 alia
992 5396 1164 5435 carne
1194 5380 1269 5453 ad
1324 5380 1719 5453 continentiam
1767 5383 2103 5453 enitisquo

456 5448 635 5508 etiam
667 5459 928 5522 tempore
954 5451 1303 5522 spectaculis
1334 5448 1749 5522 delectabatur,
1774 5452 1843 5505 de
1865 5448 2102 5521 quibus,

454 5526 620 5591 malo,
655 5520 847 5595 inqu—it
878 5520 1065 5593 (Tert,
1096 5523 1161 5577 de
1207 5522 1380 5592 Spect.
1432 5536 1479 5574 ε.
1528 5520 1796 5595 t9),__non
1848 5520 2101 5593 implere,

455 5613 621 5668 quam
646 5592 983 5664 meminisse,
1018 5596 1075 5649 id
1125 5599 1233 5668 est,
1278 5607 1479 5668 pauca_
1522 5592 1593 5668 de
1650 5592 1866 5668 iisdem
1883 5592 2103 5668 dicere,

458 5662 636 5737 quam
670 5684 892 5735 eorum,
925 5662 1051 5738 quas
1110 5664 1249 5733 vidi,
1280 5662 1685 5720 ’meminisse:
1720 5681 1813 5738 Aac
1855 5665 2004 5721 libro
2036 5666 2106 5720 de

457 5734 807 5798 Pmnitentia
821 5734 885 5797 se
904 5734 1169 5795 omnium
1190 5741 1558 5810 peccatorum
1583 5734 1903 5793 maximum
1925 5738 2107 5793 fuisse

2183 3385 2331 3436 trem
2393 3395 2590 3446 suum,
2648 3394 2834 3451 neque
2905 3381 3125 3450 patrem
3194 3372 3381 3446 pueri,
3462 3385 3649 3441 neque
3707 3378 3846 3421 auc-

2184 3474 2368 3526 torem
2401 3469 2711 3524 verberum
2773 3468 2873 3523 diu
2932 3464 3204 3538 respexit.
3264 3484 3291 3515 ι
3358 3460 3678 3518 Christiano
3721 3468 3856 3511 vero

2188 3560 2326 3615 lacte
2353 3558 2674 3627 educatum,
2706 3572 2859 3611 exeo
2890 3555 3291 3621 conﬁrmatur,
3354 3549 3517 3621 quod
3574 3543 3856 3617 Lugduni

2203 3651 2378 3703 natus
2400 3647 2493 3714 sit,
2527 3646 2625 3702 ubi
2659 3643 2889 3716 vigebat
2931 3641 3072 3696 ﬁdes
3103 3637 3455 3695 Christiana.

2732 3804 2878 3842 ANNO
2917 3800 3115 3841 DOMINI
3153 3797 3311 3839 CXCV.

2276 3915 2360 3970 11.
2397 3914 2539 3969 ΙΜΡ.
2574 3912 2741 3967 ΟίΕὲ.
2777 3915 2835 3966 L.
2887 3910 3036 3964 SEP.
3084 3906 3239 3962 SEV.
3300 3902 3503 3960 PERT.
3557 3899 3721 3955 AVG.
3780 3897 3850 3953 II.

2204 4006 2292 4060 ET
2315 4001 2712 4060 D.CLAUDIO
2742 3998 2935 4054 SEPT.
2992 3994 3254 4050 ALBINO
3305 3993 3472 4048 CIES.
3540 3991 3609 4045 II.
3664 3988 3854 4043 COSS.

2204 4112 2358 4151 anno
2395 4095 2449 4149 9.
2482 4093 2541 4148 S.
2572 4088 2827 4145 Victoris
2857 4092 3024 4143 Rom.
3057 4088 3227 4141 Pont.
3261 4086 3318 4139 et
3348 4081 3536 4154 ipsius
3566 4078 3759 4135 Severi
3783 4076 3856 4131 II.

2205 4184 2395 4239 adhuc
2469 4180 2823 4250 Carthagine
2908 4190 3222 4231 causarum
3284 4171 3465 4226 fuisse
3512 4169 3862 4224 advocatum

2202 4270 2507 4327 TERTUL.
2547 4266 2868 4325 verisimile
2900 4271 3009 4322 est.
3042 4264 3125 4319 Ad
3186 4262 3343 4316 hunc
3390 4264 3583 4314 autem
3636 4272 3864 4312 annum

2204 4361 2402 4416 referri
2435 4358 2606 4414 debet
2636 4356 2780 4411 illud
2814 4354 3003 4427 ipsius
3038 4353 3143 4409 lib.
3190 4351 3261 4407 ad
3308 4346 3618 4419 Scapulam
3646 4362 3659 4400 ε
3701 4344 3789 4399 Sic
3808 4352 3865 4399 et

2202 4452 2351 4505 circa
2420 4447 2761 4519 Majestatem
2830 4441 3179 4515 Imperatoris
3253 4441 3621 4509 infamamur,
3677 4442 3863 4489 tamen

2202 4554 2491 4610 nunquam
2522 4535 2808 4592 Albiniani
2839 4549 2935 4588 nec
2964 4531 3227 4602 Nigriani
3281 4528 3365 4582 vel
3413 4526 3666 4581 Cassiani
3704 4525 3859 4577 inve-

2203 4629 2325 4682 niri
2342 4630 2638 4699 potuerunt
2683 4623 3031 4683 Christiani;
3073 4619 3165 4675 sed
3215 4618 3391 4673 iidem
3446 4616 3553 4685 ipsi
3592 4614 3688 4684 qui
3761 4626 3865 4683 per

2208 4719 2406 4773 Genios
2425 4732 2617 4771 eorum
2674 4716 2735 4768 in
2789 4710 2969 4784 pridie
2998 4725 3169 4780 usque
3215 4708 3566 4778 juraverant,
3617 4702 3713 4772 qui
3760 4714 3863 4771 pro

2206 4806 2389 4861 salute
2408 4820 2600 4860 eorum
2631 4802 2836 4857 hostias
2863 4804 2915 4855 et
2944 4801 3186 4870 fecerant
3244 4804 3295 4851 et
3354 4800 3626 4857 voverant,
3686 4791 3864 4844 hostes

2208 4909 2402 4951 eorum
2432 4896 2560 4949 sunt
2590 4892 2796 4963 reperti
2825 4888 2925 4961 (Ad
2984 4886 3143 4956 Scap.
3176 4884 3253 4955 2).
3314 4883 3431 4938 Hoc
3490 4878 3646 4935 enim
3706 4892 3862 4933 anno

2212 5090 2446 5157 fatetur,
2506 5087 2806 5160 lapsisque
2858 5081 3263 5160 paenitentiam
3295 5078 3572 5160 suadens,
3600 5076 3680 5160 ait
3700 5075 3874 5156 (Ideni

2212 5161 2275 5215 de
2307 5155 2604 5228 Paenitent,
2636 5177 2681 5214 c.
2711 5155 2768 5214 ’4.
2804 5155 2932 5213 εεέ.
2970 5155 3096 5224 12);
3153 5156 3296 5229 Eam
3354 5156 3415 5206 tu
3470 5158 3719 5229 peccator
3758 5155 3870 5229 mei

2212 5234 2414 5287 snnilis
2445 5223 2600 5299 (ima
2632 5246 2717 5285 me
2776 5231 2980 5296 minor,
3031 5239 3129 5299 ego
3184 5225 3335 5299 enim
3380 5223 3870 5299 prwstantiamin

2211 5304 2424 5358 delictis
2450 5292 2633 5357 meam
2665 5301 2918 5369 agnosco)
2967 5292 3356 5369 ’pwnitentiam
3407 5296 3482 5369 ita
3518 5292 3761 5369 invade,
3784 5292 3866 5342 ita

2212 5376 2553 5445 amplexare,
2616 5362 3225 5445 utvnaufragusalicui
3268 5366 3474 5445 tabulze
3500 5362 3865 5445 βάριες-(1³9.

2215 5434 2348 5500 vero
2415 5448 2496 5510 12,
2542 5434 2617 5498 ’(18
2674 5434 2936 5497 νὶία’ἱη’
2971 5439 3127 5493 vitiis
3184 5434 3510 5510 transuolat
3576 5434 3715 5503 Quid
3766 5448 3867 5501 ego

2213 5519 2362 5572 ultra
2428 5508 2492 5571 de
2548 5517 2669 5569 istis
2718 5516 2794 5582 (id
2854 5516 2975 5587 est,
3027 5511 3097 5565 de
3156 5508 3571 5587 pmn_i_tentia)_,_
3617 5514 3868 5587 peccator

2214 5590 2465 5644 omnium
2493 5591 2758 5644 natarum
2786 5601 2913 5643 cum
2927 5586 3052 5652 sim,
3084 5597 3183 5639 nec
3212 5583 3320 5637 ulli
3348 5582 3434 5637 rei
3460 5581 3571 5635 nisi
3595 5581 3864 5651 pwniten-

2212 5662 2304 5717 tix
2330 5662 2511 5715 natus.
