4148 6188
416 313 501 373 89
1744 311 2279 375 TERTULLIANI
2326 313 2532 374 VlTA.
3751 315 3836 375 90

420 446 636 517 Imper.
680 448 817 502 Caes.
850 449 911 503 C.
953 447 1303 503 Pescennius
1338 446 1515 519 Niger
1552 448 1766 502 Justus
1826 448 2072 517 August.
2106 444 2161 511 Α
2194 444 2374 515 hujus
2432 446 2621 501 aetatis
2694 444 3086 501 Ecelesiastiei
3160 445 3495 517 scriptores,
3580 445 3832 501 maxime

414 536 647 591 occisus
679 540 771 591 est
802 538 956 608 apud
988 537 1276 609 Cyzicum,
1297 536 1415 593 sive
1450 537 1663 592 Isieum
1689 538 1861 607 juxta
1889 540 2071 590 Hero-

410 626 680 693 dianum,
711 643 827 697 quo
864 627 1012 681 facto
1046 644 1177 681 mox
1207 627 1454 682 Severus
1485 644 1583 682 eos
1634 628 1941 683 Senatores
1974 642 2069 680 oe-

409 714 557 769 cidit
587 714 689 785 qui
720 714 881 785 Nigri
912 719 1107 787 partes
1140 716 1323 771 secuti
1359 717 1588 771 fuerant
1619 721 1675 771 et
1721 732 1857 770 cum
1893 714 2067 785 Nigro

410 803 813 858 militaverant
860 803 1085 860 Ducum
1158 810 1258 860 aut
1331 806 1729 861 Tribunorum
1806 805 2064 871 nomine,

408 893 681 964 aliosque
719 910 923 949 omnes
969 893 1224 967 exceptis
1266 895 1568 961 Militibus,
1622 912 1769 966 quos
1816 894 2067 965 impuni-

408 985 533 1037 tate
567 983 868 1053 proposita
908 984 1166 1056 recepit;
1197 985 1576 1040 Antiochenis
1635 984 1954 1056 privilegia,
2014 988 2071 1037 et

412 1070 820 1142 Neapolitanis
844 1073 945 1142 jus
977 1074 1230 1130 civitatis
1263 1076 1463 1130 eadem
1499 1075 1569 1130 de
1619 1091 1797 1129 causa
1828 1074 2067 1129 ademit.

407 1160 653 1232 Aliquot
696 1162 907 1217 deinde
969 1163 1358 1219 Barbarorum
1430 1168 1615 1236 Reges
1664 1163 1851 1235 (juxta
1910 1163 2067 1218 Onu-

410 1250 700 1321 phrium),
734 1250 834 1323 qui
868 1251 1042 1324 Nigro
1078 1253 1307 1309 fuerant
1336 1253 1571 1325 auxilio,
1624 1271 1657 1308 a
1699 1255 1902 1308 Severo
1933 1251 2068 1305 victi

408 1344 588 1406 sunt;
624 1356 803 1411 quare
835 1340 961 1412 ipse
1010 1341 1158 1397 IMP.
1213 1342 1282 1397 II.
1334 1342 1430 1398 III.
1483 1348 1540 1398 et
1590 1342 1681 1397 IV.
1742 1340 2068 1414 appellatus

407 1434 502 1483 est
539 1447 552 1483 :
588 1446 731 1499 quos
762 1446 965 1486 omnes
996 1430 1309 1503 Nigrianos
1351 1435 1563 1487 Auctor
1618 1437 1815 1487 noster
1870 1430 2067 1503 appel-

407 1518 514 1573 lat.
552 1519 714 1584 Quod
748 1524 1113 1590 postremum
1160 1522 1469 1577 conﬁrmat
1519 1525 1779 1576 nostram
1813 1526 1961 1576 sent.
1998 1520 2066 1574 de

407 1606 724 1673 Arabibus,
760 1608 989 1664 Parthis
1023 1614 1080 1664 et
1102 1610 1415 1666 Adiabenis
1445 1610 1554 1665 hoc
1600 1627 1752 1665 anno
1785 1609 2024 1666 devictis
2051 1634 2065 1677 ;

408 1701 590 1768 atque
623 1696 767 1751 adeo
808 1696 923 1754 huc
965 1701 1261 1771 pertinent
1316 1700 1730 1772 inscriptiones
1792 1700 2069 1755 Nummo-

408 1803 549 1840 rum
604 1790 662 1841 et
722 1786 1081 1843 Marciorum
1152 1790 1408 1861 antique:
1469 1806 1650 1861 supra
1725 1790 1955 1857 citatas;
2014 1794 2146 1891 etB

403 1874 662 1946 proinde
692 1874 836 1931 illud
876 1879 1186 1933 Auctoris:
1223 1880 1467 1934 Barbari
1521 1877 1740 1934 exclusi
1770 1880 1871 1948 (De
1920 1878 2065 1933 Pall.

405 1980 454 2018 c.
490 1967 573 2032 2).
611 1965 681 2019 Et
712 1983 843 2020 vero
871 1965 1331 2024 Constitutiones
1364 1969 1456 2023 his
1488 1973 1648 2023 Coss.
1701 1968 1866 2023 edita:
1897 1966 2066 2022 titulo

403 2054 603 2109 Severi
636 2060 693 2109 et
727 2056 1022 2111 Antomini
1054 2058 1241 2129 Augg.
1289 2058 1437 2112 data:
1469 2075 1501 2111 v
1560 2059 1675 2113 Kal.
1738 2056 1948 2127 Martii,
2008 2074 2065 2111 χι

402 2142 540 2199 Kal.
574 2145 728 2216 Maii,
762 2146 942 2201 Nonis
971 2146 1131 2215 Julii,
1165 2164 1220 2201 v1
1255 2148 1377 2203 Kal.
1424 2149 1548 2204 Oct.
1583 2153 1637 2203 et
1662 2165 1719 2203 xx
1777 2147 1902 2202 Kal.
1952 2146 2063 2201 No-

401 2233 964 2289 vemb.conﬁrmant
995 2237 1148 2307 quod
1172 2254 1352 2309 supra
1382 2238 1640 2292 diximus
1671 2238 1742 2292 de
1771 2236 2063 2292 Antonino

401 2321 507 2377 52
544 2321 697 2393 Imp.
753 2329 1021 2379 consorte
1078 2325 1148 2380 ab
1206 2326 1577 2398 initio;qua3
1635 2332 1860 2381 exstant
1922 2325 2059 2380 Cod.

408 2410 533 2465 Lib.
566 2412 620 2466 8.
653 2411 713 2465 T.
755 2412 907 2466 14.1.
952 2413 994 2468 Ι.
1029 2412 1069 2467 l.
1102 2415 1153 2468 6.
1186 2415 1250 2470 T.
1283 2416 1337 2484 2,
1374 2414 1412 2469 l.
1444 2416 1497 2469 2.
1533 2415 1633 2469 lib.
1665 2416 1719 2469 2.
1754 2416 1866 2470 Tit.
1904 2415 2058 2468 1.l.2.

397 2497 503 2553 lib.
542 2502 594 2554 2.
630 2500 697 2555 T.
729 2502 820 2555 24.
858 2501 896 2556 l.
935 2503 983 2556 1.
1018 2507 1072 2557 et
1100 2502 1202 2558 lib.
1246 2506 1300 2558 8.
1335 2508 1396 2557 Τ.
1436 2505 1517 2558 16.
1582 2504 1621 2558 l.
1679 2507 1728 2559 1.
1767 2506 1847 2559 Ad
1905 2504 2061 2559 hunc

400 2606 624 2644 annum
658 2591 948 2661 pertinere
979 2595 1491 2664 censemus,cujus
1512 2611 1580 2648 ex
1613 2593 1860 2649 Eusebio
1882 2611 2062 2665 supra

401 2679 814 2748 meminimus,
849 2680 1070 2736 bellum
1127 2682 1440 2737 Judaieum
1499 2682 1939 2750 Samaritieum,
1989 2684 2060 2738 de

400 2784 523 2837 quo
559 2768 731 2822 etiam
769 2769 1132 2841 Freculpbus
1166 2770 1556 2839 Lexoviensis,
1594 2772 1745 2826 unde
1771 2776 1827 2826 et
1855 2771 2057 2827 Judai-

399 2871 542 2909 eum
578 2858 951 2929 (cognomen)
980 2860 1030 2913 ei
1063 2860 1323 2914 oblatum
1357 2860 1553 2917 fuisse.
1581 2862 1702 2927 Quo
1735 2861 1963 2915 videtur
1992 2877 2059 2915 ex

401 2948 578 3015 parte
609 2946 898 3017 respicere
924 2950 1137 3003 Auctor
1167 2950 1238 3003 de
1280 2948 1496 3005 Judaeis
1555 2965 1735 3021 agens
1768 2966 1780 3003 :
1815 2950 2059 3020 Dispersi

400 3032 671 3105 (inquit),
703 3036 1032 3107 palabundi,
1065 3043 1115 3093 et
1145 3039 1268 3093 caeli
1295 3047 1346 3093 et
1389 3040 1493 3094 soli
1534 3040 1626 3093 sui
1670 3043 1915 3094 extorres
1962 3057 2056 3093 va-

396 3127 619 3192 gantur
662 3140 768 3195 per
823 3126 1026 3193 orbem,
1084 3129 1206 3182 sine
1263 3128 1504 3198 homine,
1560 3130 1681 3183 sine
1736 3129 1843 3182 Deo
1898 3130 2053 3197 Rege,

2182 550 2314 589 cum
2380 535 2640 606 ipsorum
2699 535 2930 606 scriptis
2988 540 3042 589 et
3101 535 3383 590 doctrinis
3442 534 3595 589 haud
3657 535 3831 589 dubie

2184 629 2479 695 acceptam
2516 626 2723 681 debeat
2755 643 2922 680 suam
2982 626 3419 680 conversionem
3481 628 3701 678 Auctor
3731 641 3831 678 no-

2179 718 2316 767 ster.
2351 716 2515 785 Apud
2554 714 2957 770 Alexandriam
3011 714 3336 770 Demetrius
3388 714 3708 785 Episcopus
3746 714 3827 782 12,

2179 819 2243 857 ac
2277 803 2602 876 Presbyteri
2638 805 2973 859 Panthenus
3029 810 3083 859 et
3136 806 3263 875 ejus
3322 802 3645 874 discipulus
3700 802 3828 857 Cle-

2179 908 2344 947 mens
2395 893 2676 949 Alexand.
2726 894 3047 949 Antiochia:
3095 896 3128 947 9
3171 893 3362 965 Episc.
3408 891 3663 964 Serapio,
3700 892 3829 947 Ilie-

2180 981 2606 1054 rosolymorum
2666 985 2733 1037 3’1
2797 983 3067 1049 Gordius,
3151 987 3421 1038 Cresareae
3508 981 3825 1036 Palaestinae

2178 1071 2558 1143 Theophilus,
2579 1073 2867 1145 Ephesius
2900 1073 3248 1145 Polycrates,
3267 1072 3543 1128 Ponticus
3572 1070 3825 1139 Palmas,

2181 1160 2422 1216 Berillus
2454 1166 2510 1216 et
2542 1162 2808 1218 Bachilus
2839 1162 3147 1229 Corinthii,
3179 1162 3237 1216 in
3270 1162 3460 1217 Africa
3476 1161 3828 1231 Carthagine

2178 1250 2561 1322 Agrippinus,
2602 1252 2862 1323 Lugduni
2897 1251 3213 1307 Galliarum
3249 1251 3304 1305 S.
3345 1250 3827 1317 lrenaaus,Romze

2180 1339 2429 1411 denique
2460 1340 2517 1394 S.
2554 1340 2754 1395 Victor
2782 1345 2949 1395 Pent.
3002 1348 3193 1412 Atque
3225 1342 3366 1395 adeo
3427 1339 3559 1394 hinc
3611 1339 3823 1394 conﬁr-

2179 1434 2374 1483 matur
2405 1438 2604 1485 nostra
2631 1447 2699 1484 ex
2726 1433 2863 1485 Mss.
2899 1430 3003 1484 cod
3038 1429 3207 1485 lectio
3239 1430 3391 1500 apud
3424 1430 3591 1483 Auct.
3628 1428 3825 1495 Quales

2176 1534 2300 1589 ergo
2361 1520 2499 1589 leges
2547 1521 2688 1586 istae,
2740 1535 2873 1589 quas
2925 1519 3213 1573 adversum
3274 1535 3368 1572 nos
3414 1518 3518 1572 soli
3572 1524 3827 1572 exercent

2177 1608 2359 1678 impii,
2393 1610 2611 1675 iniusti,
2646 1614 2863 1679 turpes,
2892 1612 3087 1677 truces,
3140 1609 3290 1674 vani,
3343 1607 3620 1662 dementes
3640 1626 3660 1673 ,-
3692 1622 3823 1677 quas

2175 1697 2367 1750 nullus
2400 1700 2551 1765 Pius,
2601 1698 2797 1752 nullus
2849 1699 3011 1752 Verus
3059 1697 3333 1769 impressit
3364 1700 3388 1748 .9
3440 1696 3604 1763 (Ibid.
3661 1711 3710 1749 c.
3743 1696 3824 1765 5.)

2176 1800 2387 1855 nempe
2445 1803 2632 1858 usque
2684 1787 2755 1841 ad
2819 1786 2875 1840 id
2907 1786 3187 1858 temporis
3221 1802 3335 1856 quo
3385 1784 3823 1857 Apologeticum

2178 1873 2383 1929 edidit.

2686 2028 2847 2066 ANNO
2886 2027 3086 2065 DOMINI
3126 2026 3308 2064 CXCVI.

2245 2144 2393 2212 §VI.
2432 2144 2819 2213 Quandonam,
2850 2161 3021 2217 quave
3048 2146 3325 2200 occasione
3372 2159 3436 2198 ac
3480 2142 3675 2215 quibus
3712 2158 3825 2197 mo-

2174 2236 2370 2289 mentis
2404 2234 2751 2289 Christianus
2781 2236 3036 2290 evaserit.
3074 2266 3140 2274 —
3168 2235 3250 2289 12.
3286 2236 3354 2298 Q.
3374 2233 3631 2287 FLAVIO
3659 2232 3821 2285 TER-

2171 2323 2406 2380 TULLO
2472 2324 2791 2379 SCAPULA
2861 2329 2917 2377 et
2982 2324 3046 2378 T.
3117 2321 3376 2378 FLAVIO
3444 2320 3819 2377 CLEMENTE

2171 2414 2354 2469 COSS.
2419 2414 2475 2469 S.
2528 2413 2782 2468 Victoris
2845 2413 3011 2467 Rom.
3066 2413 3231 2468 Pent.
3313 2428 3464 2466 anno
3513 2428 3548 2465 x
3614 2416 3670 2464 et
3715 2410 3813 2465 Se-

2168 2502 2404 2570 verini,
2465 2502 3020 2557 TERTULLIANUS
3080 2502 3213 2557 ﬁdei
3274 2501 3634 2564 Christianae,
3688 2515 3816 2555 mea

2171 2593 2408 2665 quidem
2454 2592 2762 2662 sententia,
2807 2608 3016 2647 nomen
3070 2592 3229 2646 dedit
3274 2592 3373 2663 (6),
3418 2589 3668 2662 Imperio
3691 2590 3817 2660 jam

2170 2699 2409 2754 prorsus
2439 2686 2807 2753 paeato,cum
2839 2684 3044 2736 Severo
3065 2681 3491 2752 imperantibus
3514 2680 3615 2737 58
3647 2682 3818 2733 Anto-

2170 2766 2309 2826 nino
2342 2773 2466 2841 ejus
2502 2771 2619 2825 ﬁlio
2651 2775 2707 2825 et
2746 2770 2947 2825 Claud.
3002 2770 3211 2825 Albino
3256 2770 3604 2837 Caesaribus,
3660 2767 3814 2840 quod

2168 2859 2312 2914 adeo
2348 2859 2577 2930 Triplex
2605 2860 2899 2929 imperium
2928 2864 3093 2913 vocat
3121 2859 3317 2913 verbis
3371 2876 3549 2929 supra
3600 2856 3818 2925 citatis,

2168 2964 2283 3019 quo
2328 2948 2623 3002 Lectorem
2685 2948 3081 3014 remittimus;
3118 2946 3422 3017 complura
3479 2946 3632 3000 enim
3698 2944 3817 2999 illic

2166 3037 2540 3109 reperiuntur
2588 3055 2713 3108 quae
2764 3038 2833 3091 ad
2893 3037 3043 3090 hunc
3102 3052 3322 3091 annum
3384 3036 3698 3103 pertinent.
3754 3033 3811 3085 Id

2164 3131 2360 3183 tamen
2392 3144 2507 3181 non
2540 3125 2726 3190 initio,
2754 3126 2851 3179 sed
2888 3124 2999 3180 sub
3030 3124 3208 3195 hujus
3244 3124 3380 3179 anni
3414 3126 3588 3178 tinem
3626 3140 3638 3179 :
3674 3126 3810 3178 Era-

401 3213 609 3281 quibus
640 3230 738 3268 nec
767 3215 1108 3270 advenarum
1130 3217 1265 3286 jure
1316 3226 1520 3274 terram
1564 3218 1815 3289 patriam
1857 3218 2050 3272 saltem
2083 3201 2125 3269 C
2164 3217 2342 3272 dicato
2363 3219 2485 3288 jam
2515 3218 2666 3271 omni
2693 3217 2905 3270 aconita
2953 3215 3274 3271 hostilitatis
3322 3214 3421 3285 (Ad
3471 3214 3624 3283 Scap.
3659 3229 3705 3267 c.
3739 3212 3809 3279 3;

396 3303 640 3373 vestigio
669 3305 925 3359 salutare
954 3306 1273 3361 conceditur
1328 3308 1587 3379 (Apolog.
1634 3322 1682 3361 c.
1743 3307 1860 3375 21.)
1896 3306 2054 3361 Unde

392 3390 658 3459 conjicio
684 3391 816 3446 belli
852 3392 1008 3449 illius
1042 3396 1431 3461 occasionem,
1454 3396 1607 3466 quod
1638 3395 1902 3450 Judazam
1935 3396 2053 3450 vel-

390 3478 522 3532 lent
556 3484 836 3551 repetere,
871 3483 1004 3553 quia
1040 3482 1157 3539 illis
1188 3484 1261 3538 ab
1294 3483 1589 3539 Hadriano
1625 3484 1769 3555 Imp.
1814 3484 2052 3539 interdi-

394 3574 566 3621 ctum
599 3567 807 3624 fuerat.
840 3570 963 3627 Huc
995 3572 1171 3627 etiam
1228 3573 1597 3629 referendum
1642 3574 1798 3645 quod
1853 3574 2057 3629 scribit

392 3656 648 3728 Niceph.
708 3659 861 3714 Eccl.
910 3660 1043 3716 hist.
1078 3660 1118 3715 l.
1177 3662 1235 3729 3,
1294 3678 1418 3733 cap.
1474 3664 1509 3715 2
1544 3678 1554 3717 :
1591 3662 1776 3717 Severi
1828 3664 2055 3734 imperii

393 3746 566 3800 initio
597 3749 737 3802 satis
798 3748 933 3804 bono
985 3748 1105 3805 loco
1154 3766 1241 3806 res
1271 3756 1478 3807 nostrae
1507 3752 1687 3821 fuere,
1748 3754 1804 3806 in
1836 3752 2056 3825 diesque

392 3834 537 3903 ﬁdei
587 3837 857 3906 professio
910 3844 1216 3907 augmenta
1278 3856 1379 3894 sua
1436 3840 1592 3911 cepit,
1674 3854 1861 3895 eorum
1918 3857 2051 3912 quos

393 3925 785 3980 recensuimus
872 3928 1382 3983 Ecclesiasticorum
1462 3929 1744 3983 doctorum
1834 3932 2050 4001 scriptis

393 4017 571 4083 atque
600 4012 864 4071 doctrinis
890 4032 1010 4072 eam
1039 4018 1485 4089 prove/centibus,
1509 4018 1670 4089 idque
1701 4019 1761 4073 in
1790 4022 2051 4076 maximis

393 4102 707 4173 quibusque
733 4108 1083 4175 potissimum
1112 4108 1361 4175 urbibus,
1394 4110 1669 4164 nimirum
1699 4109 2052 4168 Alexandriae

391 4192 728 4265 Antiochiae,
759 4196 943 4259 ίΕιὶέε,
975 4199 1026 4251 et
1055 4212 1153 4267 per
1180 4196 1555 4254 Palaestinam
1584 4199 2046 4270 omnem,8phesi,

393 4280 690 4347 Caesareae,
724 4287 774 4337 et
805 4285 1147 4341 Occidentem
1181 4304 1383 4357 versus,
1426 4287 1842 4355 Thessalonicae,
1887 4288 2048 4344 Athe-

393 4372 514 4436 nis,
554 4369 821 4443 Corinthi,
853 4375 910 4428 in
946 4374 1163 4442 Galliis,
1195 4384 1246 4431 et
1273 4380 1454 4431 Romae
1482 4378 1753 4431 maxime.
1782 4375 2051 4432 Universae

387 4461 548 4514 enim
607 4462 988 4519 multitudines
1038 4470 1087 4519 et
1117 4466 1307 4520 domus
1364 4468 1486 4520 tota:
1534 4465 1604 4519 ad
1633 4465 1800 4534 ﬁdem
1830 4465 2049 4520 accede-

2164 3306 2392 3377 Apolog.
2426 3307 2611 3376 c.23),
2646 3309 2842 3376 utpote
2888 3310 3021 3377 post
3066 3304 3359 3360 excidium
3409 3302 3810 3375 Byzantinum,

2165 3413 2291 3468 quae
2327 3397 2488 3461 urbs,
2522 3395 2870 3460 Herodiano,
2928 3399 3152 3449 Zonara
3202 3401 3259 3449 et
3311 3392 3590 3448 Michaele
3640 3391 3813 3461 Glyca

2164 3485 2439 3551 testibus,
2474 3489 2604 3556 post
2634 3483 2868 3538 triennii
2902 3484 3292 3550 obsidionem,
3328 3489 3576 3553 emptam
3612 3496 3764 3536 anno
3795 3496 3813 3532 ι

2166 3574 2380 3639 Severi,
2413 3573 2604 3627 adhuc
2635 3573 2863 3628 vivente
2908 3572 3101 3643 Nigro,
3150 3572 3384 3628 tandem
3439 3572 3591 3626 fame
3643 3573 3813 3642 capta

2163 3668 2337 3729 est,et
2367 3662 2634 3718 libertate
2665 3661 3119 3733 omniadempta
3145 3660 3459 3717 Pcrinthiis
3482 3660 3604 3731 (qui
3626 3659 3811 3715 multa

2164 3770 2197 3807 a
2228 3751 2404 3824 Nigro
2436 3752 2594 3823 passi
2626 3751 2900 3821 fuerant),
2936 3749 3267 3821 adjudicata
3296 3754 3404 3821 est,
3449 3752 3624 3805 etiam
3672 3765 3809 3802 moe-

2164 3841 2341 3896 nibus
2390 3839 2631 3909 eversis,
2684 3840 2743 3893 in
2810 3839 2917 3893 vici
2986 3840 3233 3893 formam
3304 3840 3557 3895 redacta.
3628 3838 3807 3909 Cujus

2163 3930 2340 3986 etiam
2384 3931 2549 3983 Auct.
2606 3928 2916 3983 meminit:
2952 3927 3172 3994 Caelius,
3224 3928 3435 3999 inquit,
3475 3928 3701 3999 Lapella
3748 3928 3807 3981 in

2161 4020 2318 4076 exitu
2382 4019 2721 4089 Byzantina,
2792 4016 3099 4072 Christiani
3166 4016 3415 4087 gaudete,
3476 4017 3807 4071 exclamavit

2161 4107 2316 4180 (Ibid.
2352 4124 2399 4162 e.
2458 4108 2563 4177 19).
2618 4106 2994 4161 Occasionem
3048 4124 3166 4161 sua:
3216 4105 3611 4161 conversionis
3659 4104 3804 4174 ipse,

2160 4202 2447 4271 quantum
2481 4204 2737 4268 apparet,
2790 4196 3105 4250 indicatex
3160 4196 3496 4251 testimonio
3554 4194 3805 4265 alicujus

2161 4290 2252 4345 dei
2284 4288 2383 4360 qui
2417 4306 2449 4343 a
2481 4287 2827 4341 Christianis
2858 4285 3166 4358 adjuratus
3198 4287 3519 4341 daemonem
3554 4302 3615 4341 se
3664 4302 3804 4340 con-

2160 4379 2439 4433 ﬁtebatur
2465 4378 2619 4447 (Ibid.
2654 4393 2702 4431 c.
2736 4377 2848 4447 20).
2883 4378 3007 4433 Haec
3038 4378 3349 4431 testimonia
3392 4375 3631 4447 (inquit)
3681 4374 3804 4429 deo-

2160 4484 2289 4523 rum
2319 4476 2633 4522 vestrorum
2666 4466 3009 4520 Christianos
3035 4468 3220 4537 facere
3248 4454 3659 4531 consueverant,
3692 4482 3805 4535 qua

392 4549 558 4615 bant,
590 4551 804 4621 quidvis
854 4554 1043 4627 facere
1090 4558 1143 4609 et
1171 4556 1290 4625 pati
1314 4564 1543 4626 parum,
1596 4572 1760 4625 quam
1806 4559 1865 4610 ut
1895 4554 2051 4626 quid-
2083 4574 2129 4640 Β
2158 4558 2467 4628 plurimum
2498 4556 2614 4610 illis
2651 4555 2935 4623 credendo,
2990 4557 3047 4609 in
3094 4554 3304 4610 Christo
3350 4556 3578 4611 Domino
3626 4554 3806 4610 credi-

390 4654 565 4707 quam
593 4649 784 4696 contra
830 4643 1156 4713 religionem
1189 4648 1434 4698 nostram
1481 4646 1707 4712 agerent
1755 4645 1852 4697 aut
1884 4660 2050 4698 nova-

388 4736 545 4782 rent.
577 4728 701 4792 Qua
732 4733 1035 4787 occasione
1065 4732 1241 4788 etiam
1272 4732 1613 4789 recensendi
1662 4732 1756 4787 hic
1786 4732 2046 4805 veniunt,

391 4832 651 4887 quorum
708 4824 832 4876 tum
889 4820 1009 4887 ille,
1064 4827 1191 4877 tum
1250 4823 1557 4893 Eusebius,
1630 4822 2048 4893 meminerunt,

396 5012 406 5020 .
579 4942 736 4998 Hanc
765 4944 901 5020 Jac;
925 4946 1180 5020 Pamrelii,
1200 4949 1548 5003 sententiam
1571 4946 1775 5020 Petrus
1803 4944 2049 5020 Allixius

391 5013 452 5065 in
483 5013 723 5090 dissert.
758 5016 828 5090 de
857 5018 1099 5073 Tertull.
1133 5019 1249 5073 vita
1291 5027 1347 5074 et
1406 5020 1605 5090 script.
1667 5017 1849 5073 Paris.
1886 5019 2047 5087 1680,

387 5084 919 5166 et.Ti-llemonti_us,
981 5090 1313 5166 Mémoires,
1337 5094 1419 5166 __t.
1455 5084 1717 5166 I_Il',_art_.
1775 5092 1921 5166 13p.
1956 5084 2045 5160 87,

386 5160 689 5235 rejiciunt.
723 5161 1099 5235 Quidamtut
1122 5163 1297 5235 refert
1327 5161 1414 5217 Cl.
1456 5161 1515 5235 P.
1563 5160 1741 5235 Berti,
1783 5161 2044 5235 Dissert.,

390 5227 546 5304 Hist.
581 5236 722 5285 tom.
757 5233 820 5304 Il,
855 5232 1049 5286 saecul.
1084 5234 1137 5297 3,
1171 5234 1406 5288 dissert.
1442 5234 1492 5302 4,
1528 5234 1636 5301 ξὲ,
1674 5250 1728 5304 p.
1792 5234 1914 5287 413.
1976 5227 2046 5289 ad

387 5300 570 5353 fidem
603 5303 983 5376 christianum
1016 5321 1363 5361 conversum
1391 5300 1598 5376 putant
1621 5300 1774 5358 circa
1805 5320 1871 5359 ea
1901 5310 2047 5359 tem-

388 5388 559 5447 pore,
592 5375 810 5447 quibus
842 5377 1081 5447 scripsit
1114 5379 1329 5433 librum
1360 5375 1431 5433 die
1453 5377 1796 5447 Pallio,post
1826 5393 2047 5431 annum

385 5440 765 5520 Scilicet’208.
801 5447 911 5520 Sed
963 5440 1134 5519 plura
1190 5456 1422 5505 exstant
1478 5440 2051 5520 Tertullianibpera

387 5518 569 5591 antea
598 5518 935 5591 conscripta
965 5518 1093 5590 quae
1152 5528 1413 5577 nostram
1474 5522 1544 5575 ab
1600 5536 1665 5575 eo
1726 5518 2046 5591 professum

388 5586 572 5666 ﬁdem
602 5586 903 5666 exhibent;
932 5586 1405 5666 AdannumAlQG
1432 5586 1792 5666 Tertulliani
1817 5607 2050 5666 conver-

389 5660 626 5715 sionem
657 5660 837 5718 refert
865 5662 1189 5735 Fabricius,
1221 5664 1295 5723 ad
1327 5680 1549 5723 annum
1600 5663 1701 5721 170
1757 5661 2046 5735 Oudinus,

2165 4664 2303 4701 mus.
2357 4647 2469 4717 Ipsi
2516 4646 2832 4700 litterarum
2882 4648 3195 4700 nostrarum
3254 4646 3422 4715 ﬁdem
3479 4645 3805 4709 accendunt,

2162 4736 2269 4807 ipsi
2296 4752 2410 4806 spei
2440 4744 2637 4790 mistrw
2654 4733 2941 4804 ﬁdentiam
2973 4734 3251 4804 aediﬁcant
3308 4736 3404 4805 (7).
3468 4734 3662 4805 Neque
3720 4736 3806 4787 ta-

2163 4842 2297 4881 men
2330 4826 2465 4880 inde
2496 4824 2889 4890 solummodo,
2924 4824 3023 4879 sed
3056 4829 3110 4879 et
3130 4841 3195 4879 ex
3228 4824 3341 4878 ﬁde
3370 4825 3806 4893 Scripturarum

2162 4948 2230 5003 ad
2268 4962 2489 5001 annum
2526 4946 2627 5000 185
2658 4948 2898 5014 Caveus,
2947 4946 3286 5002 haesitantes
3334 4952 3529 5001 tamen
3579 4950 3635 4999 et
3664 4946 3807 5001 solis

2160 5019 2515 5088 conjecturis
2547 5018 2753 5072 innixi.
2793 5019 2927 5073 Vide
2962 5019 3230 5089 Lumper,
3264 5018 3404 5074 ibid.
3587 5020 3730 5074 Eoo.

2231 5091 2306 5160 (7)
2339 5091 2523 5153 Quam
2556 5090 2773 5145 oraculi
2809 5107 3087 5160 responso
3110 5091 3315 5145 tribuit
3346 5090 3639 5145 Pamelius
3672 5091 3806 5145 Ter-

2160 5162 2393 5216 tulliani
2437 5162 2896 5229 conversionem,
2928 5177 3054 5216 eam
3090 5163 3295 5218 visioni
3344 5162 3625 5231 Georgius
3659 5168 3801 5216 Am-

2160 5234 2498 5300 bianensis;
2536 5233 3052 5305 uterquet’abulam
3087 5236 3584 5289 subodoraturJSx
3620 5236 3805 5305 ipsius

2161 5307 2416 5378 auctoris
2449 5308 2784 5362 testimonio
2828 5311 2947 5360 tres
3007 5307 3329 5378 praecipuas
3388 5307 3549 5361 lubet
3605 5325 3805 5362 eruere

2160 5377 2406 5451 hujusce
2438 5379 2517 5451 rei
2552 5395 2782 5445 causas,
2836 5377 3087 5451 nemel0
3147 5379 3417 5434 invictam
3479 5386 3803 5451 martyrum

2161 5450 2219 5504 in
2252 5450 2675 5505 crudelissimis
2725 5450 3033 5505 tormentis
3092 5452 3479 5506 constantiam
3516 5468 3528 5505 :
3565 5453 3803 5521 Quisque

2160 5521 2375 5593 inquit,
2409 5528 2616 5577 tantam
2648 5524 2998 5577 tolerantiam
3038 5528 3305 5593 spectans,
3350 5532 3410 5577 ut
3439 5524 3627 5593 aliqua
3655 5538 3804 5575 scru-

2158 5594 2289 5663 pulo
2309 5610 2621 5666 percussus,
2655 5598 2709 5648 et
2766 5594 3047 5664 inquirere
3096 5596 3432 5660 accenditur,
3463 5594 3593 5665 quid
3620 5594 3686 5645 sit
3739 5596 3797 5645 in

2160 5680 2345 5735 causa,
2377 5669 2427 5722 et
2457 5666 2554 5722 ubi
2579 5669 2885 5738 cognoverit
2936 5668 3221 5723 veritatem
3262 5674 3313 5721 et
3343 5667 3457 5733 ipse
3498 5667 3685 5717 stattm
3716 5679 3797 5718 se-
