4148 6188
380 294 452 351 91

1703 294 2232 357 TERTULLIANI
2272 293 2480 354 VITA.

3708 293 3784 353 92

384 442 970 497 sacrarum,quarum
1003 427 1177 482 ﬁdem
1210 427 1290 482 dii
1324 443 1430 483 suo
1459 427 1793 484 testimonio
1821 445 2029 500 appro-
2057 429 2114 495 Α
2144 430 2193 483 si
2222 428 2361 500 quid
2388 437 2485 483 aut
2524 429 2734 483 erroris
2779 428 3059 498 ejecimus,
3106 434 3201 482 aut
3241 426 3522 497 aequitatis
3559 424 3786 481 admisi-

381 515 541 571 bant.
579 515 828 571 Maxime
859 517 1012 587 quod
1043 516 1276 572 illarum
1312 518 1717 573 auctoritatem
1759 518 1868 590 (vel
1900 518 2027 589 ipso

381 609 528 660 teste
558 608 675 676 jam
710 605 1065 677 Christiano)
1099 624 1334 662 summa
1356 608 1678 679 antiquitas
1710 607 2029 663 vindicaret

383 698 582 765 utpote
632 711 763 750 cum
814 712 825 749 :
883 697 1081 753 Omnes
1128 697 1490 761 substantias,
1541 712 1830 768 omnesque
1860 702 2028 752 mate-

379 786 522 849 rias,
579 786 837 854 origines,
899 785 1136 857 ordines,
1217 803 1383 841 venas
1460 790 1711 843 veterani
1764 788 2026 857 cujusque

380 874 535 943 styli,
567 883 749 942 gentes
788 878 952 929 etiam
1000 877 1288 947 plerasque
1332 879 1381 930 et
1429 877 1606 942 urbes,
1652 878 1892 947 insignes
1939 876 2023 930 hi-

376 965 677 1017 storiarum
740 979 933 1019 causas
982 969 1031 1019 et
1096 966 1515 1031 memoriarum,
1585 968 1727 1037 ipsas
1794 968 2029 1038 denique

379 1052 593 1124 efﬁgies
623 1054 959 1119 litterarum,
1004 1056 1213 1110 indices
1251 1055 1599 1126 custodesque
1630 1073 1812 1112 rerum
1832 1073 1855 1117 ;
1884 1058 2027 1127 ipsos

378 1140 519 1208 deos,
573 1142 695 1212 ipsa
746 1144 954 1213 templa
1002 1147 1053 1197 et
1099 1143 1331 1198 oracula
1375 1148 1428 1199 et
1471 1162 1629 1200 sacra
1682 1147 1843 1200 unius
1892 1147 2027 1201 Pro-

380 1230 557 1300 phetas
596 1231 765 1303 Moysi
809 1234 1079 1286 scrinium
1126 1235 1344 1288 saeculis
1382 1234 1592 1304 aliquot
1638 1238 2026 1295 anteverterit;

380 1334 515 1373 cum
543 1319 717 1374 etiam
766 1320 1001 1376 illarum
1052 1322 1414 1391 Majestatem
1464 1323 1721 1378 divinam
1781 1323 2027 1393 praedic-

380 1408 605 1462 tionum
639 1408 851 1465 veritas
902 1412 1354 1482 comprobaret:
1392 1412 1663 1484 Quidquid
1717 1414 1885 1483 enim,
1938 1412 2026 1466 in-

380 1496 528 1567 quit,
579 1500 786 1565 agitur,
841 1500 1354 1570 praenuntiabatur.
1411 1501 1559 1569 Quod
1617 1511 1779 1556 terra
1834 1505 2028 1557 vorant

381 1586 561 1652 urbes,
594 1587 735 1657 quod
776 1589 985 1643 insulas
1035 1592 1219 1643 maria
1264 1590 1549 1659 fraudant,
1601 1591 1741 1661 quod
1796 1595 2029 1646 externa

380 1679 540 1745 atque
587 1678 806 1732 interna
858 1678 1000 1733 bella
1047 1679 1350 1749 dilaniant,
1400 1680 1553 1750 quod
1596 1683 1788 1749 regnis
1851 1696 2029 1751 regna.

380 1764 742 1834 compulsant,
789 1767 928 1837 quod
967 1771 1140 1837 [antes
1169 1777 1223 1824 et
1276 1770 1412 1835 lues,
1454 1774 1505 1824 et
1554 1769 1747 1825 locales
1797 1784 2027 1841 quaeque

380 1852 579 1919 clades,
625 1862 677 1908 et
721 1854 1049 1927 frequentiae
1102 1857 1421 1929 plerumque
1469 1860 1735 1913 mortium
1794 1862 2023 1923 vastant,

381 1945 433 1995 et
459 1943 598 2012 quod
629 1946 802 1999 etiam
832 1946 1020 2015 ofﬁcia
1048 1949 1361 2017 temporum
1395 1950 1445 2001 et
1481 1947 1871 2002 elementorum
1904 1963 2025 2001 mu-

381 2031 479 2084 nia
508 2034 840 2101 exorbitant,
867 2034 1010 2105 quod
1054 2040 1105 2089 et
1152 2037 1415 2090 monstris
1459 2040 1510 2090 et
1554 2038 1826 2106 portentis
1852 2044 2026 2090 natu-

380 2120 590 2174 ralium
652 2123 833 2191 forma
892 2124 1172 2193 turbatur,
1227 2124 1576 2195 providenter
1628 2127 1832 2195 scripta
1894 2130 2027 2180 sunt

382 2210 625 2280 (Nempe
656 2213 853 2266 Matth.
888 2215 1037 2276 xxv).
1073 2215 1209 2267 Dum
1244 2215 1513 2284 patimur,
1565 2215 1868 2285 leguntur;
1898 2215 2025 2269 dum

386 2302 839 2370 recognoscimus,
870 2302 1195 2373 probantur.
1245 2302 1321 2357 De
1371 2303 1586 2373 quibus
1637 2303 1912 2359 omnibus
1942 2303 2025 2358 la-

385 2386 508 2441 tius
540 2393 598 2442 et
626 2390 728 2445 54
759 2390 858 2445 lib.
892 2391 956 2446 de
986 2392 1165 2447 Pallio
1197 2408 1245 2447 c.
1279 2394 1333 2462 2,
1367 2396 1422 2446 et
1480 2393 1740 2462 ejusdem
1801 2393 2024 2464 Apolog.

386 2491 512 2548 cap.
545 2478 632 2544 40,
666 2496 780 2551 quo
815 2484 871 2535 et
908 2482 979 2535 ad
1024 2484 1280 2536 Annotat
1353 2485 1584 2537 nostras
1628 2481 1899 2537 lectorem
1933 2499 2027 2537 re-

383 2566 697 2622 mittimus.

456 2656 543 2709 13.
577 2656 679 2711 Hic
710 2658 996 2713 duntaxat
1026 2660 1336 2727 addemus,
1369 2660 1629 2716 alludere
1663 2658 1830 2714 illum
1876 2659 2028 2715 inter

390 2748 599 2800 caetera
628 2747 698 2800 ad
733 2747 880 2801 luem
906 2748 1220 2803 maximam
1254 2750 1447 2805 Romae
1480 2754 1537 2804 et
1568 2750 1623 2805 in
1658 2749 1860 2805 multis
1887 2753 2025 2803 Pro-

381 2832 611 2901 vinciis,
647 2852 713 2889 ac
747 2842 911 2890 terra:
944 2842 1168 2891 motum
1220 2855 1336 2909 quo
1356 2838 1577 2893 corruit
1614 2842 1860 2911 Smyrna
1886 2837 2025 2892 urbs

383 2920 554 2986 Asiae,
590 2940 714 2993 quas
749 2930 1011 2980 recenset
1042 2926 1247 2982 Euseb.
1271 2926 1329 2981 in
1364 2926 1661 2982 Chronicis
1694 2927 1803 2982 sub
1835 2927 2024 2982 Marco

388 3014 446 3064 et
473 3010 621 3067 Vero
654 3014 865 3085 Impp.,
910 3019 965 3069 et
1002 3013 1221 3070 fulmen
1271 3016 1419 3085 quod
1455 3017 1565 3071 sub
1613 3017 1931 3072 Commodo
1965 3016 2023 3070 in

380 3099 727 3171 Capitolium
748 3118 923 3158 ruens
943 3104 1353 3159 Bibliothecam
1392 3104 1857 3169 inﬂammavit,et
1874 3104 2025 3159 bella

2057 1808 2104 1872 B

2137 535 2277 572 mus.
2302 519 2385 585 (L.
2424 518 2545 573 adv.
2577 519 2791 575 Valent.
2826 534 2874 572 c.
2903 517 2981 588 5.)
3028 517 3181 572 Inter
3228 532 3375 587 quos
3424 532 3782 571 commemo-

2138 608 2303 663 randi
2354 609 2705 674 Quadratus,
2754 606 3063 673 Aristides,
3112 609 3504 677 Anaxagoras,
3570 604 3782 676 Melite,

2135 697 2493 768 Theophilus
2539 697 2959 761 Antiochenus,
3014 694 3430 767 Apollinarius,
3478 694 3781 763 Tatianus,

2135 785 2404 841 Clemens
2436 786 2709 841 Alexand.
2749 777 2805 841 et
2843 785 3184 857 Apollonius
3230 786 3493 840 Senator.
3532 784 3783 855 denique

2133 877 2205 931 ab
2235 879 2402 931 Auct.
2437 875 2648 931 alicubi
2683 876 2840 931 citati
2873 876 3127 931 Justinus
3156 873 3517 945 PhilosOphus
3545 878 3597 929 et
3630 878 3788 928 Mar-

2138 973 2246 1037 tyr,
2279 966 2550 1022 Miltiades
2572 967 2771 1021 Eccles.
2801 965 3076 1036 Sophista,
3127 970 3181 1019 et
3234 969 3487 1020 lrenaeus
3538 966 3786 1018 omnium

2136 1054 2523 1110 doctrinarum
2550 1056 2958 1111 curiosissimus
2987 1053 3307 1124 explorator
3339 1051 3561 1118 Quibus
3591 1052 3784 1107 omni-

2137 1144 2247 1199 bus
2279 1144 2616 1200 evolvendis
2646 1148 2883 1199 ct~ante
2928 1148 2985 1199 et
3033 1146 3166 1216 post
3211 1142 3384 1197 ﬁdem
3444 1144 3783 1211 susceptam

2134 1232 2331 1303 ipsum
2384 1232 2763 1304 allaborasse,
2814 1232 2899 1289 vel
2931 1248 3000 1288 ex
3055 1231 3297 1303 Apolog.
3334 1234 3511 1302 patet,
3572 1229 3629 1283 in
3670 1246 3784 1301 quo

2138 1322 2387 1376 subinde
2416 1321 2545 1377 illos
2576 1323 2647 1377 ad
2681 1322 2923 1376 verbum
2956 1322 3071 1376 fere
3104 1320 3387 1375 imitatur.
3442 1318 3542 1372 His
3595 1317 3782 1372 omni—

2137 1410 2247 1464 bus
2279 1410 2649 1465 adminiculis
2678 1411 2749 1466 ad
2779 1410 2994 1465 Christi
3027 1410 3200 1464 ﬁdem
3234 1423 3544 1463 conversus
3576 1412 3631 1461 et
3655 1407 3781 1476 jam

2137 1499 2425 1564 initiatus,
2461 1517 2593 1555 cum
2627 1499 2871 1571 pallium
2920 1499 3319 1553 Christianum
3378 1496 3621 1551 indutus
3680 1496 3780 1566 (si-

2137 1588 2253 1643 cuti
2287 1594 2456 1644 antea
2481 1589 2657 1644 etiam
2690 1587 3447 1660 attigimus)inconstantiae
3479 1590 3785 1639 notaretur

2139 1677 2210 1731 ab
2243 1677 2450 1743 amico,
2486 1680 2642 1750 quod
2673 1696 2710 1733 a
2742 1679 2879 1749 Toga
2910 1677 3225 1732 transisset
3244 1678 3321 1731 ad
3352 1676 3619 1741 Pallium,
3650 1675 3783 1728 Ora-

2135 1766 2355 1820 tionem
2388 1766 2591 1822 babuit
2620 1767 2969 1839 Carthagine
3001 1767 3203 1837 (quam
3238 1783 3350 1820 LIB.
3392 1782 3461 1818 na
3501 1780 3660 1819 PALL.
3698 1762 3783 1816 in-

2135 1855 2416 1927 scripsit),
2448 1872 2561 1927 qua
2591 1861 2646 1910 et
2676 1856 2842 1911 Pallii
2898 1861 3270 1923 vetustatem,
3321 1852 3782 1924 simplicitatem,

2136 1944 2495 2011 facilitatem,
2528 1945 2857 2000 libertatem
2910 1945 3037 2000 sine
3084 1961 3243 2013 cura,
3309 1941 3776 2013 Philosopbicam

2134 2033 2480 2104 gravitatem
2513 2039 2567 2089 et
2597 2036 2967 2089 sanctitatem
3001 2033 3395 2100 commendat;
3421 2036 3477 2086 et
3507 2030 3646 2086 vitio
3663 2030 3777 2085 sibi

2135 2122 2261 2176 dari
2294 2140 2408 2178 non
2462 2125 2669 2179 debere
2726 2123 2904 2178 variis
2961 2122 3244 2194 exemplis
3294 2119 3569 2190 ostendit,
3622 2119 3777 2191 quod

2134 2211 2401 2267 habitum
2436 2212 2690 2268 verterit.
2726 2215 2848 2278 Qua
2868 2212 3169 2268 occasione
3199 2215 3253 2267 et
3278 2210 3587 2264 libidinum
3619 2208 3783 2263 varia

2135 2318 2368 2372 genera,
2411 2302 2626 2373 quibus
2673 2306 2883 2357 natura
2933 2305 3217 2369 mutetur,
3271 2304 3329 2355 et
3378 2299 3778 2354 Matronarum

2135 2391 2359 2445 cultum
2387 2392 2750 2447 indecentem
2785 2391 3128 2459 insectatur,
3158 2395 3215 2446 et
3250 2389 3355 2444 fori
3411 2387 3685 2442 Judicum
3720 2391 3779 2442 et

2136 2479 2389 2535 militum
2423 2480 2598 2550 vitiis,
2647 2484 2773 2535 tum
2822 2480 3129 2535 ambitioni
3180 2484 3237 2534 et
3289 2476 3436 2549 gulaa
3480 2481 3775 2531 cauterem

2137 2568 2339 2639 adigit.
2378 2570 2551 2637 Atqui
2582 2568 2675 2624 bis
2707 2569 2868 2625 Coss.
2929 2570 3066 2624 data
3096 2566 3442 2623 Constitutio
3496 2565 3686 2620 Severi
3718 2567 3776 2619 et

2135 2658 2410 2713 Antonini
2442 2676 2474 2713 v
2507 2659 2644 2715 Idus
2675 2658 2932 2727 Martias,
2988 2675 3117 2731 quae
3148 2660 3337 2713 exstat
3392 2656 3457 2711 D:
3516 2654 3637 2709 Lib.
3698 2670 3774 2721 1x,

2134 2746 2345 2815 tom.I,
2379 2746 2480 2802 lib.
2515 2765 2552 2818 ι,
2586 2748 2798 2803 iterum
2856 2747 3166 2803 conﬁrmat
3223 2750 3483 2802 nostram
3542 2747 3774 2800 senten-

2134 2834 2276 2890 tiam
2312 2836 2382 2892 de
2413 2836 2700 2892 Antonino
2730 2836 2852 2892 ﬁlio
2885 2836 3119 2908 Imperii
3151 2838 3437 2891 consorte.

2644 2997 2783 3035 ANNO
2823 2996 3023 3035 DOMINI
3063 2995 3267 3034 CXCVII.

2206 3106 2233 3172 §
2262 3104 2380 3159 VII.
2417 3105 2563 3162 Unde
2592 3122 2748 3160 suam
2775 3105 3021 3160 hauserit
3046 3103 3432 3160 omnimodam
3464 3100 3777 3172 disciplinae

382 3188 511 3256 ejus
544 3192 733 3244 aetatis
763 3191 974 3257 civilia,
1008 3210 1258 3263 quorum
1293 3194 1419 3261 jam
1454 3194 1853 3258 meminimus;
1882 3193 2022 3247 item
2056 3177 2097 3242 C
2134 3194 2460 3250 christiana
2492 3196 2797 3249 scientiam.
2851 3224 2913 3235 —
2968 3196 3050 3248 14.
3103 3211 3155 3250 c.
3202 3209 3433 3248 DOMITIO
3492 3205 3705 3246 Danao
3737 3204 3777 3242 ιι

381 3278 451 3331 ad
484 3280 708 3347 famem,
741 3280 813 3333 de
845 3297 963 3350 qua
997 3281 1033 3334 l.
1070 3283 1139 3336 ad
1172 3286 1339 3352 Scap.
1374 3282 1433 3335 in
1473 3282 1591 3336 haec
1638 3282 1812 3336 verba
1844 3284 1922 3349 (L.
1958 3282 2028 3336 ad

384 3364 540 3436 Scap.
574 3382 623 3420 c.
657 3367 736 3437 3.)
771 3385 783 3420 :
818 3368 968 3423 Sicut
997 3376 1050 3423 et
1092 3371 1189 3423 sub
1220 3371 1509 3424 Hitariano
1549 3371 1810 3440 praeside,
1856 3386 2026 3441 quum

381 3453 447 3508 de
475 3458 621 3509 areis
649 3460 1065 3525 sepulturarum
1095 3463 1407 3513 nostrarum
1434 3460 1821 3514 acclamassent
1843 3460 2027 3516 :Areaz

382 3560 495 3597 non
523 3546 656 3611 sint,
707 3560 853 3602 arex
895 3547 1139 3615 ipsorum
1184 3564 1291 3602 non
1340 3549 1614 3618 fuerunt;
1645 3544 1844 3603 messes
1875 3550 2026 3603 enim

381 3650 505 3689 suas
535 3651 645 3689 non
674 3639 901 3702 egerunt
926 3619 957 3699 ;’
991 3637 1242 3708 denique
1292 3639 1363 3693 ad
1412 3642 1744 3709 portentum,
1779 3640 1849 3694 de
1907 3654 2021 3710 quo

380 3722 599 3778 ibidem
625 3740 637 3777 :
668 3730 806 3782 Nam
837 3733 887 3780 et
916 3726 995 3779 sat
1026 3725 1129 3780 ille
1159 3728 1217 3780 in
1248 3732 1511 3783 conventu
1535 3728 1792 3797 Uticensi,
1811 3730 2019 3783 exstin-

377 3821 457 3867 cto
485 3828 625 3883 pene
650 3813 860 3868 lumine
889 3813 1025 3869 adeo
1054 3823 1359 3885 portentum
1382 3818 1513 3885 fuit,
1547 3821 1606 3871 ut
1636 3833 1743 3871 non
1782 3819 2021 3888 potuerit

378 3917 448 3958 ex
478 3903 765 3959 ordinario
793 3904 1039 3976 deliquio
1068 3905 1168 3960 hoc
1195 3908 1341 3976 pati,
1367 3907 1587 3977 positus
1612 3908 1671 3961 in
1700 3922 1795 3961 suo
1825 3908 2022 3978 hypso-

380 3995 526 4047 mate
555 3996 609 4047 et
638 3993 942 4049 domicilio.
975 3993 1057 4065 (L.
1086 3995 1153 4049 de
1182 3997 1386 4050 testim.
1438 3996 1646 4052 animae
1693 4011 1814 4064 cap.
1854 3996 1927 4067 1.)
1957 3996 2023 4049 Et

381 4096 534 4151 vero,
570 4082 788 4153 scripta
818 4099 1051 4154 quoque
1093 4083 1412 4139 multorum
1447 4101 1480 4139 a
1525 4084 1752 4140 Christo
1782 4089 2022 4139 Patrum

384 4170 733 4226 adv.Gentes
764 4171 1128 4227 conversioni
1161 4188 1399 4227 causam
1432 4173 1665 4229 dedisse
1710 4174 2022 4242 sentimus,

383 4260 454 4314 ad
491 4277 617 4331 quas
648 4260 859 4316 alludit
902 4260 1041 4317 alibi
1080 4278 1092 4317 :
1127 4261 1428 4331 Nonnulli,
1478 4262 1689 4334 inquit,
1738 4264 1931 4333 quibus
1960 4262 2025 4317 de

378 4351 618 4418 pristina
648 4351 987 4420 litteratura,
1020 4356 1073 4406 et
1122 4353 1460 4406 curiositatis
1508 4352 1679 4417 labor,
1734 4356 1787 4406 et
1824 4367 2026 4406 memo-

379 4439 480 4491 riae
525 4443 685 4493 tenor
705 4442 1150 4510 perseveraverit,
1200 4440 1459 4511 opuscula
1502 4455 1666 4511 penes
1713 4456 1808 4495 nos
1832 4440 2022 4495 condi-

2135 3300 2201 3337 ΕΤ
2258 3300 2307 3336 L.
2367 3301 2602 3338 VALERIO
2634 3300 2879 3339 MESSALA
2916 3300 3166 3339 THRASEA
3224 3298 3414 3337 PRISCO
3470 3296 3621 3337 coss.
3677 3278 3773 3334 55

2135 3371 2192 3426 S.
2245 3372 2496 3426 Victoris
2546 3373 2714 3444 Papa:
2771 3373 3018 3428 Romani
3068 3389 3221 3427 anno
3274 3388 3314 3425 η
3362 3375 3418 3425 et
3466 3368 3659 3425 Severi
3700 3383 3775 3422 1v.

2135 3461 2571 3517 TERTULLIAMUS
2592 3462 2718 3531 jam
2759 3461 3132 3517 Christianus
3164 3461 3382 3531 quibus
3413 3475 3475 3514 se
3528 3473 3779 3527 occupa-

2134 3548 2394 3606 tionibus
2428 3555 2614 3606 totum
2641 3550 2947 3620 dediderit,
2974 3551 3195 3621 scripta
3241 3550 3391 3620 ejus,
3443 3549 3515 3601 de
3564 3546 3778 3618 quibus

2134 3643 2357 3708 postea,
2392 3638 2524 3710 plus
2564 3639 2708 3694 satis
2739 3656 2845 3695 suo
2892 3639 3246 3694 conﬁrmant
3287 3635 3648 3692 testimonio.
3702 3633 3778 3687 Ex

2133 3726 2350 3797 quibus
2380 3728 2652 3798 inprimis
2712 3732 2939 3782 constat
2994 3727 3075 3781 ita
3121 3730 3417 3781 versatum
3477 3724 3658 3779 fuisse
3716 3722 3774 3776 in

2134 3832 2436 3870 sacrarum
2466 3815 2711 3872 lectione
2743 3816 3115 3880 Litterarum,
3150 3815 3230 3869 ita
3255 3812 3549 3869 memoriis
3582 3811 3777 3867 omnia

2135 3907 2190 3957 et
2219 3904 2455 3976 singula
2483 3904 2919 3976 Scripturarum
2952 3903 3080 3959 loca
3101 3903 3567 3971 commendasse,
3596 3905 3657 3954 ut
3688 3896 3773 3952 vel

2133 3993 2306 4048 unica
2335 3995 2573 4065 periodo
2625 3994 2877 4050 subinde
2924 3992 3230 4064 complura
3278 3990 3617 4062 complexus
3658 3987 3775 4053 sit;

2108 4079 2311 4151 _sicuti
2356 4100 2424 4136 ex
2467 4083 2899 4154 Scripturarum
2950 4083 3147 4137 Indice
3204 4085 3426 4151 nostro,
3474 4078 3779 4134 collatione

2134 4185 2267 4225 cum
2304 4175 2550 4225 Auctore
2583 4171 2752 4237 facta,
2790 4170 2954 4226 facile
2986 4174 3075 4226 est
3104 4167 3629 4242 deprehendere.1n
3662 4164 3778 4220 illis

2133 4263 2329 4314 autem
2362 4258 2611 4314 citandis
2641 4259 2954 4314 editionem
2978 4260 3246 4330 sequitur
3272 4258 3489 4330 ubique
3520 4272 3645 4310 Lxx.
3680 4256 3773 4309 In-

2132 4352 2311 4420 terpr.
2346 4348 2498 4419 quod
2532 4349 2603 4403 ad
2638 4352 2820 4403 Vetus
2849 4350 3315 4403 Instrumentum
3356 4345 3585 4410 attinet,
3619 4342 3773 4415 quod

2128 4453 2227 4508 per
2270 4438 2511 4492 Esdram
2559 4437 2667 4509 (vel
2716 4438 2843 4509 ipso
2890 4437 3055 4508 teste)
3114 4438 3330 4491 constat
3398 4437 3774 4490 restauratum

379 4524 599 4592 derunt,
631 4538 1114 4584 commemorantes
1141 4538 1191 4583 et
1220 4530 1671 4598 contestiﬁcantes
1700 4531 1759 4584 in
1804 4529 2021 4601 suggil-
2054 4548 2100 4613 D
2131 4525 2211 4596 (L.
2243 4527 2311 4582 de
2340 4527 2485 4581 Hab.
2518 4528 2655 4582 mut.
2690 4544 2739 4581 c.
2773 4528 2843 4588 3;
2876 4526 3093 4597 Apolog.
3130 4542 3180 4582 c.
3215 4524 3329 4594 l8),
3358 4524 3534 4595 idque
3567 4539 3681 4578 non
3712 4522 3773 4577 in

383 4615 649 4671 lationem
678 4626 732 4672 et
759 4620 1027 4687 originem
1056 4623 1107 4673 et
1137 4618 1495 4674 traditionem
1532 4627 1583 4674 et
1624 4622 2025 4675 sententiarum
2130 4616 2525 4673 Pentateucbo
2558 4616 2740 4691 Moysi
2770 4617 3072 4686 duntaxat,
3105 4615 3354 4685 aliisque
3391 4614 3561 4669 libris
3588 4613 3772 4668 histo-

380 4710 703 4774 argumenta
732 4722 831 4768 per
858 4724 978 4778 quae
1008 4708 1315 4777 recognosci
1359 4709 1547 4778 possit,
1592 4707 1737 4761 nihil
1782 4724 1880 4763 nos
1926 4711 2024 4762 aut

378 4809 598 4859 novum,
630 4801 728 4849 aut
753 4800 1151 4866 portentosum,
1172 4798 1560 4868 suscepisse,de
1588 4812 1694 4867 quo
1722 4813 1833 4851 non
1856 4798 2022 4853 etiam

379 4897 692 4940 communes
721 4885 924 4941 litterw
953 4886 1022 4940 ad
1050 4884 1381 4956 suﬁragtum
1395 4886 1556 4941 nobis
1571 4888 2017 4957 patrocinentur,

375 5064 583 5134 quitur.
624 5064 791 5119 Liber
822 5066 890 5119 ad
927 5065 1159 5136 Scapul.
1195 5082 1321 5135 cap.
1356 5065 1547 5119 ultim.
1579 5066 1637 5120 2ο
1667 5070 2021 5122 Potestatem

377 5137 714 5208 eorumdem
740 5138 1089 5208 stupendam
1118 5137 1174 5191 in
1200 5138 1494 5192 daemones
1508 5154 1822 5207 eorumque
1843 5139 2023 5192 simu-

374 5204 533 5260 lacra
564 5212 630 5282 et
651 5204 924 5282 oracula.)
944 5209 1084 5275 Quid
1117 5211 1215 5263 isto
1253 5224 1413 5278 opere
1464 5204 1856 5282 manifestius?
1884 5208 2023 5282 quid

379 5282 479 5332 hac
506 5281 827 5348 probatione
855 5281 1069 5349 ﬁdelius
1100 5284 1121 5335 Ρ
1145 5281 1476 5351 simplicitas
1496 5280 1739 5337 veritatis
1758 5284 1813 5336 in
1847 5280 2022 5335 medio

377 5359 487 5404 est:
513 5354 681 5406 etiam
708 5355 774 5405 de
801 5354 1118 5422 corporibus
1149 5356 1331 5406 nostro
1374 5355 1603 5423 imperio
1645 5353 1911 5408 excedunt
1942 5353 2024 5405 in-

378 5424 482 5475 viti
509 5431 581 5494 et
629 5424 865 5479 dolentes
910 5430 959 5479 et
1005 5424 1151 5478 vobis
1212 5426 1569 5494 praesentibus
1631 5426 2019 5480 erubescentes.

380 5493 677 5565 Apologet.
712 5495 910 5550 XXIII.
944 5497 1001 5549 3°
1032 5493 1253 5550 Motum
1280 5496 1637 5565 judiciorum
1670 5496 2018 5553 divinorum.

377 5565 456 5620 Ad
488 5568 652 5622 istam
681 5569 1055 5638 disciplinam,
1089 5567 1169 5622 ait
1202 5568 1262 5622 in
1292 5568 1441 5621 libro
1464 5568 1543 5638 de
1572 5568 1776 5623 Anima
1806 5572 2023 5633 11,metu

374 5638 635 5707 praedicti
661 5636 866 5710 iudicii
893 5639 1320 5700 transvolamus.
1370 5636 1592 5705 Quibus
1612 5644 1669 5698 et
1715 5638 1898 5700 addas
1929 5656 2022 5699 ve~

2132 4705 2289 4776 ricis,
2324 4707 2425 4761 sed
2458 4710 2515 4761 et
2544 4706 2603 4761 in
2636 4706 3059 4778 Prophetarum
3090 4704 3385 4762 vaticiniis
3419 4721 3431 4759 :
3462 4704 3603 4772 Quos
3624 4704 3773 4758 enim

2132 4794 2369 4867 (inquit)
2418 4794 2666 4850 diximus
2708 4794 3106 4866 pradicatores,
3156 4794 3454 4865 quphetaz
3494 4793 3559 4847 de
3595 4792 3773 4862 ofﬁcio

2128 4884 2409 4954 pra/andi
2445 4885 2734 4940 dicuntur.
2772 4889 2942 4940 Voces
2988 4900 3195 4953 eorum,
3250 4884 3489 4955 itemque
3525 4883 3773 4948 virtutes,

2135 5060 2263 5126 lim,
2295 5078 2421 5140 qua?
2454 5078 2633 5140 supra
2663 5060 2720 5115 in
2757 5060 3031 5140 Pamelio,
3065 5060 3472 5140 auctoritatem
3497 5058 3773 5140 Scripta.-

2134 5134 2736 5203 rarum,divinamque
2761 5133 3204 5205 praedictionum
3229 5133 3609 5205 majestatem
3633 5133 3779 5185 veri-

2134 5210 2250 5259 tate
2283 5202 2902 5275 comprobatumfimo
2934 5209 2990 5259 et
3034 5202 3263 5271 imperii
3314 5203 3677 5259 calamitates
3710 5217 3775 5255 eo

2135 5277 2324 5348 magis
2355 5278 2798 5346 saevientes,quo
2832 5276 3167 5331 vesaniorin
3193 5274 3546 5330 christianos
3571 5275 3778 5329 imma-

2133 5349 2287 5403 nitas
2320 5354 2709 5420 grassaretur,
2742 5365 2807 5403 ac
2833 5348 3064 5420 demum
3100 5364 3294 5420 rerum
3332 5348 3386 5420 vi
3421 5364 3623 5420 graves
3659 5361 3775 5400 non

2133 5437 2303 5475 secus
2328 5418 2395 5473 ac
2424 5421 2730 5474 verborum
2756 5418 3023 5491 acumine
3052 5419 3454 5491 Apologeticos
3474 5418 3775 5491 sermones

2132 5509 2165 5565 a
2210 5491 2479 5565 pluribus
2531 5492 2629 5565 qui
2661 5509 2729 5547 ea
2776 5490 3044 5565 Ecclesiae
3093 5490 3439 5565 tempestate
3488 5490 3776 5547 ﬂorebant

2131 5563 2468 5621 doctoribus
2496 5562 2821 5636 evulgatos.
2853 5564 2988 5620 Eoo.
