4148 6188
352 283 434 341 93
1682 287 1780 345 TE
1792 287 1947 347 RTU
1960 285 2215 345 LLlANI
2260 286 2469 345 VITA.
3696 284 3775 341 94

351 430 489 485 quas
519 412 591 468 ad
620 412 779 482 ﬁdem
810 416 1133 471 Divinitatis
1159 417 1410 489 edebant,
1444 419 1503 473 in
1547 418 1817 474 thesauris
1868 419 2011 475 litte-
2041 426 2097 492 Α
2127 418 2282 475 haud
2318 418 2493 474 dubie
2524 418 2920 491 Scriptoribus
2970 418 3301 474 Ecelesiast.
3354 421 3559 488 praeter
3603 415 3773 487 Apol-

350 520 547 557 rarum
580 512 819 573 manent,
854 522 952 560 nec
982 506 1109 560 ista?
1138 522 1286 559 nune
1337 506 1528 563 latent.
1586 509 2012 564 Ptolemworum

353 592 635 647 eruditiss.
702 594 882 664 (quem
944 594 1367 666 Philadelphum
1424 598 1912 669 supernominant)
1962 602 2011 653 et

352 684 541 736 omnis
566 682 890 737 litteraturae
939 685 1341 754 sagacissimus,
1405 702 1531 740 cum
1577 686 1762 742 studio
1805 688 2009 741 Biblio-

350 770 496 824 thec.
523 773 875 826 Pisistratum
906 772 988 842 (ut
1017 774 1231 843 opinor)
1260 768 1645 848 (emularetur,
1680 778 1827 830 inter
1856 780 2009 831 ciete-

352 878 423 913 ra
457 861 873 927 memoriarum,
906 864 1101 933 quibus
1142 867 1238 917 aut
1288 868 1544 930 vetustas,
1603 870 1663 921 ut
1719 868 2012 921 curiositas

351 951 553 1019 aliqua
582 949 651 1003 ad
678 952 891 1021 famam
913 953 1386 1025 patrocinabatur,
1414 971 1443 1009 e
1463 958 1717 1026 suggestu
1744 958 2013 1011 Demetrii

352 1039 611 1094 Phaterii
661 1038 1155 1096 Grammaticorum
1228 1052 1361 1098 tunc
1437 1045 1843 1115 probatissimi,
1921 1045 2013 1098 cui

339 1130 748 1200 praefecturam
802 1131 1186 1199 mandaverat,
1237 1124 1403 1188 libros
1450 1151 1483 1188 a
1536 1135 1745 1190 Iudaeis
1803 1149 2012 1205 quoque

344 1218 677 1288 postulavit,
708 1222 966 1290 proprias
993 1222 1201 1276 scilicet
1247 1231 1406 1294 atque
1465 1225 1788 1279 vernaculas
1836 1225 2009 1277 Litte-

346 1323 463 1376 ras,
486 1324 628 1378 quas
655 1309 763 1363 soli
790 1308 1083 1364 habebant.
1116 1314 1214 1365 Ea:
1269 1314 1401 1383 ipsis
1458 1315 1606 1367 enim
1656 1323 1706 1368 et
1756 1313 1826 1367 ad
1870 1315 2012 1383 ipsos

344 1412 567 1467 semper
610 1398 900 1469 Prophetm
924 1407 1346 1471 peroraverant,
1384 1403 1594 1457 scilicet
1638 1403 1707 1456 ad
1755 1403 2010 1457 domesti-

346 1502 474 1540 cam
505 1487 606 1541 Dei
632 1495 850 1555 gentem
880 1506 951 1543 ea:
978 1493 1204 1560 patrum
1231 1492 1432 1560 gratia.
1466 1491 1693 1548 Hebraei
1712 1496 1880 1561 retro,
1915 1491 2011 1560 qui

345 1592 502 1629 nunc
529 1575 739 1631 Judaei.
786 1577 965 1644 Igitur
992 1582 1042 1632 et
1077 1578 1271 1634 litterae
1302 1580 1561 1646 Hebraea,
1608 1583 1657 1634 et
1708 1580 2006 1650 eloquium.

347 1664 455 1719 Sed
484 1681 554 1719 ne
574 1667 777 1719 notitia
808 1672 1048 1733 vacaret,
1082 1673 1181 1723 hoc
1236 1684 1445 1738 quoque
1504 1669 1800 1725 Ptolemaeo
1840 1687 1869 1722 α
1901 1673 2011 1725 Ju-

348 1752 501 1810 daei:
525 1754 897 1824 subscriptum
936 1760 1037 1821 est,
1088 1756 1447 1828 Septuaginta
1504 1758 1715 1814 duobus
1772 1760 2007 1829 lnterpr.

345 1843 636 1909 indultis;
668 1860 798 1915 quos
831 1846 1179 1900 Menedemus
1206 1863 1419 1917 quoque
1443 1848 1825 1918 philosophus.
1875 1849 2008 1901 Pro-

346 1932 613 1987 videntiae
644 1932 846 1988 vindex
874 1933 934 1990 de
983 1936 1269 1991 sententiae
1307 1939 1696 1992 communione
1737 1939 2001 2009 suspexit.

345 2021 683 2093 Afﬁrmavit
713 2021 827 2076 haec
848 2023 993 2078 vobis
1023 2026 1191 2078 etiam
1225 2025 1502 2080 Arista’as.
1536 2028 1618 2080 Ita
1656 2029 1715 2079 in
1757 2024 2008 2082 Graecum

347 2113 561 2182 stylum
591 2128 661 2167 ex
692 2117 881 2184 aperto
914 2124 1265 2170 monumenta
1323 2117 1564 2189 reliquit.
1626 2118 1796 2173 Hodie
1852 2119 2008 2189 apud

344 2201 650 2273 Serapeum
674 2204 957 2259 Ptolema’i
996 2204 1339 2260 Bibliotheca
1368 2222 1495 2261 cum
1540 2209 1677 2278 ipsis
1728 2209 2008 2263 Hebraicis

346 2290 553 2345 litteris
583 2291 938 2349 exhibentur.
972 2292 1107 2356 Quae
1141 2293 1315 2365 paulo
1348 2295 1632 2367 prolixius
1673 2297 2004 2364 citavimus,

346 2380 637 2435 adversus
667 2396 766 2436 eos
796 2382 896 2453 qui
926 2383 1331 2437 auctoritatem
1368 2401 1472 2439 Lxx
1504 2386 1751 2457 Interpr.
1785 2386 2008 2442 elevare

349 2485 467 2523 non
504 2474 777 2525 verentur
810 2471 905 2542 (8).
944 2471 1008 2526 In
1067 2475 1225 2527 Novo
1278 2490 1412 2528 vero
1460 2476 1835 2532 Testamento
1890 2490 2001 2532 non

345 2562 472 2612 tam
511 2558 735 2613 Latinis
764 2560 1106 2628 Translatis,
1140 2578 1317 2631 quam
1349 2564 1567 2618 Griecia
1596 2566 1888 2627 veteribus
1911 2583 2008 2621 co-

349 2646 587 2702 dicibus
620 2664 795 2703 usum
825 2650 1158 2717 Auctorem,
1217 2651 1412 2707 Graece
1459 2653 1889 2724 doctissimum,
1941 2672 2011 2711 ex

347 2736 622 2791 versione
656 2738 785 2808 ejus
814 2738 1114 2809 peculiari,
1151 2741 1222 2794 ab
1254 2740 1385 2796 aliis
1417 2742 1691 2798 omnibus
1753 2744 2007 2801 multum

346 2825 609 2879 subinde
643 2826 895 2895 diversa,
932 2827 1311 2884 manifestum
1345 2831 1410 2885 ﬁt
1440 2856 1452 2898 ;
1485 2848 1659 2901 quam
1693 2833 1836 2888 adeo
1890 2834 2007 2889 dis-

351 2914 725 2985 crepantiam
759 2915 813 2968 in
849 2916 1099 2987 gratiam
1132 2920 1529 2989 professorum
1563 2937 1863 2976 sacrarum
1891 2923 2008 2977 Lit-

352 3009 620 3057 terarum
666 3004 885 3076 ubique
943 3006 1391 3075 annotavimus;
1454 3026 1630 3081 quam
1681 3011 1808 3081 jam
1869 3010 2007 3067 olim
2060 3054 2065 3059 .

346 3092 536 3146 etiam
567 3091 843 3170 indicavit
873 3098 937 3149 B.
971 3096 1171 3150 Ambr.
1200 3096 1320 3151 sive
1352 3096 1624 3170 quisquis
1672 3105 1873 3155 auctor
1919 3105 2010 3157 est

2123 508 2344 563 Ionium
2380 514 2715 564 Senatorem
2750 514 2805 564 et
2832 514 2893 563 B.
2918 509 3213 564 Victorem
3239 507 3451 563 Graecis
3474 505 3769 569 omnibus,

2122 597 2422 652 Philonem
2448 599 2595 666 dico,
2620 598 2941 670 Josephum
2960 602 3157 668 (quem
3183 600 3345 651 vocat
3367 594 3772 666 Antiquitatum

2119 687 2471 743 Judaicorum
2502 688 2855 743 vernaculum
2889 688 3186 756 vindicem)
3237 686 3455 757 Apolog.
3491 701 3539 739 c.
3588 682 3673 747 19,
3708 681 3722 734 l
3757 698 3771 749 ;

2121 776 2187 830 de
2214 779 2419 833 Prcesc.
2455 776 2576 832 adv.
2613 776 2805 834 lueret.
2840 795 2888 832 c.
2921 777 3031 844 32;
3087 776 3121 830 l.
3182 776 3302 831 adv.
3354 774 3560 829 Valent.
3614 788 3663 827 c.
3696 772 3769 839 5;

2125 865 2313 921 Carm.
2346 866 2473 921 adv.
2512 872 2679 923 Marc.
2716 882 2765 922 c.
2799 866 2833 919 9
2866 888 2879 936 ;
2918 867 2954 921 l.
2988 868 3052 921 de
3070 870 3268 921 Prmsc.
3294 865 3414 921 adv.
3442 864 3576 920 hac.
3604 879 3650 917 c.
3678 863 3768 930 38,

2119 955 2158 1011 1.
2194 972 2249 1023 ι;
2281 957 2496 1027 Apolog.
2533 974 2581 1011 ο.
2615 958 2727 1027 35),
2784 956 3106 1029 Appionem
3139 962 3195 1011 et
3222 954 3633 1026 Hegesippum,
3664 952 3768 1007 Ju-

2121 1045 2296 1110 daaos,
2356 1043 2711 1100 Clementem
2760 1046 3111 1113 Romanum,
3162 1062 3228 1100 ac
3275 1048 3329 1098 S.
3382 1042 3767 1114 Polycarpum

2119 1133 2392 1205 (quorum
2426 1133 2589 1190 illum
2625 1137 2999 1191 Romanorum
3029 1153 3065 1190 a
3094 1136 3277 1201 Petro,
3311 1133 3467 1188 hunc
3499 1149 3531 1185 a
3561 1133 3770 1186 Joanne

2120 1222 2529 1295 Smyrnaeorum
2552 1226 2824 1296 episcopos
2847 1225 3128 1279 ordinatos
3170 1222 3476 1293 agnoscit),
3508 1226 3564 1274 S.
3598 1221 3768 1290 Igna-

2121 1311 2266 1366 tium
2296 1312 2748 1383 Antiochenam,
2801 1314 2857 1369 S.
2920 1313 3257 1384 Dionysium
3307 1313 3587 1382 Areopag.
3641 1308 3771 1363 Gal-

2121 1399 2355 1468 liarum,
2392 1402 2629 1473 Papiam
2659 1401 3154 1474 Hierapolitanum
3180 1401 3494 1472 Episcopos
3518 1420 3531 1464 ς
3558 1397 3768 1469 Agrip-

2122 1507 2253 1561 pam
2286 1492 2607 1559 Castorem,
2642 1492 2979 1564 Dionysium
3013 1490 3465 1558 Corinthiorum,
3488 1488 3767 1543 Plinitum

2121 1596 2185 1633 ae
2256 1579 2589 1652 Philippum
2650 1584 2953 1637 Cretenses
3012 1582 3363 1652 Episcopos;
3426 1579 3763 1647 Musanum,

2125 1668 2469 1737 Modestum,
2504 1671 2875 1726 Panthenum
2909 1670 3386 1739 Alexandrinum,
3423 1667 3763 1722 Rhodonem

2123 1758 2425 1813 Asianum:
2490 1759 2865 1831 Serapionem
2918 1764 2976 1814 et
3049 1759 3350 1813 Proculum
3426 1756 3761 1827 quemdam,

2117 1863 2290 1917 quem
2326 1853 2490 1902 vocat
2533 1850 2859 1919 eloquentiae
2914 1848 3240 1903 Christiana:
3296 1846 3635 1917 dignitatem,
3692 1844 3764 1897 de

2119 1952 2233 2006 quo
2286 1942 2482 2008 postea
2536 1937 2749 2005 latius;
2810 1942 3045 1993 Sextum
3107 1937 3359 2008 denique
3417 1934 3762 2007 Appionem,

2115 2025 2464 2090 Candidum,
2498 2028 2880 2095 Arabianum,
2918 2026 3257 2094 Maximum,
3289 2029 3345 2081 et
3382 2023 3761 2079 Heraclitum.

2116 2114 2339 2177 Quibus
2370 2114 2579 2185 adjicio
2612 2115 2833 2187 primos
2864 2114 2996 2170 illos
3054 2120 3311 2183 caeteros,
3363 2114 3530 2168 Pont.
3594 2112 3760 2167 Rom.

2117 2205 2177 2258 in
2207 2204 2360 2259 Petri
2387 2204 2651 2259 cathedra
2685 2221 3029 2273 successores,
3081 2221 3328 2275 quorum
3374 2208 3607 2258 exstant
3658 2202 3760 2256 Dc-

2117 2293 2381 2361 cretales,
2442 2312 2808 2366 quorumque
2864 2312 2989 2350 cum
3048 2296 3177 2349 Lino
3228 2302 3277 2348 et
3324 2293 3468 2348 Cleto
3544 2296 3764 2347 Auctor

2119 2383 2425 2438 meminit:
2460 2384 2801 2451 Anacletum,
2834 2386 3165 2449 Evaristum,
3200 2381 3592 2448 Alexandrum,
3636 2380 3765 2434 Sis:-

2120 2476 2255 2540 tum,
2294 2473 2693 2544 Telesphorum,
2724 2474 3022 2545 Hyginum,
3054 2474 3241 2537 Pium,
3301 2473 3611 2538 Anicetum,
3663 2468 3766 2523 So-

2118 2565 2297 2616 terem
2334 2562 2469 2617 item
2506 2564 2726 2635 (quem,
2762 2563 2913 2633 quod
2949 2562 3174 2617 occasio
3202 2577 3329 2616 sese
3361 2576 3474 2615 non
3516 2558 3767 2623 offerret,

2120 2650 2539 2721 praetermisit),
2564 2656 2621 2706 et
2645 2652 3013 2717 Eleutherum,
3033 2666 3208 2721 quem
3236 2649 3581 2705 Benedictum
3610 2663 3769 2701 nun-

2120 2743 2315 2810 cupat.
2349 2742 2504 2806 Quos
2550 2756 2755 2795 omnes
2814 2740 3007 2795 Graece
3052 2739 3383 2809 scripsisse,
3439 2755 3507 2791 ex
3564 2736 3768 2790 eodem

2121 2827 2269 2899 stylo
2304 2829 2529 2897 Latino,
2565 2829 2660 2900 qui
2694 2828 3028 2899 interpretis
3059 2828 3323 2898 ejusdem
3355 2826 3601 2892 videtur,
3637 2841 3770 2879 cen-

2121 2934 2257 2985 seo;
2312 2923 2532 2990 utpote,
2598 2919 2691 2989 qui
2755 2916 2965 2972 melius
3022 2921 3215 2971 Graece
3266 2916 3551 2982 noverint,
3615 2915 3772 2968 sicut

2121 3006 2298 3062 etiam
2329 3010 2384 3063 S.
2424 3011 2569 3063 [ren.
2604 3024 2781 3080 quam
2819 3008 3035 3061 Latine.
3069 3008 3191 3072 Quo
3225 3007 3307 3069 fit,
3343 3010 3405 3059 ut
3458 3003 3570 3075 (vel
3619 3002 3770 3057 Rhe-

2120 3116 2272 3154 nano
2322 3099 2661 3169 annotante)
2695 3114 2864 3153 nemo
2898 3096 3095 3151 mirari
3140 3096 3346 3151 debeat
3375 3093 3630 3149 Graecam
3661 3093 3771 3146 Au-

347 3162 685 3235 Comment'.
712 3182 767 3236 in
804 3183 986 3255 Epist.
1025 3185 1182 3240 Pauli
1216 3187 1285 3241 ad
1322 3162 1573 3242 Rom..c.
1604 3190 1653 3243 5.
1704 3212 1731 3238 «
1765 3190 2008 3246 Constat
2039 3180 2081 3246 C
2121 3188 2295 3242 ctoris
2323 3188 2601 3260 loquendi
2635 3162 3140 3252 consuetudinem,
3175 3200 3306 3239 cum
3341 3183 3516 3238 etiam
3578 3181 3626 3235 si
3672 3179 3769 3251 qui

346 3269 602 3341 (inquit)
630 3272 916 3341 quosdam
978 3273 1215 3329 Latinos
1261 3274 1400 3330 olim
1446 3277 1515 3331 de
1563 3278 1855 3334 veteribus
1912 3280 2013 3335 56

349 3358 579 3413 Graecis
610 3360 912 3417 translatis
944 3362 1265 3431 codicibus,
1295 3381 1442 3436 quos
1464 3366 1836 3437 incorruptos
1870 3370 2011 3423 sim-

346 3446 589 3519 plicitas
619 3454 952 3520 temporum
1006 3453 1253 3507 servavit
1306 3458 1363 3507 et
1420 3456 1650 3526 probat.
1698 3456 2011 3528 Postquam

350 3542 559 3591 autem
593 3537 887 3593 discordia
915 3540 1125 3596 animis
1158 3540 1587 3599 dissidentibus
1618 3549 1675 3599 et
1724 3544 2015 3602 haereticis

356 3627 853 3697 perturbantibus
896 3633 1168 3700 torquere
1253 3633 1608 3703 quaestiones
1692 3641 2011 3705 cmperunt,

357 3714 555 3770 multa
586 3716 899 3772 immutata
930 3723 1069 3773 sunt
1112 3720 1183 3774 ad
1235 3737 1476 3776 sensum
1536 3722 1888 3794 humanum,
1954 3730 2015 3780 ut

352 3803 468 3859 hoc
500 3804 901 3861 contineretur
930 3807 989 3861 in
1023 3806 1253 3873 litteris,
1305 3811 1454 3880 quod
1511 3810 1736 3867 homini
1788 3814 2011 3870 videre-

349 3898 471 3949 tur.
512 3894 680 3949 Unde
712 3899 767 3949 et
796 3896 907 3966 ipsi
953 3896 1132 3952 Graeci
1184 3898 1442 3954 diversos
1493 3900 1723 3956 codices
1773 3901 2010 3958 habent.

352 3980 509 4035 Illud
544 3986 743 4038 autem
777 4000 977 4039 verum
1013 3985 1286 4057 arbitror,
1349 3989 1583 4059 quando
1638 3994 1696 4044 et
1744 3991 1910 4060 ratio,
1957 3996 2013 4047 et

352 4068 628 4137 historia,
664 4077 720 4126 et
760 4074 1079 4129 auctoritas
1139 4076 1577 4132 observabatur.
1637 4078 1782 4134 Nam
1837 4080 2011 4137 hodie

354 4175 485 4230 qua:
520 4160 581 4214 in
616 4160 841 4217 Latinis
873 4164 1382 4235 reprehenduntur
1398 4166 1720 4238 codicibus,
1745 4168 1827 4223 sic
1851 4170 2012 4225 inve-

351 4247 604 4304 niuntur
635 4267 667 4305 a
697 4252 993 4308 veteribus
1024 4254 1234 4325 posita,
1266 4255 1693 4324 TERTULLIANO,
1716 4257 2010 4316 Victorino

352 4342 411 4391 et
438 4338 754 4410 Cypriano.
791 4363 820 4390 ››
879 4341 1171 4398 Hactenus
1222 4342 1340 4399 ille.
1390 4346 1461 4400 At
1511 4346 1610 4417 qui
1668 4349 2013 4405 versabatur

350 4430 633 4493 praeterea
663 4432 837 4484 noctu
863 4428 1084 4501 diuque
1112 4434 1331 4487 Auctor
1379 4436 1578 4489 noster
1625 4435 1683 4489 in
1734 4452 2009 4507 perscru-

2124 3273 2183 3328 in
2217 3275 2482 3330 Latinam
2531 3275 2793 3346 linguam
2844 3272 3113 3328 translati
3169 3275 3385 3339 essent,
3450 3268 3648 3325 mallet
3704 3283 3772 3321 ex

2124 3362 2385 3421 fontibus
2442 3364 2644 3420 bibere
2697 3364 2872 3435 (quod
2930 3362 3116 3433 aiunt)
3169 3377 3346 3432 quam
3390 3376 3459 3415 ex
3517 3358 3768 3413 lacunis.

2121 3456 2297 3526 Atqui
2331 3455 2439 3509 hoc
2470 3454 2726 3526 primum
2788 3470 2941 3507 anno
3001 3451 3240 3523 quidam
3301 3450 3569 3504 scribunt
3618 3447 3767 3503 Idib.

2124 3544 2259 3599 Maii
2293 3543 2386 3599 die
2410 3542 2681 3598 Natalitio
2713 3541 2945 3613 Imperii
2980 3560 3013 3595 a
3045 3541 3253 3596 Severo
3309 3545 3458 3609 Imp.
3511 3534 3771 3608 appella-

2122 3638 2248 3688 tum
2280 3638 2560 3688 Caesarem
2592 3638 2740 3703 Aug.
2774 3631 2961 3685 filium
3011 3629 3137 3699 ejus
3198 3628 3558 3683 Antoninum
3613 3625 3766 3697 apud

2123 3722 2534 3787 Viminatium,
2556 3722 2897 3792 priusquam
2931 3718 2988 3773 in
3020 3718 3238 3774 bellum
3268 3721 3467 3773 contra
3491 3715 3767 3771 Albinum

2124 3813 2607 3883 proficisceretur.
2644 3810 3059 3864 Verumtamen
3092 3808 3268 3863 etiam
3320 3806 3393 3862 ab
3444 3805 3608 3859 initio
3658 3809 3772 3859 Au-

2123 3907 2364 3974 gustum
2407 3898 2544 3955 olim
2606 3899 2787 3953 fuisse
2846 3902 3273 3969 nuncupatum,
3333 3896 3431 3952 57
3491 3899 3648 3965 patet
3704 3910 3772 3948 ex

2123 3989 2445 4061 Rescriptis
2477 3986 2927 4055 praecedentium
2962 4002 3250 4041 annorum
3289 3981 3529 4039 nomine
3578 3981 3772 4037 Severi

2123 4084 2179 4134 et
2209 4077 2485 4134 Antonini
2516 4078 2701 4146 Augg.
2766 4073 3229 4145 Conspirationis
3286 4071 3519 4127 interim
3571 4069 3769 4124 Albini

2122 4169 2402 4224 adversus
2430 4170 2703 4220 Severum
2735 4164 2843 4218 hoc
2875 4180 3027 4218 anno
3083 4163 3243 4217 facta:
3276 4158 3545 4216 meminit
3588 4159 3765 4213 etiam

2118 4260 2334 4314 Auctor
2362 4257 2420 4312 in
2455 4255 2576 4310 haec
2607 4253 2818 4309 verba:
2857 4252 3004 4310 Unde
3035 4252 3205 4319 Cassi,
3255 4250 3417 4319 Nigri
3458 4257 3510 4304 et
3556 4247 3765 4303 Albini.

2615 4415 2688 4452 ΔΝ
2698 4413 2767 4451 ΝΟ
2800 4413 3004 4451 DOMINI
3037 4406 3259 4451 CXCVI".

353 4514 552 4569 tendis
584 4533 700 4571 non
734 4518 905 4572 modo
937 4535 1083 4589 quos
1114 4537 1294 4592 supra
1325 4522 1680 4579 adduximus
1701 4525 2007 4598 Apologia-
2038 4551 2086 4615 Β
2188 4530 2215 4595 §
2244 4524 2392 4580 VIII.
2433 4522 2816 4615 Quandonam,
2849 4526 2899 4576 et
2926 4524 3009 4615 in
3215 4537 3401 4577 rerum
3460 4524 3768 4590 tempestate

355 4618 482 4658 rum
517 4621 621 4676 pro
656 4606 769 4662 ﬁde
815 4606 1146 4665 Christiana
1194 4612 1571 4679 Auctoribus,
1622 4614 1723 4669 sed
1771 4620 1827 4670 et
1874 4615 2006 4672 aliis

421 4773 498 4840 (8)
532 4768 1018 4826 Dissertationem
1051 4772 1120 4825 de
1152 4772 1311 4827 varia
1342 4776 1399 4828 et
1426 4772 1648 4828 incerta
1677 4774 1871 4830 indole
1931 4776 2005 4830 li-

353 4844 593 4898 brorum
624 4841 971 4896 Tertulliani
1002 4843 1110 4897 Joh
1145 4844 1441 4900 Salomon.
1478 4845 1721 4911 Semler,
1754 4848 1841 4901 vir
1869 4852 2005 4904 tan-

354 4917 539 4986 tisper
566 4912 799 4991 consilii
829 4914 1018 4968 audax
1049 4917 1305 4991 adtritas
1325 4916 1426 4991 vim
1459 4934 1575 4991 non
1618 4917 1764 4973 nihil
1812 4918 2001 4991 impa-

354 4983 527 5063 tiens,
560 4986 631 5063 ad
664 4983 885 5063 calcem
920 5002 1037 5039 suae
1071 4987 1358 5063 editionis
1382 4989 1444 5063 in
1486 4989 1676 5063 lucem
1734 4983 2000 5063 protulit,

357 5074 418 5113 ac
450 5056 749 5132 imprimis
778 5056 973 5112 videre
1003 5062 1091 5111 est
1120 5074 1235 5129 quo
1255 5059 1449 5132 animi
1482 5062 1704 5132 impetu
1735 5056 1858 5118 haec
1883 5056 2000 5118 sta;

354 5137 514 5185 tuere
546 5129 778 5194 audeat,
815 5144 1026 5200 nempe
1074 5131 1495 5187 Tertullianum
1547 5129 1646 5188 nec
1685 5132 2001 5190 adhibuisse

351 5217 560 5269 graecos
587 5200 818 5264 codices,
855 5216 953 5255 nec
998 5200 1256 5272 adhibere
1302 5205 1577 5272 voluisse;
1627 5209 1814 5259 totum
1865 5224 1998 5262 vero

352 5273 405 5326 in
440 5291 507 5328 eo
539 5289 668 5327 esse
710 5278 772 5325 ut
802 5288 968 5326 suam
1024 5270 1267 5329 latinam
1307 5270 1878 5332 cuilibet'extraneaa
1924 5278 2002 5333 le-

350 5346 600 5399 ctionem
636 5348 977 5418 anteponat;
1010 5345 1177 5418 quasi
1208 5349 1386 5418 graeci
1410 5347 1545 5402 libri
1573 5350 1675 5402 isto
1697 5349 1817 5418 jam
1861 5354 1996 5405 tem-

381 5434 471 5472 ore
496 5417 715 5491 ]uerint
750 5432 853 5491 per
883 5415 1183 5472 haereticos
1209 5415 1536 5491 'depravati
1566 5415 1807 5491 ieoque
1856 5422 1997 5476 faci-

381 5434 471 5472 ore
499 5433 715 5487 luerim
750 5433 853 5485 per
883 5433 1183 5472 naereucos
1240 5433 1536 5490 depravati
1566 5436 1579 5483 ;
1624 5436 1807 5491 eoque
1856 5433 1996 5476 iaci-

344 5433 457 5564 fias
491 5489 549 5564 id
583 5487 643 5541 in
683 5487 1244 5564 Latinorum_mente
1274 5489 1541 5564 haesisse,
1570 5490 1738 5546 libris
1789 5509 1996 5564 nempe

345 5559 546 5615 latinis
575 5559 851 5644 accedere
875 5557 1223 5644 praecipuam
1243 5563 1689 5644 praestantiam;
1712 5557 1993 5644 pptiore-m

345 5636 722 5709 vetustatem,
755 5629 913 5702 quod
944 5629 1297 5705 exemplaria
1324 5633 1510 5692 latina
1538 5629 1839 5708 antiquius
1892 5652 1996 5694 sua

2119 4617 2369 4672 carmina
2400 4613 2655 4685 quaedam
2696 4612 2975 4667 libaverit.
3010 4641 3076 4653 -—
3110 4611 3195 4665 15.
3253 4627 3305 4666 'r.
3355 4626 3551 4665 SEXTIO
3601 4624 3765 4663 LATE-

2110 4780 2294 4851 prima
2322 4776 2570 4851 habeant
2585 4774 2749 4828 initia
2781 4782 2831 4827 et
2860 4774 3099 4851 recentia
3128 4774 3440 4851 rudimenta
3468 4795 3482 4851 ς
3533 4769 3651 4851 imo
3705 4772 3762 4823 et

2114 4842 2423 4921 superesse
2454 4846 2644 4923 varias
2679 4861 2857 4899 novas
2888 4844 3399 4923 interpretationes
3429 4848 3485 4923 et
3518 4842 3762 4923 ‘glossas

2113 4915 2362 4994 quarum
2398 4918 2625 4994 primus
2656 4922 2713 4970 et
2741 4921 2933 4994 certus
2967 4922 3287 4994 auctorest
3336 4915 3760 4994 Tertullianus,

2114 4985 2184 5050 ab
2216 4985 2432 5063 illoque
2464 4989 2759 5066 in‘omnes
2802 4988 3029 5066 codices
3086 4985 3301 5066 latinos
3340 4985 3759 5066 dimanavisse,

2112 5066 2186 5121 Ut
2217 5070 2281 5119 ut
2310 5056 2410 5128 sit,
2442 5060 2646 5116 sedulo
2678 5059 2995 5113 cavendum
3031 5064 3118 5113 est
3148 5077 3181 5114 a
3212 5058 3427 5130 dupiici
3452 5073 3623 5128 quem
3648 5056 3761 5111 sibi

2114 5138 2381 5209 preponit
2412 5131 2755 5209 auctoriste
2787 5148 2980 5199 scopo,
3004 5132 3312 5209 vulgatam
3339 5147 3544 5199 nempe
3568 5144 3762 5183 sacro-

2112 5203 2241 5264 rum
2276 5208 2557 5262 librorum
2619 5204 2923 5258 lectionem
2985 5203 3308 5267 ditl‘amare,
3368 5209 3761 5273 prmtereaque

2111 5296 2370 5335 asserere
2402 5294 2469 5332 ex
2500 5292 2615 5330 una
2649 5277 2971 5344 eademque
3002 5275 3236 5329 ofﬁcina
3294 5276 3578 5345 quosdam
3631 5289 3759 5345 pro-

2111 5353 2266 5407 disse
2297 5354 2557 5405 veterum
2614 5346 2817 5426 libros,
2868 5347 3065 5401 lremai
3123 5344 3412 5413 videlicet,
3472 5350 3571 5426 aut
3627 5344 3755 5426 Cle-

2111 5424 2343 5492 mentis,
2380 5438 2483 5475 nec
2505 5421 2630 5491 jam
2665 5419 2808 5492 satis
2840 5434 2969 5473 esse
3001 5436 3188 5473 causa;
3221 5436 3323 5473 cur
3354 5435 3478 5492 eos_
3502 5418 3748 5471 diversis

2109 5490 2470 5558 auctoribus,
2506 5490 2703 5561 utpote
2734 5491 2805 5544 ab
2839 5507 2954 5546 uno
2986 5492 3297 5561 confectos,
3330 5490 3582 5544 dividere
3622 5502 3748 5539 an:—

2151 5566 2265 5623 lius
2298 5579 2755 5638 perseveremus.
2808 5561 2935 5638 vid.
3004 5564 3470 5638 'I‘eqrtull._‘0p_era
3524 5572 3745 5612 recens.

2110 5585 2265 5695 gnua
2298 5585 2755 5638 perseveremus.
2820 5585 2935 5617 nu.
3006 5585 3035 5615 ἰ
3050 5585 3243 5650 eripit.
3296 5585 3470 5633 opera

2153 5638 2355 5709 emler,
2389 5636 2566 5705 Halm,
2600 5635 2758 5705 4828,
2791 5638 2831 5689 t.
2865 5632 2933 5703 V,
2963 5650 3022 5705 p.
3067 5634 3315 5690 180-241.
3356 5633 3494 5687 Enn.
