  <div class='ocr_page' id='page_1' title='image "/cluster/home/n/w/nwhite01/storage/ocr_20150623/1/hvd.32044096580337/055.png"; bbox 0 0 4148 6188; ppageno 0'>
   <div class='ocr_carea' id='block_1_1' title="bbox 357 267 3772 361">
    <p class='ocr_par' dir='ltr' id='par_1_1' title="bbox 357 267 3772 361">
     <span class='ocr_line' id='line_1_1' title="bbox 357 267 3772 361; baseline -0.01 -2"><span class='ocrx_word' id='word_1_1' title='bbox 357 296 435 359; x_wconf 84' lang='grc'>95</span> <span class='ocrx_word' id='word_1_2' title='bbox 502 349 513 361; x_wconf 38' lang='grc' dir='ltr'>ι.</span> <span class='ocrx_word' id='word_1_3' title='bbox 1680 284 2211 350; x_wconf 76' lang='lat' dir='ltr'>TERTULLIANI</span> <span class='ocrx_word' id='word_1_4' title='bbox 2256 284 2466 347; x_wconf 81' lang='lat' dir='ltr'>VITA.</span> <span class='ocrx_word' id='word_1_5' title='bbox 3694 267 3772 324; x_wconf 85' lang='lat'>96</span> 
     </span>
    </p>
   </div>
   <div class='ocr_carea' id='block_1_2' title="bbox 363 400 3765 488">
    <p class='ocr_par' dir='ltr' id='par_1_2' title="bbox 363 400 3765 488">
     <span class='ocr_line' id='line_1_2' title="bbox 363 400 3765 488; baseline -0.01 -1"><span class='ocrx_word' id='word_1_6' title='bbox 363 448 511 488; x_wconf 63' lang='lat' dir='ltr'>exuo</span> <span class='ocrx_word' id='word_1_7' title='bbox 536 448 604 485; x_wconf 69' lang='lat'>151‘</span> <span class='ocrx_word' id='word_1_8' title='bbox 625 447 687 485; x_wconf 84' lang='lat' dir='ltr'>M.</span> <span class='ocrx_word' id='word_1_9' title='bbox 721 446 896 485; x_wconf 72' lang='lat' dir='ltr'>MARIO</span> <span class='ocrx_word' id='word_1_10' title='bbox 928 446 992 484; x_wconf 76' lang='grc' dir='ltr'><strong>Μ.</strong></span> <span class='ocrx_word' id='word_1_11' title='bbox 1027 446 1077 484; x_wconf 69' lang='grc' dir='ltr'>Ρ.</span> <span class='ocrx_word' id='word_1_12' title='bbox 1112 445 1316 485; x_wconf 77' lang='lat' dir='ltr'>cusmo</span> <span class='ocrx_word' id='word_1_13' title='bbox 1334 443 1547 483; x_wconf 70' lang='lat' dir='ltr'>numne</span> <span class='ocrx_word' id='word_1_14' title='bbox 1564 443 1717 483; x_wconf 84' lang='lat' dir='ltr'>coss.</span> <span class='ocrx_word' id='word_1_15' title='bbox 1738 430 1791 479; x_wconf 89' lang='lat' dir='ltr'>S.</span> <span class='ocrx_word' id='word_1_16' title='bbox 1815 424 2008 479; x_wconf 86' lang='lat' dir='ltr'>Victo-</span> <span class='ocrx_word' id='word_1_17' title='bbox 2043 422 2095 487; x_wconf 84' lang='grc' dir='ltr'>Α</span> <span class='ocrx_word' id='word_1_18' title='bbox 2126 424 2224 475; x_wconf 86' lang='lat' dir='ltr'>tur</span> <span class='ocrx_word' id='word_1_19' title='bbox 2255 418 2392 475; x_wconf 90' lang='lat' dir='ltr'>anni</span> <span class='ocrx_word' id='word_1_20' title='bbox 2424 416 2541 483; x_wconf 86' lang='lat' dir='ltr'>XII,</span> <span class='ocrx_word' id='word_1_21' title='bbox 2598 410 2819 470; x_wconf 82' lang='lat' dir='ltr'>mensis</span> <span class='ocrx_word' id='word_1_22' title='bbox 2850 409 2902 480; x_wconf 71' lang='grc' dir='ltr'>Ι,</span> <span class='ocrx_word' id='word_1_23' title='bbox 2942 408 3068 464; x_wconf 87' lang='lat' dir='ltr'>dies</span> <span class='ocrx_word' id='word_1_24' title='bbox 3098 407 3187 461; x_wconf 86' lang='lat'>28.</span> <span class='ocrx_word' id='word_1_25' title='bbox 3237 405 3291 460; x_wconf 85' lang='lat' dir='ltr'>Is</span> <span class='ocrx_word' id='word_1_26' title='bbox 3335 402 3492 457; x_wconf 86' lang='lat' dir='ltr'>dicta</span> <span class='ocrx_word' id='word_1_27' title='bbox 3518 401 3554 454; x_wconf 87' lang='lat'><strong><em>2</em></strong></span> <span class='ocrx_word' id='word_1_28' title='bbox 3585 400 3765 473; x_wconf 84' lang='lat' dir='ltr'>Epist.</span> 
     </span>
    </p>
   </div>
   <div class='ocr_carea' id='block_1_3' title="bbox 358 518 2011 588">
    <p class='ocr_par' dir='ltr' id='par_1_3' title="bbox 358 518 2011 588">
     <span class='ocr_line' id='line_1_3' title="bbox 358 518 2011 588; baseline -0.005 -13"><span class='ocrx_word' id='word_1_29' title='bbox 358 525 445 575; x_wconf 86' lang='lat' dir='ltr'>ris</span> <span class='ocrx_word' id='word_1_30' title='bbox 480 521 641 574; x_wconf 82' lang='lat' dir='ltr'>Rom.</span> <span class='ocrx_word' id='word_1_31' title='bbox 680 519 887 573; x_wconf 82' lang='lat' dir='ltr'>Pontif.</span> <span class='ocrx_word' id='word_1_32' title='bbox 923 536 1075 575; x_wconf 90' lang='lat' dir='ltr'>anno</span> <span class='ocrx_word' id='word_1_33' title='bbox 1102 536 1202 583; x_wconf 85' lang='lat' dir='ltr'>x11,</span> <span class='ocrx_word' id='word_1_34' title='bbox 1236 518 1426 573; x_wconf 90' lang='lat' dir='ltr'>Severi</span> <span class='ocrx_word' id='word_1_35' title='bbox 1456 518 1601 588; x_wconf 95' lang='lat' dir='ltr'>Imp.</span> <span class='ocrx_word' id='word_1_36' title='bbox 1645 534 1700 587; x_wconf 88' lang='lat' dir='ltr'>v,</span> <span class='ocrx_word' id='word_1_37' title='bbox 1750 520 2011 569; x_wconf 82' lang='lat' dir='ltr'>TERTUL-</span> 
     </span>
    </p>
   </div>
   <div class='ocr_carea' id='block_1_4' title="bbox 364 603 2011 675">
    <p class='ocr_par' dir='ltr' id='par_1_4' title="bbox 364 603 2011 675">
     <span class='ocr_line' id='line_1_4' title="bbox 364 603 2011 675; baseline -0.005 -12"><span class='ocrx_word' id='word_1_38' title='bbox 364 626 580 663; x_wconf 74' lang='lat' dir='ltr'>LIANUM</span> <span class='ocrx_word' id='word_1_39' title='bbox 607 607 926 663; x_wconf 79' lang='lat' dir='ltr'>verisimile</span> <span class='ocrx_word' id='word_1_40' title='bbox 954 613 1044 663; x_wconf 85' lang='lat' dir='ltr'>est</span> <span class='ocrx_word' id='word_1_41' title='bbox 1102 608 1398 663; x_wconf 68' lang='lat' dir='ltr'>memoria:</span> <span class='ocrx_word' id='word_1_42' title='bbox 1441 607 1772 662; x_wconf 71' lang='lat' dir='ltr'>exercenda:</span> <span class='ocrx_word' id='word_1_43' title='bbox 1824 603 2011 675; x_wconf 88' lang='lat' dir='ltr'>gratia</span> 
     </span>
    </p>
   </div>
   <div class='ocr_carea' id='block_1_5' title="bbox 365 695 2011 768">
    <p class='ocr_par' dir='ltr' id='par_1_5' title="bbox 365 695 2011 768">
     <span class='ocr_line' id='line_1_5' title="bbox 365 695 2011 768; baseline -0.005 -15"><span class='ocrx_word' id='word_1_44' title='bbox 365 698 782 768; x_wconf 78' lang='lat' dir='ltr'>conscripsisse</span> <span class='ocrx_word' id='word_1_45' title='bbox 805 697 1060 752; x_wconf 79' lang='lat' dir='ltr'>carmine</span> <span class='ocrx_word' id='word_1_46' title='bbox 1080 714 1409 752; x_wconf 65' lang='lat' dir='ltr'>esassms&#39;r</span> <span class='ocrx_word' id='word_1_47' title='bbox 1430 713 1720 761; x_wconf 55' lang='lat' dir='ltr'>sonorum,</span> <span class='ocrx_word' id='word_1_48' title='bbox 1746 695 1862 749; x_wconf 92' lang='lat' dir='ltr'>imo</span> <span class='ocrx_word' id='word_1_49' title='bbox 1883 708 2011 746; x_wconf 90' lang='lat' dir='ltr'>mea</span> 
     </span>
    </p>
   </div>
   <div class='ocr_carea' id='block_1_6' title="bbox 366 780 2009 858">
    <p class='ocr_par' dir='ltr' id='par_1_6' title="bbox 366 780 2009 858">
     <span class='ocr_line' id='line_1_6' title="bbox 366 780 2009 858; baseline -0.004 -18"><span class='ocrx_word' id='word_1_50' title='bbox 366 785 654 841; x_wconf 76' lang='lat' dir='ltr'>sententia</span> <span class='ocrx_word' id='word_1_51' title='bbox 698 786 987 858; x_wconf 79' lang='lat' dir='ltr'>integram</span> <span class='ocrx_word' id='word_1_52' title='bbox 1048 803 1345 840; x_wconf 79' lang='lat' dir='ltr'>sacrorum</span> <span class='ocrx_word' id='word_1_53' title='bbox 1405 783 1724 840; x_wconf 90' lang='lat' dir='ltr'>Bibliorum</span> <span class='ocrx_word' id='word_1_54' title='bbox 1786 780 2009 835; x_wconf 86' lang='lat' dir='ltr'>Veteris</span> 
     </span>
    </p>
   </div>
   <div class='ocr_carea' id='block_1_7' title="bbox 366 869 2007 946">
    <p class='ocr_par' dir='ltr' id='par_1_7' title="bbox 366 869 2007 946">
     <span class='ocr_line' id='line_1_7' title="bbox 366 869 2007 946; baseline -0.004 -17"><span class='ocrx_word' id='word_1_55' title='bbox 366 876 722 931; x_wconf 84' lang='lat' dir='ltr'>Testamenti</span> <span class='ocrx_word' id='word_1_56' title='bbox 758 876 1059 929; x_wconf 89' lang='lat' dir='ltr'>historiam</span> <span class='ocrx_word' id='word_1_57' title='bbox 1088 894 1100 942; x_wconf 88' lang='lat'>;</span> <span class='ocrx_word' id='word_1_58' title='bbox 1135 879 1198 929; x_wconf 91' lang='lat' dir='ltr'>ut</span> <span class='ocrx_word' id='word_1_59' title='bbox 1230 881 1359 946; x_wconf 88' lang='lat' dir='ltr'>pote</span> <span class='ocrx_word' id='word_1_60' title='bbox 1389 891 1520 929; x_wconf 91' lang='lat' dir='ltr'>cum</span> <span class='ocrx_word' id='word_1_61' title='bbox 1565 879 1621 928; x_wconf 87' lang='lat' dir='ltr'>et</span> <span class='ocrx_word' id='word_1_62' title='bbox 1666 873 1827 944; x_wconf 91' lang='lat' dir='ltr'>prius</span> <span class='ocrx_word' id='word_1_63' title='bbox 1876 869 2007 924; x_wconf 90' lang='lat' dir='ltr'>illo-</span> 
     </span>
    </p>
   </div>
   <div class='ocr_carea' id='block_1_8' title="bbox 369 958 2011 1034">
    <p class='ocr_par' dir='ltr' id='par_1_8' title="bbox 369 958 2011 1034">
     <span class='ocr_line' id='line_1_8' title="bbox 369 958 2011 1034; baseline -0.004 -16"><span class='ocrx_word' id='word_1_64' title='bbox 369 980 495 1018; x_wconf 86' lang='lat' dir='ltr'>rum</span> <span class='ocrx_word' id='word_1_65' title='bbox 518 962 789 1018; x_wconf 87' lang='lat' dir='ltr'>mutilum</span> <span class='ocrx_word' id='word_1_66' title='bbox 814 962 909 1029; x_wconf 86' lang='lat' dir='ltr'>sit,</span> <span class='ocrx_word' id='word_1_67' title='bbox 934 967 989 1017; x_wconf 87' lang='lat' dir='ltr'>et</span> <span class='ocrx_word' id='word_1_68' title='bbox 1011 980 1077 1017; x_wconf 89' lang='lat' dir='ltr'>ex</span> <span class='ocrx_word' id='word_1_69' title='bbox 1102 962 1266 1017; x_wconf 89' lang='lat' dir='ltr'>initio</span> <span class='ocrx_word' id='word_1_70' title='bbox 1293 960 1631 1034; x_wconf 76' lang='lat' dir='ltr'>posterioris</span> <span class='ocrx_word' id='word_1_71' title='bbox 1655 960 1801 1015; x_wconf 89' lang='lat' dir='ltr'>satis</span> <span class='ocrx_word' id='word_1_72' title='bbox 1823 958 2011 1012; x_wconf 88' lang='lat' dir='ltr'>videa-</span> 
     </span>
    </p>
   </div>
   <div class='ocr_carea' id='block_1_9' title="bbox 367 1049 2011 1122">
    <p class='ocr_par' dir='ltr' id='par_1_9' title="bbox 367 1049 2011 1122">
     <span class='ocr_line' id='line_1_9' title="bbox 367 1049 2011 1122; baseline -0.004 -15"><span class='ocrx_word' id='word_1_73' title='bbox 367 1058 463 1107; x_wconf 92' lang='lat' dir='ltr'>tur</span> <span class='ocrx_word' id='word_1_74' title='bbox 492 1054 671 1107; x_wconf 90' lang='lat' dir='ltr'>etiam</span> <span class='ocrx_word' id='word_1_75' title='bbox 704 1051 1090 1122; x_wconf 86' lang='lat' dir='ltr'>descripsisse</span> <span class='ocrx_word' id='word_1_76' title='bbox 1149 1052 1308 1107; x_wconf 89' lang='lat' dir='ltr'>orbis</span> <span class='ocrx_word' id='word_1_77' title='bbox 1373 1050 1626 1106; x_wconf 87' lang='lat' dir='ltr'>universi</span> <span class='ocrx_word' id='word_1_78' title='bbox 1684 1049 2011 1113; x_wconf 85' lang='lat' dir='ltr'>diluvium;</span> 
     </span>
    </p>
   </div>
   <div class='ocr_carea' id='block_1_10' title="bbox 372 1149 2017 1222">
    <p class='ocr_par' dir='ltr' id='par_1_10' title="bbox 372 1149 2017 1222">
     <span class='ocr_line' id='line_1_10' title="bbox 372 1149 2017 1222; baseline -0.004 -17"><span class='ocrx_word' id='word_1_79' title='bbox 372 1158 544 1222; x_wconf 86' lang='lat' dir='ltr'>atque</span> <span class='ocrx_word' id='word_1_80' title='bbox 576 1152 719 1206; x_wconf 89' lang='lat' dir='ltr'>adeo</span> <span class='ocrx_word' id='word_1_81' title='bbox 751 1151 926 1205; x_wconf 89' lang='lat' dir='ltr'>etiam</span> <span class='ocrx_word' id='word_1_82' title='bbox 978 1166 1214 1205; x_wconf 90' lang='lat' dir='ltr'>earmen</span> <span class='ocrx_word' id='word_1_83' title='bbox 1264 1149 1408 1203; x_wconf 81' lang='lat' dir='ltr'>illud</span> <span class='ocrx_word' id='word_1_84' title='bbox 1457 1167 1529 1204; x_wconf 80' lang='lat' dir='ltr'>AD</span> <span class='ocrx_word' id='word_1_85' title='bbox 1571 1164 1909 1203; x_wconf 79' lang='lat' dir='ltr'>SENATOREM</span> <span class='ocrx_word' id='word_1_86' title='bbox 1949 1163 2017 1199; x_wconf 73' lang='lat' dir='ltr'>ex</span> 
     </span>
    </p>
   </div>
   <div class='ocr_carea' id='block_1_11' title="bbox 371 1251 2014 1299">
    <p class='ocr_par' dir='ltr' id='par_1_11' title="bbox 371 1251 2014 1299">
     <span class='ocr_line' id='line_1_11' title="bbox 371 1251 2014 1299; baseline -0.004 -4"><span class='ocrx_word' id='word_1_87' title='bbox 371 1257 705 1295; x_wconf 75' lang='lat' dir='ltr'>CHRISTIANA</span> <span class='ocrx_word' id='word_1_88' title='bbox 737 1257 863 1295; x_wconf 81' lang='lat' dir='ltr'>FIDE</span> <span class='ocrx_word' id='word_1_89' title='bbox 892 1256 958 1295; x_wconf 77' lang='lat' dir='ltr'>AD</span> <span class='ocrx_word' id='word_1_90' title='bbox 982 1256 1277 1295; x_wconf 75' lang='lat' dir='ltr'>IDOLORUM</span> <span class='ocrx_word' id='word_1_91' title='bbox 1304 1255 1657 1294; x_wconf 80' lang='lat' dir='ltr'>SERVITUTEM</span> <span class='ocrx_word' id='word_1_92' title='bbox 1686 1251 2014 1299; x_wconf 78' lang='lat' dir='ltr'>REVEBSUM,</span> 
     </span>
    </p>
   </div>
   <div class='ocr_carea' id='block_1_12' title="bbox 371 1328 2017 1400">
    <p class='ocr_par' dir='ltr' id='par_1_12' title="bbox 371 1328 2017 1400">
     <span class='ocr_line' id='line_1_12' title="bbox 371 1328 2017 1400; baseline -0.005 -16"><span class='ocrx_word' id='word_1_93' title='bbox 371 1335 426 1384; x_wconf 90' lang='lat' dir='ltr'>et</span> <span class='ocrx_word' id='word_1_94' title='bbox 456 1329 637 1384; x_wconf 89' lang='lat' dir='ltr'>libros</span> <span class='ocrx_word' id='word_1_95' title='bbox 669 1330 928 1400; x_wconf 88' lang='lat' dir='ltr'>quinque</span> <span class='ocrx_word' id='word_1_96' title='bbox 948 1346 1152 1395; x_wconf 59' lang='lat' dir='ltr'>seven,</span> <span class='ocrx_word' id='word_1_97' title='bbox 1179 1346 1350 1383; x_wconf 80' lang='lat' dir='ltr'>MARC.</span> <span class='ocrx_word' id='word_1_98' title='bbox 1376 1328 1655 1391; x_wconf 80' lang='lat' dir='ltr'>carmine,</span> <span class='ocrx_word' id='word_1_99' title='bbox 1680 1344 1747 1382; x_wconf 90' lang='lat' dir='ltr'>ac</span> <span class='ocrx_word' id='word_1_100' title='bbox 1770 1343 1840 1380; x_wconf 86' lang='lat' dir='ltr'>DE</span> <span class='ocrx_word' id='word_1_101' title='bbox 1854 1340 2017 1379; x_wconf 77' lang='lat' dir='ltr'>sum-</span> 
     </span>
    </p>
   </div>
   <div class='ocr_carea' id='block_1_13' title="bbox 375 1415 2018 1473">
    <p class='ocr_par' dir='ltr' id='par_1_13' title="bbox 375 1415 2018 1473">
     <span class='ocr_line' id='line_1_13' title="bbox 375 1415 2018 1473; baseline -0.003 -1"><span class='ocrx_word' id='word_1_102' title='bbox 375 1435 460 1472; x_wconf 88' lang='lat' dir='ltr'>c1o</span> <span class='ocrx_word' id='word_1_103' title='bbox 496 1436 698 1473; x_wconf 84' lang='lat' dir='ltr'>DOMINI</span> <span class='ocrx_word' id='word_1_104' title='bbox 748 1418 982 1473; x_wconf 88' lang='lat' dir='ltr'>librum.</span> <span class='ocrx_word' id='word_1_105' title='bbox 1020 1418 1136 1473; x_wconf 91' lang='lat' dir='ltr'>Hoc</span> <span class='ocrx_word' id='word_1_106' title='bbox 1164 1436 1296 1473; x_wconf 90' lang='lat' dir='ltr'>vero</span> <span class='ocrx_word' id='word_1_107' title='bbox 1329 1434 1480 1473; x_wconf 90' lang='lat' dir='ltr'>anno</span> <span class='ocrx_word' id='word_1_108' title='bbox 1512 1417 1584 1471; x_wconf 88' lang='lat' dir='ltr'>ad</span> <span class='ocrx_word' id='word_1_109' title='bbox 1617 1434 1673 1471; x_wconf 86' lang='lat' dir='ltr'>x1</span> <span class='ocrx_word' id='word_1_110' title='bbox 1706 1415 1831 1470; x_wconf 86' lang='lat' dir='ltr'>Kal.</span> <span class='ocrx_word' id='word_1_111' title='bbox 1867 1415 2018 1469; x_wconf 90' lang='lat' dir='ltr'>Mar-</span> 
     </span>
    </p>
   </div>
   <div class='ocr_carea' id='block_1_14' title="bbox 373 1503 2016 1577">
    <p class='ocr_par' dir='ltr' id='par_1_14' title="bbox 373 1503 2016 1577">
     <span class='ocr_line' id='line_1_14' title="bbox 373 1503 2016 1577; baseline -0.003 -16"><span class='ocrx_word' id='word_1_112' title='bbox 373 1507 486 1561; x_wconf 87' lang='lat' dir='ltr'>tias</span> <span class='ocrx_word' id='word_1_113' title='bbox 522 1508 664 1577; x_wconf 89' lang='lat' dir='ltr'>Imp.</span> <span class='ocrx_word' id='word_1_114' title='bbox 700 1507 842 1562; x_wconf 59' lang='lat' dir='ltr'>Caes.</span> <span class='ocrx_word' id='word_1_115' title='bbox 875 1508 940 1561; x_wconf 90' lang='lat' dir='ltr'>D.</span> <span class='ocrx_word' id='word_1_116' title='bbox 974 1506 1254 1563; x_wconf 90' lang='lat' dir='ltr'>Claudius</span> <span class='ocrx_word' id='word_1_117' title='bbox 1282 1506 1580 1577; x_wconf 86' lang='lat' dir='ltr'>Septimus</span> <span class='ocrx_word' id='word_1_118' title='bbox 1609 1503 1855 1559; x_wconf 84' lang='lat' dir='ltr'>Albinus</span> <span class='ocrx_word' id='word_1_119' title='bbox 1906 1504 2016 1557; x_wconf 86' lang='lat' dir='ltr'>Au-</span> 
     </span>
    </p>
   </div>
   <div class='ocr_carea' id='block_1_15' title="bbox 376 1593 2022 1667">
    <p class='ocr_par' dir='ltr' id='par_1_15' title="bbox 376 1593 2022 1667">
     <span class='ocr_line' id='line_1_15' title="bbox 376 1593 2022 1667; baseline -0.002 -17"><span class='ocrx_word' id='word_1_120' title='bbox 376 1601 585 1666; x_wconf 83' lang='lat' dir='ltr'>gustus</span> <span class='ocrx_word' id='word_1_121' title='bbox 619 1595 811 1667; x_wconf 60' lang='lat' dir='ltr'>pralio</span> <span class='ocrx_word' id='word_1_122' title='bbox 843 1598 914 1650; x_wconf 89' lang='lat' dir='ltr'>ab</span> <span class='ocrx_word' id='word_1_123' title='bbox 938 1596 1084 1667; x_wconf 89' lang='lat' dir='ltr'>Imp.</span> <span class='ocrx_word' id='word_1_124' title='bbox 1120 1596 1331 1650; x_wconf 89' lang='lat' dir='ltr'>Severo</span> <span class='ocrx_word' id='word_1_125' title='bbox 1364 1594 1551 1649; x_wconf 87' lang='lat' dir='ltr'>victus</span> <span class='ocrx_word' id='word_1_126' title='bbox 1583 1598 1639 1647; x_wconf 90' lang='lat' dir='ltr'>et</span> <span class='ocrx_word' id='word_1_127' title='bbox 1662 1593 1891 1648; x_wconf 88' lang='lat' dir='ltr'>occisus</span> <span class='ocrx_word' id='word_1_128' title='bbox 1912 1596 2022 1659; x_wconf 85' lang='lat' dir='ltr'>est,</span> 
     </span>
    </p>
   </div>
   <div class='ocr_carea' id='block_1_16' title="bbox 376 1682 2026 1756">
    <p class='ocr_par' dir='ltr' id='par_1_16' title="bbox 376 1682 2026 1756">
     <span class='ocr_line' id='line_1_16' title="bbox 376 1682 2026 1756; baseline -0.003 -17"><span class='ocrx_word' id='word_1_129' title='bbox 376 1685 553 1756; x_wconf 89' lang='lat' dir='ltr'>idque</span> <span class='ocrx_word' id='word_1_130' title='bbox 585 1686 738 1756; x_wconf 88' lang='lat' dir='ltr'>apud</span> <span class='ocrx_word' id='word_1_131' title='bbox 774 1686 1168 1756; x_wconf 85' lang='lat' dir='ltr'>Lugdunum;</span> <span class='ocrx_word' id='word_1_132' title='bbox 1230 1702 1353 1756; x_wconf 78' lang='lat' dir='ltr'>quae</span> <span class='ocrx_word' id='word_1_133' title='bbox 1414 1684 1566 1754; x_wconf 94' lang='lat' dir='ltr'>quod</span> <span class='ocrx_word' id='word_1_134' title='bbox 1628 1682 1795 1736; x_wconf 89' lang='lat' dir='ltr'>illum</span> <span class='ocrx_word' id='word_1_135' title='bbox 1855 1685 2026 1736; x_wconf 87' lang='lat' dir='ltr'>antea</span> 
     </span>
    </p>
   </div>
   <div class='ocr_carea' id='block_1_17' title="bbox 380 1770 2027 1845">
    <p class='ocr_par' dir='ltr' id='par_1_17' title="bbox 380 1770 2027 1845">
     <span class='ocr_line' id='line_1_17' title="bbox 380 1770 2027 1845; baseline -0.002 -18"><span class='ocrx_word' id='word_1_136' title='bbox 380 1777 696 1845; x_wconf 85' lang='lat' dir='ltr'>recepisset</span> <span class='ocrx_word' id='word_1_137' title='bbox 727 1775 1073 1841; x_wconf 87' lang='lat' dir='ltr'>(Herodiano</span> <span class='ocrx_word' id='word_1_138' title='bbox 1106 1774 1274 1845; x_wconf 84' lang='lat' dir='ltr'>teste)</span> <span class='ocrx_word' id='word_1_139' title='bbox 1306 1778 1361 1829; x_wconf 92' lang='lat' dir='ltr'>et</span> <span class='ocrx_word' id='word_1_140' title='bbox 1399 1772 1626 1844; x_wconf 90' lang='lat' dir='ltr'>direpta</span> <span class='ocrx_word' id='word_1_141' title='bbox 1683 1777 1740 1826; x_wconf 88' lang='lat' dir='ltr'>et</span> <span class='ocrx_word' id='word_1_142' title='bbox 1786 1770 2027 1825; x_wconf 90' lang='lat' dir='ltr'>incensa</span> 
     </span>
    </p>
   </div>
   <div class='ocr_carea' id='block_1_18' title="bbox 378 1859 2023 1935">
    <p class='ocr_par' dir='ltr' id='par_1_18' title="bbox 378 1859 2023 1935">
     <span class='ocr_line' id='line_1_18' title="bbox 378 1859 2023 1935; baseline -0.005 -16"><span class='ocrx_word' id='word_1_143' title='bbox 378 1864 596 1931; x_wconf 88' lang='lat' dir='ltr'>est;in</span> <span class='ocrx_word' id='word_1_144' title='bbox 625 1880 741 1934; x_wconf 88' lang='lat' dir='ltr'>qua</span> <span class='ocrx_word' id='word_1_145' title='bbox 798 1864 1187 1935; x_wconf 83' lang='lat' dir='ltr'>expeditione,</span> <span class='ocrx_word' id='word_1_146' title='bbox 1247 1863 1331 1917; x_wconf 88' lang='lat' dir='ltr'>uti</span> <span class='ocrx_word' id='word_1_147' title='bbox 1391 1879 1460 1917; x_wconf 85' lang='lat' dir='ltr'>ex</span> <span class='ocrx_word' id='word_1_148' title='bbox 1517 1860 1690 1916; x_wconf 86' lang='lat' dir='ltr'>variis</span> <span class='ocrx_word' id='word_1_149' title='bbox 1751 1859 2023 1930; x_wconf 89' lang='lat' dir='ltr'>Inscript.</span> 
     </span>
    </p>
   </div>
   <div class='ocr_carea' id='block_1_19' title="bbox 379 1957 2030 2031">
    <p class='ocr_par' dir='ltr' id='par_1_19' title="bbox 379 1957 2030 2031">
     <span class='ocr_line' id='line_1_19' title="bbox 379 1957 2030 2031; baseline -0.003 -16"><span class='ocrx_word' id='word_1_150' title='bbox 379 1964 632 2015; x_wconf 86' lang='lat' dir='ltr'>constat.</span> <span class='ocrx_word' id='word_1_151' title='bbox 662 1960 807 2031; x_wconf 89' lang='lat' dir='ltr'>Imp.</span> <span class='ocrx_word' id='word_1_152' title='bbox 833 1977 955 2027; x_wconf 83' lang='lat' dir='ltr'>V111,</span> <span class='ocrx_word' id='word_1_153' title='bbox 981 1976 1039 2014; x_wconf 83' lang='lat' dir='ltr'>1x</span> <span class='ocrx_word' id='word_1_154' title='bbox 1070 1965 1125 2014; x_wconf 91' lang='lat' dir='ltr'>et</span> <span class='ocrx_word' id='word_1_155' title='bbox 1164 1977 1199 2014; x_wconf 89' lang='lat' dir='ltr'>x</span> <span class='ocrx_word' id='word_1_156' title='bbox 1239 1958 1565 2031; x_wconf 87' lang='lat' dir='ltr'>appellatus</span> <span class='ocrx_word' id='word_1_157' title='bbox 1587 1962 1693 2013; x_wconf 89' lang='lat' dir='ltr'>est.</span> <span class='ocrx_word' id='word_1_158' title='bbox 1727 1960 1848 2022; x_wconf 88' lang='lat' dir='ltr'>Quo</span> <span class='ocrx_word' id='word_1_159' title='bbox 1872 1957 2030 2027; x_wconf 89' lang='lat' dir='ltr'>jam-</span> 
     </span>
    </p>
   </div>
   <div class='ocr_carea' id='block_1_20' title="bbox 374 2046 2029 2119">
    <p class='ocr_par' dir='ltr' id='par_1_20' title="bbox 374 2046 2029 2119">
     <span class='ocr_line' id='line_1_20' title="bbox 374 2046 2029 2119; baseline -0.001 -17"><span class='ocrx_word' id='word_1_160' title='bbox 374 2050 494 2118; x_wconf 89' lang='lat' dir='ltr'>jam</span> <span class='ocrx_word' id='word_1_161' title='bbox 520 2052 873 2119; x_wconf 85' lang='lat' dir='ltr'>expugnato,</span> <span class='ocrx_word' id='word_1_162' title='bbox 901 2065 1105 2103; x_wconf 88' lang='lat' dir='ltr'>omnes</span> <span class='ocrx_word' id='word_1_163' title='bbox 1132 2048 1427 2119; x_wconf 87' lang='lat' dir='ltr'>imprimis</span> <span class='ocrx_word' id='word_1_164' title='bbox 1449 2047 1793 2110; x_wconf 75' lang='lat' dir='ltr'>Galliarum,</span> <span class='ocrx_word' id='word_1_165' title='bbox 1824 2046 2029 2117; x_wconf 84' lang='lat' dir='ltr'>Hispa-</span> 
     </span>
    </p>
   </div>
   <div class='ocr_carea' id='block_1_21' title="bbox 380 2136 2028 2209">
    <p class='ocr_par' dir='ltr' id='par_1_21' title="bbox 380 2136 2028 2209">
     <span class='ocr_line' id='line_1_21' title="bbox 380 2136 2028 2209; baseline -0.002 -17"><span class='ocrx_word' id='word_1_166' title='bbox 380 2138 634 2206; x_wconf 90' lang='lat' dir='ltr'>niarum,</span> <span class='ocrx_word' id='word_1_167' title='bbox 669 2137 1098 2209; x_wconf 77' lang='lat' dir='ltr'>Britanniasque</span> <span class='ocrx_word' id='word_1_168' title='bbox 1121 2154 1389 2209; x_wconf 87' lang='lat' dir='ltr'>proceres</span> <span class='ocrx_word' id='word_1_169' title='bbox 1412 2138 1509 2208; x_wconf 90' lang='lat' dir='ltr'>qui</span> <span class='ocrx_word' id='word_1_170' title='bbox 1532 2136 1698 2191; x_wconf 90' lang='lat' dir='ltr'>illum</span> <span class='ocrx_word' id='word_1_171' title='bbox 1731 2138 2028 2206; x_wconf 82' lang='lat' dir='ltr'>juvcrant,</span> 
     </span>
    </p>
   </div>
   <div class='ocr_carea' id='block_1_22' title="bbox 380 2226 2028 2296">
    <p class='ocr_par' dir='ltr' id='par_1_22' title="bbox 380 2226 2028 2296">
     <span class='ocr_line' id='line_1_22' title="bbox 380 2226 2028 2296; baseline -0.001 -15"><span class='ocrx_word' id='word_1_172' title='bbox 380 2228 589 2281; x_wconf 89' lang='lat' dir='ltr'>deinde</span> <span class='ocrx_word' id='word_1_173' title='bbox 623 2227 865 2282; x_wconf 81' lang='lat' dir='ltr'>Romam</span> <span class='ocrx_word' id='word_1_174' title='bbox 898 2243 1164 2281; x_wconf 89' lang='lat' dir='ltr'>reversus</span> <span class='ocrx_word' id='word_1_175' title='bbox 1197 2226 1418 2281; x_wconf 80' lang='lat' dir='ltr'>amicos</span> <span class='ocrx_word' id='word_1_176' title='bbox 1452 2227 1579 2296; x_wconf 90' lang='lat' dir='ltr'>ejus</span> <span class='ocrx_word' id='word_1_177' title='bbox 1604 2226 1863 2296; x_wconf 89' lang='lat' dir='ltr'>undique</span> <span class='ocrx_word' id='word_1_178' title='bbox 1888 2241 2028 2279; x_wconf 90' lang='lat' dir='ltr'>con-</span> 
     </span>
    </p>
   </div>
   <div class='ocr_carea' id='block_1_23' title="bbox 382 2315 2033 2386">
    <p class='ocr_par' dir='ltr' id='par_1_23' title="bbox 382 2315 2033 2386">
     <span class='ocr_line' id='line_1_23' title="bbox 382 2315 2033 2386; baseline -0.002 -15"><span class='ocrx_word' id='word_1_179' title='bbox 382 2316 654 2386; x_wconf 88' lang='lat' dir='ltr'>quisitos,</span> <span class='ocrx_word' id='word_1_180' title='bbox 688 2321 745 2372; x_wconf 88' lang='lat' dir='ltr'>et</span> <span class='ocrx_word' id='word_1_181' title='bbox 776 2316 925 2371; x_wconf 90' lang='lat' dir='ltr'>inter</span> <span class='ocrx_word' id='word_1_182' title='bbox 953 2332 1052 2371; x_wconf 92' lang='lat' dir='ltr'>eos</span> <span class='ocrx_word' id='word_1_183' title='bbox 1078 2317 1387 2371; x_wconf 81' lang='lat' dir='ltr'>Senatores</span> <span class='ocrx_word' id='word_1_184' title='bbox 1440 2315 1507 2368; x_wconf 83' lang='grc'>40</span> <span class='ocrx_word' id='word_1_185' title='bbox 1554 2320 1797 2369; x_wconf 87' lang='lat' dir='ltr'>Severus</span> <span class='ocrx_word' id='word_1_186' title='bbox 1850 2315 2033 2368; x_wconf 86' lang='lat' dir='ltr'>inter-</span> 
     </span>
    </p>
   </div>
   <div class='ocr_carea' id='block_1_24' title="bbox 382 2404 2031 2476">
    <p class='ocr_par' dir='ltr' id='par_1_24' title="bbox 382 2404 2031 2476">
     <span class='ocr_line' id='line_1_24' title="bbox 382 2404 2031 2476; baseline -0.001 -16"><span class='ocrx_word' id='word_1_187' title='bbox 382 2406 474 2460; x_wconf 89' lang='lat' dir='ltr'>ﬁci</span> <span class='ocrx_word' id='word_1_188' title='bbox 501 2406 706 2476; x_wconf 79' lang='lat' dir='ltr'>jussit,</span> <span class='ocrx_word' id='word_1_189' title='bbox 740 2410 861 2460; x_wconf 88' lang='lat' dir='ltr'>tum</span> <span class='ocrx_word' id='word_1_190' title='bbox 895 2411 952 2460; x_wconf 90' lang='lat' dir='ltr'>et</span> <span class='ocrx_word' id='word_1_191' title='bbox 991 2422 1091 2461; x_wconf 91' lang='lat' dir='ltr'>eos</span> <span class='ocrx_word' id='word_1_192' title='bbox 1150 2421 1354 2459; x_wconf 86' lang='lat' dir='ltr'>omnes</span> <span class='ocrx_word' id='word_1_193' title='bbox 1403 2404 1504 2475; x_wconf 88' lang='lat' dir='ltr'>qui</span> <span class='ocrx_word' id='word_1_194' title='bbox 1552 2404 1611 2458; x_wconf 91' lang='lat' dir='ltr'>in</span> <span class='ocrx_word' id='word_1_195' title='bbox 1674 2405 2031 2459; x_wconf 84' lang='lat' dir='ltr'>Pertinacem</span> 
     </span>
    </p>
   </div>
   <div class='ocr_carea' id='block_1_25' title="bbox 384 2492 2031 2565">
    <p class='ocr_par' dir='ltr' id='par_1_25' title="bbox 384 2492 2031 2565">
     <span class='ocr_line' id='line_1_25' title="bbox 384 2492 2031 2565; baseline -0.001 -16"><span class='ocrx_word' id='word_1_196' title='bbox 384 2495 896 2564; x_wconf 87' lang='lat' dir='ltr'>conspiraverant:</span> <span class='ocrx_word' id='word_1_197' title='bbox 932 2511 1077 2565; x_wconf 89' lang='lat' dir='ltr'>quos</span> <span class='ocrx_word' id='word_1_198' title='bbox 1109 2494 1251 2549; x_wconf 83' lang='lat' dir='ltr'>adeo</span> <span class='ocrx_word' id='word_1_199' title='bbox 1297 2496 1513 2548; x_wconf 88' lang='lat' dir='ltr'>Auctor</span> <span class='ocrx_word' id='word_1_200' title='bbox 1552 2492 1884 2547; x_wconf 88' lang='lat' dir='ltr'>Albinianos</span> <span class='ocrx_word' id='word_1_201' title='bbox 1930 2509 2031 2564; x_wconf 88' lang='lat' dir='ltr'>ap-</span> 
     </span>
    </p>
   </div>
   <div class='ocr_carea' id='block_1_26' title="bbox 388 2581 2035 2655">
    <p class='ocr_par' dir='ltr' id='par_1_26' title="bbox 388 2581 2035 2655">
     <span class='ocr_line' id='line_1_26' title="bbox 388 2581 2035 2655; baseline -0.001 -18"><span class='ocrx_word' id='word_1_202' title='bbox 388 2584 567 2655; x_wconf 77' lang='lat' dir='ltr'>pellat</span> <span class='ocrx_word' id='word_1_203' title='bbox 595 2584 787 2639; x_wconf 89' lang='lat' dir='ltr'>verbis</span> <span class='ocrx_word' id='word_1_204' title='bbox 816 2600 995 2655; x_wconf 87' lang='lat' dir='ltr'>supra</span> <span class='ocrx_word' id='word_1_205' title='bbox 1019 2582 1232 2638; x_wconf 84' lang='lat' dir='ltr'>citatis.</span> <span class='ocrx_word' id='word_1_206' title='bbox 1266 2583 1344 2637; x_wconf 83' lang='lat' dir='ltr'>Ad</span> <span class='ocrx_word' id='word_1_207' title='bbox 1376 2599 1512 2637; x_wconf 89' lang='lat' dir='ltr'>ann.</span> <span class='ocrx_word' id='word_1_208' title='bbox 1549 2581 1777 2637; x_wconf 91' lang='lat' dir='ltr'>Domini</span> <span class='ocrx_word' id='word_1_209' title='bbox 1834 2582 1938 2635; x_wconf 84' lang='grc'>195</span> <span class='ocrx_word' id='word_1_210' title='bbox 1979 2585 2035 2636; x_wconf 91' lang='lat' dir='ltr'>et</span> 
     </span>
    </p>
   </div>
   <div class='ocr_carea' id='block_1_27' title="bbox 392 2670 2036 2743">
    <p class='ocr_par' dir='ltr' id='par_1_27' title="bbox 392 2670 2036 2743">
     <span class='ocr_line' id='line_1_27' title="bbox 392 2670 2036 2743; baseline -0.001 -17"><span class='ocrx_word' id='word_1_211' title='bbox 392 2688 487 2743; x_wconf 89' lang='lat' dir='ltr'>per</span> <span class='ocrx_word' id='word_1_212' title='bbox 521 2672 748 2743; x_wconf 87' lang='lat' dir='ltr'>aliquot</span> <span class='ocrx_word' id='word_1_213' title='bbox 770 2689 955 2727; x_wconf 88' lang='lat' dir='ltr'>annos</span> <span class='ocrx_word' id='word_1_214' title='bbox 980 2672 1330 2743; x_wconf 79' lang='lat' dir='ltr'>perdurasse</span> <span class='ocrx_word' id='word_1_215' title='bbox 1354 2671 1503 2725; x_wconf 89' lang='lat' dir='ltr'>hanc</span> <span class='ocrx_word' id='word_1_216' title='bbox 1531 2670 1767 2725; x_wconf 90' lang='lat' dir='ltr'>illorum</span> <span class='ocrx_word' id='word_1_217' title='bbox 1791 2671 2036 2742; x_wconf 90' lang='lat' dir='ltr'>inquisi-</span> 
     </span>
    </p>
   </div>
   <div class='ocr_carea' id='block_1_28' title="bbox 390 2760 2037 2833">
    <p class='ocr_par' dir='ltr' id='par_1_28' title="bbox 390 2760 2037 2833">
     <span class='ocr_line' id='line_1_28' title="bbox 390 2760 2037 2833; baseline 0.001 -19"><span class='ocrx_word' id='word_1_218' title='bbox 390 2760 607 2815; x_wconf 88' lang='lat' dir='ltr'>tionem</span> <span class='ocrx_word' id='word_1_219' title='bbox 635 2761 931 2833; x_wconf 87' lang='lat' dir='ltr'>signiﬁcat</span> <span class='ocrx_word' id='word_1_220' title='bbox 956 2776 968 2816; x_wconf 94' lang='lat'>:</span> <span class='ocrx_word' id='word_1_221' title='bbox 1005 2761 1107 2815; x_wconf 97' lang='lat' dir='ltr'>Sed</span> <span class='ocrx_word' id='word_1_222' title='bbox 1129 2769 1180 2816; x_wconf 88' lang='lat' dir='ltr'>et</span> <span class='ocrx_word' id='word_1_223' title='bbox 1201 2762 1298 2831; x_wconf 97' lang='lat' dir='ltr'>qui</span> <span class='ocrx_word' id='word_1_224' title='bbox 1325 2776 1494 2826; x_wconf 88' lang='lat' dir='ltr'>nunc,</span> <span class='ocrx_word' id='word_1_225' title='bbox 1542 2760 1751 2831; x_wconf 90' lang='lat' dir='ltr'>inquit,</span> <span class='ocrx_word' id='word_1_226' title='bbox 1782 2761 2037 2815; x_wconf 86' lang='lat' dir='ltr'>scelesta-</span> 
     </span>
    </p>
   </div>
   <div class='ocr_carea' id='block_1_29' title="bbox 388 2850 2031 2921">
    <p class='ocr_par' dir='ltr' id='par_1_29' title="bbox 388 2850 2031 2921">
     <span class='ocr_line' id='line_1_29' title="bbox 388 2850 2031 2921; baseline 0.001 -19"><span class='ocrx_word' id='word_1_227' title='bbox 388 2866 514 2903; x_wconf 86' lang='lat' dir='ltr'>rum</span> <span class='ocrx_word' id='word_1_228' title='bbox 540 2852 780 2921; x_wconf 87' lang='lat' dir='ltr'>partium</span> <span class='ocrx_word' id='word_1_229' title='bbox 809 2851 943 2904; x_wconf 88' lang='lat' dir='ltr'>socii</span> <span class='ocrx_word' id='word_1_230' title='bbox 970 2853 1066 2903; x_wconf 89' lang='lat' dir='ltr'>aut</span> <span class='ocrx_word' id='word_1_231' title='bbox 1092 2850 1371 2915; x_wconf 77' lang='lat' dir='ltr'>plausores</span> <span class='ocrx_word' id='word_1_232' title='bbox 1402 2850 1650 2920; x_wconf 75' lang='lat' dir='ltr'>quotidie</span> <span class='ocrx_word' id='word_1_233' title='bbox 1692 2850 2031 2918; x_wconf 79' lang='lat' dir='ltr'>revelantur,</span> 
     </span>
    </p>
   </div>
   <div class='ocr_carea' id='block_1_30' title="bbox 382 2939 2030 3010">
    <p class='ocr_par' dir='ltr' id='par_1_30' title="bbox 382 2939 2030 3010">
     <span class='ocr_line' id='line_1_30' title="bbox 382 2939 2030 3010; baseline 0.001 -18"><span class='ocrx_word' id='word_1_234' title='bbox 382 2948 501 3009; x_wconf 84' lang='lat' dir='ltr'>post</span> <span class='ocrx_word' id='word_1_235' title='bbox 540 2940 878 2994; x_wconf 82' lang='lat' dir='ltr'>vindemiam</span> <span class='ocrx_word' id='word_1_236' title='bbox 905 2939 1319 3010; x_wconf 81' lang='lat' dir='ltr'>parricidarum</span> <span class='ocrx_word' id='word_1_237' title='bbox 1365 2940 1660 2993; x_wconf 80' lang='lat' dir='ltr'>racematio</span> <span class='ocrx_word' id='word_1_238' title='bbox 1718 2943 2030 3010; x_wconf 83' lang='lat' dir='ltr'>superstes;</span> 
     </span>
    </p>
   </div>
   <div class='ocr_carea' id='block_1_31' title="bbox 382 3037 2031 3110">
    <p class='ocr_par' dir='ltr' id='par_1_31' title="bbox 382 3037 2031 3110">
     <span class='ocr_line' id='line_1_31' title="bbox 382 3037 2031 3110; baseline 0.001 -17"><span class='ocrx_word' id='word_1_239' title='bbox 382 3054 613 3110; x_wconf 89' lang='lat' dir='ltr'>nempe,</span> <span class='ocrx_word' id='word_1_240' title='bbox 647 3043 933 3109; x_wconf 88' lang='lat' dir='ltr'>quantum</span> <span class='ocrx_word' id='word_1_241' title='bbox 985 3043 1247 3110; x_wconf 88' lang='lat' dir='ltr'>apparet,</span> <span class='ocrx_word' id='word_1_242' title='bbox 1305 3039 1375 3092; x_wconf 90' lang='lat' dir='ltr'>ad</span> <span class='ocrx_word' id='word_1_243' title='bbox 1434 3037 1802 3108; x_wconf 87' lang='lat' dir='ltr'>triumphum</span> <span class='ocrx_word' id='word_1_244' title='bbox 1846 3055 2031 3110; x_wconf 90' lang='lat' dir='ltr'>usque</span> 
     </span>
    </p>
   </div>
   <div class='ocr_carea' id='block_1_32' title="bbox 380 3125 2115 3232">
    <p class='ocr_par' dir='ltr' id='par_1_32' title="bbox 380 3125 2115 3232">
     <span class='ocr_line' id='line_1_32' title="bbox 380 3125 2115 3232; baseline -0.001 -50"><span class='ocrx_word' id='word_1_245' title='bbox 380 3127 739 3194; x_wconf 87' lang='lat' dir='ltr'>Parthicum,</span> <span class='ocrx_word' id='word_1_246' title='bbox 773 3132 946 3198; x_wconf 90' lang='lat' dir='ltr'>atque</span> <span class='ocrx_word' id='word_1_247' title='bbox 978 3128 1118 3181; x_wconf 89' lang='lat' dir='ltr'>adeo</span> <span class='ocrx_word' id='word_1_248' title='bbox 1151 3142 1364 3182; x_wconf 85' lang='lat' dir='ltr'>novum</span> <span class='ocrx_word' id='word_1_249' title='bbox 1396 3125 1583 3180; x_wconf 89' lang='lat' dir='ltr'>Severi</span> <span class='ocrx_word' id='word_1_250' title='bbox 1617 3142 1857 3193; x_wconf 87' lang='lat' dir='ltr'>annum,</span> <span class='ocrx_word' id='word_1_251' title='bbox 1885 3142 2029 3197; x_wconf 89' lang='lat' dir='ltr'>que-</span> <span class='ocrx_word' id='word_1_252' title='bbox 2073 3164 2115 3232; x_wconf 62' lang='grc' dir='ltr'>Ο</span> 
     </span>
    </p>
   </div>
   <div class='ocr_carea' id='block_1_33' title="bbox 395 3214 2042 3271">
    <p class='ocr_par' dir='ltr' id='par_1_33' title="bbox 395 3214 2042 3271">
     <span class='ocr_line' id='line_1_33' title="bbox 395 3214 2042 3271; baseline 0.001 -3"><span class='ocrx_word' id='word_1_253' title='bbox 395 3216 778 3269; x_wconf 88' lang='lat' dir='ltr'>madmodum</span> <span class='ocrx_word' id='word_1_254' title='bbox 813 3216 891 3269; x_wconf 92' lang='lat' dir='ltr'>ibi</span> <span class='ocrx_word' id='word_1_255' title='bbox 924 3214 1123 3270; x_wconf 88' lang='lat' dir='ltr'>latius.</span> <span class='ocrx_word' id='word_1_256' title='bbox 1170 3214 1321 3270; x_wconf 92' lang='lat' dir='ltr'>Alibi</span> <span class='ocrx_word' id='word_1_257' title='bbox 1379 3214 1555 3269; x_wconf 90' lang='lat' dir='ltr'>etiam</span> <span class='ocrx_word' id='word_1_258' title='bbox 1608 3215 1677 3269; x_wconf 89' lang='lat' dir='ltr'>ad</span> <span class='ocrx_word' id='word_1_259' title='bbox 1736 3218 2042 3271; x_wconf 86' lang='lat' dir='ltr'>Senatores</span> 
     </span>
    </p>
   </div>
   <div class='ocr_carea' id='block_1_34' title="bbox 386 3302 2041 3374">
    <p class='ocr_par' dir='ltr' id='par_1_34' title="bbox 386 3302 2041 3374">
     <span class='ocr_line' id='line_1_34' title="bbox 386 3302 2041 3374; baseline 0.001 -17"><span class='ocrx_word' id='word_1_260' title='bbox 386 3304 611 3358; x_wconf 88' lang='lat' dir='ltr'>occisos</span> <span class='ocrx_word' id='word_1_261' title='bbox 642 3303 890 3359; x_wconf 90' lang='lat' dir='ltr'>alludit:</span> <span class='ocrx_word' id='word_1_262' title='bbox 943 3305 1107 3359; x_wconf 88' lang='lat' dir='ltr'>Nemo</span> <span class='ocrx_word' id='word_1_263' title='bbox 1148 3320 1279 3369; x_wconf 85' lang='lat' dir='ltr'>non,</span> <span class='ocrx_word' id='word_1_264' title='bbox 1332 3302 1545 3374; x_wconf 90' lang='lat' dir='ltr'>inquit,</span> <span class='ocrx_word' id='word_1_265' title='bbox 1594 3304 1763 3357; x_wconf 87' lang='lat' dir='ltr'>etiam</span> <span class='ocrx_word' id='word_1_266' title='bbox 1803 3304 2041 3359; x_wconf 87' lang='lat' dir='ltr'>hominis</span> 
     </span>
    </p>
   </div>
   <div class='ocr_carea' id='block_1_35' title="bbox 387 3392 2041 3463">
    <p class='ocr_par' dir='ltr' id='par_1_35' title="bbox 387 3392 2041 3463">
     <span class='ocr_line' id='line_1_35' title="bbox 387 3392 2041 3463; baseline 0 -16"><span class='ocrx_word' id='word_1_267' title='bbox 387 3409 555 3448; x_wconf 85' lang='lat' dir='ltr'>causa</span> <span class='ocrx_word' id='word_1_268' title='bbox 583 3394 698 3462; x_wconf 87' lang='lat' dir='ltr'>pati</span> <span class='ocrx_word' id='word_1_269' title='bbox 724 3396 910 3463; x_wconf 81' lang='lat' dir='ltr'>potest,</span> <span class='ocrx_word' id='word_1_270' title='bbox 938 3392 1077 3463; x_wconf 84' lang='lat' dir='ltr'>quod</span> <span class='ocrx_word' id='word_1_271' title='bbox 1098 3395 1158 3447; x_wconf 85' lang='lat' dir='ltr'>in</span> <span class='ocrx_word' id='word_1_272' title='bbox 1178 3408 1343 3447; x_wconf 88' lang='lat' dir='ltr'>causa</span> <span class='ocrx_word' id='word_1_273' title='bbox 1385 3393 1481 3446; x_wconf 89' lang='lat' dir='ltr'>Dei</span> <span class='ocrx_word' id='word_1_274' title='bbox 1516 3394 1635 3462; x_wconf 87' lang='lat' dir='ltr'>pati</span> <span class='ocrx_word' id='word_1_275' title='bbox 1669 3392 1909 3447; x_wconf 82' lang='lat' dir='ltr'>dubitat.</span> <span class='ocrx_word' id='word_1_276' title='bbox 1964 3393 2041 3447; x_wconf 87' lang='lat' dir='ltr'>Ad</span> 
     </span>
    </p>
   </div>
   <div class='ocr_carea' id='block_1_36' title="bbox 392 3481 2041 3554">
    <p class='ocr_par' dir='ltr' id='par_1_36' title="bbox 392 3481 2041 3554">
     <span class='ocr_line' id='line_1_36' title="bbox 392 3481 2041 3554; baseline 0.001 -18"><span class='ocrx_word' id='word_1_277' title='bbox 392 3482 491 3536; x_wconf 89' lang='lat' dir='ltr'>hoc</span> <span class='ocrx_word' id='word_1_278' title='bbox 519 3481 737 3554; x_wconf 89' lang='lat' dir='ltr'>quidem</span> <span class='ocrx_word' id='word_1_279' title='bbox 764 3482 848 3536; x_wconf 86' lang='lat' dir='ltr'>vel</span> <span class='ocrx_word' id='word_1_280' title='bbox 878 3484 1183 3553; x_wconf 72' lang='lat' dir='ltr'>praesentia</span> <span class='ocrx_word' id='word_1_281' title='bbox 1210 3483 1372 3536; x_wconf 87' lang='lat' dir='ltr'>nobis</span> <span class='ocrx_word' id='word_1_282' title='bbox 1417 3484 1671 3551; x_wconf 86' lang='lat' dir='ltr'>tempora</span> <span class='ocrx_word' id='word_1_283' title='bbox 1717 3481 2041 3537; x_wconf 86' lang='lat' dir='ltr'>documenta</span> 
     </span>
    </p>
   </div>
   <div class='ocr_carea' id='block_1_37' title="bbox 392 3569 2040 3642">
    <p class='ocr_par' dir='ltr' id='par_1_37' title="bbox 392 3569 2040 3642">
     <span class='ocr_line' id='line_1_37' title="bbox 392 3569 2040 3642; baseline -0.001 -18"><span class='ocrx_word' id='word_1_284' title='bbox 392 3572 503 3625; x_wconf 90' lang='lat' dir='ltr'>sint</span> <span class='ocrx_word' id='word_1_285' title='bbox 530 3591 549 3636; x_wconf 91' lang='lat'><strong><em>;</em></strong></span> <span class='ocrx_word' id='word_1_286' title='bbox 578 3574 824 3642; x_wconf 68' lang='lat' dir='ltr'>quantae,</span> <span class='ocrx_word' id='word_1_287' title='bbox 856 3571 1150 3641; x_wconf 78' lang='lat' dir='ltr'>qualesque</span> <span class='ocrx_word' id='word_1_288' title='bbox 1167 3583 1421 3640; x_wconf 69' lang='lat' dir='ltr'>personae</span> <span class='ocrx_word' id='word_1_289' title='bbox 1450 3571 1781 3640; x_wconf 86' lang='lat' dir='ltr'>inopinatos,</span> <span class='ocrx_word' id='word_1_290' title='bbox 1840 3569 2040 3624; x_wconf 88' lang='lat' dir='ltr'>natali-</span> 
     </span>
    </p>
   </div>
   <div class='ocr_carea' id='block_1_38' title="bbox 394 3658 2037 3729">
    <p class='ocr_par' dir='ltr' id='par_1_38' title="bbox 394 3658 2037 3729">
     <span class='ocr_line' id='line_1_38' title="bbox 394 3658 2037 3729; baseline 0 -16"><span class='ocrx_word' id='word_1_291' title='bbox 394 3659 490 3713; x_wconf 86' lang='lat' dir='ltr'>bus</span> <span class='ocrx_word' id='word_1_292' title='bbox 518 3668 569 3714; x_wconf 89' lang='lat' dir='ltr'>et</span> <span class='ocrx_word' id='word_1_293' title='bbox 596 3659 955 3729; x_wconf 87' lang='lat' dir='ltr'>dignitatibus</span> <span class='ocrx_word' id='word_1_294' title='bbox 1001 3667 1051 3713; x_wconf 87' lang='lat' dir='ltr'>et</span> <span class='ocrx_word' id='word_1_295' title='bbox 1106 3658 1442 3729; x_wconf 84' lang='lat' dir='ltr'>corporibus,</span> <span class='ocrx_word' id='word_1_296' title='bbox 1502 3663 1557 3712; x_wconf 82' lang='lat' dir='ltr'>et</span> <span class='ocrx_word' id='word_1_297' title='bbox 1614 3658 1864 3714; x_wconf 79' lang='lat' dir='ltr'>aetatibus</span> <span class='ocrx_word' id='word_1_298' title='bbox 1920 3660 2037 3713; x_wconf 89' lang='lat' dir='ltr'>suis</span> 
     </span>
    </p>
   </div>
   <div class='ocr_carea' id='block_1_39' title="bbox 391 3747 2035 3819">
    <p class='ocr_par' dir='ltr' id='par_1_39' title="bbox 391 3747 2035 3819">
     <span class='ocr_line' id='line_1_39' title="bbox 391 3747 2035 3819; baseline -0.001 -17"><span class='ocrx_word' id='word_1_299' title='bbox 391 3750 575 3802; x_wconf 76' lang='lat' dir='ltr'>exitus</span> <span class='ocrx_word' id='word_1_300' title='bbox 606 3750 877 3818; x_wconf 74' lang='lat' dir='ltr'>referunt,</span> <span class='ocrx_word' id='word_1_301' title='bbox 910 3747 1153 3803; x_wconf 80' lang='lat' dir='ltr'>hominis</span> <span class='ocrx_word' id='word_1_302' title='bbox 1182 3764 1358 3803; x_wconf 71' lang='lat' dir='ltr'>caiisa</span> <span class='ocrx_word' id='word_1_303' title='bbox 1383 3766 1400 3801; x_wconf 92' lang='lat'>:</span> <span class='ocrx_word' id='word_1_304' title='bbox 1429 3756 1526 3802; x_wconf 87' lang='lat' dir='ltr'>aut</span> <span class='ocrx_word' id='word_1_305' title='bbox 1553 3749 1621 3801; x_wconf 90' lang='lat' dir='ltr'>ab</span> <span class='ocrx_word' id='word_1_306' title='bbox 1647 3750 1782 3819; x_wconf 85' lang='lat' dir='ltr'>ipso,</span> <span class='ocrx_word' id='word_1_307' title='bbox 1814 3749 1864 3802; x_wconf 84' lang='lat' dir='ltr'>si</span> <span class='ocrx_word' id='word_1_308' title='bbox 1908 3764 2035 3803; x_wconf 90' lang='lat' dir='ltr'>con-</span> 
     </span>
    </p>
   </div>
   <div class='ocr_carea' id='block_1_40' title="bbox 392 3836 2037 3908">
    <p class='ocr_par' dir='ltr' id='par_1_40' title="bbox 392 3836 2037 3908">
     <span class='ocr_line' id='line_1_40' title="bbox 392 3836 2037 3908; baseline 0.001 -18"><span class='ocrx_word' id='word_1_309' title='bbox 392 3839 479 3890; x_wconf 90' lang='lat' dir='ltr'>tra</span> <span class='ocrx_word' id='word_1_310' title='bbox 512 3852 635 3891; x_wconf 88' lang='lat' dir='ltr'>eum</span> <span class='ocrx_word' id='word_1_311' title='bbox 663 3838 914 3907; x_wconf 82' lang='lat' dir='ltr'>fecerint,</span> <span class='ocrx_word' id='word_1_312' title='bbox 947 3845 1041 3892; x_wconf 89' lang='lat' dir='ltr'>aut</span> <span class='ocrx_word' id='word_1_313' title='bbox 1067 3836 1133 3891; x_wconf 89' lang='lat' dir='ltr'>ab</span> <span class='ocrx_word' id='word_1_314' title='bbox 1191 3836 1525 3892; x_wconf 85' lang='lat' dir='ltr'>adversariis</span> <span class='ocrx_word' id='word_1_315' title='bbox 1576 3838 1692 3905; x_wconf 88' lang='lat' dir='ltr'>ejus</span> <span class='ocrx_word' id='word_1_316' title='bbox 1735 3838 1786 3891; x_wconf 87' lang='lat' dir='ltr'>si</span> <span class='ocrx_word' id='word_1_317' title='bbox 1835 3853 1932 3908; x_wconf 89' lang='lat' dir='ltr'>pro</span> <span class='ocrx_word' id='word_1_318' title='bbox 1978 3852 2037 3891; x_wconf 89' lang='lat' dir='ltr'>eo</span> 
     </span>
    </p>
   </div>
   <div class='ocr_carea' id='block_1_41' title="bbox 393 3924 2035 3997">
    <p class='ocr_par' dir='ltr' id='par_1_41' title="bbox 393 3924 2035 3997">
     <span class='ocr_line' id='line_1_41' title="bbox 393 3924 2035 3997; baseline -0.002 -17"><span class='ocrx_word' id='word_1_319' title='bbox 393 3927 665 3981; x_wconf 76' lang='lat' dir='ltr'>steterint.</span> <span class='ocrx_word' id='word_1_320' title='bbox 700 3924 822 3997; x_wconf 87' lang='lat' dir='ltr'>(Ad.</span> <span class='ocrx_word' id='word_1_321' title='bbox 850 3926 939 3982; x_wconf 87' lang='lat' dir='ltr'>Sc.</span> <span class='ocrx_word' id='word_1_322' title='bbox 993 3943 1042 3980; x_wconf 93' lang='lat' dir='ltr'>c.</span> <span class='ocrx_word' id='word_1_323' title='bbox 1074 3927 1146 3994; x_wconf 90' lang='lat'><strong><em>2;</em></strong></span> <span class='ocrx_word' id='word_1_324' title='bbox 1172 3926 1397 3996; x_wconf 83' lang='lat' dir='ltr'>Apolog.</span> <span class='ocrx_word' id='word_1_325' title='bbox 1433 3941 1482 3979; x_wconf 90' lang='lat' dir='ltr'>c.</span> <span class='ocrx_word' id='word_1_326' title='bbox 1512 3925 1617 3987; x_wconf 85' lang='lat'>35;</span> <span class='ocrx_word' id='word_1_327' title='bbox 1650 3924 1690 3979; x_wconf 94' lang='lat'>1.</span> <span class='ocrx_word' id='word_1_328' title='bbox 1739 3924 1808 3980; x_wconf 80' lang='lat' dir='ltr'>ad</span> <span class='ocrx_word' id='word_1_329' title='bbox 1858 3928 2035 3980; x_wconf 84' lang='lat' dir='ltr'>Marc.</span> 
     </span>
    </p>
   </div>
   <div class='ocr_carea' id='block_1_42' title="bbox 394 4013 2043 4087">
    <p class='ocr_par' dir='ltr' id='par_1_42' title="bbox 394 4013 2043 4087">
     <span class='ocr_line' id='line_1_42' title="bbox 394 4013 2043 4087; baseline -0.002 -16"><span class='ocrx_word' id='word_1_330' title='bbox 394 4030 522 4086; x_wconf 90' lang='lat' dir='ltr'>cap.</span> <span class='ocrx_word' id='word_1_331' title='bbox 558 4015 690 4087; x_wconf 89' lang='lat' dir='ltr'>ult.)</span> <span class='ocrx_word' id='word_1_332' title='bbox 748 4015 881 4070; x_wconf 85' lang='lat' dir='ltr'>Fuit</span> <span class='ocrx_word' id='word_1_333' title='bbox 938 4019 1133 4071; x_wconf 88' lang='lat' dir='ltr'>autem</span> <span class='ocrx_word' id='word_1_334' title='bbox 1183 4016 1474 4070; x_wconf 89' lang='lat' dir='ltr'>dictorum</span> <span class='ocrx_word' id='word_1_335' title='bbox 1532 4013 1840 4071; x_wconf 91' lang='lat' dir='ltr'>consulum</span> <span class='ocrx_word' id='word_1_336' title='bbox 1896 4014 2043 4069; x_wconf 84' lang='lat' dir='ltr'>alter</span> 
     </span>
    </p>
   </div>
   <div class='ocr_carea' id='block_1_43' title="bbox 399 4110 2043 4185">
    <p class='ocr_par' dir='ltr' id='par_1_43' title="bbox 399 4110 2043 4185">
     <span class='ocr_line' id='line_1_43' title="bbox 399 4110 2043 4185; baseline -0.001 -17"><span class='ocrx_word' id='word_1_337' title='bbox 399 4114 720 4170; x_wconf 87' lang='lat' dir='ltr'>Lateranus</span> <span class='ocrx_word' id='word_1_338' title='bbox 759 4119 1059 4185; x_wconf 86' lang='lat' dir='ltr'>tantopere</span> <span class='ocrx_word' id='word_1_339' title='bbox 1110 4113 1337 4169; x_wconf 90' lang='lat' dir='ltr'>amicus</span> <span class='ocrx_word' id='word_1_340' title='bbox 1385 4116 1590 4168; x_wconf 85' lang='lat' dir='ltr'>Severo</span> <span class='ocrx_word' id='word_1_341' title='bbox 1639 4114 1785 4184; x_wconf 91' lang='lat' dir='ltr'>Imp.</span> <span class='ocrx_word' id='word_1_342' title='bbox 1836 4116 1901 4167; x_wconf 89' lang='lat' dir='ltr'>ut</span> <span class='ocrx_word' id='word_1_343' title='bbox 1955 4110 2043 4166; x_wconf 89' lang='lat' dir='ltr'>illi</span> 
     </span>
    </p>
   </div>
   <div class='ocr_carea' id='block_1_44' title="bbox 396 4201 2043 4275">
    <p class='ocr_par' dir='ltr' id='par_1_44' title="bbox 396 4201 2043 4275">
     <span class='ocr_line' id='line_1_44' title="bbox 396 4201 2043 4275; baseline -0.001 -18"><span class='ocrx_word' id='word_1_344' title='bbox 396 4203 1019 4275; x_wconf 82' lang='lat' dir='ltr'>magniﬁcentissimae</span> <span class='ocrx_word' id='word_1_345' title='bbox 1049 4204 1199 4258; x_wconf 83' lang='lat' dir='ltr'>aedes</span> <span class='ocrx_word' id='word_1_346' title='bbox 1233 4202 1426 4257; x_wconf 70' lang='lat' dir='ltr'>Romae</span> <span class='ocrx_word' id='word_1_347' title='bbox 1459 4201 1849 4266; x_wconf 67' lang='lat' dir='ltr'>aediﬁcaverit,</span> <span class='ocrx_word' id='word_1_348' title='bbox 1898 4218 2043 4271; x_wconf 83' lang='lat' dir='ltr'>quas</span> 
     </span>
    </p>
   </div>
   <div class='ocr_carea' id='block_1_45' title="bbox 400 4290 2041 4361">
    <p class='ocr_par' dir='ltr' id='par_1_45' title="bbox 400 4290 2041 4361">
     <span class='ocr_line' id='line_1_45' title="bbox 400 4290 2041 4361; baseline -0.002 -14"><span class='ocrx_word' id='word_1_349' title='bbox 400 4293 573 4347; x_wconf 86' lang='lat' dir='ltr'>etiam</span> <span class='ocrx_word' id='word_1_350' title='bbox 601 4310 739 4347; x_wconf 90' lang='lat' dir='ltr'>num</span> <span class='ocrx_word' id='word_1_351' title='bbox 764 4292 1046 4348; x_wconf 88' lang='lat' dir='ltr'>Palatium</span> <span class='ocrx_word' id='word_1_352' title='bbox 1068 4293 1458 4346; x_wconf 85' lang='lat' dir='ltr'>Lateranense</span> <span class='ocrx_word' id='word_1_353' title='bbox 1478 4290 2041 4361; x_wconf 87' lang='lat' dir='ltr'>appellamus,quem</span> 
     </span>
    </p>
   </div>
   <div class='ocr_carea' id='block_1_46' title="bbox 403 4378 2045 4452">
    <p class='ocr_par' dir='ltr' id='par_1_46' title="bbox 403 4378 2045 4452">
     <span class='ocr_line' id='line_1_46' title="bbox 403 4378 2045 4452; baseline -0.001 -18"><span class='ocrx_word' id='word_1_354' title='bbox 403 4386 605 4452; x_wconf 87' lang='lat' dir='ltr'>postea</span> <span class='ocrx_word' id='word_1_355' title='bbox 638 4381 841 4436; x_wconf 87' lang='lat' dir='ltr'>scribit</span> <span class='ocrx_word' id='word_1_356' title='bbox 872 4382 932 4436; x_wconf 91' lang='grc' dir='ltr'>Β.</span> <span class='ocrx_word' id='word_1_357' title='bbox 969 4381 1240 4451; x_wconf 80' lang='lat' dir='ltr'>Hierony.</span> <span class='ocrx_word' id='word_1_358' title='bbox 1273 4378 1581 4451; x_wconf 89' lang='lat' dir='ltr'>Epitaphio</span> <span class='ocrx_word' id='word_1_359' title='bbox 1610 4378 1871 4433; x_wconf 64' lang='lat' dir='ltr'>Fabiolae.</span> <span class='ocrx_word' id='word_1_360' title='bbox 1923 4379 2045 4433; x_wconf 68' lang='lat' dir='ltr'>Cte—</span> 
     </span>
    </p>
   </div>
   <div class='ocr_carea' id='block_1_47' title="bbox 404 4465 2047 4540">
    <p class='ocr_par' dir='ltr' id='par_1_47' title="bbox 404 4465 2047 4540">
     <span class='ocr_line' id='line_1_47' title="bbox 404 4465 2047 4540; baseline -0.002 -17"><span class='ocrx_word' id='word_1_361' title='bbox 404 4469 638 4524; x_wconf 89' lang='lat' dir='ltr'>sariano</span> <span class='ocrx_word' id='word_1_362' title='bbox 698 4471 1116 4525; x_wconf 88' lang='lat' dir='ltr'>obtruncatum</span> <span class='ocrx_word' id='word_1_363' title='bbox 1171 4467 1387 4540; x_wconf 86' lang='lat' dir='ltr'>gladio,</span> <span class='ocrx_word' id='word_1_364' title='bbox 1447 4467 1712 4523; x_wconf 87' lang='lat' dir='ltr'>fortassis</span> <span class='ocrx_word' id='word_1_365' title='bbox 1768 4465 2047 4522; x_wconf 89' lang='lat' dir='ltr'>Antonini</span> 
     </span>
    </p>
   </div>
   <div class='ocr_carea' id='block_1_48' title="bbox 2121 492 3765 581">
    <p class='ocr_par' dir='ltr' id='par_1_48' title="bbox 2121 492 3765 581">
     <span class='ocr_line' id='line_1_48' title="bbox 2121 492 3765 581; baseline -0.013 -16"><span class='ocrx_word' id='word_1_366' title='bbox 2121 507 2576 581; x_wconf 84' lang='lat' dir='ltr'>discrepantiam</span> <span class='ocrx_word' id='word_1_367' title='bbox 2611 505 2885 559; x_wconf 86' lang='lat' dir='ltr'>Afrorum</span> <span class='ocrx_word' id='word_1_368' title='bbox 2913 500 2969 553; x_wconf 91' lang='lat' dir='ltr'>in</span> <span class='ocrx_word' id='word_1_369' title='bbox 3004 493 3403 553; x_wconf 85' lang='lat' dir='ltr'>Sacramentis</span> <span class='ocrx_word' id='word_1_370' title='bbox 3433 492 3765 563; x_wconf 88' lang='lat' dir='ltr'>increpans,</span> 
     </span>
    </p>
   </div>
   <div class='ocr_carea' id='block_1_49' title="bbox 2122 580 3769 655">
    <p class='ocr_par' dir='ltr' id='par_1_49' title="bbox 2122 580 3769 655">
     <span class='ocr_line' id='line_1_49' title="bbox 2122 580 3769 655; baseline -0.012 0"><span class='ocrx_word' id='word_1_371' title='bbox 2122 580 2513 655; x_wconf 85' lang='lat' dir='ltr'>mihividetur</span> <span class='ocrx_word' id='word_1_372' title='bbox 2545 595 2616 651; x_wconf 82' lang='lat' dir='ltr'>ad</span> <span class='ocrx_word' id='word_1_373' title='bbox 2651 591 3041 649; x_wconf 86' lang='lat' dir='ltr'>celebritatem</span> <span class='ocrx_word' id='word_1_374' title='bbox 3067 586 3178 641; x_wconf 86' lang='lat' dir='ltr'>diei</span> <span class='ocrx_word' id='word_1_375' title='bbox 3235 583 3465 639; x_wconf 63' lang='lat' dir='ltr'>Pascha</span> <span class='ocrx_word' id='word_1_376' title='bbox 3511 580 3769 636; x_wconf 86' lang='lat' dir='ltr'>alludere</span> 
     </span>
    </p>
   </div>
   <div class='ocr_carea' id='block_1_50' title="bbox 2121 670 3767 761">
    <p class='ocr_par' dir='ltr' id='par_1_50' title="bbox 2121 670 3767 761">
     <span class='ocr_line' id='line_1_50' title="bbox 2121 670 3767 761; baseline -0.013 -17"><span class='ocrx_word' id='word_1_377' title='bbox 2121 706 2299 761; x_wconf 91' lang='lat' dir='ltr'>quam</span> <span class='ocrx_word' id='word_1_378' title='bbox 2325 686 2583 759; x_wconf 86' lang='lat' dir='ltr'>Epistola</span> <span class='ocrx_word' id='word_1_379' title='bbox 2630 681 2809 755; x_wconf 90' lang='lat' dir='ltr'>priori</span> <span class='ocrx_word' id='word_1_380' title='bbox 2854 680 2947 734; x_wconf 89' lang='lat' dir='ltr'>die</span> <span class='ocrx_word' id='word_1_381' title='bbox 2996 674 3293 732; x_wconf 87' lang='lat' dir='ltr'>Dominica</span> <span class='ocrx_word' id='word_1_382' title='bbox 3341 670 3617 728; x_wconf 86' lang='lat' dir='ltr'>celebrari</span> <span class='ocrx_word' id='word_1_383' title='bbox 3669 670 3767 724; x_wconf 89' lang='lat' dir='ltr'>de-</span> 
     </span>
    </p>
   </div>
   <div class='ocr_carea' id='block_1_51' title="bbox 2121 763 3771 847">
    <p class='ocr_par' dir='ltr' id='par_1_51' title="bbox 2121 763 3771 847">
     <span class='ocr_line' id='line_1_51' title="bbox 2121 763 3771 847; baseline -0.013 -13"><span class='ocrx_word' id='word_1_384' title='bbox 2121 778 2464 847; x_wconf 89' lang='lat' dir='ltr'>bere,juxta</span> <span class='ocrx_word' id='word_1_385' title='bbox 2483 774 2636 846; x_wconf 87' lang='lat' dir='ltr'>quod</span> <span class='ocrx_word' id='word_1_386' title='bbox 2661 778 2717 828; x_wconf 87' lang='lat' dir='ltr'>et</span> <span class='ocrx_word' id='word_1_387' title='bbox 2769 768 3223 841; x_wconf 68' lang='lat' dir='ltr'>praedecessores</span> <span class='ocrx_word' id='word_1_388' title='bbox 3265 763 3356 819; x_wconf 90' lang='lat' dir='ltr'>sui</span> <span class='ocrx_word' id='word_1_389' title='bbox 3417 764 3771 829; x_wconf 87' lang='lat' dir='ltr'>statuerunt,</span> 
     </span>
    </p>
   </div>
   <div class='ocr_carea' id='block_1_52' title="bbox 2122 849 3776 934">
    <p class='ocr_par' dir='ltr' id='par_1_52' title="bbox 2122 849 3776 934">
     <span class='ocr_line' id='line_1_52' title="bbox 2122 849 3776 934; baseline -0.013 -10"><span class='ocrx_word' id='word_1_390' title='bbox 2122 868 2519 931; x_wconf 83' lang='lat' dir='ltr'>mandaverat,</span> <span class='ocrx_word' id='word_1_391' title='bbox 2597 873 2963 934; x_wconf 67' lang='lat' dir='ltr'>quaecunque</span> <span class='ocrx_word' id='word_1_392' title='bbox 3035 854 3317 909; x_wconf 88' lang='lat' dir='ltr'>incideret</span> <span class='ocrx_word' id='word_1_393' title='bbox 3376 867 3540 906; x_wconf 86' lang='lat' dir='ltr'>ax1v</span> <span class='ocrx_word' id='word_1_394' title='bbox 3614 849 3776 903; x_wconf 90' lang='lat' dir='ltr'>Luna</span> 
     </span>
    </p>
   </div>
   <div class='ocr_carea' id='block_1_53' title="bbox 2124 937 3776 1030">
    <p class='ocr_par' dir='ltr' id='par_1_53' title="bbox 2124 937 3776 1030">
     <span class='ocr_line' id='line_1_53' title="bbox 2124 937 3776 1030; baseline -0.013 -17"><span class='ocrx_word' id='word_1_395' title='bbox 2124 957 2299 1030; x_wconf 89' lang='lat' dir='ltr'>primi</span> <span class='ocrx_word' id='word_1_396' title='bbox 2332 954 2572 1022; x_wconf 88' lang='lat' dir='ltr'>mensis;</span> <span class='ocrx_word' id='word_1_397' title='bbox 2609 966 2795 1022; x_wconf 89' lang='lat' dir='ltr'>usque</span> <span class='ocrx_word' id='word_1_398' title='bbox 2827 948 2897 1003; x_wconf 87' lang='lat' dir='ltr'>ad</span> <span class='ocrx_word' id='word_1_399' title='bbox 2930 962 3022 1001; x_wconf 79' lang='lat' dir='ltr'>xxx</span> <span class='ocrx_word' id='word_1_400' title='bbox 3052 945 3111 998; x_wconf 91' lang='lat' dir='ltr'>in</span> <span class='ocrx_word' id='word_1_401' title='bbox 3145 960 3259 1014; x_wconf 90' lang='lat' dir='ltr'>quo</span> <span class='ocrx_word' id='word_1_402' title='bbox 3294 939 3562 996; x_wconf 85' lang='lat' dir='ltr'>fortassis</span> <span class='ocrx_word' id='word_1_403' title='bbox 3609 937 3776 993; x_wconf 89' lang='lat' dir='ltr'>initio</span> 
     </span>
    </p>
   </div>
   <div class='ocr_carea' id='block_1_54' title="bbox 2124 1028 3774 1117">
    <p class='ocr_par' dir='ltr' id='par_1_54' title="bbox 2124 1028 3774 1117">
     <span class='ocr_line' id='line_1_54' title="bbox 2124 1028 3774 1117; baseline -0.015 -14"><span class='ocrx_word' id='word_1_404' title='bbox 2124 1028 2242 1103; x_wconf 76' lang='lat' dir='ltr'>Afri</span> <span class='ocrx_word' id='word_1_405' title='bbox 2275 1046 2515 1117; x_wconf 90' lang='lat' dir='ltr'>quidam</span> <span class='ocrx_word' id='word_1_406' title='bbox 2549 1057 2680 1097; x_wconf 90' lang='lat' dir='ltr'>cum</span> <span class='ocrx_word' id='word_1_407' title='bbox 2714 1038 3010 1109; x_wconf 72' lang='lat' dir='ltr'>Polycrate</span> <span class='ocrx_word' id='word_1_408' title='bbox 3039 1032 3254 1089; x_wconf 89' lang='lat' dir='ltr'>Asiano</span> <span class='ocrx_word' id='word_1_409' title='bbox 3286 1028 3638 1086; x_wconf 86' lang='lat' dir='ltr'>contrariam</span> <span class='ocrx_word' id='word_1_410' title='bbox 3682 1043 3774 1117; x_wconf 76' lang='lat' dir='ltr'>se~</span> 
     </span>
    </p>
   </div>
   <div class='ocr_carea' id='block_1_55' title="bbox 2126 1114 3776 1207">
    <p class='ocr_par' dir='ltr' id='par_1_55' title="bbox 2126 1114 3776 1207">
     <span class='ocr_line' id='line_1_55' title="bbox 2126 1114 3776 1207; baseline -0.014 -15"><span class='ocrx_word' id='word_1_411' title='bbox 2126 1114 2457 1207; x_wconf 72' lang='lat' dir='ltr'>quebantur</span> <span class='ocrx_word' id='word_1_412' title='bbox 2507 1126 3011 1187; x_wconf 89' lang='lat' dir='ltr'>consuetudinem,</span> <span class='ocrx_word' id='word_1_413' title='bbox 3065 1135 3404 1193; x_wconf 88' lang='lat' dir='ltr'>quanquam</span> <span class='ocrx_word' id='word_1_414' title='bbox 3467 1121 3669 1189; x_wconf 88' lang='lat' dir='ltr'>postea</span> <span class='ocrx_word' id='word_1_415' title='bbox 3716 1114 3776 1169; x_wconf 91' lang='lat' dir='ltr'>in</span> 
     </span>
    </p>
   </div>
   <div class='ocr_carea' id='block_1_56' title="bbox 2127 1206 3775 1280">
    <p class='ocr_par' dir='ltr' id='par_1_56' title="bbox 2127 1206 3775 1280">
     <span class='ocr_line' id='line_1_56' title="bbox 2127 1206 3775 1280; baseline -0.015 2"><span class='ocrx_word' id='word_1_416' title='bbox 2127 1206 2312 1280; x_wconf 85' lang='lat' dir='ltr'>unum</span> <span class='ocrx_word' id='word_1_417' title='bbox 2345 1219 2765 1278; x_wconf 89' lang='lat' dir='ltr'>consenserint.</span> <span class='ocrx_word' id='word_1_418' title='bbox 2798 1220 2944 1270; x_wconf 83' lang='lat' dir='ltr'>Nam</span> <span class='ocrx_word' id='word_1_419' title='bbox 2978 1214 3047 1268; x_wconf 91' lang='lat' dir='ltr'>de</span> <span class='ocrx_word' id='word_1_420' title='bbox 3073 1211 3267 1266; x_wconf 86' lang='lat' dir='ltr'>Blasto</span> <span class='ocrx_word' id='word_1_421' title='bbox 3290 1206 3556 1263; x_wconf 72' lang='lat' dir='ltr'>hazretico</span> <span class='ocrx_word' id='word_1_422' title='bbox 3601 1222 3775 1277; x_wconf 88' lang='lat' dir='ltr'>quar-</span> 
     </span>
    </p>
   </div>
   <div class='ocr_carea' id='block_1_57' title="bbox 2126 1295 3776 1380">
    <p class='ocr_par' dir='ltr' id='par_1_57' title="bbox 2126 1295 3776 1380">
     <span class='ocr_line' id='line_1_57' title="bbox 2126 1295 3776 1380; baseline -0.012 -11"><span class='ocrx_word' id='word_1_423' title='bbox 2126 1313 2516 1380; x_wconf 88' lang='lat' dir='ltr'>todecimano,</span> <span class='ocrx_word' id='word_1_424' title='bbox 2551 1310 2634 1365; x_wconf 91' lang='lat' dir='ltr'>sic</span> <span class='ocrx_word' id='word_1_425' title='bbox 2667 1311 2916 1363; x_wconf 83' lang='lat' dir='ltr'>Auctor:</span> <span class='ocrx_word' id='word_1_426' title='bbox 2947 1305 3050 1358; x_wconf 88' lang='lat' dir='ltr'>Est</span> <span class='ocrx_word' id='word_1_427' title='bbox 3074 1304 3344 1372; x_wconf 60' lang='lat' dir='ltr'>prxierea</span> <span class='ocrx_word' id='word_1_428' title='bbox 3392 1298 3478 1352; x_wconf 88' lang='lat' dir='ltr'>his</span> <span class='ocrx_word' id='word_1_429' title='bbox 3522 1295 3776 1351; x_wconf 85' lang='lat' dir='ltr'>omnibus</span> 
     </span>
    </p>
   </div>
   <div class='ocr_carea' id='block_1_58' title="bbox 2127 1385 3779 1464">
    <p class='ocr_par' dir='ltr' id='par_1_58' title="bbox 2127 1385 3779 1464">
     <span class='ocr_line' id='line_1_58' title="bbox 2127 1385 3779 1464; baseline -0.014 -5"><span class='ocrx_word' id='word_1_430' title='bbox 2127 1406 2297 1460; x_wconf 88' lang='lat' dir='ltr'>etiam</span> <span class='ocrx_word' id='word_1_431' title='bbox 2329 1403 2548 1456; x_wconf 86' lang='lat' dir='ltr'>Blastus</span> <span class='ocrx_word' id='word_1_432' title='bbox 2578 1396 2858 1459; x_wconf 82' lang='lat' dir='ltr'>accedens,</span> <span class='ocrx_word' id='word_1_433' title='bbox 2892 1393 2988 1464; x_wconf 90' lang='lat' dir='ltr'>qui</span> <span class='ocrx_word' id='word_1_434' title='bbox 3017 1392 3253 1446; x_wconf 87' lang='lat' dir='ltr'>latenter</span> <span class='ocrx_word' id='word_1_435' title='bbox 3279 1387 3621 1443; x_wconf 84' lang='lat' dir='ltr'>Judaismum</span> <span class='ocrx_word' id='word_1_436' title='bbox 3663 1385 3779 1438; x_wconf 87' lang='lat' dir='ltr'>vult</span> 
     </span>
    </p>
   </div>
   <div class='ocr_carea' id='block_1_59' title="bbox 2131 1477 3775 1551">
    <p class='ocr_par' dir='ltr' id='par_1_59' title="bbox 2131 1477 3775 1551">
     <span class='ocr_line' id='line_1_59' title="bbox 2131 1477 3775 1551; baseline -0.012 -5"><span class='ocrx_word' id='word_1_437' title='bbox 2131 1493 2528 1551; x_wconf 80' lang='lat' dir='ltr'>introducere;</span> <span class='ocrx_word' id='word_1_438' title='bbox 2560 1486 2771 1543; x_wconf 88' lang='lat' dir='ltr'>Pascha</span> <span class='ocrx_word' id='word_1_439' title='bbox 2828 1485 2977 1539; x_wconf 80' lang='lat' dir='ltr'>enim</span> <span class='ocrx_word' id='word_1_440' title='bbox 3019 1480 3152 1535; x_wconf 85' lang='lat' dir='ltr'>dicit</span> <span class='ocrx_word' id='word_1_441' title='bbox 3200 1495 3311 1533; x_wconf 88' lang='lat' dir='ltr'>non</span> <span class='ocrx_word' id='word_1_442' title='bbox 3368 1477 3539 1531; x_wconf 87' lang='lat' dir='ltr'>aliter</span> <span class='ocrx_word' id='word_1_443' title='bbox 3594 1477 3775 1530; x_wconf 82' lang='lat' dir='ltr'>custo-</span> 
     </span>
    </p>
   </div>
   <div class='ocr_carea' id='block_1_60' title="bbox 2132 1564 3774 1646">
    <p class='ocr_par' dir='ltr' id='par_1_60' title="bbox 2132 1564 3774 1646">
     <span class='ocr_line' id='line_1_60' title="bbox 2132 1564 3774 1646; baseline -0.013 -10"><span class='ocrx_word' id='word_1_444' title='bbox 2132 1581 2411 1646; x_wconf 86' lang='lat' dir='ltr'>diendum,</span> <span class='ocrx_word' id='word_1_445' title='bbox 2464 1579 2575 1633; x_wconf 87' lang='lat' dir='ltr'>nisi</span> <span class='ocrx_word' id='word_1_446' title='bbox 2630 1573 2929 1631; x_wconf 88' lang='lat' dir='ltr'>secundum</span> <span class='ocrx_word' id='word_1_447' title='bbox 2985 1570 3153 1640; x_wconf 86' lang='lat' dir='ltr'>legem</span> <span class='ocrx_word' id='word_1_448' title='bbox 3202 1567 3388 1637; x_wconf 79' lang='lat' dir='ltr'>Moysi.</span> <span class='ocrx_word' id='word_1_449' title='bbox 3442 1564 3508 1618; x_wconf 85' lang='grc'>14</span> <span class='ocrx_word' id='word_1_450' title='bbox 3556 1564 3774 1618; x_wconf 81' lang='lat' dir='ltr'>mensis.</span> 
     </span>
    </p>
   </div>
   <div class='ocr_carea' id='block_1_61' title="bbox 2136 1652 3781 1740">
    <p class='ocr_par' dir='ltr' id='par_1_61' title="bbox 2136 1652 3781 1740">
     <span class='ocr_line' id='line_1_61' title="bbox 2136 1652 3781 1740; baseline -0.015 -13"><span class='ocrx_word' id='word_1_451' title='bbox 2136 1672 2267 1740; x_wconf 83' lang='lat' dir='ltr'>Quis</span> <span class='ocrx_word' id='word_1_452' title='bbox 2318 1672 2507 1724; x_wconf 88' lang='lat' dir='ltr'>autem</span> <span class='ocrx_word' id='word_1_453' title='bbox 2560 1666 2787 1728; x_wconf 88' lang='lat' dir='ltr'>nesciat,</span> <span class='ocrx_word' id='word_1_454' title='bbox 2848 1660 3111 1731; x_wconf 89' lang='lat' dir='ltr'>quoniam</span> <span class='ocrx_word' id='word_1_455' title='bbox 3196 1653 3526 1722; x_wconf 87' lang='lat' dir='ltr'>Evangelica</span> <span class='ocrx_word' id='word_1_456' title='bbox 3598 1652 3781 1740; x_wconf 83' lang='lat' dir='ltr'>gratia</span> 
     </span>
    </p>
   </div>
   <div class='ocr_carea' id='block_1_62' title="bbox 2133 1738 3783 1828">
    <p class='ocr_par' dir='ltr' id='par_1_62' title="bbox 2133 1738 3783 1828">
     <span class='ocr_line' id='line_1_62' title="bbox 2133 1738 3783 1828; baseline -0.014 -12"><span class='ocrx_word' id='word_1_457' title='bbox 2133 1738 2456 1828; x_wconf 82' lang='lat' dir='ltr'>evacuatur,</span> <span class='ocrx_word' id='word_1_458' title='bbox 2514 1757 2565 1811; x_wconf 88' lang='lat' dir='ltr'>si</span> <span class='ocrx_word' id='word_1_459' title='bbox 2617 1752 2687 1809; x_wconf 87' lang='lat' dir='ltr'>ad</span> <span class='ocrx_word' id='word_1_460' title='bbox 2746 1754 2919 1820; x_wconf 86' lang='lat' dir='ltr'>legem</span> <span class='ocrx_word' id='word_1_461' title='bbox 2981 1748 3260 1802; x_wconf 82' lang='lat' dir='ltr'>Christum</span> <span class='ocrx_word' id='word_1_462' title='bbox 3320 1742 3523 1811; x_wconf 83' lang='lat' dir='ltr'>redigit</span> <span class='ocrx_word' id='word_1_463' title='bbox 3575 1740 3635 1811; x_wconf 92' lang='lat'>(1.</span> <span class='ocrx_word' id='word_1_464' title='bbox 3718 1738 3783 1794; x_wconf 84' lang='lat' dir='ltr'>de</span> 
     </span>
    </p>
   </div>
   <div class='ocr_carea' id='block_1_63' title="bbox 2137 1830 3786 1904">
    <p class='ocr_par' dir='ltr' id='par_1_63' title="bbox 2137 1830 3786 1904">
     <span class='ocr_line' id='line_1_63' title="bbox 2137 1830 3786 1904; baseline -0.013 -1"><span class='ocrx_word' id='word_1_465' title='bbox 2137 1850 2341 1904; x_wconf 65' lang='lat' dir='ltr'>Praesc.</span> <span class='ocrx_word' id='word_1_466' title='bbox 2391 1845 2513 1900; x_wconf 88' lang='lat' dir='ltr'>adv.</span> <span class='ocrx_word' id='word_1_467' title='bbox 2575 1844 2707 1897; x_wconf 63' lang='lat' dir='ltr'>hwr.</span> <span class='ocrx_word' id='word_1_468' title='bbox 2764 1857 2813 1895; x_wconf 91' lang='lat' dir='ltr'>c.</span> <span class='ocrx_word' id='word_1_469' title='bbox 2871 1839 2965 1903; x_wconf 88' lang='grc'>53,</span> <span class='ocrx_word' id='word_1_470' title='bbox 3023 1835 3163 1890; x_wconf 67' lang='lat' dir='ltr'>haer.</span> <span class='ocrx_word' id='word_1_471' title='bbox 3222 1834 3331 1900; x_wconf 74' lang='lat'><strong><em>22;</em></strong></span> <span class='ocrx_word' id='word_1_472' title='bbox 3390 1830 3430 1886; x_wconf 92' lang='lat' dir='ltr'>l.</span> <span class='ocrx_word' id='word_1_473' title='bbox 3490 1831 3558 1885; x_wconf 87' lang='lat' dir='ltr'>de</span> <span class='ocrx_word' id='word_1_474' title='bbox 3603 1830 3786 1900; x_wconf 85' lang='lat' dir='ltr'>Jejun.</span> 
     </span>
    </p>
   </div>
   <div class='ocr_carea' id='block_1_64' title="bbox 2140 1920 3787 2003">
    <p class='ocr_par' dir='ltr' id='par_1_64' title="bbox 2140 1920 3787 2003">
     <span class='ocr_line' id='line_1_64' title="bbox 2140 1920 3787 2003; baseline -0.014 -10"><span class='ocrx_word' id='word_1_475' title='bbox 2140 1956 2190 1993; x_wconf 92' lang='lat' dir='ltr'>c.</span> <span class='ocrx_word' id='word_1_476' title='bbox 2232 1938 2333 2003; x_wconf 67' lang='lat'>14;</span> <span class='ocrx_word' id='word_1_477' title='bbox 2369 1935 2446 1990; x_wconf 88' lang='lat' dir='ltr'>Ib.</span> <span class='ocrx_word' id='word_1_478' title='bbox 2482 1951 2528 1990; x_wconf 93' lang='lat' dir='ltr'>c.</span> <span class='ocrx_word' id='word_1_479' title='bbox 2564 1932 2676 2003; x_wconf 79' lang='grc'>43.)</span> <span class='ocrx_word' id='word_1_480' title='bbox 2702 1930 2787 1984; x_wconf 80' lang='lat' dir='ltr'>Ad</span> <span class='ocrx_word' id='word_1_481' title='bbox 2816 1927 3083 1984; x_wconf 86' lang='lat' dir='ltr'>eamdem</span> <span class='ocrx_word' id='word_1_482' title='bbox 3140 1920 3611 1979; x_wconf 86' lang='lat' dir='ltr'>observationem</span> <span class='ocrx_word' id='word_1_483' title='bbox 3658 1933 3787 1989; x_wconf 83' lang='lat' dir='ltr'>per-</span> 
     </span>
    </p>
   </div>
   <div class='ocr_carea' id='block_1_65' title="bbox 2139 2007 3787 2094">
    <p class='ocr_par' dir='ltr' id='par_1_65' title="bbox 2139 2007 3787 2094">
     <span class='ocr_line' id='line_1_65' title="bbox 2139 2007 3787 2094; baseline -0.014 -12"><span class='ocrx_word' id='word_1_484' title='bbox 2139 2028 2287 2082; x_wconf 89' lang='lat' dir='ltr'>tinet</span> <span class='ocrx_word' id='word_1_485' title='bbox 2312 2024 2453 2079; x_wconf 91' lang='lat' dir='ltr'>illud</span> <span class='ocrx_word' id='word_1_486' title='bbox 2487 2022 2789 2094; x_wconf 79' lang='lat' dir='ltr'>ejusdem:</span> <span class='ocrx_word' id='word_1_487' title='bbox 2823 2019 3030 2073; x_wconf 85' lang='lat' dir='ltr'>Pascha</span> <span class='ocrx_word' id='word_1_488' title='bbox 3060 2014 3399 2069; x_wconf 86' lang='lat' dir='ltr'>celebramus</span> <span class='ocrx_word' id='word_1_489' title='bbox 3447 2023 3630 2063; x_wconf 89' lang='lat' dir='ltr'>annuo</span> <span class='ocrx_word' id='word_1_490' title='bbox 3673 2007 3787 2061; x_wconf 84' lang='lat' dir='ltr'>cir-</span> 
     </span>
    </p>
   </div>
   <div class='ocr_carea' id='block_1_66' title="bbox 2139 2098 3790 2179">
    <p class='ocr_par' dir='ltr' id='par_1_66' title="bbox 2139 2098 3790 2179">
     <span class='ocr_line' id='line_1_66' title="bbox 2139 2098 3790 2179; baseline -0.013 -9"><span class='ocrx_word' id='word_1_491' title='bbox 2139 2116 2282 2179; x_wconf 89' lang='lat' dir='ltr'>culo,</span> <span class='ocrx_word' id='word_1_492' title='bbox 2316 2128 2497 2169; x_wconf 86' lang='lat' dir='ltr'>mense</span> <span class='ocrx_word' id='word_1_493' title='bbox 2547 2113 2613 2177; x_wconf 85' lang='grc'>1;</span> <span class='ocrx_word' id='word_1_494' title='bbox 2664 2114 2836 2179; x_wconf 88' lang='lat' dir='ltr'>atque</span> <span class='ocrx_word' id='word_1_495' title='bbox 2887 2105 3031 2160; x_wconf 88' lang='lat' dir='ltr'>adeo</span> <span class='ocrx_word' id='word_1_496' title='bbox 3080 2102 3252 2157; x_wconf 87' lang='lat' dir='ltr'>etiam</span> <span class='ocrx_word' id='word_1_497' title='bbox 3300 2098 3484 2153; x_wconf 91' lang='lat' dir='ltr'>illud:</span> <span class='ocrx_word' id='word_1_498' title='bbox 3536 2098 3790 2165; x_wconf 88' lang='lat' dir='ltr'>Aguntur</span> 
     </span>
    </p>
   </div>
   <div class='ocr_carea' id='block_1_67' title="bbox 2135 2185 3788 2277">
    <p class='ocr_par' dir='ltr' id='par_1_67' title="bbox 2135 2185 3788 2277">
     <span class='ocr_line' id='line_1_67' title="bbox 2135 2185 3788 2277; baseline -0.013 -17"><span class='ocrx_word' id='word_1_499' title='bbox 2135 2211 2411 2277; x_wconf 59' lang='lat' dir='ltr'>praterea</span> <span class='ocrx_word' id='word_1_500' title='bbox 2439 2217 2538 2271; x_wconf 84' lang='lat' dir='ltr'>per</span> <span class='ocrx_word' id='word_1_501' title='bbox 2559 2200 2791 2255; x_wconf 74' lang='lat' dir='ltr'>Graecia:</span> <span class='ocrx_word' id='word_1_502' title='bbox 2815 2196 2945 2251; x_wconf 87' lang='lat' dir='ltr'>illas</span> <span class='ocrx_word' id='word_1_503' title='bbox 2984 2194 3146 2248; x_wconf 75' lang='lat' dir='ltr'>certis</span> <span class='ocrx_word' id='word_1_504' title='bbox 3170 2191 3225 2246; x_wconf 89' lang='lat' dir='ltr'>in</span> <span class='ocrx_word' id='word_1_505' title='bbox 3256 2190 3395 2244; x_wconf 87' lang='lat' dir='ltr'>locis</span> <span class='ocrx_word' id='word_1_506' title='bbox 3445 2185 3689 2277; x_wconf 73' lang='lat' dir='ltr'>concilia</span> <span class='ocrx_word' id='word_1_507' title='bbox 3719 2200 3788 2239; x_wconf 74' lang='lat' dir='ltr'>ex</span> 
     </span>
    </p>
   </div>
   <div class='ocr_carea' id='block_1_68' title="bbox 2140 2276 3786 2351">
    <p class='ocr_par' dir='ltr' id='par_1_68' title="bbox 2140 2276 3786 2351">
     <span class='ocr_line' id='line_1_68' title="bbox 2140 2276 3786 2351; baseline -0.014 -2"><span class='ocrx_word' id='word_1_508' title='bbox 2140 2276 2409 2349; x_wconf 77' lang='lat' dir='ltr'>universis</span> <span class='ocrx_word' id='word_1_509' title='bbox 2429 2290 2704 2347; x_wconf 87' lang='lat' dir='ltr'>Ecclesiis.</span> <span class='ocrx_word' id='word_1_510' title='bbox 2727 2287 2786 2342; x_wconf 94' lang='lat' dir='ltr'>Id</span> <span class='ocrx_word' id='word_1_511' title='bbox 2818 2285 2973 2342; x_wconf 90' lang='lat' dir='ltr'>enim</span> <span class='ocrx_word' id='word_1_512' title='bbox 2997 2280 3105 2337; x_wconf 86' lang='lat' dir='ltr'>etsi</span> <span class='ocrx_word' id='word_1_513' title='bbox 3138 2278 3458 2351; x_wconf 88' lang='lat' dir='ltr'>generatim</span> <span class='ocrx_word' id='word_1_514' title='bbox 3490 2276 3786 2347; x_wconf 79' lang='lat' dir='ltr'>loquatur,</span> 
     </span>
    </p>
   </div>
   <div class='ocr_carea' id='block_1_69' title="bbox 2142 2361 3788 2450">
    <p class='ocr_par' dir='ltr' id='par_1_69' title="bbox 2142 2361 3788 2450">
     <span class='ocr_line' id='line_1_69' title="bbox 2142 2361 3788 2450; baseline -0.014 -12"><span class='ocrx_word' id='word_1_515' title='bbox 2142 2383 2548 2438; x_wconf 80' lang='lat' dir='ltr'>existimamus</span> <span class='ocrx_word' id='word_1_516' title='bbox 2572 2376 2945 2450; x_wconf 88' lang='lat' dir='ltr'>potissimum</span> <span class='ocrx_word' id='word_1_517' title='bbox 2972 2369 3216 2438; x_wconf 76' lang='lat' dir='ltr'>intelligi</span> <span class='ocrx_word' id='word_1_518' title='bbox 3244 2368 3313 2423; x_wconf 92' lang='lat' dir='ltr'>de</span> <span class='ocrx_word' id='word_1_519' title='bbox 3330 2364 3601 2422; x_wconf 91' lang='lat' dir='ltr'>Conciliis</span> <span class='ocrx_word' id='word_1_520' title='bbox 3616 2361 3788 2434; x_wconf 88' lang='lat' dir='ltr'>paulo</span> 
     </span>
    </p>
   </div>
   <div class='ocr_carea' id='block_1_70' title="bbox 2143 2451 3785 2530">
    <p class='ocr_par' dir='ltr' id='par_1_70' title="bbox 2143 2451 3785 2530">
     <span class='ocr_line' id='line_1_70' title="bbox 2143 2451 3785 2530; baseline -0.015 -2"><span class='ocrx_word' id='word_1_521' title='bbox 2143 2478 2277 2528; x_wconf 89' lang='lat' dir='ltr'>ante</span> <span class='ocrx_word' id='word_1_522' title='bbox 2308 2469 2615 2526; x_wconf 88' lang='lat' dir='ltr'>celebratis</span> <span class='ocrx_word' id='word_1_523' title='bbox 2645 2464 2963 2522; x_wconf 65' lang='lat' dir='ltr'>Palestina:</span> <span class='ocrx_word' id='word_1_524' title='bbox 2996 2478 3029 2515; x_wconf 92' lang='lat' dir='ltr'>a</span> <span class='ocrx_word' id='word_1_525' title='bbox 3058 2456 3375 2530; x_wconf 91' lang='lat' dir='ltr'>Theophilo</span> <span class='ocrx_word' id='word_1_526' title='bbox 3417 2451 3785 2516; x_wconf 70' lang='lat' dir='ltr'>Caesariensi,</span> 
     </span>
    </p>
   </div>
   <div class='ocr_carea' id='block_1_71' title="bbox 2143 2540 3789 2627">
    <p class='ocr_par' dir='ltr' id='par_1_71' title="bbox 2143 2540 3789 2627">
     <span class='ocr_line' id='line_1_71' title="bbox 2143 2540 3789 2627; baseline -0.014 -10"><span class='ocrx_word' id='word_1_527' title='bbox 2143 2562 2310 2617; x_wconf 90' lang='lat' dir='ltr'>Ponti</span> <span class='ocrx_word' id='word_1_528' title='bbox 2360 2577 2393 2614; x_wconf 88' lang='lat' dir='ltr'>a</span> <span class='ocrx_word' id='word_1_529' title='bbox 2440 2558 2661 2627; x_wconf 83' lang='lat' dir='ltr'>Palma,</span> <span class='ocrx_word' id='word_1_530' title='bbox 2714 2551 3039 2610; x_wconf 89' lang='lat' dir='ltr'>Corinthia</span> <span class='ocrx_word' id='word_1_531' title='bbox 3089 2545 3340 2611; x_wconf 89' lang='lat' dir='ltr'>Bachilo,</span> <span class='ocrx_word' id='word_1_532' title='bbox 3399 2549 3455 2599; x_wconf 85' lang='lat' dir='ltr'>et</span> <span class='ocrx_word' id='word_1_533' title='bbox 3501 2540 3789 2598; x_wconf 85' lang='lat' dir='ltr'>Ecclesia-</span> 
     </span>
    </p>
   </div>
   <div class='ocr_carea' id='block_1_72' title="bbox 2143 2629 3794 2721">
    <p class='ocr_par' dir='ltr' id='par_1_72' title="bbox 2143 2629 3794 2721">
     <span class='ocr_line' id='line_1_72' title="bbox 2143 2629 3794 2721; baseline -0.016 -13"><span class='ocrx_word' id='word_1_534' title='bbox 2143 2668 2275 2708; x_wconf 89' lang='lat' dir='ltr'>rum</span> <span class='ocrx_word' id='word_1_535' title='bbox 2304 2648 2457 2721; x_wconf 89' lang='lat' dir='ltr'>apud</span> <span class='ocrx_word' id='word_1_536' title='bbox 2482 2647 2829 2708; x_wconf 88' lang='lat' dir='ltr'>Osroenum,</span> <span class='ocrx_word' id='word_1_537' title='bbox 2860 2637 3254 2696; x_wconf 88' lang='lat' dir='ltr'>Alexandrino</span> <span class='ocrx_word' id='word_1_538' title='bbox 3286 2648 3518 2706; x_wconf 89' lang='lat' dir='ltr'>quoque</span> <span class='ocrx_word' id='word_1_539' title='bbox 3549 2648 3583 2721; x_wconf 81' lang='lat' dir='ltr'>a</span> <span class='ocrx_word' id='word_1_540' title='bbox 3608 2629 3794 2721; x_wconf 73' lang='lat' dir='ltr'>Theo-</span> 
     </span>
    </p>
   </div>
   <div class='ocr_carea' id='block_1_73' title="bbox 2144 2719 3790 2810">
    <p class='ocr_par' dir='ltr' id='par_1_73' title="bbox 2144 2719 3790 2810">
     <span class='ocr_line' id='line_1_73' title="bbox 2144 2719 3790 2810; baseline -0.015 -15"><span class='ocrx_word' id='word_1_541' title='bbox 2144 2719 2613 2810; x_wconf 21' lang='lat' dir='ltr'>philoidenique</span> <span class='ocrx_word' id='word_1_542' title='bbox 2642 2733 2879 2798; x_wconf 81' lang='lat' dir='ltr'>Asiano,</span> <span class='ocrx_word' id='word_1_543' title='bbox 2912 2730 2971 2784; x_wconf 90' lang='lat' dir='ltr'>in</span> <span class='ocrx_word' id='word_1_544' title='bbox 3004 2745 3118 2800; x_wconf 92' lang='lat' dir='ltr'>quo</span> <span class='ocrx_word' id='word_1_545' title='bbox 3152 2723 3355 2781; x_wconf 89' lang='lat' dir='ltr'>scribit</span> <span class='ocrx_word' id='word_1_546' title='bbox 3383 2719 3621 2791; x_wconf 83' lang='lat' dir='ltr'>Niceph.</span> <span class='ocrx_word' id='word_1_547' title='bbox 3648 2719 3790 2810; x_wconf 61' lang='lat' dir='ltr'>Hist.</span> 
     </span>
    </p>
   </div>
   <div class='ocr_carea' id='block_1_74' title="bbox 2145 2805 3784 2892">
    <p class='ocr_par' dir='ltr' id='par_1_74' title="bbox 2145 2805 3784 2892">
     <span class='ocr_line' id='line_1_74' title="bbox 2145 2805 3784 2892; baseline -0.015 -8"><span class='ocrx_word' id='word_1_548' title='bbox 2145 2805 2288 2885; x_wconf 71' lang='lat' dir='ltr'>Eccl.</span> <span class='ocrx_word' id='word_1_549' title='bbox 2324 2826 2362 2882; x_wconf 94' lang='lat' dir='ltr'>l.</span> <span class='ocrx_word' id='word_1_550' title='bbox 2398 2843 2475 2892; x_wconf 90' lang='lat' dir='ltr'>1v,</span> <span class='ocrx_word' id='word_1_551' title='bbox 2508 2805 2557 2879; x_wconf 87' lang='lat' dir='ltr'>c.</span> <span class='ocrx_word' id='word_1_552' title='bbox 2608 2823 2716 2879; x_wconf 90' lang='lat' dir='ltr'>ult.</span> <span class='ocrx_word' id='word_1_553' title='bbox 2776 2822 2977 2875; x_wconf 87' lang='lat' dir='ltr'>Patres</span> <span class='ocrx_word' id='word_1_554' title='bbox 3038 2819 3253 2873; x_wconf 88' lang='lat' dir='ltr'>dictam</span> <span class='ocrx_word' id='word_1_555' title='bbox 3313 2810 3663 2868; x_wconf 89' lang='lat' dir='ltr'>sententiam</span> <span class='ocrx_word' id='word_1_556' title='bbox 3720 2805 3784 2859; x_wconf 89' lang='lat' dir='ltr'>B.</span> 
     </span>
    </p>
   </div>
   <div class='ocr_carea' id='block_1_75' title="bbox 2139 2896 3795 2973">
    <p class='ocr_par' dir='ltr' id='par_1_75' title="bbox 2139 2896 3795 2973">
     <span class='ocr_line' id='line_1_75' title="bbox 2139 2896 3795 2973; baseline -0.015 1"><span class='ocrx_word' id='word_1_557' title='bbox 2139 2917 2390 2973; x_wconf 85' lang='lat' dir='ltr'>Victoris</span> <span class='ocrx_word' id='word_1_558' title='bbox 2413 2914 2629 2971; x_wconf 90' lang='lat' dir='ltr'>Concil.</span> <span class='ocrx_word' id='word_1_559' title='bbox 2693 2908 2940 2966; x_wconf 81' lang='lat' dir='ltr'>Romani</span> <span class='ocrx_word' id='word_1_560' title='bbox 2989 2910 3223 2962; x_wconf 88' lang='lat' dir='ltr'>secutos</span> <span class='ocrx_word' id='word_1_561' title='bbox 3279 2917 3427 2970; x_wconf 88' lang='lat' dir='ltr'>esse,</span> <span class='ocrx_word' id='word_1_562' title='bbox 3474 2898 3568 2955; x_wconf 92' lang='lat' dir='ltr'>cui</span> <span class='ocrx_word' id='word_1_563' title='bbox 3619 2896 3795 2953; x_wconf 89' lang='lat' dir='ltr'>etiam</span> 
     </span>
    </p>
   </div>
   <div class='ocr_carea' id='block_1_76' title="bbox 2139 2992 3456 3063">
    <p class='ocr_par' dir='ltr' id='par_1_76' title="bbox 2139 2992 3456 3063">
     <span class='ocr_line' id='line_1_76' title="bbox 2139 2992 3456 3063; baseline -0.015 0"><span class='ocrx_word' id='word_1_564' title='bbox 2139 3004 2433 3063; x_wconf 88' lang='lat' dir='ltr'>consentit</span> <span class='ocrx_word' id='word_1_565' title='bbox 2461 3002 2684 3060; x_wconf 82' lang='lat' dir='ltr'>Concil.</span> <span class='ocrx_word' id='word_1_566' title='bbox 2720 2998 3044 3055; x_wconf 87' lang='lat' dir='ltr'>Galliarum</span> <span class='ocrx_word' id='word_1_567' title='bbox 3076 2994 3187 3049; x_wconf 91' lang='lat' dir='ltr'>sub</span> <span class='ocrx_word' id='word_1_568' title='bbox 3220 2992 3456 3047; x_wconf 82' lang='lat' dir='ltr'>Irenaeo.</span> 
     </span>
    </p>
   </div>
   <div class='ocr_carea' id='block_1_77' title="bbox 2689 3178 3273 3224">
    <p class='ocr_par' dir='ltr' id='par_1_77' title="bbox 2689 3178 3273 3224">
     <span class='ocr_line' id='line_1_77' title="bbox 2689 3178 3273 3224; baseline -0.015 0"><span class='ocrx_word' id='word_1_569' title='bbox 2689 3184 2843 3224; x_wconf 77' lang='lat' dir='ltr'><strong>ANNO</strong></span> <span class='ocrx_word' id='word_1_570' title='bbox 2866 3181 3071 3221; x_wconf 80' lang='lat' dir='ltr'>DOMINI</span> <span class='ocrx_word' id='word_1_571' title='bbox 3092 3178 3273 3218; x_wconf 78' lang='lat' dir='ltr'>CXCIX.</span> 
     </span>
    </p>
   </div>
   <div class='ocr_carea' id='block_1_78' title="bbox 2221 3285 3794 3380">
    <p class='ocr_par' dir='ltr' id='par_1_78' title="bbox 2221 3285 3794 3380">
     <span class='ocr_line' id='line_1_78' title="bbox 2221 3285 3794 3380; baseline -0.016 -17"><span class='ocrx_word' id='word_1_572' title='bbox 2221 3310 2251 3380; x_wconf 57' lang='grc' dir='ltr'>ξ</span> <span class='ocrx_word' id='word_1_573' title='bbox 2286 3306 2373 3362; x_wconf 89' lang='grc' dir='ltr'>ΙΧ.</span> <span class='ocrx_word' id='word_1_574' title='bbox 2407 3308 2480 3362; x_wconf 90' lang='lat' dir='ltr'>De</span> <span class='ocrx_word' id='word_1_575' title='bbox 2512 3304 2674 3359; x_wconf 86' lang='lat' dir='ltr'>libris</span> <span class='ocrx_word' id='word_1_576' title='bbox 2703 3301 2962 3357; x_wconf 81' lang='lat' dir='ltr'>adversus</span> <span class='ocrx_word' id='word_1_577' title='bbox 3008 3296 3232 3354; x_wconf 68' lang='lat' dir='ltr'>Judwos</span> <span class='ocrx_word' id='word_1_578' title='bbox 3279 3294 3341 3347; x_wconf 90' lang='lat' dir='ltr'>in</span> <span class='ocrx_word' id='word_1_579' title='bbox 3382 3291 3560 3345; x_wconf 87' lang='lat' dir='ltr'>lucem</span> <span class='ocrx_word' id='word_1_580' title='bbox 3617 3285 3794 3341; x_wconf 83' lang='lat' dir='ltr'>editis.</span> 
     </span>
    </p>
   </div>
   <div class='ocr_carea' id='block_1_79' title="bbox 2149 3391 3794 3452">
    <p class='ocr_par' dir='ltr' id='par_1_79' title="bbox 2149 3391 3794 3452">
     <span class='ocr_line' id='line_1_79' title="bbox 2149 3391 3794 3452; baseline -0.016 2"><span class='ocrx_word' id='word_1_581' title='bbox 2149 3428 2218 3438; x_wconf 89' lang='lat'>—-</span> <span class='ocrx_word' id='word_1_582' title='bbox 2251 3398 2410 3452; x_wconf 50' lang='lat'>1631&#39;.</span> <span class='ocrx_word' id='word_1_583' title='bbox 2445 3409 2695 3450; x_wconf 61' lang='lat' dir='ltr'>amomo</span> <span class='ocrx_word' id='word_1_584' title='bbox 2718 3408 2772 3446; x_wconf 75' lang='grc' dir='ltr'>Τ.</span> <span class='ocrx_word' id='word_1_585' title='bbox 2814 3407 2865 3443; x_wconf 75' lang='lat' dir='ltr'>r.</span> <span class='ocrx_word' id='word_1_586' title='bbox 2916 3401 3218 3451; x_wconf 64' lang='lat' dir='ltr'>sanmo,</span> <span class='ocrx_word' id='word_1_587' title='bbox 3256 3398 3321 3437; x_wconf 84' lang='lat' dir='ltr'>ET</span> <span class='ocrx_word' id='word_1_588' title='bbox 3345 3396 3399 3435; x_wconf 90' lang='lat' dir='ltr'>c.</span> <span class='ocrx_word' id='word_1_589' title='bbox 3451 3392 3628 3434; x_wconf 73' lang='lat' dir='ltr'>ANNIO</span> <span class='ocrx_word' id='word_1_590' title='bbox 3665 3391 3794 3429; x_wconf 78' lang='lat' dir='ltr'>APP.</span> 
     </span>
    </p>
   </div>
   <div class='ocr_carea' id='block_1_80' title="bbox 2151 3465 3795 3545">
    <p class='ocr_par' dir='ltr' id='par_1_80' title="bbox 2151 3465 3795 3545">
     <span class='ocr_line' id='line_1_80' title="bbox 2151 3465 3795 3545; baseline -0.016 -3"><span class='ocrx_word' id='word_1_591' title='bbox 2151 3504 2200 3541; x_wconf 65' lang='grc' dir='ltr'>Ρ.</span> <span class='ocrx_word' id='word_1_592' title='bbox 2227 3499 2588 3541; x_wconf 74' lang='lat' dir='ltr'>TREBO‘NIANO</span> <span class='ocrx_word' id='word_1_593' title='bbox 2606 3496 2782 3537; x_wconf 80' lang='lat' dir='ltr'>GALLO</span> <span class='ocrx_word' id='word_1_594' title='bbox 2805 3469 3340 3545; x_wconf 75' lang='lat' dir='ltr'>coss,S.Zephyrini</span> <span class='ocrx_word' id='word_1_595' title='bbox 3356 3469 3523 3539; x_wconf 68' lang='lat' dir='ltr'>Papae</span> <span class='ocrx_word' id='word_1_596' title='bbox 3536 3465 3729 3520; x_wconf 73' lang='lat' dir='ltr'>Roma:</span> <span class='ocrx_word' id='word_1_597' title='bbox 3756 3479 3795 3529; x_wconf 91' lang='lat'>1,</span> 
     </span>
    </p>
   </div>
   <div class='ocr_carea' id='block_1_81' title="bbox 2149 3552 3798 3640">
    <p class='ocr_par' dir='ltr' id='par_1_81' title="bbox 2149 3552 3798 3640">
     <span class='ocr_line' id='line_1_81' title="bbox 2149 3552 3798 3640; baseline -0.013 -13"><span class='ocrx_word' id='word_1_598' title='bbox 2149 3588 2216 3627; x_wconf 90' lang='lat' dir='ltr'>ac</span> <span class='ocrx_word' id='word_1_599' title='bbox 2237 3570 2430 3627; x_wconf 88' lang='lat' dir='ltr'>Severi</span> <span class='ocrx_word' id='word_1_600' title='bbox 2472 3571 2616 3640; x_wconf 88' lang='lat' dir='ltr'>Imp.</span> <span class='ocrx_word' id='word_1_601' title='bbox 2651 3585 2727 3631; x_wconf 92' lang='lat' dir='ltr'>v1,</span> <span class='ocrx_word' id='word_1_602' title='bbox 2769 3566 2998 3621; x_wconf 87' lang='lat' dir='ltr'>videtur</span> <span class='ocrx_word' id='word_1_603' title='bbox 3029 3560 3197 3616; x_wconf 90' lang='lat' dir='ltr'>nobis</span> <span class='ocrx_word' id='word_1_604' title='bbox 3229 3554 3545 3627; x_wconf 88' lang='lat' dir='ltr'>contigisse</span> <span class='ocrx_word' id='word_1_605' title='bbox 3576 3552 3798 3607; x_wconf 81' lang='lat' dir='ltr'>discre-</span> 
     </span>
    </p>
   </div>
   <div class='ocr_carea' id='block_1_82' title="bbox 2147 3640 3799 3732">
    <p class='ocr_par' dir='ltr' id='par_1_82' title="bbox 2147 3640 3799 3732">
     <span class='ocr_line' id='line_1_82' title="bbox 2147 3640 3799 3732; baseline -0.015 -16"><span class='ocrx_word' id='word_1_606' title='bbox 2147 3661 2301 3732; x_wconf 83' lang='lat' dir='ltr'>patio</span> <span class='ocrx_word' id='word_1_607' title='bbox 2334 3659 2437 3713; x_wconf 90' lang='lat' dir='ltr'>illa</span> <span class='ocrx_word' id='word_1_608' title='bbox 2466 3659 2851 3712; x_wconf 78' lang='lat' dir='ltr'>TERTULLIANI</span> <span class='ocrx_word' id='word_1_609' title='bbox 2882 3667 3014 3708; x_wconf 87' lang='lat' dir='ltr'>cum</span> <span class='ocrx_word' id='word_1_610' title='bbox 3044 3649 3241 3705; x_wconf 85' lang='lat' dir='ltr'>Judeeo</span> <span class='ocrx_word' id='word_1_611' title='bbox 3300 3642 3602 3732; x_wconf 66' lang='lat' dir='ltr'>quodam,</span> <span class='ocrx_word' id='word_1_612' title='bbox 3628 3640 3799 3709; x_wconf 84' lang='lat' dir='ltr'>cujus</span> 
     </span>
    </p>
   </div>
   <div class='ocr_carea' id='block_1_83' title="bbox 2144 3730 3794 3817">
    <p class='ocr_par' dir='ltr' id='par_1_83' title="bbox 2144 3730 3794 3817">
     <span class='ocr_line' id='line_1_83' title="bbox 2144 3730 3794 3817; baseline -0.015 -12"><span class='ocrx_word' id='word_1_613' title='bbox 2144 3730 2449 3806; x_wconf 79' lang='lat' dir='ltr'>occasione</span> <span class='ocrx_word' id='word_1_614' title='bbox 2480 3744 2788 3817; x_wconf 90' lang='lat' dir='ltr'>scripsisse</span> <span class='ocrx_word' id='word_1_615' title='bbox 2842 3758 2903 3797; x_wconf 87' lang='lat' dir='ltr'>se</span> <span class='ocrx_word' id='word_1_616' title='bbox 2952 3738 3249 3811; x_wconf 87' lang='lat' dir='ltr'>signiﬁcat</span> <span class='ocrx_word' id='word_1_617' title='bbox 3292 3732 3511 3787; x_wconf 90' lang='lat' dir='ltr'>librum</span> <span class='ocrx_word' id='word_1_618' title='bbox 3578 3730 3794 3783; x_wconf 78' lang='lat' dir='ltr'>Anvsa.</span> 
     </span>
    </p>
   </div>
   <div class='ocr_carea' id='block_1_84' title="bbox 2144 3818 3801 3899">
    <p class='ocr_par' dir='ltr' id='par_1_84' title="bbox 2144 3818 3801 3899">
     <span class='ocr_line' id='line_1_84' title="bbox 2144 3818 3801 3899; baseline -0.016 -4"><span class='ocrx_word' id='word_1_619' title='bbox 2144 3854 2397 3895; x_wconf 71' lang='lat' dir='ltr'>sunseos.</span> <span class='ocrx_word' id='word_1_620' title='bbox 2422 3837 2679 3891; x_wconf 70' lang='lat' dir='ltr'>Proxime</span> <span class='ocrx_word' id='word_1_621' title='bbox 2706 3832 2923 3894; x_wconf 83' lang='lat' dir='ltr'>accidit,</span> <span class='ocrx_word' id='word_1_622' title='bbox 2956 3827 3150 3899; x_wconf 88' lang='lat' dir='ltr'>inquit</span> <span class='ocrx_word' id='word_1_623' title='bbox 3196 3824 3258 3896; x_wconf 92' lang='lat' dir='ltr'>(l.</span> <span class='ocrx_word' id='word_1_624' title='bbox 3287 3822 3410 3877; x_wconf 88' lang='lat' dir='ltr'>adv.</span> <span class='ocrx_word' id='word_1_625' title='bbox 3441 3818 3563 3876; x_wconf 84' lang='lat' dir='ltr'>Jud.</span> <span class='ocrx_word' id='word_1_626' title='bbox 3613 3834 3664 3872; x_wconf 92' lang='lat' dir='ltr'>c.</span> <span class='ocrx_word' id='word_1_627' title='bbox 3714 3819 3801 3885; x_wconf 90' lang='lat'>1.),</span> 
     </span>
    </p>
   </div>
   <div class='ocr_carea' id='block_1_85' title="bbox 2146 3906 3799 3999">
    <p class='ocr_par' dir='ltr' id='par_1_85' title="bbox 2146 3906 3799 3999">
     <span class='ocr_line' id='line_1_85' title="bbox 2146 3906 3799 3999; baseline -0.015 -16"><span class='ocrx_word' id='word_1_628' title='bbox 2146 3928 2443 3999; x_wconf 87' lang='lat' dir='ltr'>disputatio</span> <span class='ocrx_word' id='word_1_629' title='bbox 2482 3926 2675 3980; x_wconf 86' lang='lat' dir='ltr'>habita</span> <span class='ocrx_word' id='word_1_630' title='bbox 2704 3934 2779 3979; x_wconf 89' lang='lat' dir='ltr'>est</span> <span class='ocrx_word' id='word_1_631' title='bbox 2816 3920 3096 3978; x_wconf 87' lang='lat' dir='ltr'>Cristiano</span> <span class='ocrx_word' id='word_1_632' title='bbox 3147 3922 3200 3970; x_wconf 88' lang='lat' dir='ltr'>et</span> <span class='ocrx_word' id='word_1_633' title='bbox 3256 3910 3545 3980; x_wconf 87' lang='lat' dir='ltr'>Proselyto</span> <span class='ocrx_word' id='word_1_634' title='bbox 3589 3906 3799 3963; x_wconf 77' lang='lat' dir='ltr'>Iudaeo.</span> 
     </span>
    </p>
   </div>
   <div class='ocr_carea' id='block_1_86' title="bbox 2147 3998 3803 4077">
    <p class='ocr_par' dir='ltr' id='par_1_86' title="bbox 2147 3998 3803 4077">
     <span class='ocr_line' id='line_1_86' title="bbox 2147 3998 3803 4077; baseline -0.016 -4"><span class='ocrx_word' id='word_1_635' title='bbox 2147 3998 2388 4073; x_wconf 80' lang='lat' dir='ltr'>Alternis</span> <span class='ocrx_word' id='word_1_636' title='bbox 2417 4015 2625 4071; x_wconf 88' lang='lat' dir='ltr'>vicibus</span> <span class='ocrx_word' id='word_1_637' title='bbox 2645 4010 2973 4069; x_wconf 86' lang='lat' dir='ltr'>contentiosa</span> <span class='ocrx_word' id='word_1_638' title='bbox 3004 4008 3136 4077; x_wconf 83' lang='lat' dir='ltr'>fune</span> <span class='ocrx_word' id='word_1_639' title='bbox 3164 4006 3390 4073; x_wconf 88' lang='lat' dir='ltr'>uterque</span> <span class='ocrx_word' id='word_1_640' title='bbox 3420 3998 3565 4054; x_wconf 88' lang='lat' dir='ltr'>diem</span> <span class='ocrx_word' id='word_1_641' title='bbox 3596 3998 3655 4052; x_wconf 87' lang='lat' dir='ltr'>in</span> <span class='ocrx_word' id='word_1_642' title='bbox 3686 4009 3803 4049; x_wconf 85' lang='lat' dir='ltr'>ves-</span> 
     </span>
    </p>
   </div>
   <div class='ocr_carea' id='block_1_87' title="bbox 2145 4085 3807 4181">
    <p class='ocr_par' dir='ltr' id='par_1_87' title="bbox 2145 4085 3807 4181">
     <span class='ocr_line' id='line_1_87' title="bbox 2145 4085 3807 4181; baseline -0.016 -17"><span class='ocrx_word' id='word_1_643' title='bbox 2145 4124 2343 4181; x_wconf 85' lang='lat' dir='ltr'>peram</span> <span class='ocrx_word' id='word_1_644' title='bbox 2381 4112 2702 4161; x_wconf 76' lang='lat' dir='ltr'>traxerunt.</span> <span class='ocrx_word' id='word_1_645' title='bbox 2754 4098 3199 4171; x_wconf 86' lang='lat' dir='ltr'>Obstrepentibus</span> <span class='ocrx_word' id='word_1_646' title='bbox 3254 4094 3423 4148; x_wconf 88' lang='lat' dir='ltr'>etiam</span> <span class='ocrx_word' id='word_1_647' title='bbox 3478 4085 3807 4181; x_wconf 79' lang='lat' dir='ltr'>quibusdam</span> 
     </span>
    </p>
   </div>
   <div class='ocr_carea' id='block_1_88' title="bbox 2152 4175 3806 4270">
    <p class='ocr_par' dir='ltr' id='par_1_88' title="bbox 2152 4175 3806 4270">
     <span class='ocr_line' id='line_1_88' title="bbox 2152 4175 3806 4270; baseline -0.016 -17"><span class='ocrx_word' id='word_1_648' title='bbox 2152 4175 2545 4270; x_wconf 76' lang='lat' dir='ltr'>spectantibus,</span> <span class='ocrx_word' id='word_1_649' title='bbox 2561 4192 2909 4264; x_wconf 82' lang='lat' dir='ltr'>singulorum</span> <span class='ocrx_word' id='word_1_650' title='bbox 2926 4188 3119 4243; x_wconf 88' lang='lat' dir='ltr'>nubilo</span> <span class='ocrx_word' id='word_1_651' title='bbox 3137 4184 3371 4256; x_wconf 88' lang='lat' dir='ltr'>quodam</span> <span class='ocrx_word' id='word_1_652' title='bbox 3404 4175 3806 4270; x_wconf 76' lang='lat' dir='ltr'>veritasobum-</span> 
     </span>
    </p>
   </div>
   <div class='ocr_carea' id='block_1_89' title="bbox 2155 4265 3803 4352">
    <p class='ocr_par' dir='ltr' id='par_1_89' title="bbox 2155 4265 3803 4352">
     <span class='ocr_line' id='line_1_89' title="bbox 2155 4265 3803 4352; baseline -0.016 -10"><span class='ocrx_word' id='word_1_653' title='bbox 2155 4265 2443 4342; x_wconf 37' lang='lat' dir='ltr'>b&#39;rabatur.</span> <span class='ocrx_word' id='word_1_654' title='bbox 2467 4284 2690 4339; x_wconf 87' lang='lat' dir='ltr'>Placuit</span> <span class='ocrx_word' id='word_1_655' title='bbox 2718 4296 2864 4352; x_wconf 88' lang='lat' dir='ltr'>ergo,</span> <span class='ocrx_word' id='word_1_656' title='bbox 2897 4277 3037 4350; x_wconf 88' lang='lat' dir='ltr'>quod</span> <span class='ocrx_word' id='word_1_657' title='bbox 3056 4291 3156 4348; x_wconf 90' lang='lat' dir='ltr'>per</span> <span class='ocrx_word' id='word_1_658' title='bbox 3192 4278 3516 4329; x_wconf 82' lang='lat' dir='ltr'>concentum</span> <span class='ocrx_word' id='word_1_659' title='bbox 3556 4265 3803 4337; x_wconf 86' lang='lat' dir='ltr'>disputa-</span> 
     </span>
    </p>
   </div>
   <div class='ocr_carea' id='block_1_90' title="bbox 2156 4356 3802 4443">
    <p class='ocr_par' dir='ltr' id='par_1_90' title="bbox 2156 4356 3802 4443">
     <span class='ocr_line' id='line_1_90' title="bbox 2156 4356 3802 4443; baseline -0.015 -12"><span class='ocrx_word' id='word_1_660' title='bbox 2156 4375 2316 4431; x_wconf 89' lang='lat' dir='ltr'>tionis</span> <span class='ocrx_word' id='word_1_661' title='bbox 2346 4375 2535 4429; x_wconf 88' lang='lat' dir='ltr'>minus</span> <span class='ocrx_word' id='word_1_662' title='bbox 2561 4373 2726 4443; x_wconf 86' lang='lat' dir='ltr'>plene</span> <span class='ocrx_word' id='word_1_663' title='bbox 2744 4369 2922 4441; x_wconf 68' lang='lat' dir='ltr'>potuit</span> <span class='ocrx_word' id='word_1_664' title='bbox 2952 4364 3244 4427; x_wconf 88' lang='lat' dir='ltr'>elucidari,</span> <span class='ocrx_word' id='word_1_665' title='bbox 3265 4359 3465 4431; x_wconf 88' lang='lat' dir='ltr'>inspici</span> <span class='ocrx_word' id='word_1_666' title='bbox 3510 4356 3802 4421; x_wconf 87' lang='lat' dir='ltr'>curiosius,</span> 
     </span>
    </p>
   </div>
   <div class='ocr_carea' id='block_1_91' title="bbox 2156 4444 3802 4532">
    <p class='ocr_par' dir='ltr' id='par_1_91' title="bbox 2156 4444 3802 4532">
     <span class='ocr_line' id='line_1_91' title="bbox 2156 4444 3802 4532; baseline -0.016 -11"><span class='ocrx_word' id='word_1_667' title='bbox 2156 4474 2210 4521; x_wconf 89' lang='lat' dir='ltr'>et</span> <span class='ocrx_word' id='word_1_668' title='bbox 2257 4464 2502 4519; x_wconf 84' lang='lat' dir='ltr'>lectionis</span> <span class='ocrx_word' id='word_1_669' title='bbox 2533 4459 2683 4532; x_wconf 83' lang='lat' dir='ltr'>style</span> <span class='ocrx_word' id='word_1_670' title='bbox 2730 4457 3043 4529; x_wconf 72' lang='lat' dir='ltr'>quaestiones</span> <span class='ocrx_word' id='word_1_671' title='bbox 3100 4457 3430 4507; x_wconf 88' lang='lat' dir='ltr'>retractatas</span> <span class='ocrx_word' id='word_1_672' title='bbox 3488 4444 3802 4532; x_wconf 78' lang='lat' dir='ltr'>terminare.</span> 
     </span>
    </p>
   </div>
   <div class='ocr_carea' id='block_1_92' title="bbox 401 4530 3806 4629">
    <p class='ocr_par' dir='ltr' id='par_1_92' title="bbox 401 4530 3806 4629">
     <span class='ocr_line' id='line_1_92' title="bbox 401 4530 3806 4629; baseline -0.008 -18"><span class='ocrx_word' id='word_1_673' title='bbox 401 4557 729 4626; x_wconf 69' lang='lat' dir='ltr'>Caracallte,</span> <span class='ocrx_word' id='word_1_674' title='bbox 764 4558 865 4627; x_wconf 90' lang='lat' dir='ltr'>qui</span> <span class='ocrx_word' id='word_1_675' title='bbox 891 4558 949 4614; x_wconf 90' lang='lat' dir='ltr'>in</span> <span class='ocrx_word' id='word_1_676' title='bbox 987 4558 1293 4629; x_wconf 84' lang='lat' dir='ltr'>plerosque</span> <span class='ocrx_word' id='word_1_677' title='bbox 1324 4556 1544 4611; x_wconf 90' lang='lat' dir='ltr'>amicos</span> <span class='ocrx_word' id='word_1_678' title='bbox 1576 4556 1757 4628; x_wconf 87' lang='lat' dir='ltr'>patris</span> <span class='ocrx_word' id='word_1_679' title='bbox 1788 4556 1881 4611; x_wconf 90' lang='lat' dir='ltr'>sui</span> <span class='ocrx_word' id='word_1_680' title='bbox 1932 4557 2052 4611; x_wconf 84' lang='lat' dir='ltr'>ani-</span> <span class='ocrx_word' id='word_1_681' title='bbox 2081 4541 2127 4605; x_wconf 86' lang='lat' dir='ltr'><strong>D</strong></span> <span class='ocrx_word' id='word_1_682' title='bbox 2159 4556 2221 4610; x_wconf 91' lang='lat' dir='ltr'>In</span> <span class='ocrx_word' id='word_1_683' title='bbox 2255 4570 2370 4625; x_wconf 90' lang='lat' dir='ltr'>quo</span> <span class='ocrx_word' id='word_1_684' title='bbox 2393 4552 2545 4607; x_wconf 85' lang='lat' dir='ltr'>inter</span> <span class='ocrx_word' id='word_1_685' title='bbox 2575 4558 2779 4605; x_wconf 69' lang='lat' dir='ltr'>caatera</span> <span class='ocrx_word' id='word_1_686' title='bbox 2836 4542 3237 4601; x_wconf 87' lang='lat' dir='ltr'>annotandum</span> <span class='ocrx_word' id='word_1_687' title='bbox 3292 4536 3469 4629; x_wconf 81' lang='lat' dir='ltr'>venit,</span> <span class='ocrx_word' id='word_1_688' title='bbox 3530 4532 3683 4629; x_wconf 75' lang='lat' dir='ltr'>quod</span> <span class='ocrx_word' id='word_1_689' title='bbox 3735 4530 3806 4629; x_wconf 76' lang='lat' dir='ltr'>de</span> 
     </span>
    </p>
   </div>
   <div class='ocr_carea' id='block_1_93' title="bbox 405 4644 2050 4717">
    <p class='ocr_par' dir='ltr' id='par_1_93' title="bbox 405 4644 2050 4717">
     <span class='ocr_line' id='line_1_93' title="bbox 405 4644 2050 4717; baseline 0.001 -17"><span class='ocrx_word' id='word_1_690' title='bbox 405 4647 731 4702; x_wconf 85' lang='lat' dir='ltr'>madvertit.</span> <span class='ocrx_word' id='word_1_691' title='bbox 754 4647 929 4716; x_wconf 87' lang='lat' dir='ltr'>Atqui</span> <span class='ocrx_word' id='word_1_692' title='bbox 953 4662 1083 4701; x_wconf 90' lang='lat' dir='ltr'>cum</span> <span class='ocrx_word' id='word_1_693' title='bbox 1117 4645 1209 4700; x_wconf 90' lang='lat' dir='ltr'>his</span> <span class='ocrx_word' id='word_1_694' title='bbox 1231 4646 1390 4701; x_wconf 89' lang='lat' dir='ltr'>Coss.</span> <span class='ocrx_word' id='word_1_695' title='bbox 1428 4644 1646 4716; x_wconf 88' lang='lat' dir='ltr'>scripta</span> <span class='ocrx_word' id='word_1_696' title='bbox 1685 4646 1763 4701; x_wconf 89' lang='lat' dir='ltr'>sit</span> <span class='ocrx_word' id='word_1_697' title='bbox 1791 4645 1973 4717; x_wconf 89' lang='lat' dir='ltr'>Epist.</span> <span class='ocrx_word' id='word_1_698' title='bbox 2009 4663 2050 4701; x_wconf 82' lang='grc' dir='ltr'>ιι</span> 
     </span>
    </p>
   </div>
   <div class='ocr_carea' id='block_1_94' title="bbox 403 4734 2052 4807">
    <p class='ocr_par' dir='ltr' id='par_1_94' title="bbox 403 4734 2052 4807">
     <span class='ocr_line' id='line_1_94' title="bbox 403 4734 2052 4807; baseline 0 -18"><span class='ocrx_word' id='word_1_699' title='bbox 403 4740 462 4790; x_wconf 91' lang='lat' dir='ltr'>S.</span> <span class='ocrx_word' id='word_1_700' title='bbox 495 4734 743 4791; x_wconf 90' lang='lat' dir='ltr'>Victoris</span> <span class='ocrx_word' id='word_1_701' title='bbox 775 4736 937 4791; x_wconf 81' lang='lat' dir='ltr'>Rom.</span> <span class='ocrx_word' id='word_1_702' title='bbox 994 4739 1161 4789; x_wconf 88' lang='lat' dir='ltr'>Pent.</span> <span class='ocrx_word' id='word_1_703' title='bbox 1212 4735 1284 4790; x_wconf 90' lang='lat' dir='ltr'>ad</span> <span class='ocrx_word' id='word_1_704' title='bbox 1340 4734 1507 4789; x_wconf 87' lang='lat' dir='ltr'>Afros</span> <span class='ocrx_word' id='word_1_705' title='bbox 1568 4734 1877 4807; x_wconf 87' lang='lat' dir='ltr'>Episcopos</span> <span class='ocrx_word' id='word_1_706' title='bbox 1916 4736 2052 4790; x_wconf 88' lang='lat' dir='ltr'>data</span> 
     </span>
    </p>
   </div>
   <div class='ocr_carea' id='block_1_95' title="bbox 404 4822 2052 4897">
    <p class='ocr_par' dir='ltr' id='par_1_95' title="bbox 404 4822 2052 4897">
     <span class='ocr_line' id='line_1_95' title="bbox 404 4822 2052 4897; baseline -0.001 -19"><span class='ocrx_word' id='word_1_707' title='bbox 404 4823 532 4879; x_wconf 88' lang='lat' dir='ltr'>Kal.</span> <span class='ocrx_word' id='word_1_708' title='bbox 566 4825 861 4897; x_wconf 90' lang='lat' dir='ltr'>Septemb.</span> <span class='ocrx_word' id='word_1_709' title='bbox 894 4827 950 4879; x_wconf 92' lang='lat' dir='ltr'>et</span> <span class='ocrx_word' id='word_1_710' title='bbox 1000 4824 1182 4894; x_wconf 89' lang='lat' dir='ltr'>Epist.</span> <span class='ocrx_word' id='word_1_711' title='bbox 1243 4824 1301 4879; x_wconf 93' lang='lat' dir='ltr'>S.</span> <span class='ocrx_word' id='word_1_712' title='bbox 1351 4822 1663 4879; x_wconf 87' lang='lat' dir='ltr'>Eleutherii</span> <span class='ocrx_word' id='word_1_713' title='bbox 1720 4824 2052 4880; x_wconf 89' lang='lat' dir='ltr'>Decessoris</span> 
     </span>
    </p>
   </div>
   <div class='ocr_carea' id='block_1_96' title="bbox 407 4912 2053 4983">
    <p class='ocr_par' dir='ltr' id='par_1_96' title="bbox 407 4912 2053 4983">
     <span class='ocr_line' id='line_1_96' title="bbox 407 4912 2053 4983; baseline 0 -14"><span class='ocrx_word' id='word_1_714' title='bbox 407 4913 553 4983; x_wconf 88' lang='lat' dir='ltr'>ejus.</span> <span class='ocrx_word' id='word_1_715' title='bbox 589 4930 640 4969; x_wconf 85' lang='grc' dir='ltr'><strong><em>ν.</em></strong></span> <span class='ocrx_word' id='word_1_716' title='bbox 679 4915 760 4969; x_wconf 88' lang='lat' dir='ltr'>Id.</span> <span class='ocrx_word' id='word_1_717' title='bbox 792 4912 934 4969; x_wconf 86' lang='lat' dir='ltr'>Julii</span> <span class='ocrx_word' id='word_1_718' title='bbox 966 4914 1227 4969; x_wconf 88' lang='lat' dir='ltr'>Materno</span> <span class='ocrx_word' id='word_1_719' title='bbox 1260 4916 1315 4967; x_wconf 90' lang='lat' dir='ltr'>et</span> <span class='ocrx_word' id='word_1_720' title='bbox 1346 4912 1577 4968; x_wconf 87' lang='lat' dir='ltr'>Bradua</span> <span class='ocrx_word' id='word_1_721' title='bbox 1608 4915 1794 4980; x_wconf 87' lang='lat' dir='ltr'>Coss.,</span> <span class='ocrx_word' id='word_1_722' title='bbox 1855 4930 2053 4970; x_wconf 89' lang='lat' dir='ltr'>neces-</span> 
     </span>
    </p>
   </div>
   <div class='ocr_carea' id='block_1_97' title="bbox 406 5003 2053 5073">
    <p class='ocr_par' dir='ltr' id='par_1_97' title="bbox 406 5003 2053 5073">
     <span class='ocr_line' id='line_1_97' title="bbox 406 5003 2053 5073; baseline -0.001 -14"><span class='ocrx_word' id='word_1_723' title='bbox 406 5005 562 5059; x_wconf 84' lang='lat' dir='ltr'>sario</span> <span class='ocrx_word' id='word_1_724' title='bbox 594 5003 749 5058; x_wconf 88' lang='lat' dir='ltr'>hunc</span> <span class='ocrx_word' id='word_1_725' title='bbox 782 5020 1021 5068; x_wconf 89' lang='lat' dir='ltr'>annum,</span> <span class='ocrx_word' id='word_1_726' title='bbox 1069 5020 1184 5057; x_wconf 89' lang='lat' dir='ltr'>non</span> <span class='ocrx_word' id='word_1_727' title='bbox 1234 5003 1651 5073; x_wconf 64' lang='lat' dir='ltr'>praecedentem</span> <span class='ocrx_word' id='word_1_728' title='bbox 1696 5021 1795 5069; x_wconf 84' lang='lat' dir='ltr'>x11,</span> <span class='ocrx_word' id='word_1_729' title='bbox 1843 5003 2053 5058; x_wconf 89' lang='lat' dir='ltr'>Pontif.</span> 
     </span>
    </p>
   </div>
   <div class='ocr_carea' id='block_1_98' title="bbox 412 5092 2057 5164">
    <p class='ocr_par' dir='ltr' id='par_1_98' title="bbox 412 5092 2057 5164">
     <span class='ocr_line' id='line_1_98' title="bbox 412 5092 2057 5164; baseline -0.001 -16"><span class='ocrx_word' id='word_1_730' title='bbox 412 5092 509 5148; x_wconf 77' lang='lat'><strong>58</strong></span> <span class='ocrx_word' id='word_1_731' title='bbox 542 5094 669 5163; x_wconf 88' lang='lat' dir='ltr'>ejus</span> <span class='ocrx_word' id='word_1_732' title='bbox 698 5093 1153 5164; x_wconf 83' lang='lat' dir='ltr'>designavimus,</span> <span class='ocrx_word' id='word_1_733' title='bbox 1190 5092 1440 5147; x_wconf 82' lang='lat' dir='ltr'>maxime</span> <span class='ocrx_word' id='word_1_734' title='bbox 1472 5093 1627 5163; x_wconf 91' lang='lat' dir='ltr'>quod</span> <span class='ocrx_word' id='word_1_735' title='bbox 1658 5097 1721 5147; x_wconf 89' lang='lat' dir='ltr'>B.</span> <span class='ocrx_word' id='word_1_736' title='bbox 1747 5092 2057 5148; x_wconf 86' lang='lat' dir='ltr'>Damasius</span> 
     </span>
    </p>
   </div>
   <div class='ocr_carea' id='block_1_99' title="bbox 408 5180 2057 5238">
    <p class='ocr_par' dir='ltr' id='par_1_99' title="bbox 408 5180 2057 5238">
     <span class='ocr_line' id='line_1_99' title="bbox 408 5180 2057 5238; baseline 0.001 -4"><span class='ocrx_word' id='word_1_737' title='bbox 408 5180 467 5235; x_wconf 91' lang='lat' dir='ltr'>in</span> <span class='ocrx_word' id='word_1_738' title='bbox 500 5182 665 5236; x_wconf 89' lang='lat' dir='ltr'>Pont.</span> <span class='ocrx_word' id='word_1_739' title='bbox 699 5183 922 5238; x_wconf 87' lang='lat' dir='ltr'>sedisse</span> <span class='ocrx_word' id='word_1_740' title='bbox 943 5181 1234 5237; x_wconf 88' lang='lat' dir='ltr'>Victorem</span> <span class='ocrx_word' id='word_1_741' title='bbox 1259 5181 1476 5236; x_wconf 90' lang='lat' dir='ltr'>scribat</span> <span class='ocrx_word' id='word_1_742' title='bbox 1499 5198 1531 5236; x_wconf 90' lang='lat' dir='ltr'>a</span> <span class='ocrx_word' id='word_1_743' title='bbox 1552 5181 1866 5236; x_wconf 87' lang='lat' dir='ltr'>Consulatu</span> <span class='ocrx_word' id='word_1_744' title='bbox 1887 5183 2057 5237; x_wconf 92' lang='lat' dir='ltr'>Com-</span> 
     </span>
    </p>
   </div>
   <div class='ocr_carea' id='block_1_100' title="bbox 413 5264 2052 5341">
    <p class='ocr_par' dir='ltr' id='par_1_100' title="bbox 413 5264 2052 5341">
     <span class='ocr_line' id='line_1_100' title="bbox 413 5264 2052 5341; baseline 0 -17"><span class='ocrx_word' id='word_1_745' title='bbox 413 5270 571 5325; x_wconf 90' lang='lat' dir='ltr'>modi</span> <span class='ocrx_word' id='word_1_746' title='bbox 603 5287 635 5324; x_wconf 93' lang='lat' dir='ltr'>v</span> <span class='ocrx_word' id='word_1_747' title='bbox 666 5274 721 5325; x_wconf 90' lang='lat' dir='ltr'>et</span> <span class='ocrx_word' id='word_1_748' title='bbox 751 5264 1081 5325; x_wconf 76' lang='lat' dir='ltr'>Glabridnis</span> <span class='ocrx_word' id='word_1_749' title='bbox 1113 5270 1350 5341; x_wconf 89' lang='lat' dir='ltr'>(quibus</span> <span class='ocrx_word' id='word_1_750' title='bbox 1382 5269 1543 5324; x_wconf 91' lang='lat' dir='ltr'>Coss.</span> <span class='ocrx_word' id='word_1_751' title='bbox 1576 5286 1675 5324; x_wconf 86' lang='lat' dir='ltr'>xm</span> <span class='ocrx_word' id='word_1_752' title='bbox 1731 5269 1855 5325; x_wconf 88' lang='lat' dir='ltr'>Kal.</span> <span class='ocrx_word' id='word_1_753' title='bbox 1907 5275 2052 5341; x_wconf 90' lang='lat' dir='ltr'>Aug.</span> 
     </span>
    </p>
   </div>
   <div class='ocr_carea' id='block_1_101' title="bbox 414 5358 2055 5431">
    <p class='ocr_par' dir='ltr' id='par_1_101' title="bbox 414 5358 2055 5431">
     <span class='ocr_line' id='line_1_101' title="bbox 414 5358 2055 5431; baseline -0.001 -18"><span class='ocrx_word' id='word_1_754' title='bbox 414 5359 549 5414; x_wconf 90' lang='lat' dir='ltr'>data</span> <span class='ocrx_word' id='word_1_755' title='bbox 579 5365 667 5414; x_wconf 90' lang='lat' dir='ltr'>est</span> <span class='ocrx_word' id='word_1_756' title='bbox 698 5361 853 5429; x_wconf 91' lang='lat' dir='ltr'>prior</span> <span class='ocrx_word' id='word_1_757' title='bbox 882 5362 1010 5431; x_wconf 87' lang='lat' dir='ltr'>ejus</span> <span class='ocrx_word' id='word_1_758' title='bbox 1057 5359 1238 5429; x_wconf 87' lang='lat' dir='ltr'>Epist.</span> <span class='ocrx_word' id='word_1_759' title='bbox 1302 5359 1372 5412; x_wconf 91' lang='lat' dir='ltr'>ad</span> <span class='ocrx_word' id='word_1_760' title='bbox 1418 5358 1673 5429; x_wconf 91' lang='lat' dir='ltr'>Theoph.</span> <span class='ocrx_word' id='word_1_761' title='bbox 1729 5360 2055 5429; x_wconf 83' lang='lat' dir='ltr'>Alexand.),</span> 
     </span>
    </p>
   </div>
   <div class='ocr_carea' id='block_1_102' title="bbox 420 5447 2059 5521">
    <p class='ocr_par' dir='ltr' id='par_1_102' title="bbox 420 5447 2059 5521">
     <span class='ocr_line' id='line_1_102' title="bbox 420 5447 2059 5521; baseline 0.001 -18"><span class='ocrx_word' id='word_1_762' title='bbox 420 5465 607 5521; x_wconf 90' lang='lat' dir='ltr'>usque</span> <span class='ocrx_word' id='word_1_763' title='bbox 644 5450 714 5504; x_wconf 88' lang='lat' dir='ltr'>ad</span> <span class='ocrx_word' id='word_1_764' title='bbox 750 5449 1092 5505; x_wconf 87' lang='lat' dir='ltr'>Lateranum</span> <span class='ocrx_word' id='word_1_765' title='bbox 1125 5452 1181 5504; x_wconf 88' lang='lat' dir='ltr'>et</span> <span class='ocrx_word' id='word_1_766' title='bbox 1229 5447 1528 5503; x_wconf 84' lang='lat' dir='ltr'>Ruﬁnum.</span> <span class='ocrx_word' id='word_1_767' title='bbox 1578 5448 1631 5501; x_wconf 91' lang='lat' dir='ltr'>A</span> <span class='ocrx_word' id='word_1_768' title='bbox 1678 5448 1801 5504; x_wconf 85' lang='lat' dir='ltr'>Kal.</span> <span class='ocrx_word' id='word_1_769' title='bbox 1864 5452 2059 5505; x_wconf 84' lang='lat' dir='ltr'>autem</span> 
     </span>
    </p>
   </div>
   <div class='ocr_carea' id='block_1_103' title="bbox 417 5535 2058 5608">
    <p class='ocr_par' dir='ltr' id='par_1_103' title="bbox 417 5535 2058 5608">
     <span class='ocr_line' id='line_1_103' title="bbox 417 5535 2058 5608; baseline -0.001 -13"><span class='ocrx_word' id='word_1_770' title='bbox 417 5537 612 5595; x_wconf 89' lang='lat' dir='ltr'>Juniis</span> <span class='ocrx_word' id='word_1_771' title='bbox 661 5538 800 5594; x_wconf 90' lang='lat' dir='ltr'>dicti</span> <span class='ocrx_word' id='word_1_772' title='bbox 858 5537 1224 5601; x_wconf 91' lang='lat' dir='ltr'>consulatus,</span> <span class='ocrx_word' id='word_1_773' title='bbox 1284 5553 1400 5608; x_wconf 90' lang='lat' dir='ltr'>quo</span> <span class='ocrx_word' id='word_1_774' title='bbox 1457 5535 1549 5592; x_wconf 90' lang='lat' dir='ltr'>die</span> <span class='ocrx_word' id='word_1_775' title='bbox 1608 5540 1837 5595; x_wconf 88' lang='lat' dir='ltr'>creatus</span> <span class='ocrx_word' id='word_1_776' title='bbox 1892 5537 2058 5594; x_wconf 85' lang='lat' dir='ltr'>Pont.</span> 
     </span>
    </p>
   </div>
   <div class='ocr_carea' id='block_1_104' title="bbox 422 5626 2062 5702">
    <p class='ocr_par' dir='ltr' id='par_1_104' title="bbox 422 5626 2062 5702">
     <span class='ocr_line' id='line_1_104' title="bbox 422 5626 2062 5702; baseline 0 -17"><span class='ocrx_word' id='word_1_777' title='bbox 422 5644 609 5701; x_wconf 87' lang='lat' dir='ltr'>usque</span> <span class='ocrx_word' id='word_1_778' title='bbox 631 5628 701 5685; x_wconf 89' lang='lat' dir='ltr'>ad</span> <span class='ocrx_word' id='word_1_779' title='bbox 735 5645 770 5685; x_wconf 92' lang='lat' dir='ltr'>v</span> <span class='ocrx_word' id='word_1_780' title='bbox 801 5628 919 5685; x_wconf 82' lang='lat' dir='ltr'>Kal.</span> <span class='ocrx_word' id='word_1_781' title='bbox 954 5626 1201 5702; x_wconf 84' lang='lat' dir='ltr'>Augusti</span> <span class='ocrx_word' id='word_1_782' title='bbox 1235 5642 1373 5684; x_wconf 78' lang='lat' dir='ltr'>anni</span> <span class='ocrx_word' id='word_1_783' title='bbox 1394 5626 1717 5700; x_wconf 88' lang='lat' dir='ltr'>sequentis,</span> <span class='ocrx_word' id='word_1_784' title='bbox 1740 5627 2062 5686; x_wconf 86' lang='lat' dir='ltr'>conﬁciun-</span> 
     </span>
    </p>
   </div>
   <div class='ocr_carea' id='block_1_105' title="bbox 2160 4618 3805 4709">
    <p class='ocr_par' dir='ltr' id='par_1_105' title="bbox 2160 4618 3805 4709">
     <span class='ocr_line' id='line_1_105' title="bbox 2160 4618 3805 4709; baseline -0.016 -10"><span class='ocrx_word' id='word_1_785' title='bbox 2160 4618 2437 4699; x_wconf 76' lang='lat' dir='ltr'>dilatione</span> <span class='ocrx_word' id='word_1_786' title='bbox 2469 4639 2601 4695; x_wconf 88' lang='lat' dir='ltr'>ﬁdei</span> <span class='ocrx_word' id='word_1_787' title='bbox 2634 4654 2737 4709; x_wconf 83' lang='lat' dir='ltr'>per</span> <span class='ocrx_word' id='word_1_788' title='bbox 2764 4634 3101 4691; x_wconf 89' lang='lat' dir='ltr'>universum</span> <span class='ocrx_word' id='word_1_789' title='bbox 3134 4644 3280 4700; x_wconf 89' lang='lat' dir='ltr'>pene</span> <span class='ocrx_word' id='word_1_790' title='bbox 3310 4625 3511 4681; x_wconf 91' lang='lat' dir='ltr'>orbem</span> <span class='ocrx_word' id='word_1_791' title='bbox 3556 4623 3681 4692; x_wconf 90' lang='lat' dir='ltr'>jam</span> <span class='ocrx_word' id='word_1_792' title='bbox 3732 4618 3805 4673; x_wconf 87' lang='lat' dir='ltr'>ab</span> 
     </span>
    </p>
   </div>
   <div class='ocr_carea' id='block_1_106' title="bbox 2161 4709 3804 4804">
    <p class='ocr_par' dir='ltr' id='par_1_106' title="bbox 2161 4709 3804 4804">
     <span class='ocr_line' id='line_1_106' title="bbox 2161 4709 3804 4804; baseline -0.018 -13"><span class='ocrx_word' id='word_1_793' title='bbox 2161 4752 2229 4790; x_wconf 90' lang='lat' dir='ltr'>ea</span> <span class='ocrx_word' id='word_1_794' title='bbox 2258 4738 2427 4789; x_wconf 72' lang='lat' dir='ltr'>aetate</span> <span class='ocrx_word' id='word_1_795' title='bbox 2458 4731 2702 4804; x_wconf 89' lang='lat' dir='ltr'>pulchre</span> <span class='ocrx_word' id='word_1_796' title='bbox 2732 4725 2986 4784; x_wconf 89' lang='lat' dir='ltr'>deducit.</span> <span class='ocrx_word' id='word_1_797' title='bbox 3050 4724 3109 4778; x_wconf 88' lang='lat' dir='ltr'>In</span> <span class='ocrx_word' id='word_1_798' title='bbox 3148 4735 3310 4793; x_wconf 86' lang='lat' dir='ltr'>quem</span> <span class='ocrx_word' id='word_1_799' title='bbox 3367 4709 3804 4804; x_wconf 27' lang='lat' dir='ltr'>enim-inquit,</span> 
     </span>
    </p>
   </div>
   <div class='ocr_carea' id='block_1_107' title="bbox 2161 4801 3810 4888">
    <p class='ocr_par' dir='ltr' id='par_1_107' title="bbox 2161 4801 3810 4888">
     <span class='ocr_line' id='line_1_107' title="bbox 2161 4801 3810 4888; baseline -0.016 -10"><span class='ocrx_word' id='word_1_800' title='bbox 2161 4824 2338 4878; x_wconf 89' lang='lat' dir='ltr'>alium</span> <span class='ocrx_word' id='word_1_801' title='bbox 2381 4801 2659 4877; x_wconf 68' lang='lat' dir='ltr'>universae</span> <span class='ocrx_word' id='word_1_802' title='bbox 2714 4820 2897 4888; x_wconf 86' lang='lat' dir='ltr'>gentes</span> <span class='ocrx_word' id='word_1_803' title='bbox 2943 4810 3319 4878; x_wconf 84' lang='lat' dir='ltr'>crediderunt,</span> <span class='ocrx_word' id='word_1_804' title='bbox 3370 4806 3484 4860; x_wconf 86' lang='lat' dir='ltr'>nisi</span> <span class='ocrx_word' id='word_1_805' title='bbox 3533 4801 3810 4888; x_wconf 77' lang='lat' dir='ltr'>Christum</span> 
     </span>
    </p>
   </div>
   <div class='ocr_carea' id='block_1_108' title="bbox 2164 4885 3809 4987">
    <p class='ocr_par' dir='ltr' id='par_1_108' title="bbox 2164 4885 3809 4987">
     <span class='ocr_line' id='line_1_108' title="bbox 2164 4885 3809 4987; baseline -0.016 -20"><span class='ocrx_word' id='word_1_806' title='bbox 2164 4915 2260 4984; x_wconf 89' lang='lat' dir='ltr'>qui</span> <span class='ocrx_word' id='word_1_807' title='bbox 2278 4915 2397 4985; x_wconf 90' lang='lat' dir='ltr'>jam</span> <span class='ocrx_word' id='word_1_808' title='bbox 2420 4912 2571 4966; x_wconf 87' lang='lat' dir='ltr'>venit</span> <span class='ocrx_word' id='word_1_809' title='bbox 2590 4913 2680 4963; x_wconf 73' lang='lat'>.9...</span> <span class='ocrx_word' id='word_1_810' title='bbox 2715 4885 2936 4969; x_wconf 77' lang='lat' dir='ltr'>Parthi,</span> <span class='ocrx_word' id='word_1_811' title='bbox 2974 4901 3136 4966; x_wconf 82' lang='lat' dir='ltr'>Medi,</span> <span class='ocrx_word' id='word_1_812' title='bbox 3168 4898 3435 4961; x_wconf 63' lang='lat' dir='ltr'>Elamitw,</span> <span class='ocrx_word' id='word_1_813' title='bbox 3469 4897 3577 4948; x_wconf 91' lang='lat' dir='ltr'>etc.</span> <span class='ocrx_word' id='word_1_814' title='bbox 3623 4885 3809 4987; x_wconf 60' lang='lat' dir='ltr'>(ibid,</span> 
     </span>
    </p>
   </div>
   <div class='ocr_carea' id='block_1_109' title="bbox 2166 4985 3813 5071">
    <p class='ocr_par' dir='ltr' id='par_1_109' title="bbox 2166 4985 3813 5071">
     <span class='ocr_line' id='line_1_109' title="bbox 2166 4985 3813 5071; baseline -0.017 -14"><span class='ocrx_word' id='word_1_815' title='bbox 2166 5019 2216 5057; x_wconf 93' lang='lat' dir='ltr'>c.</span> <span class='ocrx_word' id='word_1_816' title='bbox 2246 5003 2325 5071; x_wconf 90' lang='lat'>7),</span> <span class='ocrx_word' id='word_1_817' title='bbox 2348 5000 2522 5057; x_wconf 88' lang='lat' dir='ltr'>sicuti</span> <span class='ocrx_word' id='word_1_818' title='bbox 2554 4998 2770 5069; x_wconf 89' lang='lat' dir='ltr'>legitur</span> <span class='ocrx_word' id='word_1_819' title='bbox 2801 4999 2926 5049; x_wconf 83' lang='lat' dir='ltr'>Act.</span> <span class='ocrx_word' id='word_1_820' title='bbox 2970 4994 3025 5057; x_wconf 91' lang='lat'>2,</span> <span class='ocrx_word' id='word_1_821' title='bbox 3049 4998 3101 5044; x_wconf 88' lang='lat' dir='ltr'>et</span> <span class='ocrx_word' id='word_1_822' title='bbox 3134 4996 3345 5043; x_wconf 67' lang='lat' dir='ltr'>caetera;</span> <span class='ocrx_word' id='word_1_823' title='bbox 3372 4988 3581 5055; x_wconf 87' lang='lat' dir='ltr'>gentes,</span> <span class='ocrx_word' id='word_1_824' title='bbox 3612 4985 3813 5071; x_wconf 31' lang='lat' dir='ltr'>ut‘jam</span> 
     </span>
    </p>
   </div>
   <div class='ocr_carea' id='block_1_110' title="bbox 2167 5067 3812 5149">
    <p class='ocr_par' dir='ltr' id='par_1_110' title="bbox 2167 5067 3812 5149">
     <span class='ocr_line' id='line_1_110' title="bbox 2167 5067 3812 5149; baseline -0.018 -1"><span class='ocrx_word' id='word_1_825' title='bbox 2167 5067 2491 5148; x_wconf 75' lang='lat' dir='ltr'>Catulorum</span> <span class='ocrx_word' id='word_1_826' title='bbox 2532 5067 2847 5149; x_wconf 72' lang='lat' dir='ltr'>varietates,</span> <span class='ocrx_word' id='word_1_827' title='bbox 2905 5089 2961 5136; x_wconf 87' lang='lat' dir='ltr'>et</span> <span class='ocrx_word' id='word_1_828' title='bbox 3019 5078 3336 5132; x_wconf 84' lang='lat' dir='ltr'>Maurorum</span> <span class='ocrx_word' id='word_1_829' title='bbox 3400 5071 3568 5127; x_wconf 87' lang='lat' dir='ltr'>multi</span> <span class='ocrx_word' id='word_1_830' title='bbox 3649 5067 3812 5137; x_wconf 82' lang='lat' dir='ltr'>ﬁnes.</span> 
     </span>
    </p>
   </div>
   <div class='ocr_carea' id='block_1_111' title="bbox 2167 5160 3815 5251">
    <p class='ocr_par' dir='ltr' id='par_1_111' title="bbox 2167 5160 3815 5251">
     <span class='ocr_line' id='line_1_111' title="bbox 2167 5160 3815 5251; baseline -0.017 -15"><span class='ocrx_word' id='word_1_831' title='bbox 2167 5181 2563 5251; x_wconf 83' lang='lat' dir='ltr'>Hispaniarum</span> <span class='ocrx_word' id='word_1_832' title='bbox 2583 5191 2767 5233; x_wconf 87' lang='lat' dir='ltr'>omnes</span> <span class='ocrx_word' id='word_1_833' title='bbox 2789 5170 3036 5237; x_wconf 84' lang='lat' dir='ltr'>termini,</span> <span class='ocrx_word' id='word_1_834' title='bbox 3062 5171 3114 5221; x_wconf 87' lang='lat' dir='ltr'>et</span> <span class='ocrx_word' id='word_1_835' title='bbox 3136 5164 3440 5220; x_wconf 86' lang='lat' dir='ltr'>Galliarum</span> <span class='ocrx_word' id='word_1_836' title='bbox 3461 5160 3693 5251; x_wconf 53' lang='lat' dir='ltr'>diversae</span> <span class='ocrx_word' id='word_1_837' title='bbox 3714 5170 3815 5208; x_wconf 86' lang='lat' dir='ltr'>na-</span> 
     </span>
    </p>
   </div>
   <div class='ocr_carea' id='block_1_112' title="bbox 2166 5246 3815 5339">
    <p class='ocr_par' dir='ltr' id='par_1_112' title="bbox 2166 5246 3815 5339">
     <span class='ocr_line' id='line_1_112' title="bbox 2166 5246 3815 5339; baseline -0.016 -15"><span class='ocrx_word' id='word_1_838' title='bbox 2166 5246 2358 5339; x_wconf 81' lang='lat' dir='ltr'>tiones,</span> <span class='ocrx_word' id='word_1_839' title='bbox 2392 5268 2491 5325; x_wconf 79' lang='lat'>59</span> <span class='ocrx_word' id='word_1_840' title='bbox 2521 5276 2569 5322; x_wconf 89' lang='lat' dir='ltr'>et</span> <span class='ocrx_word' id='word_1_841' title='bbox 2597 5267 2986 5320; x_wconf 84' lang='lat' dir='ltr'>Britannorum</span> <span class='ocrx_word' id='word_1_842' title='bbox 3044 5258 3321 5310; x_wconf 81' lang='lat' dir='ltr'>inaccessa</span> <span class='ocrx_word' id='word_1_843' title='bbox 3366 5249 3627 5309; x_wconf 81' lang='lat' dir='ltr'>Romanis</span> <span class='ocrx_word' id='word_1_844' title='bbox 3677 5246 3815 5339; x_wconf 80' lang='lat' dir='ltr'>loca,</span> 
     </span>
    </p>
   </div>
   <div class='ocr_carea' id='block_1_113' title="bbox 2172 5336 3820 5421">
    <p class='ocr_par' dir='ltr' id='par_1_113' title="bbox 2172 5336 3820 5421">
     <span class='ocr_line' id='line_1_113' title="bbox 2172 5336 3820 5421; baseline -0.016 -8"><span class='ocrx_word' id='word_1_845' title='bbox 2172 5336 2353 5413; x_wconf 13' lang='lat' dir='ltr'>Crista:</span> <span class='ocrx_word' id='word_1_846' title='bbox 2369 5373 2499 5414; x_wconf 86' lang='lat' dir='ltr'>vero</span> <span class='ocrx_word' id='word_1_847' title='bbox 2526 5355 2762 5421; x_wconf 87' lang='lat' dir='ltr'>subdita,</span> <span class='ocrx_word' id='word_1_848' title='bbox 2795 5358 2845 5406; x_wconf 90' lang='lat' dir='ltr'>et</span> <span class='ocrx_word' id='word_1_849' title='bbox 2876 5350 3286 5411; x_wconf 87' lang='lat' dir='ltr'>Sarmatarum,</span> <span class='ocrx_word' id='word_1_850' title='bbox 3338 5348 3389 5396; x_wconf 90' lang='lat' dir='ltr'>et</span> <span class='ocrx_word' id='word_1_851' title='bbox 3436 5343 3712 5394; x_wconf 84' lang='lat' dir='ltr'>Dacorum</span> <span class='ocrx_word' id='word_1_852' title='bbox 3769 5336 3820 5387; x_wconf 88' lang='lat' dir='ltr'>et</span> 
     </span>
    </p>
   </div>
   <div class='ocr_carea' id='block_1_114' title="bbox 2173 5425 3820 5512">
    <p class='ocr_par' dir='ltr' id='par_1_114' title="bbox 2173 5425 3820 5512">
     <span class='ocr_line' id='line_1_114' title="bbox 2173 5425 3820 5512; baseline -0.018 -8"><span class='ocrx_word' id='word_1_853' title='bbox 2173 5446 2590 5511; x_wconf 88' lang='lat' dir='ltr'>Germanorum,</span> <span class='ocrx_word' id='word_1_854' title='bbox 2624 5452 2675 5499; x_wconf 91' lang='lat' dir='ltr'>et</span> <span class='ocrx_word' id='word_1_855' title='bbox 2704 5438 3061 5512; x_wconf 80' lang='lat' dir='ltr'>Scytharum,</span> <span class='ocrx_word' id='word_1_856' title='bbox 3092 5442 3143 5490; x_wconf 90' lang='lat' dir='ltr'>et</span> <span class='ocrx_word' id='word_1_857' title='bbox 3173 5431 3486 5487; x_wconf 86' lang='lat' dir='ltr'>abditarum</span> <span class='ocrx_word' id='word_1_858' title='bbox 3515 5425 3820 5482; x_wconf 86' lang='lat' dir='ltr'>multarum</span> 
     </span>
    </p>
   </div>
   <div class='ocr_carea' id='block_1_115' title="bbox 2170 5514 3824 5609">
    <p class='ocr_par' dir='ltr' id='par_1_115' title="bbox 2170 5514 3824 5609">
     <span class='ocr_line' id='line_1_115' title="bbox 2170 5514 3824 5609; baseline -0.017 -16"><span class='ocrx_word' id='word_1_859' title='bbox 2170 5538 2438 5609; x_wconf 83' lang='lat' dir='ltr'>gentium,</span> <span class='ocrx_word' id='word_1_860' title='bbox 2479 5542 2529 5589; x_wconf 86' lang='lat' dir='ltr'>et</span> <span class='ocrx_word' id='word_1_861' title='bbox 2562 5530 2987 5605; x_wconf 85' lang='lat' dir='ltr'>provinciarum</span> <span class='ocrx_word' id='word_1_862' title='bbox 3031 5530 3082 5580; x_wconf 89' lang='lat' dir='ltr'>et</span> <span class='ocrx_word' id='word_1_863' title='bbox 3131 5520 3475 5609; x_wconf 73' lang='lat' dir='ltr'>insularum</span> <span class='ocrx_word' id='word_1_864' title='bbox 3513 5514 3824 5570; x_wconf 83' lang='lat' dir='ltr'>multarum</span> 
     </span>
    </p>
   </div>
   <div class='ocr_carea' id='block_1_116' title="bbox 2170 5606 3824 5697">
    <p class='ocr_par' dir='ltr' id='par_1_116' title="bbox 2170 5606 3824 5697">
     <span class='ocr_line' id='line_1_116' title="bbox 2170 5606 3824 5697; baseline -0.018 -13"><span class='ocrx_word' id='word_1_865' title='bbox 2170 5606 2327 5687; x_wconf 77' lang='lat' dir='ltr'>nobis</span> <span class='ocrx_word' id='word_1_866' title='bbox 2358 5626 2671 5697; x_wconf 86' lang='lat' dir='ltr'>ignotarum</span> <span class='ocrx_word' id='word_1_867' title='bbox 2695 5640 2714 5679; x_wconf 90' lang='lat'>:</span> <span class='ocrx_word' id='word_1_868' title='bbox 2747 5627 2800 5679; x_wconf 88' lang='lat' dir='ltr'>et</span> <span class='ocrx_word' id='word_1_869' title='bbox 2850 5631 2978 5693; x_wconf 51' lang='lat' dir='ltr'>qua</span> <span class='ocrx_word' id='word_1_870' title='bbox 3032 5623 3355 5672; x_wconf 88' lang='lat' dir='ltr'>enumerare</span> <span class='ocrx_word' id='word_1_871' title='bbox 3393 5606 3581 5662; x_wconf 86' lang='lat' dir='ltr'>minus</span> <span class='ocrx_word' id='word_1_872' title='bbox 3621 5615 3824 5676; x_wconf 83' lang='lat' dir='ltr'>possu-</span> 
     </span>
    </p>
   </div>
  </div>
