4148 6188
280 325 361 385 97
1606 311 2140 377 TERTULLIANI
2187 311 2396 374 VITA.
3625 325 3707 386 98

288 469 451 517 mus;
482 456 542 511 in
571 454 773 526 quibus
803 454 1057 508 omnibus
1086 453 1215 507 locis
1236 452 1445 508 Christi
1471 464 1667 508 nomen
1698 449 1796 521 qui
1818 447 1938 517 jam
1969 445 2025 511 Α
2054 442 2275 498 bellum
2301 443 2636 513 Arabicum,
2670 445 3006 501 Parthicum
3039 452 3095 502 et
3119 450 3531 510 Adiabenicum
3575 473 3705 527 pro-

288 546 436 600 venit
465 546 716 612 regnat?
745 541 845 596 Est
875 545 931 597 et
970 540 1113 595 illud
1148 542 1217 595 de
1251 540 1470 594 ﬁnibus
1502 536 1736 610 Imperii
1769 536 1936 590 Rom.

291 640 418 689 tum
451 632 736 704 temporis
768 631 1053 686 memoria
1095 630 1339 701 dignum
1394 644 1407 684 :
1457 627 1726 683 Germani
1768 624 1944 679 adhuc

292 739 469 794 usque
500 724 709 777 limites
764 719 1075 791 transgredi
1128 735 1240 773 non
1290 720 1573 773 sinuntur.
1634 714 1945 769 Britanniw

294 816 449 868 intra
502 810 709 867 Oceani
757 811 1027 864 ambitum
1071 809 1336 863 conclusae
1420 810 1565 861 sunt.
1636 807 1949 861 Maurorum

289 918 445 972 gens,
478 906 529 955 et
561 900 905 957 Getulorum
936 898 1218 953 barbaries
1245 915 1278 951 a
1330 897 1583 951 Romanis
1612 895 1949 963 obsidentur,

288 1008 362 1048 ns
393 992 690 1063 regionum
714 1005 946 1043 suarum
969 989 1108 1058 ﬁnes
1130 986 1577 1056 excedant.Quid
1597 987 1664 1040 de
1694 983 1950 1040 Romanis

288 1082 501 1147 dicam,
536 1081 631 1150 qui
661 1078 725 1132 de
756 1079 1034 1148 legionum
1076 1094 1308 1131 suarum
1336 1075 1613 1147 praesidiis
1646 1079 1947 1144 Imperium

288 1187 458 1225 suum
485 1169 769 1233 muniunt,
801 1183 900 1222 nec
922 1171 1081 1221 trans
1109 1167 1243 1222 istas
1270 1174 1454 1237 gentes
1481 1166 1769 1236 porrigere
1807 1165 1951 1219 vires

286 1261 457 1328 regni
483 1258 576 1313 sui
603 1260 867 1329 possunt?
896 1256 1057 1319 Quod
1091 1256 1287 1326 ipsum
1305 1254 1627 1323 attingitde
1644 1252 1950 1307 Germanis

294 1348 694 1403 Herodianus.
726 1345 864 1400 hist.
893 1346 932 1400 Ι.
962 1346 1018 1411 2,
1042 1347 1182 1400 dum
1218 1346 1493 1400 Severum
1527 1342 1776 1399 electum
1809 1342 1954 1397 dicit

288 1455 399 1510 per
429 1438 722 1492 exercitus
754 1452 980 1501 omnes,
1016 1434 1114 1505 qui
1163 1451 1264 1506 pro
1315 1433 1458 1505 ripis
1506 1431 1758 1487 Danubii
1799 1431 1948 1485 Rhe-

288 1528 479 1599 nique
510 1525 850 1580 coercendis
890 1524 1156 1579 barbaris
1206 1524 1558 1579 excubantes
1610 1522 1773 1576 Rom.
1823 1525 1951 1576 tue-

290 1618 520 1672 bantur
550 1615 699 1686 Imp.
743 1615 811 1668 Et
858 1630 991 1669 vero
1041 1614 1199 1668 hunc
1256 1628 1475 1668 annum
1530 1617 1549 1665 1
1597 1611 1953 1666 collocamus

294 1705 511 1760 Pontif.
545 1708 582 1757 S
614 1703 907 1758 Habuudii
940 1702 1244 1775 Zephyrini
1293 1700 1585 1756 Habundii
1624 1705 1683 1753 F.
1717 1700 1951 1755 natione

2051 532 2199 587 fecto
2219 533 2309 594 (de
2330 549 2445 605 quo
2467 550 2643 603 supra
2665 533 2882 606 latius),
2906 538 3208 593 Antistites
3233 543 3475 597 Romani
3497 548 3710 601 Sacro-

2054 637 2304 691 rumque
2334 622 2495 686 Pont,
2530 622 2868 694 religionem
2904 625 3293 684 Christianam
3328 630 3491 687 initio
3531 650 3706 688 sum-

2056 714 2153 781 pto
2185 726 2217 763 a
2245 716 2299 762 S.
2335 710 2562 765 Victore
2593 712 2756 767 Pont.
2792 716 3059 785 persequi
3088 724 3407 788 pergerent,
3441 721 3710 777 TERTUL-

2058 815 2262 853 manus
2312 800 2380 853 ad
2439 800 2823 856 imitationem
2876 802 3123 859 aliorum
3186 808 3283 879 qui
3344 815 3476 864 ante
3539 829 3599 866 se
3650 814 3706 868 id

2060 889 2335 956 fecerant,
2369 893 2425 943 et
2464 892 2785 961 praisertim
2838 897 2897 946 Β.
2948 894 3164 949 Justini
3215 897 3383 953 Mart.
3421 905 3709 957 APOLOGE-

2054 992 2225 1032 'riceM
2259 995 2364 1033 pno
2396 995 2714 1033 CHRISTINIS
2767 984 3010 1036 Romam
3062 984 3242 1053 misit,
3300 986 3356 1041 in
3419 1006 3555 1061 quo,
3617 990 3704 1045 vel

2059 1068 2360 1121 Lactantio
2399 1072 2567 1133 teste,
2603 1069 2769 1139 plene
2800 1070 2951 1126 hanc
2974 1089 3209 1129 causam
3240 1079 3546 1147 peroravit.
3576 1083 3706 1136 Jam

2060 1160 2194 1211 ante
2224 1161 2421 1210 tamen
2453 1157 2775 1213 discessum
2800 1177 2973 1215 suum
2996 1164 3213 1219 multas
3235 1165 3409 1238 Leges
3440 1185 3470 1222 a
3502 1173 3709 1224 Severo

2060 1250 2117 1300 et
2145 1247 2484 1301 emendatas
2513 1252 2569 1302 et
2600 1247 2925 1319 publicatus
2956 1250 3040 1306 vel
3074 1252 3199 1324 ipse
3232 1261 3435 1311 auctor
3464 1258 3711 1318 indicat:

2060 1336 2269 1401 Nonne,
2303 1335 2513 1407 inquit,
2553 1346 2605 1391 et
2637 1354 2723 1393 vos
2769 1341 3018 1410 quotidie
3064 1347 3453 1412 experimentis
3493 1349 3710 1403 illumi-

2061 1426 2329 1479 nantibus
2350 1426 2601 1481 tenebras
2647 1429 3018 1499 antiquitatis,
3072 1440 3243 1487 lotam
3286 1434 3451 1490 illam
3477 1442 3709 1493 veterem

2062 1522 2112 1569 et
2142 1514 2483 1585 squalentem
2514 1515 2732 1585 sylvam
2765 1518 2964 1589 Legum
2988 1524 3145 1576 novis
3177 1524 3584 1595 Principalium
3619 1529 3716 1583 Re-

2061 1606 2394 1673 scriptorum
2449 1612 2502 1658 et
2554 1605 2867 1661 Edictorum
2921 1612 3199 1666 securibus
3229 1617 3497 1669 truncatis
3525 1619 3575 1671 et
3604 1634 3713 1671 cae-

2065 1692 2241 1747 ditis?
2279 1695 2473 1748 Nonne
2512 1697 2839 1751 vanissimas
2880 1699 3084 1769 Papias
3123 1702 3284 1771 Leges
3333 1703 3455 1774 (ubi
3507 1704 3717 1761 alludit

292 1792 569 1860 Romani,
600 1793 754 1864 quod
790 1792 1061 1847 defuncto
1094 1792 1150 1846 S.
1172 1792 1415 1855 Victore,
1441 1795 1747 1861 postquam
1783 1790 1952 1844 sedes
1988 1825 2035 1889 B
2066 1781 2144 1889 8M1
2166 1782 2644 1889 Lassa-Infamem,
2670 1788 2993 1889 Caprineum,
3024 1787 3099 1889 illa
3122 1790 3336 1889 dictam
3364 1809 3406 1889 εἰ
3427 1794 3551 1889 suis
3578 1794 3717 1849 lato-

291 1887 571 1938 vacasset
602 1882 812 1936 diebus
856 1881 923 1934 12
964 1880 1088 1951 ipse
1119 1884 1350 1934 creatus
1382 1880 1557 1933 fuerit
1588 1896 1639 1932 1v
1674 1879 1807 1931 Idus
1839 1879 1955 1931 Au-

292 1973 484 2048 gusti,
518 1971 611 2025 his
644 1970 792 2043 ipsis
821 1970 984 2025 Coss.
1014 1968 1097 2023 vel
1126 1969 1378 2024 Damaso
1403 1972 1569 2035 teste,
1603 1967 1702 2039 qui
1735 1967 1959 2022 sedisse

234 2102 237 2103 ν
292 2077 436 2116 eum
471 2060 678 2115 scribit
702 2059 1066 2129 temporibus
1098 2059 1291 2113 Severi
1322 2062 1380 2113 et
1407 2056 1704 2122 Antonini,
1738 2074 1767 2111 a
1808 2061 1956 2111 Con-

291 2152 499 2205 sulatu
524 2148 825 2204 Saturnini
858 2152 913 2202 et
942 2146 1114 2209 Galli,
1156 2163 1344 2218 usque
1376 2147 1447 2202 ad
1508 2150 1857 2201 Praesentem
1900 2151 1958 2200 et

292 2239 665 2295 Extricatum
710 2236 1013 2291 Consules.
1062 2236 1362 2299 Quomodo
1411 2235 1646 2290 interim
1695 2236 1955 2289 nondum

292 2329 556 2400 incmpta
602 2324 1004 2395 persecutione
1052 2324 1521 2379 Christianorum
1565 2324 1771 2395 quinta
1808 2326 1962 2379 inter

293 2418 590 2489 Martyres
621 2415 681 2470 S.
706 2415 905 2469 Victor
925 2413 1260 2477 collocetur,
1283 2414 1625 2468 difficultate
1644 2430 1759 2468 non
1778 2417 1955 2478 caret,

295 2522 427 2576 qua
460 2510 519 2559 et
549 2504 867 2559 Eusebium
924 2508 983 2557 et
1036 2500 1182 2557 alios
1239 2502 1724 2574 Chronographos
1756 2503 1957 2566 movit,

297 2602 364 2650 ut
394 2595 454 2648 in
489 2609 712 2648 annum
740 2593 773 2645 8
824 2597 881 2647 et
909 2592 967 2657 9,
998 2596 1099 2647 aut
1146 2592 1212 2645 10
1259 2591 1451 2647 Severi
1501 2592 1628 2659 eius
1660 2591 1959 2646 Pontiﬁca-

297 2690 434 2738 tum
468 2682 844 2753 protendant.
869 2680 1086 2736 Verum
1121 2680 1275 2735 dicta
1305 2696 1436 2735 mea
1464 2684 1521 2734 et
1549 2680 1606 2735 S.
1634 2680 1863 2735 Damasi
1889 2682 1960 2734 de

297 2774 626 2843 utriusque
676 2770 1043 2842 temporibus
1101 2770 1392 2824 sententia
1450 2770 1831 2824 confirmatur
1861 2787 1963 2841 per

296 2863 489 2932 Epist.
526 2865 745 2915 Decret.
774 2858 1081 2931 Zephyrini
1108 2860 1274 2913 datas
1322 2857 1416 2913 bis
1464 2858 1611 2930 ipsis
1648 2860 1961 2915 Saturnino

295 2958 353 3005 et
386 2950 556 3005 Gallo
587 2952 771 3015 Coss.,
797 2948 1051 3019 priorem
1080 2965 1155 3002 χιι
1180 2948 1544 3017 Kal.,0ctob.
1581 2949 1960 3020 posteriorem

289 3058 377 3095 vn
412 3040 557 3094 Idus
582 3038 888 3104 Novemb.,
922 3043 979 3092 et
1006 3038 1063 3091 in
1096 3037 1391 3108 primitiva
1421 3038 1569 3091 Eccl.
1595 3055 1709 3093 non
1743 3038 1847 3092 fuit
1878 3038 1964 3092 in-

291 3129 543 3183 solitum
580 3126 1045 3197 persecutionem
1099 3142 1133 3180 a
1180 3125 1395 3197 populo
1444 3130 1609 3181 Rom.
1672 3132 1773 3182 aut
1816 3144 1956 3199 prae-

288 3217 467 3272 fectis
504 3216 675 3271 Urbis
707 3215 943 3270 initium
998 3231 1250 3270 sumere.
1294 3214 1492 3278 Quid?
1525 3216 1678 3287 quod
1739 3217 1807 3272 de
1853 3217 1959 3272 hoc

282 3312 565 3377 tempore
594 3305 652 3359 id
705 3304 940 3359 disertis
988 3304 1180 3359 verbis
1221 3304 1438 3359 Auctor
1488 3305 1696 3359 asserit
1727 3322 1740 3359 :
1774 3307 1879 3361 Sed
1908 3315 1960 3362 et

280 3394 653 3462 clarissimas,
680 3392 894 3465 inquit,
924 3393 1167 3461 feminas
1214 3400 1265 3446 et
1312 3392 1649 3448 clarissimos
1685 3396 1835 3449 viros
1864 3396 1956 3450 Se-

279 3499 449 3539 verus
478 3484 664 3538 sciens
702 3482 866 3551 huius
905 3485 1062 3537 secta:
1107 3497 1239 3547 esse,
1273 3497 1380 3536 non
1434 3483 1592 3537 modo
1638 3498 1747 3538 non
1790 3484 1955 3555 laesit,

282 3588 485 3628 verum
518 3576 569 3626 et
594 3572 910 3626 testimonio
936 3572 1244 3637 exornavit,
1273 3578 1323 3625 et
1348 3571 1551 3641 populo
1571 3574 1792 3641 furenti
1821 3574 1879 3627 in
1902 3590 1958 3628 os

274 3664 485 3734 palam
517 3663 725 3716 restitit
750 3661 855 3731 (Ad
885 3660 1048 3729 Scap.
1082 3676 1133 3714 ο.
1168 3660 1199 3713 4
1228 3676 1241 3725 ;
1277 3661 1427 3730 Apol.
1463 3676 1511 3713 c.
1566 3662 1618 3723 1,
1666 3662 1741 3731 2).
1778 3663 1954 3732 Atqui

278 3756 424 3807 ante
456 3767 679 3806 annum
704 3754 1049 3821 sequentem
1076 3753 1302 3819 oportet
1333 3748 1512 3804 latam
1557 3750 1736 3805 fuisse
1767 3750 1954 3823 legem

276 3842 570 3895 Divorum
617 3838 809 3894 Severi
864 3842 921 3892 et
969 3837 1263 3906 Antonini,
1306 3853 1377 3892 ne
1427 3839 1561 3908 quis
1602 3840 1816 3895 absens
1848 3857 1954 3912 pu-

274 3929 511 3996 niatur,
572 3928 747 3997 cujus
783 3927 847 3980 ﬁt
879 3927 1093 3980 mentio
1126 3925 1227 3980 lib.
1262 3943 1279 3980 ι
1324 3926 1382 3980 ff.
1415 3926 1480 3983 de
1525 3929 1745 4000 Requir.
1795 3932 1956 3998 reis;

276 4035 430 4074 nam
466 4018 538 4072 ad
574 4033 700 4071 eam
734 4016 891 4070 haud
927 4016 1102 4069 dubie
1135 4015 1343 4069 alludit
1372 4016 1431 4071 in
1466 4018 1585 4073 haec
1616 4021 1791 4075 verba
1837 4026 1953 4076 Au-

271 4114 415 4163 ctor
449 4123 462 4161 :
502 4105 647 4174 Quid
674 4105 784 4172 hic,
821 4105 1037 4175 inquit,
1071 4105 1300 4172 Legibus
1331 4107 1539 4177 deperit
1570 4111 1628 4161 in
1657 4126 1754 4164 suo
1784 4127 1954 4179 regno

266 4195 731 4259 dominantibus,
754 4196 804 4247 si
832 4191 1103 4246 audiatur
1123 4196 1148 4245 .9
1177 4194 1258 4247 An
1291 4193 1394 4248 hoc
1420 4196 1597 4260 magis
1625 4196 1953 4265 gloriabitur

262 4294 525 4356 potestas
558 4300 775 4352 eorum,
805 4285 855 4337 si
884 4283 1197 4337 inauditam
1237 4282 1579 4337 damnabunt
1610 4287 1897 4341 veritatem
1928 4289 1955 4343 ‘l

267 4381 331 4430 et
369 4389 616 4427 rursum
655 4389 666 4399 ·
704 4371 941 4441 Quando
990 4386 1088 4424 nec
1131 4372 1305 4424 liceat
1354 4370 1663 4443 indefensos
1708 4379 1760 4429 et
1792 4377 1950 4430 inau-

269 4465 435 4518 ditos
464 4463 691 4516 omnino
721 4459 1003 4513 damnari.

861 4644 1018 4683 ANNO
1048 4643 1253 4683 DOMINI
1285 4643 1371 4683 CC.

344 4768 379 4834 §
422 4765 489 4820 Χ.
527 4769 605 4820 De
661 4762 1035 4835 Apotogelico,
1090 4763 1416 4818 Testimonio
1466 4765 1665 4821 anima:
1713 4770 1763 4822 et
1810 4771 1959 4841 Fato,

268 4857 562 4910 adversus
603 4860 809 4922 gentes,
860 4868 924 4906 ac
971 4852 1040 4906 de
1088 4852 1472 4907 Temenum
1505 4856 1844 4927 sacerdotio,
1884 4859 1962 4914 li-

270 4946 517 5014 brisque
547 4941 679 4997 inde
716 4942 922 4997 obortis
964 4940 1031 4995 de
1082 4943 1432 5008 Pcenitentia,
1466 4942 1530 4998 de
1562 4944 1847 5016 Oratione,
1898 4949 1962 5004 de

268 5032 759 5098 Circumcisione,
791 5030 856 5085 de
891 5030 1129 5084 Vestibus
1164 5036 1373 5098 .laron,
1406 5031 1472 5087 de
1516 5035 1744 5089 Mundis
1770 5040 1821 5090 et
1853 5037 1960 5092 im-

271 5121 527 5177 mundis
585 5102 943 5188 animalibus,
1004 5119 1068 5173 de
1129 5120 1413 5191 Trim'tale,
1446 5124 1511 5177 de
1563 5124 1865 5195 Baptismo.
1898 5157 1967 5166 ——

266 5214 364 5268 17.
409 5228 471 5264 ρ.
504 5225 787 5263 CORNELIO
828 5225 1115 5263 ANULLINO
1179 5226 1244 5279 ιι,
1290 5228 1356 5264 er
1405 5229 1467 5266 M.
1516 5229 1775 5281 Aortoto,
1810 5232 1869 5270 nt.
1905 5233 1958 5270 ε.

262 5316 595 5357 πως-[οη
622 5314 778 5353 coss.
831 5301 884 5351 S.
934 5297 1242 5369 Zephyrmi
1294 5299 1461 5354 Rom.
1504 5304 1669 5357 Pont.
1707 5320 1859 5359 anno
1894 5321 1963 5369 ιι,

263 5388 500 5447 Severi
540 5392 685 5458 Imp.
720 5404 819 5453 vn,
855 5402 1012 5450 cum,
1048 5386 1193 5458 Imp.
1241 5405 1374 5443 cum
1428 5390 1564 5446 ﬁliis
1608 5392 1732 5447 suis
1782 5394 1959 5448 Anto-

262 5482 426 5537 nino
467 5477 684 5532 etGeta
716 5480 851 5532 ante
877 5475 1203 5531 discessum
1230 5493 1405 5533 suum
1439 5479 1751 5535 declaratis
1775 5481 1962 5536 Caesa-

264 5570 457 5626 ribus
496 5566 780 5639 Augustis
811 5565 915 5619 60
972 5567 1028 5619 et
1078 5564 1350 5637 Imperat.
1399 5568 1695 5642 congiario
1746 5570 1959 5627 iterum

263 5657 515 5734 papula
563 5657 698 5710 dato
730 5658 789 5711 et
836 5652 1118 5711 Donativo
1167 5653 1479 5727 militibus,
1528 5658 1586 5716 in
1632 5660 1958 5720 secundum

2078 1871 2241 1924 ribus
2273 1876 2340 1922 Μ.
2385 1871 2561 1941 Papio
2590 1875 2663 1925 M.
2698 1876 2753 1925 F.
2802 1874 2873 1929 M.
2910 1879 2973 1929 Ν.
3024 1876 3226 1933 Mutilo
3276 1884 3333 1934 et
3372 1883 3435 1947 Q.
3473 1882 3717 1954 Poppmo

2065 1962 2129 2023 Q.
2163 1963 2219 2013 F.
2264 1959 2325 2021 Ο.
2384 1963 2452 2013 Ν.
2493 1962 2823 2016 Secundino
2882 1966 3088 2034 Coss.),
3148 1982 3275 2038 qua?
3332 1974 3461 2024 ante
3521 1971 3722 2028 liberos

2064 2050 2271 2120 suscipi
2298 2054 2521 2117 cogunt,
2559 2066 2725 2121 quam
2774 2053 2941 2108 Iuliae
2998 2057 3414 2112 matrimonium
3444 2062 3719 2129 contrahi,

2064 2148 2188 2208 post
2211 2143 2382 2195 tantm
2410 2141 2751 2194 auctoritatis
2780 2146 3135 2209 senectutem,
3170 2146 3293 2200 heri
3335 2146 3563 2203 Severus
3594 2166 3719 2205 con-

2066 2229 2437 2283 stantissimus
2467 2230 2754 2284 caesarum
2805 2232 3086 2287 exclusit?
3126 2235 3300 2304 (Apol.
3350 2253 3398 2290 c.
3453 2238 3529 2309 4.)
3580 2241 3718 2302 ρυπε

2068 2317 2356 2372 dictarum
2407 2317 2603 2390 legum
2656 2319 2890 2375 abolitio
2942 2326 3236 2392 quomodo
3281 2324 3489 2380 Severo
3533 2329 3719 2399 possit

2069 2406 2306 2461 attribui
2328 2411 2385 2462 et
2415 2412 2611 2462 tamen
2645 2413 2845 2479 postea
2874 2411 3213 2468 Constantio
3246 2417 3456 2485 Imper.
3490 2416 3718 2472 tribua-

2067 2499 2185 2558 tur,
2237 2494 2412 2550 latius
2458 2495 2516 2550 in
2572 2502 2842 2552 Annotat.
2914 2500 2983 2554 ad
3038 2499 3195 2556 hunc
3250 2500 3440 2558 locum
3502 2506 3719 2561 nostris

2068 2583 2449 2638 tractavimus
2476 2602 2488 2651 ;
2515 2585 2572 2640 in
2597 2586 2812 2656 quibus
2834 2588 2880 2641 si
2916 2587 3139 2659 placeat
3162 2592 3495 2662 conjectura
3517 2600 3719 2650 nostra

2069 2671 2139 2726 de
2170 2671 2212 2734 Ι,
2247 2690 2264 2726 1
2297 2672 2362 2726 D.
2396 2673 2460 2727 de
2486 2677 2689 2744 Stupro
2718 2679 2769 2730 et
2825 2676 2996 2732 adult.
3062 2696 3177 2751 qua
3235 2682 3513 2737 deﬁnitur
3542 2684 3719 2739 etiam

2069 2760 2129 2814 in
2163 2777 2381 2830 sponsa
2410 2767 2680 2834 stuprum
2714 2769 2769 2818 et
2816 2766 3168 2822 adulterium
3220 2771 3481 2826 accusari
3514 2778 3569 2827 et
3600 2773 3719 2828 vin-

2071 2851 2251 2906 dicari
2284 2868 2474 2923 posse,
2508 2855 2798 2923 Oportebit
2826 2873 2951 2910 eam
2986 2858 3195 2928 Legem
3230 2860 3321 2915 his
3350 2864 3511 2919 Coss.
3540 2864 3715 2921 latam

2072 2940 2272 2995 fuisse.
2306 2941 2374 2995 Et
2400 2957 2533 2996 vero
2568 2960 2669 3013 pro
2702 2943 2850 2998 bello
2882 2948 3136 3001 secundo
3160 2949 3429 3005 Parthico
3452 2954 3715 3009 nondum

2072 3029 2358 3100 completo
2385 3032 2554 3101 (quod
2591 3033 2681 3086 bis
2721 3034 2884 3089 Coss.
2936 3036 3318 3093 Cassiodorus
3351 3040 3525 3094 etiam
3561 3041 3717 3098 ince-

2074 3124 2239 3189 ptum
2272 3119 2471 3189 tradit)
2506 3120 2641 3175 facit
2671 3126 2908 3190 Auctor,
2929 3124 3067 3179 dum
3099 3126 3248 3181 inter
3273 3127 3467 3184 hostes
3502 3132 3710 3201 Impar.

2075 3207 2318 3261 Romani
2341 3214 2645 3264 enumerat
2680 3211 2892 3268 Mauros
2923 3223 2973 3268 et
3002 3215 3434 3287 Marcomannes,
3468 3220 3718 3291 ipsosque

2068 3296 2301 3351 Parthos
2334 3296 2489 3360 (Ibid.
2526 3315 2575 3352 c.
2610 3299 2957 3371 39).Iterum
3010 3319 3141 3359 vero
3186 3305 3529 3363 Christiana:
3580 3309 3715 3364 ﬁdei

2066 3385 2467 3440 dilatationem
2504 3387 2596 3442 his
2628 3391 2815 3444 verbis
2864 3390 3116 3448 celebrat
3169 3411 3181 3449 :
3229 3398 3483 3453 Hesterni
3510 3415 3717 3469 sumus,

2066 3479 2116 3530 et
2134 3478 2315 3530 vestra
2336 3478 2524 3531 omnia
2547 3479 2933 3548 complevimus
2950 3524 2962 3547 ,
2996 3483 3174 3552 urbes,
3200 3486 3437 3553 insulas,
3467 3490 3717 3554 castella,

2064 3568 2398 3634 municipia,
2422 3569 2812 3637 conciliabula,
2837 3576 3013 3625 castra
3042 3576 3186 3644 ipsa,
3220 3577 3413 3644 tribus,
3449 3578 3719 3649 decurias,

2060 3656 2364 3725 palatium,
2420 3657 2702 3723 Senatum,
2752 3664 2998 3724 Forum;
3028 3668 3083 3718 et
3132 3665 3305 3734 paulo
3356 3672 3508 3734 ante,
3564 3670 3719 3740 quod

2067 3761 2217 3799 anno
2251 3746 2594 3816 praecedenti
2622 3746 2877 3804 diximus
2910 3751 2979 3805 de
3012 3753 3277 3824 populari
3314 3758 3719 3827 persecutione

2063 3834 2373 3888 conﬁrmat
2404 3851 2416 3888 :
2451 3837 2691 3903 Quoties,
2742 3837 2955 3909 inquit,
3000 3844 3168 3896 etiam
3207 3848 3520 3915 praeteritos
3558 3864 3596 3901 a
3625 3863 3717 3903 vo-

2066 3923 2165 3990 bis,
2196 3939 2291 3977 suo
2312 3924 2441 3993 jure
2468 3940 2567 3979 nos
2613 3927 2908 3982 inimicum
2956 3932 3153 3999 vulgus
3201 3934 3414 3989 invadit
3447 3936 3723 4007 lapidibus

2063 4017 2112 4068 et
2140 4012 2453 4067 incendiis?
2484 4016 2619 4082 Ipsis
2653 4017 3082 4074 Bacchanalium
3110 4024 3298 4093 furtis,
3350 4041 3448 4079 nec
3492 4028 3724 4081 mortuis

2059 4110 2296 4174 parcunt
2330 4101 2678 4171 Christianis,
2717 4108 2852 4177 quin
2902 4109 3028 4164 illos
3075 4111 3140 4166 de
3183 4115 3372 4182 requie
3399 4116 3723 4185 sepulturae,

2062 4191 2127 4245 de
2151 4192 2308 4261 asylo
2348 4193 2584 4261 quodam
2624 4197 2836 4261 mortis,
2879 4198 3001 4268 jam
3044 4199 3210 4267 alios,
3264 4204 3378 4272 iam
3428 4220 3525 4257 nec
3562 4208 3721 4269 totos,

2062 4279 2332 4347 avellant,
2376 4281 2664 4347 dissecent,
2713 4283 3044 4343 distrahant.
3077 4290 3179 4360 (Ib.
3235 4307 3284 4344 c.
3338 4292 3475 4359 57.).
3510 4293 3720 4348 Eodem

2064 4369 2318 4439 pertinet
2348 4368 2493 4423 illud
2532 4387 2544 4425 :
2580 4370 2683 4427 Nec
2710 4374 2817 4427 ulli
2866 4379 3043 4447 magis
3092 4378 3517 4449 depostulatores
3567 4382 3726 4439 Chri-

2061 4458 2368 4512 stianorum
2399 4475 2563 4528 quam
2594 4462 2805 4533 vulgus,
2841 4469 2898 4518 et
2928 4467 3100 4521 toties
3133 4467 3307 4523 citata
3330 4470 3403 4524 ab
3429 4474 3591 4525 Auct.
3628 4489 3727 4544 po-

1982 4561 2031 4624 D
2065 4545 2287 4615 pularis
2320 4564 2425 4601 vox
2457 4547 2553 4603 illa
2588 4566 2600 4603 :
2637 4551 2973 4610 Christianos
3018 4556 3090 4610 ad
3136 4558 3367 4614 leonem.
3416 4560 3728 4632 Complura

2078 4638 2217 4689 sunt
2242 4634 2357 4690 alia
2404 4636 2463 4691 in
2492 4638 2863 4711 Apologetico
2896 4652 3219 4701 memoratu
3269 4648 3477 4720 digna;
3521 4650 3619 4704 sed
3655 4667 3726 4705 ne

2073 4723 2168 4778 hic
2218 4725 2560 4796 prolixiores
2610 4731 2813 4801 simus,
2848 4735 2919 4787 ad
2952 4736 3226 4791 Annotat.
3263 4744 3495 4794 nostras
3528 4744 3727 4795 Lecto-

2074 4830 2193 4867 rem
2220 4815 2594 4871 remittimus.
2619 4819 2720 4874 Hic
2743 4822 3028 4878 duntaxat
3048 4827 3335 4883 addemus
3357 4829 3727 4885 occasionem

2072 4903 2498 4972 persecutionis
2527 4911 2717 4962 ortam
2753 4926 2819 4964 ex
2850 4911 3013 4966 falsis
3049 4914 3383 4979 calumniis,
3420 4935 3569 4990 quas
3599 4919 3727 4990 pul-

2072 4991 2357 5045 cherrime
2388 4993 2624 5057 refutat,
2670 5000 3049 5067 potissimum
3102 5005 3291 5061 tribus
3350 5008 3723 5073 infanticidii,

2072 5080 2379 5149 sanguinis
2414 5080 2657 5139 humani
2705 5088 2922 5157 pabuli,
2948 5095 3003 5145 et
3045 5093 3250 5150 incesti
3281 5113 3293 5149 :
3334 5099 3601 5167 Dicimur,
3636 5098 3728 5153 in-

2072 5170 2219 5242 quit,
2252 5171 2667 5229 sceleratissimi
2719 5177 2782 5232 de
2840 5196 3077 5237 sacram.
3133 5184 3501 5256 infanticidii,
3552 5193 3603 5243 et
3626 5206 3729 5261 pa-

2072 5260 2194 5314 bulo
2227 5259 2371 5326 inde,
2406 5271 2460 5316 et
2490 5270 2607 5332 post
2636 5270 2945 5325 convivium
2996 5274 3205 5330 incesto
3227 5292 3247 5336 ;
3287 5278 3432 5347 quod
3461 5259 3733 5335 eversores

2075 5353 2351 5409 luminum
2390 5369 2570 5421 canes,
2607 5358 2824 5414 lenones
2870 5363 3077 5416 scilicet
3135 5368 3508 5431 tenebrarum,
3542 5378 3656 5424 tum
3681 5373 3733 5424 et

2072 5444 2370 5502 libidinum
2400 5449 2705 5520 impiarum
2736 5450 3183 5509 inuerecundiam
3209 5462 3508 5528 procurent
3542 5458 3728 5530 (Ibid.,

2072 5551 2120 5590 c.
2146 5537 2223 5605 7).
