4148 6188
259 352 374 416 101

1583 349 2119 414 TERTULLIANI
2165 350 2376 411 VITA.

3557 355 3671 415 102

258 505 456 561 scopo,
485 487 658 559 cadus
691 485 1094 543 meminitsub
1125 485 1200 542 M.
1234 486 1425 541 Aurcl.
1452 485 1660 557 imper.
1727 485 1908 541 Euse-
1938 497 1991 562 Α
2021 482 2199 553 tibus,
2232 487 2287 538 et
2317 483 2387 538 de
2408 482 2711 540 sacrificiis
2757 483 3068 539 oli‘erendis
3109 484 3281 554 ihaud
3334 485 3666 557 immemor,

257 580 394 634 bius
423 581 480 632 et
508 576 771 647 Niceph.,
806 575 915 630 sub
949 575 1021 630 M.
1059 578 1269 631 Anton.
1302 574 1660 646 Philosopbo
1687 580 1896 646 Imper.

255 671 532 735 Zonaras,
564 666 675 720 sub
707 664 1117 720 AntonioVero
1138 665 1519 737 Uspergensis
1552 666 1653 720 63
1685 665 1902 734 Abbas,

256 757 396 813 inde
427 755 570 810 mihi
602 754 854 820 videtur,
887 754 1042 824 quod
1074 754 1131 808 Β.
1165 753 1492 826 Cyprianus
1521 752 1702 826 Epist.
1732 755 1803 807 70
1833 755 1904 809 ad

255 847 543 902 Januaur.
567 860 635 899 ex
663 843 1132 898 antecessoribus
1164 843 1288 898 suis
1312 843 1693 916 Agrippinum
1724 843 1908 898 fuisse

257 937 575 1009 significet,
607 939 664 989 et
702 933 764 988 Β.
797 934 1158 1002 Augustinus
1192 932 1290 988 lib.
1323 933 1358 986 2
1385 939 1585 988 contra
1618 938 1905 989 Donatum

258 1043 387 1097 cap.
418 1027 455 1077 7
484 1024 681 1096 ipsum
698 1027 756 1075 B.
782 1022 1051 1094 Cypriani
1080 1021 1563 1094 pradecessorem
1592 1027 1911 1095 uuncupet,

257 1115 508 1171 Maxime
541 1129 673 1169 cum
706 1112 820 1168 alia
848 1117 1002 1168 esset
1031 1113 1102 1166 ab
1134 1111 1328 1166 Africa
1345 1111 1562 1183 Egypti
1595 1110 1913 1183 provincia,

257 1207 320 1261 in
352 1221 471 1276 qua
502 1201 932 1258 Alexandrinus
960 1200 1056 1256 ille
1112 1201 1518 1272 episcopatum
1571 1201 1802 1273 agebat,
1859 1205 1915 1256 et

258 1300 319 1351 Β.
351 1298 518 1364 Cypr.
556 1291 810 1362 Epist.71
837 1292 909 1346 ad
943 1291 1223 1357 Quintum
1256 1290 1470 1346 scribat
1489 1289 1914 1362 Aggrippinum

255 1385 431 1439 bona:
462 1379 757 1436 memoriae
787 1379 972 1434 virum
1006 1396 1139 1434 cum
1175 1379 1300 1434 suis
1331 1379 1690 1451 coepiscopis
1743 1380 1914 1451 (quos

259 1474 436 1529 etiam
469 1474 871 1526 antecessores
906 1485 1043 1524 suos
1077 1474 1379 1540 nuncupat
1429 1468 1608 1540 Epist.
1639 1469 1752 1540 70),
1815 1469 1909 1524 dc-

263 1568 488 1618 cretum
523 1559 593 1615 de
615 1557 904 1613 hereticis
963 1558 1331 1629 baptizandis
1387 1557 1612 1613 fecisse.
1674 1559 1741 1612 Et
1783 1575 1914 1612 vero

264 1651 463 1708 statim
520 1651 759 1719 accepto
790 1647 1115 1702 sacerdotio
1146 1645 1506 1702 continuisse
1554 1650 1858 1702 Auctorem
1884 1666 1917 1702 a

266 1736 629 1794 matrimonii
661 1753 770 1790 usu
800 1737 926 1808 pari
958 1752 1247 1791 consensu
1305 1752 1436 1790 cum
1484 1753 1590 1791 sua
1644 1737 1914 1808 conjuge,

263 1827 407 1884 mihi
429 1827 495 1880 fit
525 1823 840 1881 verisimile
870 1840 938 1879 ex
968 1824 1388 1879 consuetudine
1411 1823 1677 1879 Ecclesiae
1699 1825 1913 1892 latinas,

253 1919 384 1989 jam
415 1915 554 1970 inde
586 1914 870 1968 adeoreto
900 1913 954 1968 S.
988 1912 1304 1968 Clementis
1335 1912 1438 1969 PP.
1475 1914 1725 1968 maxime
1783 1931 1916 1969 cum

262 2004 634 2079 propendere
691 2019 755 2057 eo
790 2002 1097 2057 videantur
1152 2001 1273 2056 hinc
1332 2001 1513 2072 hujus
1540 2003 1610 2057 ad
1674 2003 1916 2059 Uxorem

259 2095 438 2151 verba
469 2111 481 2148 :
517 2092 596 2146 Ne
625 2108 711 2146 me
734 2098 892 2162 putes
917 2095 1139 2163 propter
1166 2093 1363 2147 carnis
1393 2101 1503 2147 tua:
1544 2094 1920 2163 integritatem

261 2184 406 2239 mihi
437 2180 832 2236 reservandum
881 2180 946 2235 de
988 2181 1340 2237 contumeliae
1368 2181 1552 2236 dolore
1588 2190 1915 2253 suspectum,

262 2276 565 2328 insinuare
595 2271 711 2332 iam
745 2268 873 2322 hinc
903 2269 1008 2322 tibi
1033 2269 1330 2324 viduitatis
1358 2270 1652 2324 consilium
1690 2295 1703 2338 ;
1739 2269 1874 2325 item
1903 2287 1916 2328 :

265 2363 520 2427 Tempus,
554 2356 773 2427 inquit,
807 2357 867 2410 in
892 2355 1107 2411 collecto
1138 2360 1216 2411 est
1245 2372 1257 2410 :
1283 2359 1528 2428 superest
1557 2362 1616 2411 ut
1661 2358 1758 2428 qui
1801 2374 1920 2412 ma-

266 2449 540 2504 trimonia
568 2445 790 2508 habent,
823 2453 1088 2515 tanquam
1117 2461 1225 2500 non
1259 2445 1521 2500 habentes
1541 2451 1732 2516 agant.
1770 2447 1923 2514 Quod

263 2541 316 2594 si
345 2539 627 2604 habentes,
659 2534 978 2589 obtitterare
1020 2533 1216 2589 debent
1244 2535 1389 2606 quod
1444 2535 1670 2603 habent,
1719 2539 1921 2607 quanto

269 2630 448 2699 magis
471 2641 586 2681 no—u
640 2623 944 2678 habentes?
989 2623 1090 2692 (Ad
1149 2626 1337 2690 Uxor.,
1388 2641 1438 2680 c.
1498 2627 1522 2679 1
1583 2642 1632 2680 c.
1666 2627 1702 2679 5
1757 2632 1813 2682 et
1841 2627 1922 2698 6,)

273 2719 434 2773 Certe
460 2716 516 2769 id
553 2712 758 2768 multis
788 2729 854 2768 eo
889 2717 1149 2785 tempore
1181 2714 1362 2769 fuisse
1389 2713 1673 2769 usitatum
1706 2716 1919 2771 ibidem

275 2806 534 2860 indicat:
565 2805 709 2872 Quot
728 2803 878 2856 enim
905 2806 1054 2868 sunt,
1076 2802 1290 2874 inquit,
1323 2805 1420 2873 qui
1464 2805 1651 2858 statim
1679 2821 1713 2858 a
1771 2806 1924 2861 lava-

270 2911 364 2949 cro
386 2907 617 2948 carnem
643 2907 804 2945 suam
851 2890 1188 2961 obsignant?
1245 2893 1381 2960 Quot
1437 2893 1588 2960 item,
1647 2895 1744 2964 qui
1795 2911 1926 2950 con.

271 3001 432 3040 sensu
460 2984 685 3053 pariter
713 2982 860 3035 inter
889 2996 944 3034 se
974 2983 1321 3036 matrimonii
1374 2981 1615 3037 debitum
1673 2984 1873 3039 tollunt
1899 2985 1927 3040 ?

277 3073 623 3129 Voluntariis
650 3069 1005 3140 spadonibus,
1035 3086 1140 3140 pro
1167 3069 1464 3140 cupiditate
1508 3072 1734 3139 caelesti,
1781 3074 1930 3128 salvo

271 3161 670 3228 matrimonio,
703 3159 1039 3214 abstinentia
1067 3159 1338 3214 toleratur
1358 3159 1456 3230 (De
1503 3161 1664 3231 Bapt.
1727 3177 1776 3216 ο.
1837 3161 1927 3229 45,

270 3260 312 3309 t.
351 3253 394 3320 l,
445 3250 518 3306 ad
567 3249 728 3320 Scap.
778 3265 828 3304 c.
861 3249 936 3320 3).
985 3249 1116 3304 Jam
1164 3265 1298 3305 vero
1347 3249 1658 3322 Presbyter
1721 3251 1931 3324 factus)
1962 3251 2004 3318 C

269 3339 589 3416 potestatis
620 3337 733 3393 sibi
763 3353 1055 3392 concessae
1070 3342 1126 3392 et
1147 3337 1218 3392 de
1248 3337 1623 3394 absolvendis
1637 3340 1924 3396 Pmniten-

271 3483 412 3521 cum
436 3463 714 3520 ducentis
757 3462 1044 3517 sestertiis
1103 3462 1250 3530 suis,
1313 3479 1431 3533 qua
1456 3463 1718 3520 Ecclesiae
1775 3467 1927 3520 intu-

274 3542 438 3606 lerat,
473 3535 796 3608 novissime
826 3534 882 3588 in
915 3540 1268 3608 perpetuum
1286 3534 1604 3608 discidium
1663 3536 1926 3608 relegati,

275 3626 503 3665 venena
533 3606 933 3662 doctrinarum
967 3623 1206 3660 suarum
1241 3606 1720 3661 disseminarunt.
1771 3606 1928 3663 Plost-

277 3682 524 3738 modum
563 3678 820 3733 Marcion
845 3677 1243 3746 pcenitentiam
1272 3679 1597 3746 confessus,
1621 3696 1755 3733 cum
1797 3697 1929 3734 con-

278 3752 493 3809 ditioni
517 3751 666 3805 datas
696 3749 806 3803 sibi
837 3750 1108 3818 occurrit,
1163 3749 1243 3803 ita
1305 3766 1506 3820 pacem
1565 3758 1930 3822 recepturus,

271 3828 322 3882 si
347 3831 594 3880 caeteros
626 3837 879 3892 quoque,
912 3837 1060 3888 quos
1106 3822 1417 3891 perditioni
1473 3823 1784 3889 erudisset,
1834 3825 1932 3877 Ec-

270 3899 458 3952 clesia:
491 3893 646 3965 (scil.
704 3892 979 3965 Romanu)
1035 3894 1385 3958 restitueret,
1447 3900 1633 3965 morte
1679 3911 1934 3964 praeven-

273 3977 372 4024 tus
401 3963 514 4023 est;
545 3988 572 4014 ››
607 3965 707 4036 Hic
737 3963 1092 4036 satispalet,
1125 3980 1282 4032 eum,
1317 3965 1415 4036 qui
1449 3964 1568 4019 haec
1599 3963 1717 4020 tam
1764 3983 1933 4022 accu—

277 4046 403 4094 rate
434 4038 639 4104 sciret,
671 4035 854 4089 fuisse
886 4035 1074 4091 Roma?
1095 4036 1288 4106 ipsum
1316 4035 1346 4100 ;'
1386 4037 1566 4091 fuisse
1622 4037 1774 4092 inter
1819 4037 1938 4092 Cle-

279 4112 456 4174 ricos,
492 4108 594 4179 qui
632 4108 808 4162 rebus
828 4107 956 4179 istis
987 4107 1072 4161 sic
1093 4112 1274 4174 gestis
1303 4107 1939 4179 intert’uerant.Nempe

276 4184 326 4237 si
361 4177 562 4236 adhuc
593 4184 790 4234 Romae
825 4177 1046 4240 fuisset,
1081 4195 1211 4232 cum
1248 4179 1403 4233 hunc
1433 4179 1645 4234 librum
1680 4177 1934 4250 scripsit.

277 4254 444 4309 illam
481 4251 835 4306 sententiam
861 4251 1013 4319 apud
1047 4250 1364 4305 Ecclesiam
1399 4252 1792 4307 Romancnscm
1825 4269 1938 4307 non

277 4328 363 4381 sic
397 4323 870 4395 perscripsisset,
897 4322 1071 4395 quasi
1105 4322 1232 4392 ipse
1266 4338 1377 4376 non
1425 4323 1501 4376 sit
1542 4325 1701 4395 apud
1764 4324 1936 4378 istam

276 4393 604 4451 Ecclesiam
644 4418 660 4465 ς
691 4394 800 4448 fuit
830 4393 1009 4465 igitur
1031 4394 1155 4462 jam
1190 4395 1351 4449 Roma
1383 4393 1685 4465 expulsus,
1719 4400 1775 4449 et
1804 4397 1943 4450 vixit

276 4471 336 4524 in
365 4464 706 4537 Afrieasld
770 4464 986 4520 clarius
1051 4470 1206 4535 patet
1257 4482 1324 4520 ex
1385 4464 1574 4536 capite
1610 4469 1701 4534 36,
1764 4467 1943 4537 huius

281 4536 554 4611 ejusdem
581 4536 754 4590 libri:
784 4559 816 4611 _«
863 4541 1150 4611 Per-curre
1188 4537 1478 4611 _Eccles_ias
1520 4539 1849 4608 apostolicus
1876 4570 1943 4578 —

280 4607 675 4683 proximaest
701 4607 934 4683 Achaia.
961 4607 1149 4683 Habes
1179 4607 1520 4683 Corinthum
1661 4611 1714 4683 psi
1747 4615 1942 4665 autem

281 4679 472 4738 inalize
510 4681 770 4750 adiaces,
805 4679 968 4734 habes
1005 4681 1225 4734 Romam
1262 4698 1274 4746 ;
1341 4681 1492 4735 unde
1535 4682 1690 4736 nobis
1735 4698 1949 4752 quoque

288 4754 616 4810 auctoritas
649 4757 859 4823 presto
891 4756 999 4806 est.
1047 4752 1613 4824 NempeﬁAfricanos
1646 4753 1944 4824 describit,

287 4826 477 4880 latina
507 4824 715 4895 lingua
743 4828 998 4895 patentes.
1028 4853 1095 4895 έ-
1127 4824 1245 4877 Ista
1271 4823 1531 4895 Ecclesia
1559 4825 1856 4890 (Romana;
1877 4823 1945 4867 -ὲ

288 4893 624 4961 videamus,
657 4894 792 4966 quid
817 4893 1108 4958 didicerit,
1145 4894 1284 4964 quid
1318 4896 1755 4960 docuerit,cum
1790 4897 1943 4966 Afri-

291 4973 443 5024 canis
476 4983 692 5039 quoque
724 4966 980 5039 Ecclesiis
1010 4968 1416 5039 contesserarit.
1442 4988 1466 5015 η
1491 4966 1594 5021 llic
1627 4973 1716 5021 est
1775 4967 1946 5039 longe

283 5037 1061 5107 clarissimum,scriptorem
1089 5039 1211 5107 jam
1250 5038 1305 5091 in
1342 5039 1527 5109 Africa
1561 5037 1944 5100 versari,curm

289 5111 413 5166 haec
444 5110 675 5168 scribit:
699 5126 832 5163 eum
866 5109 1047 5178 igitur
1076 5114 1245 5163 antea
1275 5113 1501 5179 oportet
1523 5110 1711 5164 Romae
1744 5111 1946 5178 fuisse,

287 5184 348 5237 in
384 5185 500 5237 ista
531 5181 790 5236 Ecclesia
823 5181 1172 5253 Romanensi,
1226 5180 1377 5234 inter
1415 5179 1695 5237 clericos:
1756 5199 1948 5253 neque

282 5255 442 5308 enim
471 5253 626 5308 scire
660 5253 802 5308 istas
831 5251 1255 5325 ecclesiasticas
1287 5252 1592 5325 interiores
1635 5270 1728 5307 res
1773 5251 1949 5325 atque

284 5325 570 5398 historias
604 5328 916 5398 potuerapt
945 5322 1068 5398 alii,
1114 5340 1290 5398 quam
1342 5322 1586 5398 Cleri_ci._
1619 5325 1806 5398 Hujus
1848 5322 1946 5398 ge-

286 5397 443 5451 neris
495 5393 638 5450 sunt
695 5401 752 5450 et
803 5393 1060 5466 plurima
1117 5394 1248 5449 alia.
1309 5395 1514 5448 Τοπικά
1576 5393 1948 5454 ὴὶειὸιιὶοεῖθι

287 5469 581 5537 pontiﬁca,
620 5483 746 5535 quae
777 5466 1075 5520 hominem
1113 5467 1308 5521 Romae
1341 5467 1590 5522 multum
1650 5475 1945 5526 versatum

284 5542 439 5596 inter
468 5541 618 5596 alios
641 5539 897 5595 Clericos
951 5537 1127 5611 facile
1177 5540 1450 5611 produnt.
1480 5539 1610 5594 Haac
1655 5543 1948 5598 Semlerus

289 5629 392 5684 pro
423 5613 842 5682 Presbyteratu
889 5609 1233 5684 Tertulliani
1276 5615 1555 5666 Romano.
1635 5611 1948 5683 Dupinius,

286 5680 398 5740 Sch
410 5680 1027 5755 ror-ckiusoppositam
1046 5680 1800 5755 prepugnantseutentiam.
1817 5680 1950 5755 Sed,

288 5761 360 5813 ut
386 5757 531 5816 mihi
559 5757 934 5822 videtur,nec
950 5753 1170 5813 horum’
1190 5754 1527 5814 criticorum
1544 5757 1831 5814 sententia
1857 5753 1953 5813 sat

2008 572 2190 628 libros
2214 589 2283 626 ns
2323 590 2673 628 rmmrsnrm
2711 589 2780 628 ετ
2818 589 2886 628 οε
2942 590 3220 629 ORATIONE
3287 576 3665 650 conscripsit,

2013 662 2230 734 quibus
2261 666 2316 716 et
2375 662 2689 732 paenitendi
2739 662 2978 716 modum
3025 667 3148 718 tum
3193 665 3663 737 Catechumenis,

2014 757 2140 806 tum
2174 750 2518 807 Christianis
2565 751 2789 823 Lapsis,
2841 757 2897 806 et
2927 768 3070 822 quos
3104 752 3252 808 ritus
3293 770 3522 810 servare
3577 757 3675 812 de-

2015 842 2190 897 beant
2221 842 2278 896 in
2299 841 2583 897 sacrificio
2604 842 3177 914 ﬁdeles,praescribit.
3212 842 3465 900 Possunt
3496 847 3671 904 etiam

2016 930 2073 985 in
2107 931 2264 985 hunc
2295 947 2512 986 annum
2568 931 2726 1002 rejici
2774 932 3010 1003 scripta,
3043 949 3292 1003 quorum
3326 935 3382 987 Β.
3433 936 3665 994 Hieron.

2024 1021 2293 1076 meminit
2325 1020 2497 1075 hodie
2523 1021 2898 1076 desiderata:
2945 1039 3014 1075 ns
3060 1038 3555 1092 cmcumcnnsxous,
3602 1043 3670 1082 ns

2020 1127 2296 1165 VESTIBUS
2318 1127 2603 1176 A.\RON,DE
2633 1127 2853 1165 MUNDIS
2877 1128 2943 1165 ΕΤ
2972 1128 3265 1167 IMMUNDIS
3299 1131 3666 1184 munusve;

2023 1200 2273 1270 denique
2327 1217 2399 1254 DE
2433 1216 2734 1255 TRINITATE
2779 1226 2792 1268 ;
2839 1199 3104 1256 fortassis
3165 1202 3340 1256 etiam
3399 1201 3549 1260 liber
3597 1222 3668 1260 ne

2022 1305 2304 1344 BAPTISMO
2335 1305 2575 1359 graecus;
2609 1293 2807 1360 utpote
2839 1290 2936 1361 qui
2987 1289 3252 1345 videatur
3299 1293 3668 1366 conscriptus

2025 1383 2156 1448 post
2184 1378 2506 1433 Concilium
2533 1377 2858 1450 Agrippini.
2891 1377 3035 1433 Nam
3069 1380 3332 1449 ejusdem
3357 1381 3536 1438 luisse
3571 1401 3666 1438 ar-

2022 1466 2283 1535 gumenti
2313 1468 2528 1521 Auctor
2558 1466 2782 1521 indicat
2815 1485 2827 1524 :
2858 1467 2963 1524 Sed
2991 1469 3136 1523 circa
3169 1468 3446 1525 haereticos
3505 1474 3667 1545 'sane,

2024 1554 2243 1626 inquit,
2275 1555 2408 1625 quid
2439 1555 2858 1611 custodiendum
2887 1559 2983 1622 sit,
3017 1557 3181 1627 digne
3228 1559 3348 1630 quis
3398 1567 3668 1618 retractet.

2026 1643 2116 1698 Ad
2145 1660 2238 1699 nos
2270 1647 2419 1699 enim
2487 1646 2695 1700 editum
2739 1651 2837 1700 est.
2894 1647 3152 1701 llaretici
3210 1653 3394 1702 autem
3458 1652 3674 1706 nullum

2027 1731 2220 1788 habent
2249 1735 2580 1789 consortium
2610 1744 2814 1791 nostra?
2842 1734 3170 1806 disciplinae,
3195 1740 3303 1792 etc.
3353 1737 3457 1793 Sed
3481 1739 3544 1795 de
3575 1743 3672 1796 isto

2019 1820 2254 1894 plenius
2273 1824 2396 1894 jam
2427 1825 2484 1877 in
2513 1822 2695 1878 Graeco
2723 1825 2995 1894 digestum
3040 1834 3137 1878 est.
3187 1824 3395 1880 Verum
3452 1829 3521 1883 de
3564 1829 3672 1886 hoc

2025 1914 2082 1966 et
2112 1911 2438 1984 Agrippini,
2467 1917 2522 1967 et
2560 1912 2748 1984 ipsius
2800 1913 3093 1969 Paradoxo
3139 1915 3240 1969 64
3289 1915 3441 1971 inter
3485 1918 3673 1974 Prole-

2025 2016 2272 2072 gomena
2302 2000 2498 2055 latius.
2536 2001 2707 2056 Porro
2749 2001 2856 2056 hoc
2887 2017 3040 2056 anno
3072 2003 3244 2057 etiam
3278 2009 3505 2076 oportet
3535 2024 3674 2062 con-

2025 2088 2253 2161 tigisse,
2286 2090 2438 2161 quod
2472 2090 2708 2162 scripsit
2755 2091 2855 2146 lib.
2883 2091 2952 2145 ad
2985 2092 3298 2163 Scapulam
3352 2110 3502 2150 anno
3548 2113 3672 2170 seq.

2032 2178 2303 2234 Caeterum
2330 2185 2380 2232 et
2402 2179 2574 2233 imbre
2597 2180 2738 2233 anni
2773 2181 3067 2249 praeteriti,
3114 2179 3245 2250 quid
3291 2187 3679 2240 commeruerit

2029 2283 2204 2339 genus
2263 2267 2568 2322 humanum
2599 2270 2900 2339 apparuit:
2950 2268 3351 2339 cataclysmum
3393 2272 3606 2328 scilicet
3627 2288 3680 2330 et

2029 2362 2178 2412 retro
2207 2359 2380 2428 fuisse
2406 2360 2630 2428 prapter
2659 2356 3077 2412 incredulitates
3124 2362 3174 2412 et
3205 2359 3532 2430 iniquitates
3581 2363 3676 2418 ho-

2028 2447 2261 2501 minum.
2290 2447 2582 2501 Fortassis
2613 2450 2669 2501 et
2699 2445 2838 2500 illud
2876 2464 2895 2501 :
2926 2449 2998 2501 Et
3027 2463 3188 2520 ignes
3211 2450 3307 2520 qui
3340 2465 3505 2522 super
3543 2468 3673 2506 ma:-

2029 2538 2129 2591 nia
2168 2535 2520 2606 Carthaginis
2562 2537 2813 2606 proxime
2861 2536 3231 2608 pependerunt
3291 2555 3392 2610 per
3445 2549 3679 2626 noctem,

2031 2624 2162 2698 quid
2185 2625 2383 2678 minati
2418 2627 2552 2694 sint,
2579 2626 2758 2700 sciunt
2797 2626 2894 2695 qui
2939 2625 3217 2690 viderunt,
3243 2631 3293 2682 et
3337 2630 3578 2700 pristina
3599 2624 3681 2686 to;

2034 2715 2224 2768 nitrua
2241 2713 2372 2784 quid
2400 2715 2677 2778 sonarint,
2706 2715 2888 2767 sciunt
2935 2716 3030 2784 qui
3052 2715 3444 2772 obduruerunt.
3477 2720 3682 2777 Omnia

2035 2802 2149 2857 huc
2177 2804 2336 2870 signa
2391 2807 2520 2855 sunt
2569 2803 2915 2856 imminentis
2955 2804 3058 2858 irae
3102 2805 3223 2872 Dei,
3258 2823 3422 2876 quam
3470 2825 3684 2865 necesse

2033 2900 2132 2958 est,
2165 2905 2373 2961 quaquo
2419 2889 2575 2943 modo
2628 2905 2936 2960 possumus,
2997 2895 3056 2944 ut
3085 2896 3140 2945 et
3185 2896 3584 2949 annuntiemus
3631 2902 3682 2952 et

2032 2979 2416 3054 prmdicemus,
2472 2981 2522 3033 et
2566 2978 2913 3049 deprecemur
2944 2979 3170 3034 localem
3203 2997 3332 3049 esse,
3389 2984 3676 3040 Universa-

2040 3070 2143 3126 lem
2169 3070 2318 3123 enim
2349 3077 2418 3137 ,ει
2454 3083 2766 3138 supremam
2820 3084 2918 3122 suo
2971 3077 3224 3140 tempore,
3281 3074 3536 3141 sentient,
3584 3075 3682 3145 qui

2039 3159 2293 3230 exempla
2320 3158 2438 3228 ejus
2468 3157 2636 3211 aliter
2666 3159 3123 3228 interpretantur.

2597 3263 2748 3300 ANNO
2772 3263 2975 3300 DOMINI
2998 3263 3124 3302 CCII.

2107 3336 2254 3406 §XI.
2290 3336 2362 3391 De
2391 3336 2527 3390 aliis
2569 3335 2705 3391 bona
2736 3335 2842 3405 ﬁde
2863 3337 3083 3408 scriptis
3119 3337 3199 3392 ad
3243 3336 3564 3410 Scapulam,
3614 3341 3684 3396 ad

2038 3464 2205 3520 ﬁrma
2226 3462 2538 3533 ;siquidem
2571 3462 2742 3516 unice
2773 3461 3046 3518 innititur
3075 3464 3412 3519 testimonio
3459 3467 3686 3520 Praede-

2037 3535 2238 3592 stinati
2262 3533 2537 3597 auctoris,
2569 3535 2740 3602 cujus
2766 3534 2920 3604 apud
2970 3533 3277 3606 plerosque
3305 3538 3690 3594 emunctioris

2040 3609 2200 3662 naris
2226 3606 2479 3672 eriticos,
2516 3612 2750 3676 propter
2774 3606 3116 3660 innumeros
3146 3623 3392 3675 errores,
3424 3609 3517 3662 vix
3569 3609 3688 3665 ulla

2041 3685 2129 3735 est
2158 3679 2526 3749 auctoritas.
2557 3680 2766 3731 Verum
2804 3682 3007 3749 nostra
3038 3695 3244 3749 parum
3290 3680 3553 3748 interest,
3613 3699 3684 3736 an

2044 3757 2236 3804 Romae
2263 3749 2354 3803 vel
2383 3748 2752 3820 Carthagine,
2785 3748 2872 3802 vel
2907 3755 2971 3802 ut
3002 3748 3221 3804 mavult
3249 3750 3328 3804 Cl.
3361 3752 3450 3807 J0.
3480 3753 3686 3820 Georg.

2049 3821 2330 3879 Walchius
2376 3821 2477 3890 (Io.
2529 3819 2716 3888 Georg.
2773 3821 2978 3874 Wulch.
3030 3821 3174 3875 Hist.
3223 3823 3370 3878 Eccl.
3443 3830 3582 3879 sect.
3631 3819 3686 3879 2.

2043 3894 2287 4020 q)ap.b1i
2341 3909 2468 3962 pag.
2527 3893 2676 3960 643),
2731 3891 2953 3947 nullius
2993 3899 3161 3949 certae
3203 3895 3474 3951 Ecclesia:
3515 3897 3690 3952 fuerit

2092 3981 2180 4018 res
2229 3981 2260 4020 v
2292 3979 2372 4016 er.

2092 3968 2372 4018 resbvter.

2116 3981 2578 4106 ῗῗῧγῖξὲῐίυιιὶαηὶ
2601 4031 3036 4106 Matrimonium
3062 4051 3240 4106 supra
3269 4035 3691 4091 dubitationem

2047 4105 2301 4180 positum
2335 4113 2442 4159 est.
2479 4105 2618 4158 Rem
2650 4105 2986 4180 conficiunt,
3013 4105 3096 4160 uti
3124 4108 3244 4173 jam
3277 4107 3694 4176 diximus,libri

2047 4178 2176 4247 ejus
2207 4179 2277 4232 ad
2314 4182 2580 4241 Uxorem,
2615 4193 2800 4247 usque
2827 4178 2896 4230 ad
2922 4178 3070 4232 hanc
3085 4185 3313 4233 aetatem
3346 4180 3691 4234 conservati.

2046 4254 2131 4306 An
2166 4257 2362 4305 autem
2393 4247 3004 4332 sacerdotali‘munere
3051 4250 3392 4332 iungeretur
3423 4266 3488 4304 eo
3543 4257 3693 4332 tem-

2050 4339 2209 4406 pore,
2243 4320 2448 4403 quoad
2482 4319 2896 4406 continentiam
2932 4321 2999 4406 in.
3021 4319 3302 4406 viduitate
3349 4323 3694 4406 servandam

2051 4391 2121 4449 iis
2155 4391 2318 4448 libris
2353 4408 2587 4446 uxorem
2612 4391 2880 4465 hortatus
2919 4395 3214 4465 est,inter
3271 4410 3333 4447 se
3377 4395 3693 4465 scriptores

2051 4467 2358 4521 dissident.
2398 4465 2443 4518 A
2497 4462 2746 4517 maritali
2771 4469 2959 4518 autem
2992 4464 3184 4518 ofﬁcio
3215 4481 3348 4518 eum
3381 4462 3522 4520 tunc
3569 4483 3701 4521 om-

2052 4539 2188 4593 nino
2222 4554 2333 4592 non
2361 4535 2758 4602 abhorruisse,
2785 4535 2906 4590 haec
2932 4535 3104 4591 verba
3152 4538 3450 4593 indicant:
3512 4539 3698 4592 Facul-

1977 4649 2022 4713 D
2053 4616 2219 4666 tatem
2255 4608 2633 4713 continentiie,
2685 4612 2953 4713 quantum]
2985 4624 3307 4713 lpossumus,
3359 4611 3696 4713 diligamqt's:

2057 4699 2216 4713 lum...
2249 4682 2488 4713 .naos'mnns
2522 4694 2549 4713 η
2594 4680 2780 4713 tuamor;
2845 4681 2916 4713 δη.
2962 4679 3172 4713 imm...
3228 4689 3287 4713 nl
3317 4697 3419 4713 nun
3478 4683 3529 4713 ὅ..
3639 4699 3696 4713 η-

2055 4699 2217 4753 quam
2247 4682 2492 4751 primum
2521 4679 2822 4753 obvenerit,
2845 4679 3189 4753 imbibamus
3228 4689 3287 4734 ut
3316 4682 3455 4751 quod
3475 4683 3532 4735 in
3574 4681 3702 4753 Μα-

2053 4749 2313 4809 lrimnnio
2345 4768 2451 4804 non
2481 4751 2777 4823 ualuimus,
2807 4753 2865 4804 in
2899 4749 3169 4806 viduitate
3209 4749 3484 4806 sectemur
3534 4751 3601 4823 (l.
3663 4769 3704 4806 ῐ.

2055 4827 2133 4880 ad
2181 4825 2438 4885 Uxorem,
2492 4838 2540 4875 c.
2593 4820 2668 4894 7).
2729 4828 2876 4875 Sane
2936 4839 3046 4894 non
3098 4825 3379 4878 dixisset:
3445 4820 3590 4894 quod
3643 4825 3706 4877 in

2053 4896 2408 4951 matrimonio
2439 4909 2548 4948 non
2578 4893 2877 4960 valuimus,
2910 4892 2960 4946 si
2994 4901 3330 4963 perpetuam
3365 4897 3424 4949 in
3447 4892 3513 4950 eo
3562 4912 3698 4950 con-

2057 4967 2359 5023 tinentiam
2399 4965 2508 5018 sibi
2553 4963 2973 5034 injunxissent,
3011 4969 3072 5020 ut
3104 4968 3249 5021 bene
3307 4968 3577 5022 observat
3623 4965 3705 5020 Cl.

2057 5039 2277 5095 Samuel
2309 5037 2870 5108 BusnagiuslAnnal.
2910 5035 3377 5107 politieo-eccles.,
3424 5043 3465 5093 t.
3520 5039 3586 5092 ll.
3650 5055 3706 5108 p.

2054 5113 2201 5180 215).
2262 5109 2449 5171 Quare
2498 5107 2868 5181 continentiae
2925 5109 3174 5162 vinculis
3231 5114 3367 5163 tunc
3425 5107 3709 5181 temporis

2055 5185 2432 5252 Presbyteros
2487 5180 2748 5252 nondum
2814 5180 3087 5236 astrictos
3142 5182 3321 5235 fuisse
3353 5227 3367 5248 ,
3437 5180 3710 5237 nonnulli

2055 5251 2463 5310 contendunt:
2499 5251 2600 5305 sed
2634 5253 2904 5318 quamvis
2949 5253 3006 5306 id
3065 5269 3265 5307 verum
3315 5259 3490 5317 esset,
3551 5255 3708 5324 quod

2054 5328 2245 5382 adhuc
2272 5341 2385 5379 non
2420 5327 2662 5388 constat,
2682 5324 2936 5378 inaniter
2964 5328 3156 5379 tamen
3177 5327 3502 5381 Tertulliani
3523 5342 3712 5381 exem-

2059 5399 2149 5472 plo
2170 5469 2181 5472 _
2200 5413 2333 5472 cum
2362 5396 2576 5472 D_all.z:o
2596 5395 2914 5450 Novatores
2936 5395 3389 5472 triumpharent,
3416 5397 3712 5472 catholicis

2057 5466 2326 5525 Ecclesiae
2392 5466 2766 5522 insultantes.
2829 5467 2979 5538 quod
3059 5466 3466 5525 Sacerdotibus
3529 5468 3710 5524 conti-

2058 5542 2314 5597 nentiam
2363 5539 2678 5610 praecipiat.
2729 5539 2872 5594 Nazn
2906 5555 3039 5594 cum
3070 5543 3335 5597 moribus
3391 5543 3603 5610 magis,
3659 5547 3714 5592 et

2056 5631 2191 5674 usu.
2236 5629 2413 5683 quam
2441 5611 2671 5684 legibus
2702 5611 3076 5684 continentiae
3120 5613 3431 5684 disciplina
3471 5612 3712 5684 inducta

2057 5679 2422 5754 fueritfuno,
2453 5679 2553 5739 aut
2583 5682 2766 5740 altero
2797 5683 2925 5754 ejus
2981 5685 3164 5740 (etatis
3197 5679 3460 5755 exemplo
3518 5679 3708 5739 nulla-

2055 5762 2226 5815 tenus
2256 5755 2661 5828 impugnatur.
