4148 6188
1150 94 1153 97 _
1222 70 1255 89 Α

834 152 975 179 ‘1“,1-

76 200 87 203 _
144 190 155 197 ’⁷
524 204 535 209 Δ
678 200 693 209 ,Ι
738 190 743 197 ι

234 351 347 411 105

231 494 285 542 et
330 489 583 543 Marcum
638 495 703 535 ac
758 474 1142 538 Colorbasum,
1199 480 1449 539 quorum
1506 457 2187 533 coryphaeumAlatum
2221 474 2354 513 cum
2408 457 2526 514 tilio
2580 459 2640 514 in
2695 459 2861 531 Syria
2917 460 3127 516 initum
3185 459 3309 532 (qui
3361 459 3421 514 in
3478 459 3638 516 hunc

232 576 397 631 illum
456 575 517 627 in
573 568 908 626 Catholicam
953 563 1136 633 primo
1166 557 1477 613 doctrinam
1508 550 1651 622 apud
1685 551 1883 605 Roma-

230 680 418 721 nenses
449 660 742 718 credidisse
772 657 871 710 sub
933 653 1154 723 Hygino
1211 650 1391 717 Papa,
1453 642 1719 697 Antonini
1776 641 1890 709 fere

228 755 555 827 principatu
600 747 779 804 tradit
808 750 1030 810 auctor,
1062 742 1111 795 et
1140 738 1238 793 sub
1268 736 1581 807 episcopatu
1613 728 1891 785 Eleutheri

232 845 293 901 ob
328 844 633 915 inquietam
662 852 873 907 semper
901 830 1415 891 curiositatem,una
1451 837 1576 876 cum
1613 819 1892 874 Marciane

231 907 484 988 semelet
510 931 705 985 iterum
734 926 969 996 ejectum
997 936 1107 976 esse
1138 918 1211 972 ab
1239 914 1477 969 Ecclesia
1533 910 1633 978 (Ib.
1688 924 1737 961 c.
1800 907 1890 967 30,

233 1040 280 1077 c.
318 1024 409 1089 49,
443 1021 580 1074 hear.
617 1019 704 1079 12,
740 1016 823 1083 13,
856 1014 941 1076 14,
972 1011 1064 1075 50,
1097 1008 1233 1061 hair.
1269 1004 1361 1070 l3;
1394 1000 1592 1056 Ibide
1624 999 1714 1062 51,
1749 997 1886 1050 liter.

234 1086 499 1179 16,17,18
528 1113 584 1162 et
616 1106 759 1173 19,6;
780 1096 1370 1169 1bid.c.5~2,haer.lo,7-.
1394 1089 1717 1156 lb.haer.21,
1735 1086 1891 1152 c.53,

234 1176 647 1268 her.22,23,2s
680 1211 745 1249 ac
773 1193 936 1259 25,9;
969 1186 1275 1251 Ib.c.3,10;
1311 1182 1387 1237 Ib.
1419 1180 1546 1234 0.30
1580 1194 1591 1232 ε
1623 1177 1687 1231 de
1718 1176 1891 1246 Speci.

236 1308 283 1346 c.
319 1290 429 1355 27;
462 1266 602 1341 ibid.
636 1285 677 1339 Ι.
710 1282 776 1337 de
805 1280 941 1336 ldol.
973 1295 1022 1333 c.
1052 1277 1179 1345 25);
1215 1274 1532 1327 sectatores
1572 1282 1706 1321 vero
1765 1266 1894 1334 ejus

235 1382 346 1435 sub
386 1353 502 1432 Piis
536 1379 696 1430 Pont.
730 1378 787 1428 et
816 1373 1027 1441 lmper.
1059 1367 1137 1432 5.)
1171 1361 1467 1417 Cerdonem
1497 1355 1707 1410 deinde
1739 1353 1897 1422 ejus-

242 1485 353 1540 que
390 1466 710 1521 discentem
744 1440 1092 1520 Marcionem,
1127 1451 1404 1519 illiusque
1464 1464 1531 1501 ex
1589 1440 1898 1514 discipulis

241 1532 559 1629 magistros
590 1556 867 1608 Lucanum
900 1551 950 1601 et
981 1543 1539 1615 Appellem,quorum
1575 1532 1735 1605 prior
1764 1546 1898 1585 cum

239 1623 553 1701 V'alientino
585 1641 779 1711 erepit,
815 1635 1068 1693 Marcion
1101 1636 1157 1687 et
1187 1629 1284 1686 alii
1316 1628 1427 1684 sub
1482 1623 1743 1691 Anicato,
1800 1625 1900 1675 So-

245 1744 388 1802 tere,
419 1740 475 1789 et
506 1710 836 1794 Eleuthero,
866 1721 1299 1796 lmpcrantibus
1333 1718 1431 1772 Pio
1464 1719 1519 1770 et
1550 1710 1903 1780 Aurelio,6.)

247 1837 543 1889 Tatianum
573 1834 706 1903 post
747 1828 889 1892 haec,
950 1838 1123 1895 quem
1176 1819 1354 1875 etiam
1414 1813 1675 1906 scholam
1733 1824 1902 1865 suam
1935 1842 1981 1906 Β

245 1923 507 1980 erexisse
564 1917 770 1975 scribit
817 1915 1085 1971 Clemens
1118 1907 1398 1964 Alexand.
1434 1904 1543 1961 sub
1574 1916 1793 1956 annum
1825 1914 1903 1952 xu

243 2010 533 2068 Antonini
566 2009 670 2065 Pii.
712 2004 859 2072 Quid
888 2006 911 2059 Ρ
940 2001 1095 2074 quod
1129 1997 1506 2068 Cataphrygas
1555 2006 1786 2062 quoque
1844 1986 1904 2041 in

250 2117 511 2173 quorum
539 2097 805 2154 haeresim
838 2098 1041 2165 postea
1074 2091 1343 2145 incautus
1374 2082 1598 2147 incidit,
1623 2080 1907 2136 haereticos

249 2164 605 2246 nominatim
625 2164 980 2258 appellet;7,)
997 2196 1222 2252 quorum
1245 2176 1475 2248 quidam
1499 2172 1759 2226 dicuntur
1772 2164 1906 2220 κατὰ

248 2280 510 2335 Proetum
542 2278 636 2347 (de
661 2292 775 2347 quo
806 2274 979 2327 infra.
1014 2268 1234 2337 latius),
1274 2265 1376 2319 alii
1430 2260 1730 2318 secundum
1786 2258 1904 2311 [Εε-

247 2374 490 2441 chinem,
522 2369 738 2441 quibus
767 2382 882 2419 non
916 2362 1089 2417 modo
1120 2358 1409 2421 haeresim,
1442 2354 1541 2409 sed
1572 2355 1621 2407 et
1663 2349 1906 2420 blasphe-

250 2464 424 2517 miam
457 2457 752 2529 impingit,
784 2470 888 2525 qua
923 2454 981 2506 in
1009 2448 1278 2520 dpostolis
1330 2444 1583 2500 dicebant
1638 2441 1911 2511 Spiritum

250 2554 511 2607 sanctum
569 2547 760 2617 fuisse,
811 2541 1161 2596 Paracletum
1218 2552 1327 2591 non
1383 2534 1588 2606 fuisse,
1644 2539 1696 2584 et
1745 2531 1912 2583 Para-

250 2642 457 2694 cletum
513 2637 701 2708 plura,
753 2632 984 2687 meliora
1042 2638 1208 2697 atque
1264 2625 1480 2694 majora
1541 2623 1596 2675 in
1658 2620 1912 2673 Montano

252 2706 526 2793 dixisse,
557 2740 722 2797 quam
780 2720 1060 2775 Christum
1118 2719 1173 2771 in
1232 2712 1532 2784 Evangelia
1596 2706 1912 2780 protulisse,

255 2820 321 2873 de
380 2795 576 2885 cujus
594 2810 957 2881 temporibus
992 2823 1125 2861 mox
1152 2804 1331 2859 latius
1363 2804 1438 2871 8).
1473 2800 1719 2853 Blastum
1749 2795 1914 2849 deni-

258 2908 462 2978 nique,
506 2905 578 2957 de
631 2917 746 2973 quo
799 2914 1011 2968 supra,
1075 2893 1405 2948 Theodotum
1464 2888 1802 2959 Byzantium
1852 2899 1917 2938 ac

259 2975 591 3051 Theodotum
638 2988 951 3044 Coriarium
1027 2980 1611 3039 Melchicedechianum
1668 2975 1799 3030 sub.
1861 2977 1917 3026 Β.

259 3086 497 3139 Victore
528 3080 829 3139 Pontiﬁce,
864 3081 920 3131 et
948 3072 1264 3129 Commodo
1295 3072 1668 3139 Imperatore,
1702 3069 1759 3118 et
1789 3065 1923 3117 Pra-

255 3192 421 3230 xeam
459 3173 530 3225 de
562 3186 679 3241 quo
709 3172 928 3239 postea,
964 3181 1029 3219 ac
1067 3161 1360 3219 Victoriam
1390 3156 1488 3228 qui
1525 3154 1685 3210 illius
1738 3154 1918 3207 heare-

257 3267 339 3321 sin
405 3262 791 3319 corroborare
840 3260 1084 3310 conatus
1116 3256 1221 3307 est.
1258 3249 1345 3304 Fit
1374 3247 1575 3302 eodem
1606 3244 1709 3298 lib.
1744 3241 1918 3297 etiam

260 3355 489 3409 mentio
546 3367 614 3405 ex
670 3350 883 3417 Apost.
948 3341 1123 3398 Paulo
1182 3339 1429 3394 aliorum
1487 3332 1920 3398 haereticorum,

260 3457 479 3513 nempe
508 3439 589 3509 9.)
643 3434 937 3506 Plzyggelli
994 3436 1045 3487 et
1100 3429 1476 3497 Hermogenis,
1536 3423 1816 3495 llymenazi
1874 3422 1924 3473 et

260 3512 498 3587 Phiteti.
563 3530 704 3582 item
763 3526 874 3593 40).
935 3520 1166 3591 Nigidii,
1202 3518 1377 3572 nescio
1409 3516 1583 3583 cuius,
1615 3517 1666 3567 et
1700 3512 1919 3565 Hermo-

259 3638 414 3694 genis
449 3662 465 3675 .
527 3617 640 3673 Sed
697 3616 767 3669 de
822 3614 929 3668 hoc
987 3624 1221 3680 quoque
1280 3606 1453 3678 paulo
1514 3606 1645 3674 post
1702 3599 1920 3654 latius.

266 3724 448 3774 Porro
511 3716 582 3769 ad
643 3713 844 3767 eodem
902 3724 1056 3763 anno
1114 3704 1393 3759 indictam
1456 3696 1924 3772 persecutionem

266 3806 748 3862 Christianorum
779 3818 810 3853 ιι
831 3800 1033 3853 Severo
1062 3792 1456 3865 Imp.alludit;
1491 3793 1694 3844 auctor
1723 3786 1781 3839 in
1809 3784 1931 3837 haec

266 3898 445 3952 verba
479 3895 551 3948 de
578 3887 1021 3959 Amphitheatro
1050 3884 1298 3955 loquens
1350 3897 1361 3935 :
1412 3879 1519 3949 12).
1578 3878 1697 3931 Illic
1752 3874 1931 3945 quoti-

266 3988 429 4040 diani
462 3986 525 4037 in
556 3998 654 4035 nos
685 3980 868 4033 leones
898 3966 1333 4045 expostulantnr,
1368 3968 1495 4023 inde
1525 3965 1931 4037 persecutiones

268 4075 674 4136 decernuntur,
709 4066 839 4123 inde
871 4066 1195 4120 tentationes
1226 4056 1726 4115 emittuntur.ltem
1759 4052 1926 4107 illud:

269 4166 421 4219 Scire
454 4162 648 4217 volunt
676 4158 889 4212 scilicet
916 4164 1125 4223 tempus
1174 4149 1592 4221 persecutionis,
1651 4153 1702 4200 et
1756 4144 1934 4197 locum

271 4252 618 4313 tribunalis,
678 4251 729 4301 et
786 4258 1075 4316 personam
1121 4238 1405 4311 praesidis.
1468 4234 1707 4305 Aliaque
1768 4246 1931 4285 com-

270 4343 450 4413 plura
512 4339 569 4392 in
630 4333 736 4391 lib.
799 4349 945 4404 quos
976 4330 1129 4384 infra
1158 4323 1611 4383 recensebimus.
1646 4320 1749 4375 llic
1779 4319 1935 4373 dun-

275 4436 437 4486 taxat
471 4426 873 4499 probavimus,
906 4438 1019 4476 non
1053 4420 1111 4473 in
1138 4433 1358 4472 annum
1406 4430 1485 4468 vn
1540 4416 1640 4467 aut
1697 4427 1776 4472 x1,
1833 4407 1935 4463 sed

273 4522 329 4575 in
396 4498 501 4574 61
560 4516 718 4571 hunc
765 4512 958 4584 potius
988 4528 1022 4563 x
1055 4506 1283 4578 imperii
1315 4502 1507 4561 Severi
1537 4516 1756 4556 annum
1790 4498 1935 4553 refe-

1546 319 2077 386 TERTULLIANI
2120 319 2328 381 Vl'l‘A.

3520 325 3640 385 106

1998 564 2217 603 annum
2278 548 2507 618 incidit)
2561 547 2970 604 Alexandriam
3004 550 3348 621 profectum,
3385 549 3637 621 peregri-

2001 638 2233 692 natione
2264 653 2330 691 ea
2360 642 2637 708 suscepta
2664 644 2897 710 propter
2928 638 3266 711 religionem
3326 638 3418 693 dei
3476 638 3647 695 Sera-

2000 727 2155 797 pidis
2217 742 2229 779 :
2290 726 2349 779 in
2409 743 2518 795 quo
2573 726 2808 799 (inquit)
2869 728 3078 783 itinere
3115 727 3343 797 judaaos
3376 727 3499 782 fieri
3532 728 3642 783 sub

2002 815 2159 887 gravi
2222 831 2390 885 pmna
2450 815 2667 881 vetuit;
2728 816 2880 870 idem
2940 817 3116 871 etiam
3171 818 3241 871 de
3298 816 3647 873 Christianis

2006 903 2220 959 sanxit.
2257 904 2379 967 Qua
2410 904 2811 975 persecutione
2844 906 2998 977 passi
3032 910 3171 961 sunt
3200 922 3375 977 quam
3408 905 3647 978 plurimi

2001 997 2310 1064 martyres,
2366 992 2723 1049 Alexandriae
2783 996 2893 1050 sub
2956 1001 3104 1051 Laeto
3162 997 3430 1067 praefecto
3494 1012 3557 1051 ac
3587 995 3647 1051 in

2002 1084 2265 1155 .‘Egypto,
2301 1082 2481 1153 Libya
2511 1088 2567 1137 et
2601 1083 2893 1139 Thebaide
2940 1086 3051 1141 sub
3112 1084 3322 1156 Aquila
3376 1090 3649 1158 tyranno,

2004 1172 2060 1225 in
2120 1169 2322 1225 Galliis
2373 1170 2626 1243 denique
2685 1172 2782 1227 SS.
2828 1175 3096 1242 lrenteus,
3129 1173 3449 1240 Andeolus,
3482 1175 3653 1229 Beni-

2004 1276 2192 1331 gnus,
2250 1260 2664 1315 Andochianus
2722 1265 2778 1316 et
2837 1263 3075 1334 Tyrsus.
3138 1264 3311 1319 Porro
3369 1264 3440 1317 ad
3497 1264 3657 1320 hunc

2008 1366 2227 1403 annum
2286 1350 2544 1404 referunt
2604 1351 2865 1422 plerique
2922 1352 3365 1424 inscriptionem
3434 1352 3649 1409 illam:

2007 1456 2071 1493 M.
2104 1455 2343 1493 AGRIPPA
2379 1457 2427 1493 ι..
2461 1457 2509 1493 F.
2547 1458 2665 1495 COL.
2702 1458 2785 1495 III.
2819 1458 2998 1508 FECIT,
3029 1459 3153 1497 IMP.
3187 1458 3323 1497 CIES.
3376 1459 3445 1497 M.
3514 1458 3653 1497 ΑΗΒ.

2008 1545 2212 1581 ANTON.
2275 1544 2393 1583 COS.
2451 1545 2745 1585 ΡΑΝΤΗΕΟΝ
2792 1548 3118 1585 VETUSTATE
3148 1547 3502 1586 CORRUPTUM
3532 1548 3655 1586 CUM

2010 1632 2153 1671 eum
2185 1632 2368 1671 CULTU
2402 1619 3021 1684 aesrirusauurﬂuod
3055 1636 3211 1674 nunc
3240 1620 3654 1677 adducendum

2012 1706 2347 1777 putavimus
2378 1707 2447 1761 ad
2477 1708 2817 1764 memoriam
2851 1708 3161 1777 Ecclesizs,‘

2555 1931 2700 1969 ANNO
2736 1931 2943 1972 DOMINI
2973 1932 3118 1972 CCIV.

2089 2101 2269 2175 §XIl.
2304 2103 2377 2157 De
2406 2104 2684 2174 Baptismo
2723 2104 2981 2159 adversus
3040 2105 3387 2173 Quintilium.
3446 2135 3513 2146 —
3570 2104 3664 2163 21.

2022 2208 2073 2245 P.
2132 2208 2397 2248 ΒΕΡΊΊΜΙΟ
2456 2211 2519 2248 Μ.
2580 2210 2630 2248 F.
2664 2210 2825 2258 GETA,
2858 2211 2931 2248 ΕΤ
2966 2211 3014 2251 L.
3048 2210 3311 2251 SEPTIMIO
3344 2210 3663 2251 PLAUTIANO

2020 2298 2057 2335 ιι
2087 2298 2237 2337 coss.
2274 2298 2323 2336 s.
2374 2282 2684 2355 Zephyrini
2737 2283 3037 2339 Pontiﬁcis
3092 2283 3335 2341 Romani
3392 2301 3545 2340 anno
3605 2300 3661 2351 v,

2017 2370 2201 2426 Severi
2266 2373 2476 2443 Impar.
2536 2390 2613 2441 x1,
2673 2373 2778 2428 etsi
2838 2372 3239 2444 persecutione
3259 2375 3384 2444 jam
3417 2372 3665 2445 vigente,

2021 2477 2131 2516 non
2195 2466 2389 2516 tamen
2451 2462 2678 2517 destitit
2754 2463 3193 2518 TERTULLIANUB
3249 2481 3283 2518 a
3339 2461 3667 2519 scribendis

2023 2550 2301 2606 adversus
2333 2550 2819 2607 haereseislibris.
2874 2552 3031 2608 Inter
3087 2569 3236 2624 quos
3295 2552 3484 2622 primo
3540 2550 3670 2607 loco

2024 2638 2427 2695 collocandum
2461 2656 2773 2695 censemus
2792 2641 2873 2696 De
2890 2659 3165 2697 BAPTISMO
3195 2657 3487 2697 snvsasus
3516 2636 3684 2703 Qum-

2022 2745 2253 2795 TILLAM,
2289 2734 2487 2801 utpote
2518 2746 2688 2801 quem
2740 2731 3024 2801 scriptum
3086 2734 3317 2785 constat
3373 2734 3684 2799 antequam

2027 2818 2225 2888 aliquo
2285 2820 2457 2873 modo
2487 2820 2559 2873 ad
2594 2818 2859 2873 haeresim
2898 2820 3257 2891 propendere
3288 2819 3584 2890 coepisset,
3617 2835 3687 2875 ex

2028 2924 2094 2961 eo
2127 2907 2281 2976 quod
2318 2906 2583 2961 factionis
2618 2907 2792 2961 fuerit
2824 2908 3317 2963 Montanistarum
3381 2909 3678 2975 Quintilla,

2030 3012 2063 3049 a
2118 3011 2235 3064 qua
2295 2995 2481 3049 dictos
2530 2994 2938 3057 Quintillianos
2971 3012 3038 3049 ex
3070 2995 3393 3067 Epiphanio
3422 2996 3545 3051 illic
3579 2996 3684 3050 de-

2031 3084 2328 3138 duximus.
2362 3087 2445 3137 An
2476 3084 2633 3138 aliud
2667 3084 2806 3156 quid
2839 3084 3095 3140 adversus
3126 3085 3444 3141 Montanum
3483 3085 3681 3155 ipsum

2034 3172 2333 3242 scripserit
2363 3178 2582 3239 auctor,
2627 3190 2739 3229 non
2800 3190 2963 3245 eaque
3020 3175 3255 3246 probari
3312 3177 3522 3244 potest,
3580 3172 3683 3228 sed

2032 3260 2348 3317 verisimile
2409 3263 2495 3330 fit,
2556 3270 2679 3317 tum
2738 3279 2807 3317 ex
2865 3263 3023 3318 illius
3058 3265 3112 3318 Β.
3147 3262 3461 3334 Augustini
3492 3261 3685 3317 verbis

2033 3350 2135 3406 lib.
2169 3352 2238 3405 de
2285 3350 2485 3406 haeres.
2523 3366 2537 3405 :
2571 3373 2598 3400 ‹‹
2638 3352 2710 3404 Ad
2773 3352 3161 3425 cataphrygas
3219 3352 3476 3414 transiit,
3537 3367 3687 3422 quos

2035 3446 2167 3495 ante
2224 3440 2528 3506 destruxit,
2590 3465 2613 3492 ι
2678 3445 2804 3495 tum
2848 3441 3098 3497 maxime
3128 3458 3197 3496 ex
3227 3439 3467 3511 Niceph.
3496 3439 3599 3494 lib.
3633 3440 3686 3510 4,

2034 3546 2160 3600 cap.
2196 3530 2286 3595 34,
2320 3530 2421 3600 qui
2453 3529 2633 3583 tradit
2664 3533 2960 3584 auctorem
2994 3530 3064 3584 ad
3126 3533 3341 3584 statam
3400 3527 3691 3583 mediam-

2036 3636 2150 3691 que
2206 3622 2434 3673 aetatem
2495 3620 2552 3672 in
2612 3618 2869 3673 Ecclesia
2929 3618 3224 3674 Catholica
3277 3618 3682 3690 presbyterum

2041 3706 2209 3777 plura
2237 3707 2519 3761 adversus
2546 3705 2787 3759 Montani
2817 3705 3032 3776 dogma
3056 3704 3503 3775 conscripsisse,
3557 3719 3692 3774 pos-

2040 3802 2131 3850 tea
2161 3811 2293 3851 vero
2325 3796 2384 3848 in
2416 3794 2575 3849 illius
2607 3793 2914 3865 delapsum
2946 3810 3223 3863 errorem,
3256 3792 3455 3865 plures
3486 3807 3694 3847 rursus

2042 3884 2222 3937 libros
2254 3900 2356 3954 pro
2388 3882 2488 3937 illo
2520 3884 2941 3952 composuisse.
2977 3884 3083 3948 Qui
3116 3900 3245 3937 cum
3292 3882 3534 3937 Montani
3585 3880 3697 3936 hae-

2041 3987 2237 4027 reseos
2295 3971 2602 4026 historiam
2658 3971 2759 4026 lib.
2820 3972 3082 4042 ejusdem
3143 3990 3191 4027 c.
3237 3973 3323 4037 18,
3354 3972 3447 4039 20,
3478 3972 3569 4039 22,
3600 3971 3695 4039 23,

2039 4063 2107 4113 24
2140 4066 2197 4115 et
2227 4062 2314 4125 25,
2349 4048 2721 4126 late'tractet,
2755 4078 2822 4115 ex
2853 4059 3173 4132 Apollinari
3235 4060 3691 4129 llierapolitano,

2044 4150 2340 4216 Rbodone,
2397 4148 2671 4213 Miltiade,
2732 4149 3044 4220 Serapione
3096 4153 3153 4204 et
3214 4147 3540 4220 Apollonio,
3589 4146 3694 4216 qui

2044 4242 2323 4295 adversus
2354 4238 2521 4293 illum
2556 4238 2790 4308 scriptis
2821 4237 2945 4293 suis
3005 4238 3397 4309 disputarant,
3456 4243 3697 4291 secutus

2044 4330 2255 4384 Euseb.
2316 4328 2416 4382 lib.
2477 4345 2530 4394 v,
2582 4344 2708 4398 cap.
2741 4327 2795 4392 3,
2829 4328 2882 4390 4,
2918 4328 3004 4395 1-1,
3038 4328 3125 4396 15,
3158 4328 3244 4393 16,
3279 4325 3347 4380 17
3377 4330 3434 4381 et
3465 4326 3550 4391 18,
3588 4340 3696 4380 nos

2045 4420 2274 4490 (praater
2303 4434 2371 4472 ea
2401 4434 2527 4487 quae
2560 4418 2631 4471 ad
2666 4416 2764 4470 lib.
2800 4416 2869 4471 de
2904 4415 3232 4487 Praescript.
3292 4416 3519 4470 advers.
3584 4414 3701 4470 his-

2047 4512 2153 4562 ret.
2191 4506 2623 4575 annotavimus)
2658 4520 2809 4565 eam,
2862 4503 2944 4558 uti
3008 4504 3317 4575 promissis
3374 4503 3706 4559 satisfacia-

280 4611 543 4666 rendum
604 4605 770 4659 dictae
831 4596 1260 4673 persecutionis
1319 4594 1586 4648 initium.
1650 4586 1944 4659 Imprimis
1975 4586 2021 4650 D
2057 4613 2210 4660 mus,
2269 4596 2329 4649 in
2379 4592 2788 4665 compendium
2823 4592 2917 4648 hic
2946 4593 3328 4664 redigendum
3362 4592 3706 4664 putavimus

282 4705 341 4754 B.
410 4698 654 4753 Hieron.
706 4696 829 4746 Cat.
862 4690 1069 4758 Script.
1106 4686 1321 4741 Eccles.
1357 4684 1413 4735 in
1449 4680 1696 4750 Origene
1725 4681 1783 4732 et
1813 4680 1944 4747 post

280 4806 415 4845 eum
452 4782 828 4857 Sephronius
856 4795 919 4833 ac
953 4776 1314 4847 Nicephorus
1365 4772 1600 4827 Graecus
1656 4767 1939 4831 scribunt,

283 4897 315 4934 ι
371 4874 580 4933 Severi
642 4867 963 4925 Pertinacis
1035 4880 1188 4919 anno
1250 4862 1531 4915 adversus
1580 4856 1943 4912 Christianos

286 4962 698 5038 persecutione
764 4960 1098 5019 commota,
1170 4950 1480 5005 Leonidam
1567 4946 1757 5017 ipsius
1824 4960 1944 5013 pa-

284 5033 460 5117 trem,
491 5048 709 5105 Christi
744 5044 1023 5117 martyrio
1054 5044 1394 5096 coronatum
1428 5054 1440 5103 ;
1476 5035 1573 5089 ille
1620 5050 1756 5087 vero
1798 5033 1948 5085 inter

287 5145 515 5215 primos
586 5142 871 5207 martyres
939 5135 1277 5187 recensetur
1344 5127 1417 5180 ab
1485 5122 1732 5178 Eusebio
1803 5122 1942 5175 Hist.

284 5244 505 5297 Eccles.
566 5236 670 5291 lib.
714 5250 767 5298 v,
802 5231 897 5301 qui
926 5226 1309 5291 Alexandriae,
1341 5223 1438 5279 ubi
1474 5220 1719 5277 maxime
1752 5232 1945 5289 perse-

284 5333 447 5386 cutio
504 5322 867 5389 abundabat,
928 5317 1085 5389 passi
1147 5321 1305 5372 sunt.
1373 5312 1585 5367 Deinde
1632 5310 1817 5365 Judas
1876 5306 1949 5361 ad

287 5421 449 5475 hunc
524 5430 710 5485 usque
768 5426 991 5465 annum
1052 5402 1592 5473 Chronographiam
1658 5395 1947 5469 perduxit,

288 5516 448 5588 quod
541 5513 758 5566 instare
818 5509 1049 5579 putaret
1106 5503 1421 5557 adventum
1484 5494 1819 5552 Antichristi
1878 5494 1950 5548 ob

290 5606 446 5661 hanc
485 5598 954 5673 persecutionem
988 5588 1689 5666 gravissimam.Denique
1720 5582 1953 5639 disertis

290 5695 493 5752 verbis
528 5688 874 5762 Spartianus
907 5682 1217 5756 significat,
1252 5696 1366 5735 non
1400 5675 1512 5733 nisi
1566 5678 1699 5748 post
1738 5689 1955 5729 consu-

596 5820 852 5875 Pnaut.
901 5812 943 5871 Ι.

2053 4686 2180 4757 (lib.
2215 4686 2279 4739 de
2307 4686 2513 4754 Baptis.
2547 4701 2604 4736 n.
2636 4685 2710 4753 2).

2124 4774 2225 4830 68
2259 4775 2529 4828 Excursus
2567 4773 2629 4841 ﬁt
2685 4774 2745 4826 in
2792 4772 3217 4827 Montanismum
3267 4786 3427 4842 quem
3482 4770 3705 4842 scriptis

2050 4869 2237 4938 primo
2298 4863 2511 4917 lacessit
2558 4861 2996 4915 TERTULLIANUS
3026 4892 3094 4900 —
3118 4860 3208 4913 22.
3248 4860 3432 4932 Pagus
3462 4859 3704 4930 quidam

2054 4972 2183 5010 esse
2214 4951 2510 5007 diciturin
2564 4948 2743 5021 Mysia
2802 4949 3099 5037 Phrygia:k
3145 4965 3275 5019 quae
3332 4953 3711 5019 nuncupatur

2058 5043 2369 5103 Ardabam,
2406 5039 2505 5094 ubi
2539 5039 2731 5092 ferunt
2764 5038 3078 5109 quemdam
3114 5038 3427 5093 Montanum
3469 5038 3711 5095 nomine

2060 5132 2160 5186 lib.
2220 5131 2283 5186 de
2332 5133 2565 5186 Prwscr.
2612 5128 2733 5183 adv.
2790 5126 2921 5181 hwr.
2986 5144 3035 5181 c.
3088 5128 3178 5197 52,
3242 5127 3381 5183 hear.
3439 5128 3553 5199 21),
3610 5127 3712 5199 qui

2058 5236 2246 5291 nuper
2276 5220 2345 5273 ad
2395 5219 2566 5272 fidem
2625 5221 2883 5283 venerat,
2943 5216 3117 5271 Grato
3176 5219 3302 5271 tum
3362 5217 3715 5289 proconsule

2060 5311 2226 5374 Asiae,
2252 5308 2506 5379 primum
2539 5305 2861 5360 insatiabili
2896 5306 3147 5376 quadam
3184 5306 3363 5360 animi
3395 5307 3719 5379 cupiditate

2060 5401 2117 5454 in
2154 5399 2409 5470 primatu
2442 5395 2747 5450 ambiendo
2778 5395 3108 5459 incensum,
3144 5395 3323 5450 simul
3360 5401 3535 5468 atque
3594 5398 3723 5451 edi-

2062 5495 2184 5542 tum
2220 5484 2447 5542 diabolo
2497 5487 2567 5540 ad
2628 5500 2689 5540 se
2747 5484 3123 5556 patefecerat,
3185 5483 3401 5557 spiritu
3469 5486 3727 5557 quodam

2065 5576 2324 5647 maligno
2358 5576 2687 5647 abreptum,
2716 5578 2773 5628 et
2799 5579 3032 5645 repente
3065 5574 3260 5630 furore
3290 5578 3348 5629 et
3378 5573 3592 5629 mentis
3632 5572 3728 5626 in-

2068 5666 2235 5725 sania
2262 5666 2640 5737 exagitatam,
2675 5663 3013 5735 peregrinas
3046 5663 3331 5734 quaedam
3384 5676 3551 5717 voces
3600 5659 3730 5715 tun-

3399 5791 3437 5845 4
