2074 3094
7 2327 20 2338 ,Α

7 2438 14 2483 ὲ

7 2486 15 2505 ν

7 2510 14 2523 ι

7 2779 22 2821 ι

24 2598 30 2613 '.

28 2655 44 2696 ξ

199 163 255 193 10⁸1
853 150 1040 181 ΤΕΒΤῙΠΠ

1096 149 1118 179 ll
1141 149 1233 179 VITA
1243 171 1250 178 .
1848 145 1906 175 108

195 229 284 261 dere,
312 228 341 253 et
370 225 470 253 contra
498 229 586 258 quam
616 219 747 248 Ecclesiae
772 217 952 246 consuetudo
981 225 1016 244 ex
1036 215 1178 252 AIIEPT.
1195 216 1342 243 KAPTAI‘.
1361 213 1636 247 ΜΠΤΡΟΠΟΛΙΟΣς
1653 214 1754 249 utpote
1785 219 1842 248 qua
1871 210 1910 239 si-

195 271 353 301 traditione
384 270 412 297 et
443 266 627 295 successione
656 263 856 301 apostolorum
892 261 1026 289 derivata

197 316 367 354 postulabat
382 312 556 349 prophetare
571 309 701 345 coepisse.
719 309 796 342 Quas
813 307 867 335 etsi
883 306 1024 334 adulteri-

199 351 253 391 nas
267 368 351 389 voces
376 357 496 394 quidam
523 355 726 391 agnoscentes,
757 360 793 380 ne
820 351 957 387 deinceps
986 351 1027 378 ita

202 406 333 442 garriret,
364 402 558 437 increparent,
588 400 663 426 inler
678 406 751 433 quos
766 396 894 433 episcopi
910 395 1026 423 Zoticus

203 441 335 479 Comansa
352 448 411 475 sive
426 446 579 477 Ostrenus,
601 445 629 471 et
657 442 795 470 Julianus
824 442 968 477 Apameze,
999 441 1029 467 et

203 497 345 531 martyres
374 499 490 527 quoque
519 489 608 516 Gaius
637 489 665 515 et
694 486 855 514 Alexander
881 493 947 513 cum
977 483 1026 512 illo

204 529 292 568 sensu
320 538 443 573 ejusque
472 533 585 562 insanis
612 531 727 560 vatibus
756 529 1027 558 lllarimillaetl’ri-

204 584 293 618 scilla,
310 590 384 618 quas
399 582 485 608 antea
507 577 675 606 meretrices
703 576 803 604 eodem
835 574 938 613 spiritu
968 574 1028 601 dae-

205 637 272 657 mon
302 624 484 662 impleverat,
514 623 550 650 ad
579 623 742 650 extremum
772 627 864 655 usque
891 618 1028 654 spiritum

205 671 423 702 communicare
439 669 609 696 recusarent
625 675 631 694 :
648 665 731 702 pauci
748 667 845 692 tamen
875 672 908 692 ex
936 663 1029 699 Phry-

206 718 292 755 gibus
307 715 350 743 illi
367 714 515 750 ceoperunt
535 711 693 743 adhaerere,
723 711 750 737 et
776 708 944 737 Theodotus
971 707 1030 741 ille,

208 768 244 795 de
272 773 329 800 quo
354 771 452 799 supra,
468 762 532 797 ejus
548 759 755 788 commentitize
772 757 929 794 prophetiae
947 757 1031 792 quasi

209 810 444 847 procurationem
466 805 605 841 suscepit.
636 803 689 837 Qui
720 803 788 830 inde
817 802 846 829 in
875 801 1032 835 Galatiam,

210 846 335 883 Pontum
363 854 392 880 et
418 851 516 879 Asiam
545 848 702 885 progressi,
732 847 821 875 etiam
836 846 1033 874 Alexandrum

212 898 369 936 quemdam
387 896 443 924 sibi
466 895 674 930 adjunxerunt,
691 892 820 920 convivio
850 891 1035 919 familiariter

214 935 230 973 ᾇ
246 941 407 971 Maximilla
422 939 514 975 excipi
531 938 661 971 solitum,
679 936 858 964 Alcibiadem
881 935 1039 971 quemdam

214 991 242 1017 et
257 986 484 1018 Themisionem,
501 983 551 1019 qui
577 982 649 1010 falso
671 990 702 1010 se
718 981 899 1009 confessores
915 981 942 1008 et
962 988 1038 1007 mar-

214 1036 292 1070 tyras
306 1030 415 1061 Christi
441 1028 626 1064 jactitabant.
657 1027 747 1062 quue
776 1025 831 1061 (vel
860 1025 890 1052 B.
921 1024 1038 1052 Hieron.

213 1069 280 1106 cum
307 1076 365 1103 illis
392 1072 601 1107 consentiente)
631 1071 685 1099 sub
715 1069 838 1106 imperio
866 1071 903 1096 M.
929 1069 1039 1097 Aurelii

212 1120 411 1158 Imperatoris,
435 1118 518 1146 initio
535 1116 722 1153 pontiﬁcatus
737 1117 766 1142 S.
783 1114 950 1142 Eleutherii.
968 1116 1039 1142 Nam

213 1168 247 1196 ad
263 1167 342 1194 hunc
356 1173 390 1192 ex
404 1163 506 1191 Galliis
520 1162 634 1189 litteras
659 1160 767 1188 tulerat
795 1160 826 1187 B.
857 1159 993 1193 lrenaeus,
1024 1167 1041 1187 a

213 1209 459 1247 Lugdunensibus
477 1215 543 1234 cum
559 1205 662 1233 litteris
678 1207 706 1232 S.
732 1204 831 1237 Attali,
856 1203 1040 1239 aliorumque

215 1258 377 1291 martyrum
408 1255 470 1280 tum
500 1251 595 1278 adhuc
625 1258 740 1277 carcere
768 1248 984 1282 conclusorum,
1010 1248 1040 1275 in

216 1301 316 1329 Asiam
332 1301 360 1327 et
375 1297 531 1333 Phrygiam
549 1296 669 1328 missus,
687 1293 728 1321 uti
745 1293 892 1329 judicium
904 1292 1041 1321 Ecclesiae

218 1344 374 1373 Gallicanae
389 1343 424 1370 de
440 1339 705 1377 pseudoprophetia
724 1338 842 1366 illorum
872 1345 904 1365 eo
935 1337 1042 1373 perfer-

218 1392 270 1418 ret.
299 1389 379 1416 Idem
404 1387 502 1418 etiam,
518 1393 582 1413 mea
597 1384 715 1420 quidem
732 1383 886 1417 sententia,
903 1383 1041 1411 Romanus

218 1435 358 1471 episcopus
392 1433 496 1460 litteras
528 1430 627 1466 pacis,
668 1428 898 1464 praedecessorum
930 1435 1042 1455 suorum

218 1478 381 1508 auctoritate
410 1478 504 1509 nixus,
534 1475 592 1502 illis
620 1474 755 1502 recusavit
775 1473 857 1509 (tom.
876 1472 923 1508 Ill,
940 1472 991 1500 lib.
1008 1472 1043 1500 ad

217 1526 367 1556 Praweam,
383 1530 407 1549 c.
426 1522 462 1556 1).
479 1521 522 1548 An
538 1520 573 1547 ad
590 1519 644 1546 hoc
660 1520 831 1554 cooperatus
860 1517 948 1545 fuerit
976 1517 1042 1545 Pra-

218 1578 286 1598 xeas
313 1570 383 1595 tunc
402 1565 498 1594 adhuc
514 1563 685 1595 catholicus,
702 1571 791 1599 penes
808 1565 956 1590 auctorem
971 1561 1043 1589 ﬁdcs

219 1613 380 1641 esto.Certe
395 1619 451 1638 non
468 1609 564 1637 solum
580 1608 676 1636 Romae
693 1610 720 1635 et
735 1607 765 1634 in
780 1607 883 1635 Galliis
901 1606 1041 1643 episcopi,
1058 1602 1079 1636 C.

220 1662 271 1689 sed
294 1661 383 1688 etiam
413 1659 462 1695 qui
490 1659 589 1686 Asiam
619 1657 785 1685 incolebant
802 1664 1001 1692 smpenumero
1017 1657 1045 1683 et

221 1705 320 1734 multis
334 1705 364 1732 in
380 1704 452 1732 locis
468 1704 497 1731 in
514 1711 605 1730 unum
622 1702 836 1737 convenientes,
860 1701 1044 1737 prophetiam

222 1751 341 1779 illorum
357 1749 460 1777 falsam
478 1748 674 1784 explorarunt,
691 1746 894 1774 detestabilem
911 1746 1045 1774 ostende—

224 1797 304 1829 runt,
320 1797 348 1822 et
362 1793 554 1821 Montanistas
583 1791 790 1819 communione
820 1791 983 1827 privarunt.
1013 1792 1047 1818 Et

225 1848 291 1868 vero
320 1841 474 1866 Montanus
503 1837 671 1872 insanasque
702 1837 765 1871 ejus
804 1836 990 1872 prophetides
1016 1836 1046 1863 in

224 1885 305 1914 Judw
322 1886 446 1911 mortem
462 1881 621 1917 suspendio
634 1880 879 1913 interierunt,non
897 1881 1046 1915 martyrio;

225 1936 253 1962 et
266 1933 428 1961 Alexander
443 1931 490 1958 ille
505 1930 611 1966 Ephesi
627 1930 661 1957 ab
680 1929 793 1957 .Emilio
817 1930 956 1957 Frontino
984 1938 1048 1965 pro-

226 1978 343 2006 consule
358 1979 476 2013 propter
491 1974 643 2002 latrocinia
658 1974 686 2001 in
699 1975 811 2009 judicio
822 1975 1046 2007 condemnatus,

225 2031 293 2051 cum
321 2021 394 2049 falso
425 2029 455 2048 se
484 2021 641 2055 martyrem
672 2019 1048 2054 praetexuisset,neasuis

226 2066 422 2104 quidem,qui
437 2064 523 2098 latro,
553 2066 686 2099 receptus
714 2067 769 2091 est.
799 2064 929 2099 Denique
958 2064 1049 2092 Theo-

226 2113 312 2141 dotus
341 2110 400 2144 ille,
430 2108 566 2137 sublimis
595 2108 625 2135 in
645 2108 749 2135 coelum
766 2117 782 2136 a
797 2109 927 2136 daemone
943 2108 1047 2143 elatus,

224 2155 352 2184 Simonis
367 2154 441 2190 Magi
458 2154 560 2188 instar,
576 2153 731 2188 derepente
747 2161 874 2188 praeceps
897 2152 1046 2188 delapsus,

225 2201 266 2229 ita
282 2201 387 2227 misere
400 2199 490 2226 vitam
506 2198 591 2225 ﬁniit.
608 2197 698 2232 Atqui
727 2197 763 2225 de
788 2198 937 2226 erroribus
966 2197 1047 2225 Mon-

225 2245 297 2278 tani,
314 2244 344 2271 in
360 2252 433 2279 quos
450 2245 549 2278 postea
564 2245 672 2269 Auctor
688 2242 800 2274 incidit,
817 2242 893 2270 inter
904 2242 1049 2277 paradoxa

1082 261 1237 297 gniﬁcetur
1268 261 1422 289 institutos
1450 260 1537 288 ludos
1561 258 1628 287 illos
1644 256 1817 293 Carthagine
1833 257 1910 284 a86-

1082 314 1148 334 vero
1164 308 1192 333 et
1206 305 1353 333 Antonino
1370 305 1464 341 lmpp.

1357 398 1431 418 ANNO
1452 398 1554 417 DOMINI
1574 397 1636 416 CCV.

1118 473 1132 505 §
1157 471 1232 499 XIII.
1259 472 1294 499 De
1322 470 1487 507 quibusdam
1516 470 1645 497 sublesta:
1667 468 1733 503 ﬁdei
1761 467 1849 500 libris,
1879 465 1913 494 de

1083 516 1264 552 Spectaculis,
1281 515 1312 543 de
1329 515 1497 546 ldololatria,
1525 514 1557 541 de
1582 513 1682 541 Habitu
1696 512 1827 539 muliebri
1841 515 1867 538 et
1881 510 1915 538 de

1082 561 1160 588 cultu
1173 561 1351 596 feminarum,
1368 559 1472 587 duabus
1484 558 1520 586 ad
1535 559 1662 592 Uxorem,
1679 557 1811 584 adversus
1830 555 1912 591 Apel-

1085 606 1216 638 tetirmos,
1252 604 1382 632 adversus
1414 604 1616 638 Hermogenem,
1648 601 1680 629 de
1712 601 1826 629 Materia
1858 600 1912 627 Deo

1085 653 1231 679 cowterna.
1259 649 1291 677 de
1320 648 1407 676 Censu
1435 649 1537 675 animae
1556 655 1590 674 ea:
1604 646 1699 674 eadem
1713 645 1841 679 materia,
1858 644 1914 671 ad-

1084 702 1177 722 versus
1210 694 1426 726 Valentinianos,
1442 692 1473 720 de
1488 693 1597 727 Anima,
1613 691 1645 718 de
1658 692 1710 726 Spe
1726 690 1859 724 ﬁdelium.
1876 704 1912 709 —-

1160 747 1185 766 L.
1214 746 1296 765 FABIO
1325 745 1496 765 SEPTlMlANO
1525 745 1555 763 Il.
1586 744 1619 763 ET
1647 744 1679 763 M.
1711 742 1799 762 ANNIO
1829 742 1863 762 Μ.
1891 741 1907 760 F

1087 791 1190 811 LIBONE
1217 791 1294 810 coss.
1325 791 1350 810 s.
1381 781 1535 817 Zephyrini
1552 783 1635 816 Papa;
1651 779 1772 807 Romani
1789 786 1865 805 anno
1880 786 1910 812 v,

1087 828 1182 855 Severi
1199 827 1306 863 imper.
1322 835 1371 859 xu,
1388 826 1493 862 partim
1525 825 1678 853 occasione
1707 823 1777 851 dicti
1806 821 1919 859 Pythici

1092 872 1206 908 agonis,
1232 871 1417 907 aliorumque
1432 870 1628 898 certaminum
1644 868 1820 903 Carthagine
1836 866 1919 894 exhi-

1053 918 1077 951 B
1092 917 1233 951 bitorum,
1250 916 1358 952 partim
1378 915 1454 951 quod
1469 915 1531 950 jam
1548 913 1652 941 indicti
1668 915 1767 940 essent
1784 911 1854 939 Ludi
1870 913 1921 938 Se-

1095 962 1209 989 culares
1224 961 1333 995 Romae,
1351 961 1386 987 ad
1417 967 1491 995 quos
1520 966 1571 994 per
1595 965 1742 993 praecones
1770 954 1923 984 convocari

1094 1006 1228 1033 solebant
1253 1013 1366 1037 omnes,
1392 1005 1492 1039 utpote
1508 1011 1558 1039 qui
1574 1010 1627 1029 nec
1644 1000 1768 1037 spectati
1784 1008 1837 1027 nec
1851 1008 1920 1035 spe-

1094 1050 1193 1078 ctandi
1209 1049 1315 1077 iterum
1334 1050 1438 1084 forent,
1456 1051 1488 1076 ut
1502 1047 1685 1076 Christianos
1707 1046 1743 1073 ab
1769 1053 1804 1073 ea
1831 1044 1925 1080 profe-

1094 1095 1189 1122 ctione
1218 1095 1387 1128 deterreret,
1417 1092 1536 1128 scripsit
1562 1094 1705 1119 TERTULL.
1732 1092 1760 1117 et
1783 1089 1879 1117 Graece
1894 1090 1925 1116 et

1095 1139 1196 1167 Latine
1210 1139 1359 1174 insignem
1375 1137 1458 1164 illum
1475 1137 1582 1164 librum
1596 1138 1635 1164 Ds
1650 1142 1834 1163 SPECTACULIB
1850 1134 1924 1169 (Lib.

1093 1184 1228 1219 deSpect.
1246 1192 1274 1211 η.
1306 1183 1318 1210 1
1349 1187 1376 1210 et
1404 1182 1539 1217 deinceps)
1566 1189 1623 1216 quo
1647 1179 1844 1216 pulcherrime
1874 1178 1925 1205 de-

1095 1228 1187 1260 ducit,
1217 1227 1361 1263 quidquid
1391 1227 1427 1254 ad
1452 1227 1468 1253 4
1481 1224 1721 1262 Spectaculorum
1738 1230 1846 1258 genera
1860 1230 1926 1258 per-

1094 1273 1178 1308 tinet,
1196 1273 1232 1299 ab
1248 1271 1416 1299 idololatria
1432 1279 1516 1299 suam
1532 1270 1639 1298 habere
1652 1268 1805 1303 originem,
1836 1269 1926 1302 atque

1094 1317 1166 1345 adeo
1182 1316 1358 1344 Christianis
1374 1316 1540 1343 interdicta.
1557 1314 1639 1342 Certe
1667 1313 1722 1341 hoc
1751 1320 1828 1340 anno
1845 1314 1924 1339 octa-

1095 1370 1197 1389 vorum
1214 1362 1358 1389 liudorum
1375 1359 1561 1388 smcularium
1586 1367 1603 1386 a
1630 1360 1733 1386 Severo
1762 1356 1924 1384 celebrato-

1096 1414 1162 1433 rum
1191 1414 1250 1434 non
1280 1405 1367 1433 modo
1397 1403 1596 1432 meminerunt
1623 1402 1801 1430 Censorinus
1822 1401 1871 1428 lib.
1890 1400 1929 1428 de

1096 1450 1147 1478 Die
1163 1449 1265 1484 natali,
1282 1452 1310 1477 et
1327 1449 1398 1477 Dion
1415 1452 1444 1476 et
1458 1448 1651 1482 Herodianus,
1667 1454 1793 1483 quorum
1810 1445 1857 1473 hic
1877 1453 1929 1472 eos

1096 1495 1205 1522 vidisse
1221 1502 1252 1522 se
1267 1493 1379 1529 scribit,
1396 1493 1447 1520 sed
1465 1493 1566 1527 etiam,
1583 1491 1710 1520 testibus
1735 1490 1828 1518 Fastis
1851 1491 1926 1517 Con-

1098 1539 1249 1567 sularibus
1267 1547 1273 1566 Ζ
1291 1547 1356 1566 LUDI
1373 1545 1543 1565 BECULARES
1559 1545 1655 1564 OCTAVI
1672 1544 1716 1563 EX.
1734 1544 1776 1563 SC.
1792 1543 1881 1567 FACTI,
1899 1536 1929 1562 8t

1099 1584 1247 1611 invenitur
1260 1583 1320 1610 haec
1336 1582 1450 1609 nummi
1467 1581 1620 1617 inscriptio
1637 1588 1644 1608 :
1662 1589 1695 1608 M.
1711 1588 1780 1607 sua.
1805 1586 1928 1608 ANTONI-

1100 1636 1155 1656 Nus
1171 1636 1237 1655 prus
1252 1634 1488 1654 AUG.SECULARIA
1503 1634 1589 1653 sscru
1602 1625 1826 1653 sc.Existimant
1840 1623 1930 1651 etiam

1099 1681 1200 1700 arcum
1216 1672 1313 1699 Severi
1329 1670 1552 1706 triumphalem,
1569 1669 1620 1704 qui
1635 1670 1798 1697 etiamnum
1826 1669 1932 1703 exstat,

1099 1725 1133 1745 ea
1148 1716 1300 1745 occasione
1315 1715 1369 1743 hoc
1385 1723 1461 1743 anno
1477 1716 1618 1747 erectum,
1631 1713 1794 1741 Politianus
1809 1715 1838 1740 et
1852 1712 1935 1739 Onu-

1100 1761 1215 1798 phrius,
1234 1761 1320 1796 cujus
1335 1760 1556 1796 inscriptionem
1574 1759 1664 1786 habes
1680 1765 1780 1793 supra,
1805 1764 1932 1792 quorum

1101 1809 1224 1842 uterque
1254 1805 1399 1833 latissime
1421 1806 1449 1831 et
1464 1803 1606 1839 originem
1623 1805 1652 1830 et
1667 1809 1770 1830 omnes
1786 1801 1859 1828 ritus
1874 1801 1933 1828 Sas-

1101 1850 1244 1877 cularium
1263 1850 1411 1878 Ludorum
1428 1847 1626 1884 prosequitur.
1643 1849 1677 1874 Et
1691 1854 1757 1874 vero
1784 1849 1845 1873 tam
1874 1845 1933 1873 late

1102 1895 1137 1922 de
1165 1895 1303 1923 omnibus
1332 1894 1469 1921 ludorum
1487 1891 1662 1928 spectaculis
1677 1892 1707 1918 in
1723 1890 1783 1918 illis
1798 1889 1930 1917 exhiberi

1102 1939 1198 1967 solitis
1211 1942 1313 1966 auctor
1326 1940 1441 1971 tractat,
1459 1939 1492 1965 ut
1506 1937 1562 1964 alio
1585 1936 1799 1963 Commentario
1828 1934 1930 1962 lectori

1102 1984 1216 2011 curioso
1231 1992 1288 2011 non
1305 1983 1344 2011 sit
1359 1991 1442 2018 opus,
1459 1982 1586 2009 maxime
1597 1982 1622 2008 si
1638 1980 1771 2008 consulat
1787 1982 1815 2007 et
1830 1982 1931 2006 Anno-

1102 2028 1227 2056 tationes
1243 2027 1480 2055 nostras.Eodem
1497 2034 1570 2062 pene
1586 2029 1718 2060 tempore
1727 2023 1931 2059 conscriptum

1102 2075 1218 2101 constat
1230 2073 1337 2099 librum
1349 2072 1390 2099 De
1400 2079 1560 2104 IDOLATRIA,
1577 2073 1677 2106 utpote
1688 2069 1717 2096 in
1732 2077 1790 2105 quo
1801 2071 1829 2096 et
1840 2068 1931 2103 hujus

1104 2118 1169 2145 libri
1180 2126 1211 2145 ac
1218 2117 1416 2153 persecutionis
1427 2116 1594 2143 meminerit
1605 2115 1674 2148 (Lib.
1686 2123 1717 2142 ii.
1730 2114 1762 2141 de
1770 2113 1835 2141 Idol.
1848 2121 1875 2141 c.
1883 2113 1929 2146 13,

1103 2162 1252 2196 ῐι.164;1.ι,
1264 2162 1299 2189 ad
1316 2162 1397 2189 Uxor.
1410 2168 1434 2187 c.
1445 2161 1472 2187 7.
1486 2169 1516 2187 n.
1530 2160 1574 2193 44;
1586 2159 1606 2186 1.
1617 2167 1637 2186 ιι
1653 2159 1687 2186 ad
1702 2159 1801 2187 quor.
1815 2165 1838 2185 c.
1852 2157 1890 2192 1);
1902 2159 1931 2184 et

1102 2206 1240 2235 Solemnia
1249 2207 1386 2234 Caesarum
1398 2205 1433 2232 ad
1444 2204 1638 2232 idololatriam
1651 2203 1795 2239 pertinere
1810 2201 1928 2236 astruit,

1103 2251 1190 2278 sicuti
1206 2251 1293 2277 etiam
1310 2249 1405 2277 multa
1420 2249 1488 2281 alia,
1504 2249 1532 2275 in
1550 2248 1658 2284 quibus
1674 2247 1784 2274 directe
1794 2246 1932 2274 consistit

225 2290 289 2326 ejus
304 2288 403 2316 latius.
422 2288 506 2315 Porro
522 2287 577 2314 hoc
591 2295 667 2314 anno
681 2289 749 2314 ante
764 2287 909 2314 Kalendas
934 2287 1048 2322 Junias,
1065 2289 1088 2322 1)
1105 2295 1248 2323 idolorum
1263 2294 1370 2322 cultus.
1387 2294 1418 2321 In
1434 2293 1570 2321 eumdem
1588 2300 1706 2328 quoque
1722 2299 1831 2319 annum
1857 2291 1928 2318 refe.

224 2339 261 2366 ad
290 2345 363 2373 quas
393 2335 549 2370 incipiebat
573 2343 668 2362 annus
684 2335 718 2362 XI
735 2335 842 2368 Severi,
856 2343 959 2363 censeo
975 2335 1049 2363 acci-

225 2383 303 2411 disse
319 2382 395 2418 quod
416 2381 517 2408 scribit
544 2381 672 2408 Auctor:
702 2382 807 2416 Agonas
834 2383 908 2415 istos,
937 2383 1048 2409 conten-

224 2428 293 2456 tiosa
318 2427 452 2454 solemnia
480 2430 506 2452 et
520 2426 708 2460 superstitiosa
722 2427 874 2453 certamina
892 2426 1048 2454 eroarum

223 2476 249 2501 et
277 2472 445 2507 religionum
474 2474 500 2497 et
530 2470 698 2504 voluptatum
734 2473 839 2506 quanta
874 2472 969 2506 gratia
997 2472 1046 2498 69

224 2516 297 2545 istud
311 2516 440 2543 saeculum
454 2514 579 2548 celebret,
595 2515 678 2542 etiam
699 2515 803 2551 Africa
831 2516 921 2551 liquit,
951 2516 1049 2544 Adhuc

226 2561 422 2595 Carthaginem
446 2560 566 2593 singulae
591 2561 714 2587 civitates
738 2560 906 2594 gratulando
935 2562 1047 2596 inquie-

225 2607 284 2633 tant
309 2605 439 2633 donatam
453 2603 568 2639 Pyt/iico
592 2612 677 2638 agone
702 2609 762 2638 post
788 2604 871 2632 stadii
883 2607 1047 2632 senectutem

223 2649 306 2686 (Ibid.
324 2649 372 2676 lib.
391 2649 424 2676 ad
439 2649 530 2676 Gnost.
547 2656 571 2675 c.
588 2648 627 2682 6.)
643 2650 716 2675 Nam
742 2656 774 2675 eo
800 2649 944 2683 pertinere
967 2648 1046 2675 vide-

222 2697 272 2723 tur
286 2694 337 2721 illa
351 2693 465 2720 nummi
481 2695 563 2720 vetus
576 2692 729 2728 inscriptio
748 2700 753 2719 :
772 2700 869 2719 seven.
886 2700 952 2720 PIUS
976 2701 1044 2721 auc.

223 2747 306 2767 PONT.
324 2746 392 2765 ΜΛΧ.
405 2745 480 2764 TRIB.
500 2745 560 2763 POT.
579 2745 604 2763 Χ.
622 2737 681 2764 sive
699 2745 704 2763 Ζ
722 2745 824 2763 ΑΝΤΟΝ.
840 2745 917 2772 PIUS,
932 2746 991 2765 una
1012 2746 1046 2766 ex

222 2785 315 2821 parte,
345 2784 373 2810 et
401 2789 435 2809 ex
450 2780 558 2814 altera;
576 2789 770 2809 1NDULGENTIA
786 2789 853 2809 AUG.
871 2790 912 2809 sc.
931 2791 959 2810 IN
975 2791 1045 2810 CAR-

222 2836 361 2863 Tqumn;
380 2827 449 2855 item
466 2827 494 2854 et
515 2824 613 2854 Graeca.
632 2825 684 2854 illa
700 2834 705 2853 :
723 2828 767 2853 ΑΥ
784 2826 841 2854 ΚΔΙ
861 2827 1044 2856 ΣΕΟΥΑΡΟΣ

1104 2339 1353 2372 rimuslibros,DE
1369 2346 1472 2366 HABITU
1486 2346 1618 2365 MELIEBRI
1634 2339 1664 2365 et
1680 2336 1720 2364 De
1736 2344 1828 2364 cuum
1844 2344 1928 2363 sam-

1103 2393 1215 2417 NARUM,
1232 2392 1356 2420 quorum
1375 2383 1463 2418 priori
1482 2382 1605 2409 nimium
1623 2379 1929 2416 ornatum,posteriori

1103 2428 1196 2464 magis
1212 2428 1309 2464 capilli
1325 2431 1353 2455 et
1368 2428 1442 2455 cutis
1456 2435 1556 2454 curam
1573 2426 1752 2462 superﬂuam
1770 2424 1929 2460 reprehen-

1102 2473 1303 2507 dit,Videntur
1317 2473 1419 2499 eodem
1436 2479 1512 2499 anno
1527 2470 1614 2498 etiam
1632 2469 1790 2505 conscripti
1804 2470 1852 2496 70
1863 2468 1930 2496 libri

1101 2526 1138 2545 AD
1154 2526 1271 2545 UXOREM
1286 2517 1429 2544 duo.Nam
1446 2524 1513 2543 cum
1530 2515 1618 2550 priori
1634 2523 1651 2542 a
1666 2515 1776 2550 nuptiis
1792 2513 1930 2542 secundis

1101 2564 1217 2589 tantum
1233 2562 1411 2594 dehortetur,
1436 2563 1465 2587 et
1491 2559 1644 2595 posteriori
1675 2559 1779 2587 saltem
1809 2557 1929 2593 nuptias

1101 2614 1167 2633 cum
1184 2605 1343 2641 gentilibus
1359 2605 1524 2636 interdicat,
1540 2606 1662 2639 apparet
1674 2612 1723 2631 eos
1748 2604 1929 2638 conscriptos

1102 2653 1168 2678 ante
1181 2649 1304 2677 haeresim
1320 2649 1457 2683 auctoris,
1485 2648 1619 2675 fortassis
1647 2648 1755 2682 Romae,
1786 2655 1844 2683 quo
1871 2648 1929 2674 t're-

1101 2696 1224 2730 quenter
1251 2694 1416 2721 discurrere
1444 2692 1518 2719 solet
1543 2692 1647 2720 saltem
1669 2693 1705 2720 ad
1721 2693 1882 2723 absentem,
1899 2693 1929 2719 et

1101 2742 1244 2775 quantum
1260 2740 1381 2774 apparet
1396 2746 1412 2765 a
1427 2737 1650 2771 valetudinario,
1667 2737 1776 2774 quippe
1791 2737 1840 2773 qui
1868 2736 1929 2771 pri-

1100 2792 1180 2812 orem
1193 2783 1424 2812 admonitionem
1440 2785 1581 2819 tanquam
1596 2783 1657 2818 jam
1673 2782 1833 2811 moriturus
1850 2782 1928 2816 lega-

1101 2833 1160 2858 tum
1174 2836 1206 2856 ac
1221 2828 1285 2864 ﬁdei
1298 2828 1474 2857 commissum
1486 2830 1645 2864 nuncupat.
