4148 6184
302 358 396 419 109

773 511 926 552 ΑΝΝο
964 512 1171 555 DOMINI
1210 521 1354 559 CCVI.

346 622 421 676 24.
448 637 561 675 IMP.
591 638 717 677 CASS.
752 637 816 676 M.
848 639 981 678 ΔΗΒ.
1018 642 1280 683 BASSIANO
1310 647 1424 685 SEV.
1470 648 1604 688 AUG.
1633 650 1683 687 F.
1714 650 1889 689 ΑΝΤΟ·

292 725 401 764 ΝΙΝο
431 726 554 765 AUG.
586 727 647 764 II.
690 727 759 765 ET
788 728 840 766 P.
880 729 1027 770 SEPT.
1069 731 1187 771 SEV.
1232 735 1366 773 AUG.
1403 737 1450 774 Γ.
1487 736 1627 775 GETA
1669 740 1807 778 COSS.
1842 742 1887 778 8.

286 797 549 868 Zephyrini
582 798 825 853 Romani
874 801 1165 871 pontiﬁcis
1196 820 1296 871 vn,
1347 809 1539 861 Severi
1588 809 1730 880 imp.
1764 826 1887 875 χιιι,

287 901 396 939 cum
426 885 660 941 haereses
690 889 859 942 varias
887 898 1297 959 grassarentur
1326 894 1383 948 in
1418 896 1609 951 Africa
1641 899 1711 952 ad
1744 898 1887 953 scri-

284 974 502 1029 bendum
560 976 839 1032 adversus
898 995 994 1034 eos
1051 982 1201 1036 serio
1258 999 1319 1037 se
1401 986 1671 1041 contulit.
1734 989 1890 1042 Inter

285 1079 404 1133 quos
432 1064 646 1133 primus
677 1067 929 1122 occurrit
960 1068 1108 1123 liber
1131 1088 1427 1128 anvnasus
1458 1092 1883 1147 APELLETIANOS,

281 1154 366 1207 etsi
394 1152 553 1208 hodie
584 1154 1037 1223 desideratus,id
1070 1165 1178 1228 est,
1213 1162 1419 1227 Apellis
1447 1164 1711 1232 discipuli
1741 1167 1886 1221 Mar-

280 1244 423 1295 tionis
446 1246 753 1307 sectatores,
787 1246 857 1299 de
882 1247 1099 1316 quibus
1131 1255 1335 1304 auctor
1369 1268 1379 1305 :
1414 1252 1618 1323 Adhuc,
1670 1255 1886 1326 inquit,

277 1333 323 1383 in
346 1332 525 1386 σατραΙο
568 1338 879 1402 supersunt,
912 1337 1008 1405 qui
1053 1340 1408 1394 meminerint
1454 1358 1663 1411 eorum,
1714 1347 1885 1399 etiam

274 1419 455 1487 praprii
482 1422 749 1477 discentes
780 1428 829 1477 et
858 1440 1188 1482 successores
1220 1430 1467 1497 ipsorum
1486 1446 1507 1491 ;
1527 1447 1594 1486 ne
1619 1435 1882 1501 posterio-

274 1522 341 1561 res
366 1524 551 1578 negare
572 1513 809 1580 possint.
843 1514 1057 1569 Eodem
1108 1532 1262 1571 anno
1294 1519 1656 1590 conscriptos
1708 1526 1884 1591 puta-

276 1612 380 1650 mus
407 1596 577 1652 libros
601 1616 885 1657 mvsasus
918 1619 1310 1660 HERMOGBNEM
1334 1608 1504 1675 duos,
1538 1626 1607 1663 ns
1640 1628 1883 1666 MATERIA

274 1700 357 1739 DEO
383 1702 677 1742 COEI‘ERNA
708 1706 915 1757 unum,
944 1708 1014 1745 DE
1043 1708 1223 1748 CENSU
1246 1712 1442 1750 ANIMI!)
1472 1714 1540 1751 EX
1567 1715 1752 1753 EADEM
1774 1716 1882 1754 MA-

270 1790 405 1828 rsau
432 1776 698 1831 alterum.
732 1779 836 1842 Qui
872 1796 984 1850 quo
1014 1786 1275 1852 tempore
1328 1785 1714 1841 disseminare
1744 1804 1884 1843 suas

274 1864 504 1918 hareseis
560 1866 823 1935 cmperit,
878 1884 994 1922 non
1054 1870 1138 1924 ita
1196 1878 1463 1940 constat;
1502 1879 1762 1931 attamen
1817 1891 1884 1931 ex
1916 1881 1959 1947 C

269 1956 404 2020 parte
426 1953 478 2006 id
501 1954 836 2025 signiﬁcare
858 1958 1089 2012 videtur
1112 1960 1174 2014 Β.
1215 1961 1448 2017 Hieron.
1482 1963 1662 2022 Calal.
1693 1967 1878 2034 Scrip.

270 2038 449 2095 Ecoles.
482 2041 624 2097 dum
674 2049 877 2100 contra
926 2048 1175 2104 Haeresin
1216 2054 1576 2120 Hermogenis
1624 2054 1881 2124 primum

264 2128 535 2199 scripsisse
599 2133 779 2187 tradit
821 2134 1210 2206 Theophilum
1272 2140 1879 2213 Antiochenum.Qui,

264 2216 351 2270 etsi
380 2218 479 2272 sub
527 2220 677 2290 imp.
707 2222 854 2277 Vero
888 2223 1168 2289 ﬂoruerit,
1200 2227 1388 2283 eidem
1438 2234 1636 2284 tamen
1678 2248 1884 2302 super-

262 2305 462 2372 vixisse,
485 2323 552 2362 ex
583 2309 717 2379 ejus
748 2310 848 2365 lib.
875 2327 939 2365 ΙΙΙ
965 2312 1034 2366 ad
1068 2315 1413 2386 Autolycum
1446 2320 1883 2391 comprobatur,

266 2394 344 2447 ubi
393 2412 571 2451 annos
631 2402 691 2453 et
744 2401 973 2468 mundi,
1006 2407 1061 2455 et
1118 2404 1363 2458 Romani
1420 2406 1783 2475 consulatus,
1828 2414 1886 2465 et

262 2483 518 2539 Casarum
552 2502 746 2557 usque
776 2488 845 2542 ad
881 2489 1106 2545 obitum
1139 2490 1272 2546 Veri
1318 2493 1525 2564 imper.
1562 2502 1881 2567 computat.

265 2571 472 2628 Proinde
511 2577 625 2629 sub
647 2575 969 2632 Commodo
995 2579 1189 2649 potius
1212 2580 1419 2646 imper.
1453 2599 1675 2640 errores
1713 2586 1882 2641 illum

263 2676 377 2716 suos
423 2666 714 2735 sparsisse
745 2681 1091 2733 censemus;
1127 2670 1225 2739 qui
1258 2674 1453 2726 tamen
1487 2676 1654 2729 aetate
1685 2681 1884 2731 aucto-

264 2748 327 2803 ris
354 2752 533 2807 adhuc
581 2754 817 2818 vixerit,
851 2757 935 2810 vel
969 2772 1033 2810 eo
1066 2761 1214 2812 teste
1260 2758 1321 2812 in
1357 2760 1475 2814 haec
1523 2763 1700 2817 verba
1732 2779 1745 2817 :
1782 2767 1884 2820 Hos

260 2836 442 2909 (inquit
485 2842 555 2896 de
604 2842 921 2909 Marcione,
956 2844 1259 2902 Valentino
1309 2852 1366 2902 et
1394 2850 1592 2920 Apelle
1635 2850 1884 2923 loquens

256 2926 357 2993 jam
385 2930 652 3002 mortuis)
685 2936 744 2985 ut
775 2934 1108 3002 insigniores
1139 2940 1189 2989 et
1228 2937 1634 3007 frequentiores
1666 2941 1882 2997 adulte-

261 3030 329 3069 ros
351 3020 590 3074 veritatis
640 3022 1015 3076 nominamus.
1067 3024 1342 3080 Caeterum
1389 3028 1667 3097 Nigidius,
1701 3034 1882 3087 nescio

257 3105 373 3172 quis,
402 3111 452 3160 et
478 3113 879 3178 Hermogenes,
913 3115 963 3165 et
998 3113 1164 3167 multi
1203 3113 1337 3180 alii,
1370 3115 1545 3172 adhuc
1592 3119 1883 3174 ambulant

256 3194 589 3253 subvertentes
639 3199 761 3252 vias
806 3199 1028 3255 Domini
1077 3201 1138 3271 (Ι.
1173 3203 1236 3257 de
1282 3204 1520 3260 Praescr.
1569 3207 1691 3262 adv.
1742 3209 1875 3265 hwr.

258 3297 299 3334 ο.
324 3284 424 3349 30).
456 3286 521 3340 Et
540 3251 689 3341 vero
721 3286 780 3341 in
1054 3251 1443 3362 Ilermogenem
1490 3294 1757 3352 ﬂoruisse
1792 3302 1875 3353 te-
1909 3251 1952 3320 α

258 3371 349 3427 stis
376 3379 458 3428 est
488 3375 845 3431 Philastrius
877 3378 979 3432 lib.
1011 3380 1082 3434 de
1118 3381 1326 3435 Haeres.
1362 3383 1452 3437 cui
1489 3389 1691 3439 auctor
1721 3388 1884 3442 addit

256 3467 507 3532 tanquam
533 3465 887 3535 magistrum
911 3466 1169 3538 aliquem
1192 3470 1493 3540 Nigidium.
1528 3473 1671 3529 Cum
1706 3476 1881 3532 etiam

259 3559 604 3620 superessent
665 3555 856 3609 adhuc
917 3558 1441 3614 Valentim’anorum
1497 3565 1885 3620 haereticorum

258 3643 509 3707 examina,
545 3643 801 3698 ducibus
835 3649 1044 3714 praeter
1073 3648 1295 3717 primos
1328 3649 1461 3705 illos
1493 3668 1671 3722 supra
1703 3655 1885 3709 addu-

248 3731 347 3782 ctos
394 3733 694 3800 Theotimo,
729 3735 998 3788 Axionico
1055 3736 1369 3791 Alexandro
1419 3743 1469 3794 et
1510 3742 1771 3808 Prodico,
1804 3748 1867 3797 B.

247 3814 494 3873 Irannum
518 3820 793 3876 imitatus
816 3822 885 3875 ad
907 3822 1151 3878 verbum
1177 3842 1345 3895 pene,
1367 3844 1587 3884 LIBRUM
1613 3832 1869 3887 conscri-

244 3905 336 3970 psit
359 3923 652 3964 ADVERSUS
681 3926 1143 3967 vaussnmsuos.
1179 3918 1255 3968 De
1290 3916 1587 3987 prioribus
1620 3920 1703 3974 sic
1736 3937 1870 3975 auc-

242 3998 348 4048 tor:
380 3997 600 4052 Multum
654 4000 811 4054 circa
862 4000 1130 4071 imagines
1176 4004 1333 4074 Legis
1380 4006 1691 4061 Theotimus
1742 4025 1870 4080 ope-

242 4090 369 4137 ratus
417 4089 512 4139 est.
572 4087 661 4141 Ita
733 4103 1007 4158 nusquam
1087 4090 1425 4148 Valentinus
1484 4112 1498 4150 :
1561 4101 1612 4151 et
1685 4106 1870 4153 tamen

248 4169 610 4242 Valentiniani,
648 4177 747 4246 qui
785 4192 889 4246 per
923 4179 1303 4235 Valentinum.
1336 4184 1494 4239 Solus
1541 4185 1611 4239 ad
1648 4187 1869 4242 hodier-

240 4274 348 4311 num
378 4264 685 4320 Antiochia:
717 4268 1029 4322 Axionicus
1058 4273 1383 4326 memoriam
1415 4274 1709 4332 Valentini
1727 4277 1867 4332 inte-

238 4361 317 4413 gra
340 4352 571 4407 custodia
628 4353 968 4424 regularum
1006 4357 1121 4427 ejus
1167 4361 1491 4416 consolatur
1519 4369 1562 4418 t.
1598 4364 1692 4431 IlI,
1726 4365 1764 4419 l.
1800 4366 1871 4421 ad

246 4434 416 4493 Valent.
464 4458 514 4495 c.
550 4443 604 4508 4,
664 4460 722 4496 n.
756 4444 847 4508 32,
900 4445 969 4497 33
1008 4461 1074 4500 ac
1123 4447 1213 4502 34.
1266 4449 1401 4503 Ibid.
1453 4451 1491 4505 l.
1543 4452 1609 4507 de
1658 4454 1864 4510 Charit.

237 4521 426 4597 Christi,
459 4546 509 4584 c.
542 4532 635 4585 15.
670 4548 729 4585 n.
766 4532 899 4598 127;
934 4533 1072 4589 Ibid.
1106 4551 1155 4590 ο.
1190 4537 1277 4605 16,
1310 4555 1369 4591 n.
1409 4540 1550 4611 131).
1586 4541 1663 4597 De
1696 4545 1867 4600 tertio

241 4611 285 4663 in
312 4612 419 4670 huc
446 4620 666 4674 verba:
719 4621 876 4689 Nam,
907 4627 970 4675 ut
1017 4639 1178 4693 penes
1225 4627 1510 4697 quemdam
1555 4648 1629 4685 ese
1682 4634 1869 4688 Valen-
1897 4624 1946 4689 D

241 4701 326 4754 lini
347 4708 576 4772 [actione
606 4709 738 4778 legi,
767 4711 947 4779 primo
976 4727 1086 4766 non
1133 4720 1333 4781 putant
1362 4724 1637 4775 teerenam
1676 4729 1725 4776 et
1756 4723 1860 4777 liu-

239 4803 427 4848 manam
470 4795 679 4851 Christi
725 4799 1095 4855 substantiam
1145 4804 1503 4874 informatum
1552 4810 1649 4878 (Ib.
1686 4826 1734 4864 c.
1772 4813 1860 4881 17,

242 4880 354 4934 tom.
387 4883 473 4951 ΙΙΙ,
511 4886 548 4939 Ι.
581 4885 708 4941 adv.
744 4885 925 4942 Gnost.
956 4905 1005 4945 c.
1041 4892 1189 4962 ult.).
1230 4897 1301 4947 De
1336 4910 1451 4965 quo
1482 4913 1617 4952 vero
1658 4880 1863 4970 loqua-

242 4968 319 5018 tur
344 4971 589 5039 subjecit
618 4990 634 5027 :
666 4978 905 5045 Insuper
932 4982 1357 5047 argumentandi
1407 4984 1638 5041 libidine
1668 4968 1803 5042 ac—7
1816 4991 1855 5044 Ι

242 5050 393 5119 forma
438 5062 656 5128 ingenii
704 5064 952 5119 hzeret-ici
1005 5067 1181 5122 locum
1227 5069 1334 5124 sibi
1376 5073 1506 5141 fecit
1556 5076 1866 5132 Alexander

251 5141 342 5197 ille.
370 5146 432 5199 Et
478 5166 719 5204 rursum
757 5168 770 5206 :
804 5150 905 5207 Sed
951 5157 1174 5210 remisso
1223 5158 1533 5216 Alexandro
1582 5179 1704 5217 cum
1752 5167 1865 5221 suis

246 5230 550 5300 Syllogismus
607 5239 764 5309 (Ibid.
826 5240 864 5294 Ι.
906 5242 1030 5297 adv.
1091 5246 1261 5300 Prax.
1319 5264 1367 5301 c.
1419 5250 1472 5303 3.
1523 5252 1666 5306 Ibid.
1711 5253 1748 5307 l.
1800 5257 1867 5311 de

252 5321 397 5376 Prses.
430 5327 553 5381 adv.
590 5328 721 5382 haer.
754 5345 801 5384 ε.
833 5330 945 5401 21).
982 5331 1243 5405 Denique
1290 5337 1361 5391 de
1403 5344 1695 5408 postremo
1748 5344 1863 5400 duo

245 5419 571 5468 concurrunt
618 5416 750 5485 loci,
784 5435 939 5474 unus
976 5438 987 5475 :
1030 5423 1181 5489 Quod
1227 5425 1277 5478 si
1322 5426 1435 5489 iam
1488 5431 1614 5483 tunc
1665 5433 1864 5487 Prodi-

242 5509 317 5549 cus
365 5512 454 5555 aut
518 5505 841 5561 Valentinus
892 5509 1213 5573 assisteret;
1274 5512 1463 5570 alter:
1522 5518 1655 5573 Cum
1712 5521 1865 5579 alius

244 5583 357 5641 Deus
399 5592 645 5663 infertur
674 5596 943 5653 adversus
984 5604 1312 5670 creatorem,
1364 5607 1495 5659 tunc
1548 5608 1696 5663 male
1740 5626 1864 5666 cum

244 5676 417 5748 plures,
446 5684 743 5740 secundum
799 5686 1106 5744 Valentinos
1134 5694 1188 5745 et
1237 5692 1496 5751 Prodico:
1529 5696 1629 5768 (Ib.
1664 5696 1701 5752 Ι.
1735 5700 1857 5756 adv.

1550 369 2078 435 TERTULLIANI
2120 375 2333 440 VITA.

1918 508 1977 574 Α
2012 508 2213 566 Valent.
2243 528 2292 567 c.
2323 515 2378 568 5.
2412 514 2555 570 Ibid.
2611 517 2706 573 lib.
2738 518 2803 573 de
2852 521 3019 576 Prses.
3059 525 3131 579 ad
3176 525 3313 585 haer.
3346 546 3396 586 c.
3422 532 3476 587 3.
3508 536 3652 592 Ibid.

3540 401 3659 462 HO

2001 613 2046 651 c.
2076 598 2146 652 52
2175 600 2313 656 hear.
2346 602 2437 673 52,
2484 622 2543 658 n.
2592 606 2715 662 327.
2750 608 2846 664 lib.
2878 610 2944 665 de
2971 611 3171 669 Anima
3216 633 3336 687 cap.
3385 620 3499 693 55).
3544 623 3654 679 Ne-

2003 702 2117 757 que
2166 690 2321 744 enim
2354 691 2433 746 ibi
2484 694 2595 765 logi
2638 712 2809 766 posse
2859 702 3097 770 Procles,
3130 707 3283 775 quod
3317 690 3529 766 eratin
3558 729 3655 767 ex-

2000 777 2160 832 cusis
2214 780 2535 852 codicibus,
2571 791 2956 857 praeterquam
2985 794 3141 861 quod
3186 811 3291 850 suo
3336 796 3461 853 loco
3492 817 3651 857 com-

2000 867 2462 938 probaverimus,
2496 872 2587 929 vel
2634 890 2701 929 eo
2760 879 3127 935 convincitur
3184 886 3337 954 quod
3396 892 3648 962 Proclus,

1998 971 2102 1009 seu
2136 957 2409 1013 Proculus
2454 977 2568 1016 non
2598 962 3042 1024 Valentinianus
3093 971 3290 1037 fuerit,
3340 977 3441 1031 sed
3488 957 3649 1034 Mon;

1998 1045 2242 1113 tanista,
2274 1068 2307 1102 a
2336 1065 2449 1120 quo
2486 1050 2624 1107 dicti
2654 1052 2790 1106 κατᾶ
2817 1056 3081 1113 Proclum
3112 1061 3353 1131 quidam
3388 1066 3650 1124 Montani

1998 1138 2338 1205 sectatores,
2399 1155 2534 1194 cum
2594 1146 2765 1197 antea
2822 1145 3012 1201 adhuc
3069 1150 3390 1208 catholicus
3446 1157 3648 1213 adver-

1997 1239 2100 1277 sus
2146 1224 2521 1283 Valentinum
2552 1231 2872 1302 scripserit.
2909 1235 2976 1289 Et
3003 1253 3134 1293 vero
3184 1256 3319 1295 cum
3364 1250 3529 1301 vocet
3579 1246 3650 1301 il-

1996 1311 2119 1367 lum
2174 1320 2376 1369 auctor
2404 1318 2639 1386 virginis
2667 1332 2899 1379 senectw
2927 1329 2979 1379 et
3030 1326 3357 1387 Christianae
3388 1336 3646 1406 eloquen-

1992 1404 2086 1457 tiae
2142 1402 2493 1474 dignitatem,
2527 1408 2794 1465 videmur
2852 1413 3019 1469 nobis
3070 1418 3334 1489 attigisse
3394 1402 3647 1493 primum

1993 1493 2149 1561 quod
2200 1493 2367 1549 aiunt
2432 1494 2689 1567 lapidem
2752 1500 3121 1571 offensionis,
3175 1507 3234 1561 in
3292 1526 3466 1580 quem
3522 1513 3647 1585 ipse

1992 1578 2259 1652 impegit,
2293 1584 2435 1639 dum
2492 1587 2757 1655 partibus
2808 1590 3069 1647 Montani
3118 1578 3647 1671 favere—cmpit,.se-

1994 1670 2229 1735 ductus,
2282 1677 2570 1742 quantum
2632 1684 2894 1749 apparet,
2948 1682 3331 1742 admiratione
3390 1670 3641 1761 quadam

1990 1761 2117 1812 tum
2164 1760 2403 1830 virginis
2450 1768 2675 1819 senectae
2719 1768 2964 1840 Proculi,
3020 1788 3194 1842 quem
3248 1760 3642 1837 tuncisenem

1992 1847 2177 1902 fuisse
2207 1850 2485 1921 oportuit,
2512 1857 2711 1924 utpote
2744 1857 2829 1911 vel
2861 1860 3064 1915 eodem
3097 1866 3243 1919 teste
3273 1872 3648 1941 contempora-

1992 1936 2097 1990 lem
2160 1937 2662 1998 hwresiarcharum
2732 1946 3282 2021 Valentinianorum,
3350 1936 3497 2012 tum—
3530 1960 3642 2015 elo-

1990 2028 2230 2095 quentiae
2284 2027 2634 2103 Christiana},
2668 2050 2846 2104 quam
2898 2037 2956 2091 in
2990 2041 3228 2111 scriptis
3258 2044 3387 2114 ejus
3434 2047 3642 2119 depre-

1990 2113 2198 2170 hendit
2246 2133 2258 2171 :
2320 2134 2529 2189 parum
2590 2138 2815 2178 memor
2873 2127 3052 2183 miser
3099 2130 3215 2197 ille,
3276 2113 3417 2203 quid
3468 2113 3641 2193 antea

1991 2206 2348 2277 scripsisset,
2394 2210 2658 2267 fortassis
2704 2213 2883 2285 hujus
2930 2220 3075 2273 tanti
3125 2221 3233 2276 viri
3284 2226 3636 2285 occasione:

1990 2294 2199 2366 Solent,
2250 2296 2462 2369 inquit,
2514 2302 2781 2357 miriones
2830 2306 2925 2360 isti
2968 2309 3139 2362 etiam
3185 2310 3250 2365 de
3317 2315 3644 2383 quibusdam

1988 2384 2237 2453 personis
2268 2386 2334 2441 ab
2365 2387 2568 2444 hmresi
2594 2392 2767 2462 captis
2794 2392 3065 2464 aediﬁcari
3094 2400 3153 2452 in
3191 2400 3411 2457 ruinam
3442 2420 3461 2459 :
3496 2406 3642 2473 Qua-

1993 2488 2051 2526 re
2093 2474 2216 2541 illa,
2249 2476 2336 2530 vel
2366 2478 2488 2548 ille,
2538 2478 2863 2552 ﬁdelissimi,
2904 2485 3322 2555 prudentissimi
3367 2498 3418 2548 et
3464 2497 3644 2551 usita-

1994 2561 2195 2617 tissimi
2244 2565 2301 2618 in
2331 2566 2610 2636 ,Ecclesia,
2660 2571 2719 2625 in
2770 2572 2928 2628 illam
2972 2580 3193 2646 partem
3244 2584 3654 2641 transierunt?

1994 2652 2135 2721 Quis
2182 2652 2280 2707 hoc
2329 2654 2532 2727 dicens,
2584 2674 2694 2713 non
2738 2661 2849 2730 ipse
2907 2664 3017 2718 sibi
3062 2669 3349 2737 respondet
3402 2690 3422 2728 :
3476 2690 3652 2746 neque

1986 2740 2311 2810 prudentes,
2344 2760 2519 2816 neque
2546 2746 2747 2815 ﬁdeles,
2778 2767 2959 2821 neque
2998 2757 3229 2811 usitatos
3274 2740 3650 2831 aestimandos,

1990 2844 2126 2897 quos
2174 2829 2403 2886 haereses
2446 2837 2731 2903 potuerint
2781 2839 3123 2896 immutare?
3175 2845 3316 2912 Quid
3365 2851 3559 2919 igitur,

1990 2918 2297 2987 episcopus,
2332 2922 2382 2974 si
2410 2922 2694 2989 diaconus,
2726 2927 2779 2979 si
2807 2927 2991 2997 vidua,
3024 2932 3075 2984 si
3119 2934 3305 3002 virgo,
3338 2918 3399 2991 si,
3428 2942 3645 3009 doctor,

1989 3008 2040 3059 si
2067 3007 2235 3060 etiam
2278 3024 2495 3080 martyr
2529 3010 2715 3081 lapsus
2746 3031 2779 3068 a
2808 3018 3001 3084 regula
3043 3022 3232 3089 fuerit,
3265 3023 3383 3081 ideo
3411 3007 3646 3084 haereses

1991 3095 2277 3149 veritatem
2302 3097 2631 3155 videbuntur
2659 3103 2907 3158 oblinere
2927 3106 2955 3160 ?
2970 3108 3052 3161 Ea:
3076 3113 3327 3179 personis
3345 3116 3644 3185 probemus

1988 3182 2170 3252 ﬁdem,
2201 3201 2274 3237 an
2325 3201 2393 3240 ea:
2433 3188 2549 3256 ﬁde
2594 3197 2928 3260 personam!
2954 3195 3183 3269 Alioqui
3210 3182 3363 3257 certe
3406 3220 3519 3258 non
3553 3210 3644 3261 est

1990 3271 2308 3329 verisimile
2357 3275 2415 3329 in
2447 3281 2567 3331 tam
2617 3280 2932 3337 absurdam
2987 3284 3230 3343 hlBI‘BSIIl
3281 3291 3514 3362 lapsum
3568 3294 3641 3349 iri

1993 3365 2324 3432 Auctorem,
2370 3364 2482 3419 nisi
2517 3382 2583 3421 ex
2615 3368 2716 3423 tali
2747 3373 3022 3442 quapiam
3068 3378 3391 3447 occasione,
3428 3382 3643 3439 fortas-

1992 3449 2074 3505 sis
2105 3451 2281 3507 etiam
2331 3470 2400 3508 ex
2437 3454 2905 3527 frequentatione
2935 3463 3122 3534 ipsius
3173 3468 3465 3538 familiari,
3499 3473 3641 3528 dum

1992 3538 2245 3595 subinde
2300 3541 2543 3599 Romam
2590 3545 2906 3617 inviseret;
2960 3569 3095 3608 nam
3142 3555 3338 3613 Roma;
3385 3561 3645 3617 Proclum

1992 3626 2291 3684 habitasse
2341 3636 2542 3702 postea
2587 3636 2969 3706 deducamus,
3004 3645 3259 3701 maxime
3289 3664 3422 3703 cum
3473 3656 3645 3707 antea

1991 3715 2417 3786 blasphemiam
2467 3722 2702 3791 dixerit,
2748 3728 3102 3786 Paracletum
3150 3750 3323 3805 quem
3370 3738 3638 3796 Christus

1980 3806 2274 3876 promisit,
2307 3808 2366 3863 in
2399 3809 2674 3868 Montano
2703 3815 2957 3884 primum
2990 3824 3414 3895 apparuisso,et
3436 3832 3634 3885 tamen

1980 3893 2039 3948 in
2082 3898 2464 3966 sequentibus
2514 3901 2751 3973 scriptis
2802 3922 2917 3960 non
2964 3916 3234 3967 vereatur
3281 3893 3366 3970 illi
3415 3934 3631 3974 nomen

1979 3982 2259 4041 Paracleti
2291 3986 2626 4058 frequenter
2656 3995 2970 4051 ascribere.

2494 4229 2648 4267 ANNO
2687 4232 2893 4272 DOMINI
2936 4235 3102 4277 CCVII.

2047 4375 2136 4428 25.
2167 4379 2411 4433 NUMMIO
2443 4397 2673 4437 SENECIO
2718 4400 2918 4440 ALBINO
2968 4404 3035 4442 ET
3084 4406 3289 4446 FULVIO
3338 4411 3633 4454 EMILIANO

1977 4479 2129 4518 coss.
2164 4468 2218 4519 S.
2255 4466 2546 4537 Zephirini
2595 4474 2766 4543 Papus
2816 4474 3055 4530 Romani
3105 4496 3207 4534 vm
3238 4481 3429 4538 Severi
3480 4486 3627 4559 Imp.

1974 4568 2091 4617 xw,
2126 4552 2389 4625 plerique
2440 4575 2645 4628 passas
2676 4562 2943 4618 scribunt
2994 4570 3342 4639 Perpetuam
3374 4578 3431 4628 et
3477 4552 3630 4631 Feli-

1978 4641 2421 4715 citatem,idque
2444 4648 2615 4716 juxta
2646 4652 2788 4705 Ven.
2826 4653 3036 4709 Bedam
3072 4657 3163 4711 die
3198 4661 3377 4714 natali
3410 4662 3628 4735 Severi,

1975 4746 2144 4799 quem
2174 4732 2481 4805 assignant
2503 4736 2915 4811 Martyrologia
2949 4743 3191 4800 Usuardi
3225 4754 3280 4803 et
3298 4732 3628 4810 Romanum

1973 4818 2152 4874 Nonis
2176 4821 2422 4886 Martiis,
2458 4823 2572 4880 illis
2596 4831 2873 4896 praeterea
2909 4839 3361 4893 annumerantia
3382 4841 3630 4899 Revoca-

1972 4911 2121 4974 tum,
2164 4910 2546 4967 Saturninum
2599 4919 2657 4969 et
2701 4920 3140 4991 Secundiolum,
3194 4926 3371 4982 simul
3422 4947 3628 5001 passos

1972 4994 2029 5048 in
2102 4997 2456 5053 Mauritania
2514 5002 2745 5059 civitate
2811 4994 3439 5071 Thuburbitanorum:
3481 5023 3626 5078 Cum

1976 5089 2168 5139 autem
2220 5092 2511 5158 Perpetua?
2560 5091 2879 5158 fortissimae
2922 5104 3187 5171 martyris
3220 5120 3285 5158 eo
3316 5104 3465 5162 libro
3499 5126 3626 5165 me-

1975 5174 2213 5229 minerit
2257 5178 2493 5244 Auctor,
2527 5185 2752 5249 oportet
2800 5200 2916 5239 non
2950 5193 3081 5243 ante
3112 5192 3395 5264 scriptum
3445 5196 3630 5255 fuisse

1974 5262 2191 5317 librum
2226 5281 2295 5318 on
2326 5267 2541 5333 ANIMA,
2591 5284 2765 5339 quem
2799 5275 3038 5345 scripsit
3084 5262 3387 5338 Anva‘usus
3417 5288 3628 5344 Parm-

1975 5368 2190 5407 soeuos
2240 5371 2307 5408 ET
2355 5358 2708 5412 HERETICOS.
2746 5360 2804 5414 In
2840 5378 2954 5433 quo
2986 5366 3159 5422 etiam
3194 5370 3405 5427 alludit
3446 5377 3519 5430 ad
3554 5377 3628 5432 li-

1974 5440 2143 5494 brum
2179 5459 2249 5496 ns
2274 5443 2578 5499 Pansorso.
2612 5446 2790 5509 Quem
2826 5453 3174 5524 conjicimus
3222 5461 3317 5516 72
3367 5466 3625 5521 conscri-

1974 5534 2141 5601 ptum
2175 5527 2382 5588 fuisse
2410 5535 2713 5593 occasione
2764 5556 2986 5609 eorum,
3018 5563 3142 5617 quas
3173 5550 3391 5606 vidisse
3422 5555 3625 5609 scribit

1973 5619 2031 5674 S.
2064 5624 2414 5692 Perpetuam
2438 5623 2495 5677 in
2522 5627 2813 5695 paradiso.
2840 5635 2909 5687 Et
2928 5650 3060 5690 vero
3087 5639 3170 5691 uti
3196 5637 3252 5693 in
3286 5638 3392 5694 hac
3422 5641 3618 5697 Chris-

1972 5707 2265 5765 tianorum
2317 5726 2420 5782 per
2462 5712 2715 5770 Africam
2763 5735 2993 5792 quoque
3040 5726 3444 5795 persecutione
3490 5728 3615 5784 ani-
