4148 6188
408 346 517 405 111

1718 337 2251 399 TERTULLIANI
2300 337 2479 397 Vl'l‘A
2496 383 2509 396 .

3707 346 3823 407 112

403 495 535 534 mos
564 477 840 533 fidelibus
869 479 1111 533 adderet
1150 491 1458 532 censemus
1492 473 1693 529 eodem
1727 488 1871 544 pene
1905 475 2053 526 tem-
2085 472 2139 538 Α
2168 470 2323 527 dicta
2345 474 2549 527 nostra
2578 473 2934 544 conjectura.
2962 474 3268 530 Conciliari
3298 475 3538 546 quidem
3574 482 3826 547 possunt

403 585 543 641 pore
574 568 859 639 scriptum
892 567 1108 621 librum
1142 583 1209 621 ns
1254 567 1354 620 Sps
1387 564 1671 619 FIDELIUM.
1707 564 2057 631 Quanquam

404 657 639 712 interim
666 656 1040 711 verissimum
1091 653 1524 726 comperiamus
1556 651 1700 706 illud
1746 649 2059 722 proverbii,

410 748 564 819 quod
598 763 760 800 error
787 763 942 800 unus
982 745 1161 799 alium
1212 744 1426 807 trahat,
1462 746 1660 812 utpote
1709 757 1841 794 cum
1890 755 2061 810 para-

408 838 599 890 doxon
652 835 728 888 sit
774 834 1083 904 utriusque
1132 832 1267 887 libri
1317 830 1477 885 illius
1527 834 1965 901 argumentum,
2008 830 2064 881 et

407 925 562 979 haud
598 940 816 994 paucas
848 927 1125 993 praeterea
1173 920 1426 992 reperire
1466 919 1542 974 sit
1590 916 1895 989 opiniones
1946 932 2063 971 nou

407 1012 553 1069 satis
607 1028 784 1067 sanas
838 1010 897 1065 in
950 1011 1104 1065 dicto
1156 1008 1305 1064 libro
1360 1009 1430 1063 de
1478 1006 1696 1074 anima,
1731 1006 1800 1060 de
1850 1004 2068 1077 quibus

407 1103 561 1157 inter
613 1100 908 1155 Paradoxa
936 1098 1207 1154 Auctoris
1239 1114 1370 1153 cum
1418 1097 1685 1151 Antidoto
1715 1094 1915 1149 latius.
1950 1094 2069 1148 Hoc

409 1207 598 1247 unum
633 1189 728 1243 hic
760 1184 1897 1259 addimus,scriptumillumlibrum,Ds
1927 1186 2069 1239 OMNI

406 1282 577 1336 S'u'ru
608 1279 831 1345 Auum,
860 1276 947 1331 vel
1000 1277 1130 1348 ipso
1160 1280 1330 1341 teste,
1364 1276 1464 1347 qui
1514 1274 1656 1330 adeo
1687 1273 1865 1328 etiam
1909 1273 2069 1328 Com-

412 1370 757 1425 mentarium
788 1368 991 1421 animm
1033 1368 1361 1436 nuncupat,
1394 1368 1595 1435 utpote
1619 1363 1677 1417 in
1711 1379 1827 1435 quo
1859 1366 2071 1417 tracte-

410 1462 509 1512 tur
540 1455 828 1528 quidquid
852 1454 992 1510 olim
1026 1471 1059 1507 a
1092 1453 1460 1525 philosophis
1491 1456 1548 1507 et
1586 1452 1657 1506 ab
1683 1451 1971 1507 haereticis
2002 1451 2073 1505 de

415 1547 615 1601 anima
666 1547 979 1598 tractatum
1017 1542 1215 1611 fuit,ut
1246 1557 1438 1611 neque
1484 1539 1851 1611 philosophis
1882 1555 2073 1610 neque

415 1634 706 1705 theologis
739 1631 851 1687 alio
882 1632 1055 1687 hodie
1087 1628 1509 1685 commentario
1544 1628 1621 1684 sit
1651 1645 1823 1700 opus.

927 1811 1081 1850 ANNO
1120 1810 1329 1849 DOMINI
1370 1808 1560 1847 CCVIII.

491 1942 518 2005 ἓ
548 1938 694 1993 XIV.
749 1939 819 1992 De
867 1938 1030 1993 libris
1060 1936 1492 1993 Montanismum
1508 1938 1641 2006 jam
1684 1932 2076 2001 redolentibus,

423 2028 494 2085 de
522 2044 686 2082 carne
735 2027 944 2081 Christi
990 2027 1250 2081 adversus
1281 2025 1356 2079 1V
1387 2025 1639 2091 haereses,
1688 2023 1751 2079 de
1790 2024 2079 2079 Resurrec-

425 2118 573 2171 tione
627 2116 830 2186 carnis,
888 2114 1148 2170 adversus
1204 2115 1536 2169 Marcionem
1591 2112 1680 2181 V,
1748 2111 1812 2167 de
1870 2111 2080 2167 Corona

426 2206 637 2268 Militis,
695 2206 1048 2277 Scorpiacum
1117 2204 1377 2260 adversus
1452 2203 1747 2271 Gnosticos,
1815 2202 2080 2257 adversus

424 2296 721 2349 Praxeam.
772 2322 841 2333 -—
882 2294 970 2348 26.
1026 2293 1084 2348 S.
1136 2290 1431 2362 Zephirini
1485 2289 1732 2345 Romani
1779 2288 2080 2345 Pontificis

424 2401 499 2450 IV,
535 2382 725 2437 Severi
758 2382 905 2453 Imp.
929 2397 1025 2450 xv,
1056 2398 1120 2435 M.
1156 2396 1353 2435 FLAVIO
1394 2395 1460 2434 Μ.
1493 2396 1545 2433 F.
1570 2396 1636 2433 M.
1670 2397 1727 2433 N.
1752 2396 1894 2434 AFRO
1927 2395 1995 2433 ET
2023 2396 2076 2441 ο.

420 2489 584 2527 ALLIO
612 2489 777 2526 FABIO
805 2486 1123 2526 CATULLINO
1152 2485 1379 2525 MAXIMO
1411 2484 1568 2523 coss.
1598 2467 1879 2539 scriptum
1900 2466 2080 2523 fuisse

419 2578 453 2617 a
484 2562 861 2616 TERTULLIANO
893 2558 1111 2613 librum
1146 2557 1404 2629 primum
1429 2557 1709 2612 adversus
1726 2556 2079 2611 Marcionem

417 2666 487 2705 ex
544 2649 706 2704 hisce
765 2648 958 2704 verbis
1011 2651 1241 2702 constat
1291 2664 1303 2701 :
1362 2648 1429 2701 At
1486 2662 1636 2701 nunc
1673 2645 1836 2716 quale
1890 2650 1969 2699 est
2018 2653 2080 2701 ut

414 2739 683 2795 Dominus
714 2755 747 2792 a
791 2754 870 2791 xu
920 2736 1130 2792 Tiberii
1177 2735 1412 2791 Caesaris
1454 2735 1728 2790 revelatus
1773 2736 1865 2805 sit,
1914 2734 2079 2790 subs-

419 2830 599 2883 tantia
646 2843 768 2882 vero
826 2825 895 2881 ad
950 2844 1023 2882 xv
1055 2826 1179 2897 jam
1226 2824 1411 2881 Severi
1456 2824 1813 2896 Imperatoris
1867 2840 2079 2879 annum

421 2919 577 2972 nulla
632 2920 914 2987 comperta.
962 2915 1189 2987 sit?(L.
1236 2913 1301 2969 de
1349 2919 1542 2969 Resur.
1593 2930 1706 2969 car.
1758 2929 1805 2969 c.
1851 2914 1907 2980 2,
1955 2930 2074 2984 cap.

418 3008 505 3078 45,
540 3007 579 3060 ι.
613 3023 658 3060 c.
689 3007 819 3061 adv.
873 3004 1007 3059 Mar.
1044 3006 1094 3058 1.
1142 3006 1226 3058 1.3.
1262 3004 1346 3059 T0.
1400 3004 1453 3058 3.
1488 3003 1585 3057 lib.
1638 3003 1703 3057 de
1750 3019 1863 3058 car.
1914 3002 2074 3057 Chri-

420 3099 514 3166 sti,
546 3111 594 3151 c.
627 3096 706 3167 7.)
755 3099 945 3167 Atque
989 3095 1131 3149 adeo
1185 3092 1292 3148 hoc
1344 3097 1609 3163 tempore
1658 3091 1835 3147 simul
1885 3090 2075 3147 editos

2168 559 2581 632 inscriptiones
2632 566 2685 617 et
2719 563 2855 618 fasti
2888 563 3224 619 consulares
3266 581 3396 619 cum
3431 563 3737 637 Onuphrio
3769 570 3829 623 et

2171 647 2352 702 altera
2383 652 2632 719 quadam
2667 651 3048 722 inscriptione
3091 652 3189 707 ubi
3224 652 3555 725 appellatur
3585 656 3824 711 Antoni-

2172 754 2284 791 nus
2316 739 2461 810 Aug.
2510 739 2669 794 Trib.
2731 745 2853 795 Pot.
2886 759 2940 810 x,
2979 746 3105 797 Cos.
3141 759 3205 796 III
3251 741 3437 815 desig.
3482 748 3545 798 ut
3595 745 3827 801 dicatur

2172 831 2397 897 ereptus
2437 829 2566 897 ejus
2614 847 2802 886 annus
2832 849 2867 885 x
2897 831 2990 886 his
3040 834 3201 888 Coss.
3235 833 3305 887 ad
3358 832 3484 889 Kal.
3535 835 3738 900 Maias,
3771 839 3828 891 et

2174 914 2378 970 finitus
2424 932 2576 971 anno
2627 919 2892 990 sequenti
2927 919 3050 975 Kal.
3086 919 3255 976 Maiis
3290 938 3301 975 :
3337 922 3436 976 sed
3478 938 3584 978 nos
3617 923 3683 977 ad
3721 938 3826 979 au-

2180 1019 2320 1057 uum
2353 1010 2690 1075 sequentem
2722 1007 2937 1064 referre
2969 1008 3309 1081 maluimus,
3334 1027 3404 1065 ne
3436 1009 3531 1066 hic
3562 1010 3834 1083 prolixio-

2180 1108 2271 1147 res
2304 1109 2515 1149 almus.

2712 1257 2865 1296 ANNO
2904 1257 3109 1297 DOMlNl
3141 1257 3287 1298 (ΞΟΠ.

2251 1398 2339 1452 27.
2371 1401 2426 1452 S.
2460 1398 2754 1471 Zephirini
2801 1401 2969 1473 Papae
3001 1403 3248 1458 Romani
3279 1422 3337 1471 x,
3374 1405 3565 1461 Severi
3614 1406 3830 1478 Imper.

2180 1502 2298 1555 XVI,
2508 1505 2645 1544 CASS.
2678 1507 2743 1544 M.
2783 1507 2993 1545 AUREL.
3046 1508 3244 1547 SEVERI
3285 1510 3423 1549 AUG.
3458 1512 3510 1549 Ρ.
3542 1510 3833 1550 ANTONINO

2181 1592 2315 1630 AUG.
2349 1593 2432 1645 III,
2475 1594 2538 1632 ET
2586 1595 2637 1632 P.
2688 1596 2955 1635 SEPTIMIO
3004 1598 3195 1636 IEVER.
3249 1599 3385 1637 AUG.
3431 1600 3483 1637 F.
3530 1601 3670 1639 GETA
3709 1600 3833 1641 C08.

2183 1670 2315 1735 post
2345 1664 2635 1721 celebrata
2687 1668 3033 1724 Decennalia
3077 1671 3359 1726 Antonini
3409 1672 3601 1729 Romae
3628 1690 3663 1728 a
3691 1673 3836 1729 Tan-

2181 1770 2441 1811 TULLIANO
2501 1757 2787 1826 scriptum
2848 1773 3159 1814 censemus
3215 1758 3431 1815 librum
3491 1779 3559 1817 na
3616 1762 3839 1818 Coaom

2106 1852 2153 1917 Β
2185 1843 2419 1899 Μιιιτιε.
2456 1844 2651 1900 Romae
2700 1846 2856 1901 enim
2903 1847 3189 1919 scriptum
3237 1855 3479 1921 apparet
3528 1867 3598 1906 ex
3645 1851 3839 1907 verbis

2188 1931 2307 1987 illis
2343 1949 2355 1989 :
2388 1934 2719 2000 Erubescite,
2770 1937 3029 2007 Romani,
3078 1939 3472 1994 commilitones
3508 1941 3648 2011 ejus,
3679 1944 3737 1995 et
3766 1940 3839 1995 ad

2190 2020 2543 2077 Decennalia
2589 2023 2821 2079 videtur
2869 2025 3239 2081 referendum
3297 2027 3441 2082 illud
3498 2028 3634 2084 libri
3689 2029 3843 2084 fron-

2188 2109 2488 2180 tipiscium
2525 2127 2538 2171 :
2572 2114 2831 2169 Proxime
2860 2118 3006 2185 [acta
3034 2125 3112 2171 est
3164 2117 3518 2173 LIBERALITAS
3557 2123 3843 2175 Praestan-

2190 2200 2529 2256 tissimorum
2584 2202 3024 2271 IMPERATORUM;
3059 2204 3148 2259 cui
3200 2205 3569 2274 subjicienda
3613 2206 3843 2278 putavi-

2190 2305 2326 2344 mus
2356 2306 2482 2360 quie
2533 2296 2879 2361 sequuntur,
2913 2308 2979 2348 eo
3029 2294 3183 2365 quod
3217 2295 3584 2350 occasionem
3634 2295 3841 2367 scripti

2190 2376 2369 2448 hujus
2414 2378 2549 2433 libri
2601 2379 2885 2446 indicent,
2921 2386 3122 2451 utpote
3172 2382 3231 2437 in
3284 2399 3420 2455 quo,
3453 2390 3840 2457 contraquam

2190 2465 2288 2521 alii
2320 2467 2735 2535 mussitabant,
2769 2470 3120 2525 Christianis
3166 2487 3389 2527 coronae
3437 2490 3611 2528 usum
3659 2474 3843 2529 inter-

2188 2555 2411 2610 dictum
2463 2556 2718 2612 deducit.
2754 2558 3244 2629 Expungebantur,
3294 2561 3507 2632 inquit,
3539 2565 3600 2616 in
3644 2567 3843 2617 castris

2184 2643 2391 2698 milites
2440 2643 2710 2700 laureati.
2746 2646 3059 2703 Adhibetur
3102 2649 3329 2726 quidam
3373 2650 3497 2706 illic
3523 2653 3700 2722 magis
3744 2652 3845 2707 Dei

2187 2733 2343 2787 miles
2381 2750 2402 2795 ;
2459 2735 2607 2789 solus
2650 2735 2821 2791 libero
2878 2738 3077 2808 capite,
3129 2744 3517 2794 coronamento
3559 2742 3614 2794 in
3667 2756 3842 2795 manu

2189 2824 2377 2876 otioso.
2431 2822 2657 2892 Singuli
2700 2823 3011 2895 designare,
3061 2826 3281 2881 eludere
3337 2830 3572 2895 eminus,
3620 2830 3838 2897 infren-

2185 2912 2319 2966 dere
2365 2913 2634 2966 cominus.
2670 2914 2918 2968 Murmur
2963 2914 3188 2971 tribuno
3217 2916 3479 2987 defertur,
3510 2925 3559 2972 et
3605 2933 3840 2988 persona

2176 3001 2297 3071 jam
2351 3017 2420 3055 ex
2476 3003 2669 3057 ordine
2725 3011 3043 3059 accesserat.
3108 3004 3305 3059 Statim
3363 3006 3617 3061 tribunus
3660 3024 3678 3061 :
3724 3005 3839 3060 Cur

2187 3089 2424 3160 [inquit]
2456 3095 2569 3145 tam
2612 3091 2858 3147 diversus
2906 3092 3103 3147 habitu
3123 3096 3147 3145 ?
3176 3093 3402 3165 Negavit
3433 3095 3528 3149 ille
3576 3111 3700 3149 cum
3731 3110 3836 3150 cx-

422 3186 605 3241 fuisse
637 3188 864 3255 oportet
922 3184 1101 3238 libros
1147 3199 1217 3237 Ds
1264 3184 1457 3237 Canna
1499 3183 1732 3237 CHRISTI
1780 3185 2076 3236 Anvsasus
2104 3209 2147 3275 Ο
2187 3181 2326 3233 teris
2345 3180 2451 3233 sibi
2472 3180 2867 3235 ticere.Causas
2888 3183 3291 3253 expastulatus,
3319 3183 3661 3239 Christian-us
3690 3201 3838 3253 sum,

425 3291 479 3328 IV
510 3279 805 3342 Esnssss,
830 3290 901 3328 ns
930 3276 1406 3327 RESURRECTIONE
1437 3274 1663 3336 CARNIS,
1697 3287 1762 3324 ΕΤ
1782 3286 2076 3326 ADVERSUS

424 3363 759 3418 ΜΑιιςιοΝεΜ
810 3361 1071 3432 quinque
1119 3360 1258 3431 (Lib.
1291 3360 1355 3415 de
1401 3361 1522 3415 Res.
1556 3376 1669 3414 car.
1702 3376 1748 3413 ε.
1780 3361 1835 3414 2.
1890 3360 2009 3416 Lib.
2042 3362 2076 3414 5

416 3452 513 3507 ad.
566 3450 735 3506 Marc.
766 3466 813 3504 c.
862 3450 947 3519 10,
979 3466 1036 3503 η.
1076 3448 1195 3502 150.
1233 3457 1270 3503 t.
1320 3448 1387 3502 de
1443 3447 1562 3503 Cor.
1613 3446 1788 3503 milit.
1839 3463 1887 3501 c.
1922 3447 2070 3518 ult.),

415 3544 613 3611 utpote
663 3539 864 3593 eodem
899 3538 1152 3609 scriptos
1210 3542 1488 3608 tempore.
1524 3536 1670 3591 Nam
1714 3537 1867 3592 sicut
1897 3536 2073 3592 etiam

414 3629 555 3686 alibi
601 3628 879 3695 diximus,
915 3626 1063 3681 libro
1110 3629 1179 3681 de
1209 3628 1391 3681 Carne
1417 3624 1632 3682 Christi
1681 3626 1898 3681 citetur
1929 3624 2076 3680 liber

417 3722 664 3790 quartus
696 3718 977 3771 adversus
1008 3714 1382 3781 Marcionem,
1434 3713 1585 3770 libro
1636 3715 1706 3770 de
1756 3716 2069 3770 Resurrec-

412 3808 567 3863 tione
613 3806 806 3861 carnis
837 3823 878 3861 ιι
910 3810 966 3861 et
996 3822 1060 3860 ιιι
1091 3806 1220 3860 adv.
1273 3804 1452 3859 Marc.
1487 3809 1544 3859 et
1575 3805 1613 3859 l.
1652 3805 1671 3859 1
1722 3805 1851 3859 adv.
1888 3805 2066 3860 Marc.

414 3895 701 3967 allegatur
756 3894 904 3949 liber
966 3895 1036 3949 de
1099 3893 1431 3949 Resurrect.
1467 3894 1677 3961 carnis,
1714 3910 1826 3964 quo
1889 3894 1951 3947 ﬁt
2007 3897 2073 3948 ut

413 3984 745 4039 existimem
798 3981 1053 4054 primum
1101 3981 1352 4052 scriptos
1384 3982 1665 4037 adversus
1711 3981 2069 4037 Marcionem

414 4078 705 4145 quatuor;
741 4072 1124 4127 intermedios
1175 4071 1386 4126 deinde
1434 4072 1582 4127 duos
1630 4071 1803 4127 illos:
1838 4077 1895 4125 et
1942 4087 2069 4142 pos-

412 4166 601 4217 tremo
664 4162 945 4216 adversus
1003 4161 1358 4215 Marcioncm
1420 4161 1712 4231 quintum.
1776 4160 1950 4215 Porro
2018 4159 2069 4215 si

412 4250 521 4307 hoc
578 4268 752 4318 anno,
786 4249 897 4321 ⁵ιιῐί
955 4248 1297 4321 Onuphrius
1353 4250 1544 4315 tradit,
1604 4248 1895 4304 celebrata
1949 4248 2070 4303 sint

412 4339 764 4394 Decennalia
819 4338 1112 4394 Antonino
1165 4338 1374 4409 Imper.
1411 4338 1607 4393 Severi
1637 4337 1766 4402 ﬁlii,
1802 4335 2067 4392 fortassis

410 4432 818 4500 prxoccupata
848 4444 1001 4483 anno
1034 4427 1259 4498 integro
1292 4427 1363 4481 ob
1397 4426 1724 4481 discessum
1758 4425 1813 4479 in
1848 4424 2067 4480 bellum

407 4516 835 4587 Britannicum,
864 4533 1035 4588 quem
1081 4514 1467 4570 Cassiodorus
1497 4514 1592 4569 his
1631 4518 1788 4569 Coss.
1823 4512 2066 4568 accidis-

2186 3268 2487 3338 respondit.
2522 3268 2807 3339 Su/fragia
2835 3270 3056 3341 exinde,
3086 3276 3139 3326 et
3168 3288 3252 3327 res
3281 3274 3600 3343 amplicata,
3626 3278 3679 3329 et
3707 3288 3840 3328 reus

2184 3358 2258 3412 ad
2304 3358 2609 3427 praefectos.
2645 3359 2849 3413 Ibidem
2892 3361 3124 3429 penulas
3170 3362 3373 3430 posuit,
3416 3363 3843 3433 speculatoriam

2183 3444 2251 3499 de
2279 3445 2511 3512 pedibus
2540 3448 2797 3512 absolvit,
2829 3448 3075 3518 gladium
3106 3450 3341 3504 reddidit
3370 3454 3530 3515 (nam
3561 3449 3839 3505 militaria

2185 3536 2383 3590 omnia
2404 3534 2665 3605 insignia
2696 3536 2755 3590 in
2786 3538 3259 3592 exauctoratione
3289 3536 3545 3593 militum
3576 3538 3707 3593 exui
3739 3554 3841 3593 so-

2183 3623 2323 3690 lere,
2360 3624 2449 3679 vel
2480 3640 2548 3679 ex
2578 3625 2907 3681 Herodiano
2940 3624 3039 3679 lib.
3074 3643 3136 3695 n,
3168 3626 3549 3682 manifestum
3583 3631 3696 3694 est,
3730 3626 3841 3681 ini-

2182 3714 2261 3768 tio
2293 3713 2531 3784 Imperii
2562 3713 2800 3784 Severi).
2836 3717 2909 3769 Et
2957 3732 3104 3769 nunc
3132 3724 3383 3770 russatus
3421 3718 3712 3785 sanguinis
3748 3719 3843 3771 sui

2179 3820 2293 3874 spe,
2326 3805 2649 3860 donativum
2698 3804 2903 3859 Christi
2930 3806 2989 3860 in
3035 3821 3251 3860 carcere
3300 3810 3593 3876 exspectat.
3627 3805 3841 3860 Exinde

2179 3896 2473 3951 sententia
2519 3909 2684 3961 super
2732 3894 2851 3960 illo,
2883 3895 3067 3949 nescio
3097 3912 3172 3948 an
3223 3894 3667 3949 Christianorum
3703 3895 3836 3965 (non

2178 3983 2326 4037 enim
2373 3982 2511 4039 alia?
2553 3982 2933 4052 ethnicorum),
2975 3986 3035 4037 ut
3082 3982 3147 4037 de
3176 3983 3406 4053 abrupto
3452 3985 3502 4038 et
3546 3984 3833 4054 praecipiti

2178 4080 2232 4126 et
2260 4073 2406 4125 mori
2447 4070 2662 4140 cupido,
2694 4073 2792 4140 qui
2837 4071 2909 4126 de
2956 4069 3145 4126 habitu
3194 4072 3562 4142 interrogatus
3611 4072 3834 4126 nomini

2179 4162 2459 4227 negotium
2484 4162 2693 4230 fecerit.
2728 4160 2843 4214 Nec
2870 4176 3004 4215 vero
3035 4160 3426 4215 omittendum
3475 4159 3618 4215 illud
3657 4179 3671 4216 :
3704 4160 3833 4215 Pla-

2176 4263 2244 4304 ne
2272 4252 2532 4317 superest,
2566 4257 2626 4303 ut
2672 4250 2843 4303 etiam
2875 4250 3147 4319 martyrio
3186 4264 3443 4303 recusare
3470 4248 3829 4316 meditentur,

2177 4337 2459 4392 Mussitant
2505 4337 2738 4408 denique
2770 4346 2885 4392 tam
2941 4336 3136 4391 bonam
3165 4346 3218 4391 et
3248 4338 3464 4407 longam
3493 4337 3598 4391 sibi
3636 4352 3837 4407 pacem

2173 4426 2509 4496 periclitari.
2542 4427 2646 4480 Nec
2674 4425 2867 4480 dubito
2898 4425 3157 4496 quosdam
3186 4430 3491 4495 scripturas
3532 4428 3832 4494 emigrare,

2174 4517 2429 4570 sarcinas
2473 4514 2749 4585 expedire,
2778 4516 2922 4585 fugae
2968 4515 3188 4585 accingi
3213 4514 3276 4570 de
3322 4515 3541 4569 civitate
3581 4516 3644 4569 in
3693 4516 3833 4569 civi-

412 4621 474 4661 se
505 4606 746 4661 scribit:
781 4586 895 4660 hoc
921 4604 1097 4660 etiam
1148 4620 1299 4658 anno
1351 4602 1604 4673 scriptus
1638 4609 1727 4657 est
1778 4602 1949 4657 LIBER
2000 4620 2070 4658 ns
2098 4586 2144 4652 D
2173 4607 2358 4660 tat-em.
2417 4605 2552 4660 Novi
2592 4608 2643 4659 et
2687 4607 2929 4674 pastores
2977 4619 3169 4659 eorum
3216 4606 3277 4657 in
3323 4618 3456 4674 pace
3502 4603 3706 4665 leones,
3770 4605 3831 4657 in

404 4696 625 4752 CORONA
684 4697 938 4761 MILITIS,
991 4694 1083 4748 sin
1143 4710 1296 4747 anno
1356 4692 1624 4763 sequenti
1685 4692 1863 4763 (quod
1922 4692 2067 4747 mihi

406 4788 595 4858 magis
630 4787 692 4841 ﬁt
742 4783 1058 4841 verisimile
1099 4799 1167 4837 ex
1216 4781 1315 4836 illa
1364 4781 1589 4837 nummi
1638 4780 2060 4852 inscriptione:

405 4878 678 4930 ANTONIUS
731 4880 864 4928 Pius
920 4879 1084 4940 Auc.,
1146 4873 1269 4926 Cos.
1316 4887 1397 4926 ιιι.
1462 4871 1604 4927 Von
1661 4873 1872 4926 SOLUTA
1936 4871 2063 4940 Duo)

407 4966 726 5032 utrumque
777 4960 1107 5032 contigerit,
1141 4959 1280 5015 illuc
1331 4960 1541 5015 referre
1574 4962 1791 5032 poterit
1841 4961 2063 5027 Lector,

408 5051 729 5106 dummodo
782 5050 1092 5105 nobiscum
1152 5049 1386 5115 sentiat,
1450 5055 1583 5105 ante
1641 5048 2066 5120 expeditionem

405 5138 824 5194 Britannicam.
868 5138 951 5193 Ad
1004 5153 1178 5208 quam
1232 5137 1483 5209 pertinet
1535 5138 1708 5193 etiam
1761 5136 2063 5207 inscriptio

406 5243 584 5298 supra
632 5228 845 5299 posita,
879 5243 1015 5282 cum
1060 5224 1250 5296 efﬁgie
1302 5227 1516 5298 equitis
1568 5244 1744 5281 manu
1795 5226 2062 5295 jaculum

401 5316 657 5371 tenentis
694 5334 705 5371 :
741 5318 1043 5371 Pnorscno
1094 5320 1268 5368 Acco.
1322 5332 1453 5369 nam
1503 5321 1820 5385 utrumque
1872 5313 2062 5368 ﬁlium

402 5417 601 5458 secum
647 5405 812 5460 duxit
859 5406 1123 5469 Severus,
1178 5420 1210 5456 a
1260 5418 1375 5472 quo
1446 5419 1575 5456 cum
1627 5407 1688 5457 P.
1741 5401 2061 5474 Septimius

401 5492 545 5547 Geta
576 5510 728 5549 anno
778 5494 1032 5565 primum
1070 5491 1335 5560 sequenti
1383 5494 1599 5561 lmper.
1633 5496 1771 5545 Cius.
1804 5494 1951 5562 Aug.
1986 5491 2063 5546 sit

401 5582 732 5655 appellatus
789 5588 845 5638 ct
900 5580 1291 5635 ’l‘ribunitiam
1352 5584 1698 5648 potestatem
1750 5581 2058 5651 acceperit,

402 5670 575 5727 sicuti
632 5673 784 5728 Fasti
839 5672 1059 5727 habent
1115 5669 1211 5723 73
1260 5668 1629 5741 Consulares,
1679 5670 2063 5725 conﬁrmatur

2172 4695 2362 4764 praetio
2391 4709 2587 4748 cervos.
2606 4692 2707 4747 Sed
2735 4692 2798 4747 de
2828 4692 3224 4763 quaestionibus
3256 4693 3655 4763 confessionum
3688 4691 3834 4747 alibi

2173 4782 2501 4838 docebimus.
2538 4782 2784 4837 Denotat
2830 4782 2985 4836 enim
3019 4781 3099 4835 ibi
3131 4786 3232 4836 aut
3277 4780 3495 4835 librum
3548 4781 3618 4834 de
3673 4781 3833 4852 Fuga

2174 4872 2234 4925 in
2268 4871 2689 4943 persecutione,
2725 4875 2826 4925 aut
2877 4871 3033 4941 quod
3083 4870 3270 4941 magis
3314 4869 3522 4941 placet,
3563 4870 3830 4925 Sconpu-

2174 4977 2277 5017 cox
2325 4974 2595 5017 onsasus
2644 4964 2961 5015 Gnosricos.
3013 4961 3133 5029 (lib.
3183 4960 3262 5015 ad
3314 4958 3502 5014 Gnost.
3555 4962 3611 5013 et
3661 4974 3712 5012 c.
3750 4959 3826 5029 1).

2175 5066 2384 5121 nempe
2412 5049 2711 5104 Prodicum
2752 5048 3111 5119 Scorpianum
3141 5052 3195 5103 et
3226 5047 3372 5102 alios
3409 5045 3830 5102 Valentiniano:

2171 5140 2574 5211 martyriorum
2621 5138 3015 5210 refragatores,
3054 5136 3154 5207 qui
3177 5138 3305 5208 jam
3349 5136 3408 5190 in
3457 5135 3713 5189 Africam
3748 5136 3830 5189 ir-

2174 5244 2444 5298 rumpere
2491 5232 2786 5297 cceperant
2835 5226 2926 5295 (de
2975 5225 3192 5295 quibus
3222 5224 3415 5279 videat
3464 5223 3665 5278 Lector
3710 5224 3830 5278 An-

2174 5324 2289 5372 not.
2341 5316 2592 5386 nostras)
2644 5314 2807 5384 [Ibid.
2850 5329 2898 5367 c.
2954 5314 3025 5382 1].
3074 5313 3361 5368 Fortassis
3409 5313 3587 5368 etiam
3632 5313 3828 5368 Romaa

2172 5405 2478 5475 scriptum.
2517 5409 2578 5457 in
2610 5419 2674 5457 eo
2724 5404 2879 5457 enim
2915 5406 2970 5456 et
2997 5402 3063 5456 de
3106 5403 3501 5474 quxstionibus
3530 5403 3833 5471 confessio-

2169 5509 2327 5556 num,
2360 5493 2416 5546 id
2450 5497 2559 5560 est,
2592 5492 2746 5560 quod
2800 5491 3063 5546 conﬁteri
3096 5492 3394 5548 Christum
3447 5507 3683 5546 necesse
3730 5492 3828 5563 sit,

2173 5580 2457 5635 latissime
2507 5580 2762 5645 deducit,
2796 5582 2853 5634 et
2886 5582 3352 5652 persecutionem
3398 5580 3663 5636 omnium
3694 5596 3827 5652 gra-

2169 5669 2641 5741 vissimam,quse
2675 5668 2830 5725 dicta
2858 5671 3164 5727 occasione
3195 5674 3326 5743 post
3355 5669 3590 5742 longam
3622 5685 3827 5742 pacem
