4148 6188
308 372 412 430 113

1599 377 2127 443 TERTULLIANI
2175 384 2381 445 VITA.

3591 407 3704 466 114

290 491 497 571 (utpote
524 514 662 554 cum
691 502 888 556 Romae
938 503 998 556 et
1054 501 1112 557 in
1171 503 1359 560 Africa
1416 505 1488 560 ad
1528 505 1586 561 id
1650 509 1930 580 temporis
1960 514 2016 579 Α
2053 518 2160 580 est,
2196 517 2419 573 auctori
2451 520 2623 577 ﬁdem
2640 525 3034 585 adhibendam
3052 536 3331 601 putamus
3358 538 3520 601 ;tum
3549 540 3703 607 quod

284 591 443 662 pauci
473 588 751 660 leguntur
782 591 894 645 sub
925 592 1133 647 Severo
1167 593 1325 664 passi
1388 598 1696 667 martyres)
1730 615 1926 652 recru-

284 679 471 733 duisse
501 678 749 747 videtur,
777 680 870 734 his
913 681 1109 736 verbis
1160 684 1499 740 describat:
1534 687 1630 740 74
1686 691 1751 741 In
1785 704 1928 759 prm-

282 770 578 822 sentiarum
636 772 716 823 est
768 770 980 824 medius
1037 772 1226 839 ardor,
1288 774 1410 841 ipsa
1461 777 1721 830 canicula
1748 794 1925 848 perse-

278 860 504 911 cutionis
536 858 605 912 ab
639 859 741 913 isto
772 860 985 914 scilicet
1016 864 1383 932 cynocephalo
1431 865 1549 933 (ubi
1593 872 1694 921 aut
1752 868 1923 922 Sever-

281 963 401 1000 rum
434 946 873 1018 imperatorem,
908 956 1009 1004 aut
1040 951 1236 1022 potius
1276 952 1438 1008 urbis
1496 957 1691 1010 Romae
1722 957 1924 1027 praefe-

281 1035 511 1089 ctumiu
546 1036 812 1092 absentia
835 1037 996 1095 illius
1037 1041 1162 1111 jam
1199 1041 1255 1095 in
1319 1042 1678 1100 Britanniam
1738 1047 1930 1117 profe-

279 1124 369 1191 cti,
403 1123 701 1197 intelligit)
742 1151 756 1193 ;
789 1127 931 1182 alios
950 1129 1120 1197 ignis,
1154 1131 1295 1187 alios
1322 1132 1542 1203 gladius
1572 1134 1711 1189 alios
1742 1135 1936 1193 bestiae

281 1212 616 1269 Christianos
676 1216 1068 1287 probaverunt,
1128 1219 1252 1289 alii,
1311 1222 1551 1292 fustibus
1614 1225 1839 1295 insuper
1884 1230 1937 1281 et

278 1302 491 1371 ungulis
551 1303 835 1372 degustato
894 1310 1191 1378 martyrio,
1263 1309 1322 1363 in
1392 1327 1606 1367 carcere
1659 1314 1933 1371 esuriant.

275 1394 440 1446 Porro
476 1392 760 1448 Severum
795 1400 1105 1466 propterea
1157 1397 1463 1455 absentem
1524 1400 1583 1455 in
1635 1402 1938 1459 Britannia

275 1480 547 1549 diximus,
582 1483 740 1554 quod
771 1485 1161 1557 expeditionis
1193 1487 1549 1546 Britannicas
1597 1491 1707 1546 hoc
1759 1509 1935 1569 anno,

277 1568 351 1625 uti
380 1574 558 1625 antea
587 1573 989 1642 probavimus,
1019 1576 1178 1631 facta:
1212 1578 1593 1635 meminerint
1633 1581 1841 1637 Euseb.
1878 1568 1937 1637 in

280 1659 543 1715 Chronic.
581 1678 595 1727 ;
628 1661 794 1717 Oros.
829 1661 930 1719 lib.
955 1681 1059 1732 vu,
1085 1682 1214 1737 cap.
1247 1669 1282 1720 2
1315 1684 1328 1735 ;
1372 1668 1588 1725 Paulus
1652 1671 1939 1727 Diaconus

282 1747 375 1802 lib.
400 1766 527 1817 VIII,
561 1765 690 1821 cap.
727 1752 777 1819 1,
803 1757 939 1807 ante
995 1771 1094 1809 eos
1126 1755 1500 1826 Spartianus,
1552 1759 1936 1830 Herodianus,

286 1843 337 1891 et
364 1837 468 1892 Dio
502 1837 566 1892 in
597 1843 827 1896 Severo.
857 1843 1131 1899 Nondum
1153 1846 1308 1900 enim
1343 1847 1702 1904 Britanniam
1727 1854 1939 1905 Roma-

288 1927 373 1981 nis
403 1928 681 1997 paruisse
711 1930 783 1983 ad
825 1930 882 1984 id
909 1947 1092 2003 usque
1112 1936 1415 2005 temporis,
1451 1938 1627 1993 etiam
1661 1939 1784 2009 ipse
1809 1956 1943 1995 ver-

292 2015 375 2070 bis
398 2014 493 2070 his
528 2033 711 2088 supra
739 2017 933 2074 citatis
955 2020 1174 2077 indicat
1208 2025 1309 2079 :Et
1356 2028 1752 2084 Britannorum
1790 2031 1942 2083 inac-

288 2119 425 2158 cessa
460 2106 723 2161 Romanis
754 2109 903 2177 loca,
938 2110 1159 2168 Christo
1192 2130 1315 2169 vero
1337 2116 1557 2171 subdita
1589 2118 1783 2189 (Ladv.
1815 2119 1939 2175 Jud.

287 2195 425 2263 c.7),
459 2200 672 2267 utpote
703 2198 875 2252 Lucio
902 2199 1341 2258 Britanniarum
1401 2221 1536 2277 rege
1586 2208 1760 2278 paulo
1808 2214 1944 2264 ante

287 2299 386 2353 ope
406 2284 466 2339 S.
518 2285 813 2342 Eleutheri
860 2292 1030 2361 Papae
1079 2292 1150 2345 ad
1211 2292 1385 2349 fidem
1443 2312 1742 2367 converso,
1802 2298 1941 2353 item

287 2372 457 2428 etiam
490 2373 654 2430 illis:
688 2377 1015 2436 Britannia:
1052 2382 1211 2437 intra
1242 2382 1449 2439 Oceani
1485 2386 1621 2456 ﬁnes
1678 2389 1944 2444 conclusa:

288 2470 431 2515 sunt.

864 2626 1011 2665 ANNO
1032 2628 1148 2667 DOM
1156 2629 1229 2667 IN!
1250 2630 1367 2669 CCX.

350 2766 438 2820 28.
483 2770 550 2821 S.
615 2766 923 2839 Zephyrini
982 2773 1229 2827 Romani
1279 2774 1577 2832 Pontiﬁcis
1623 2795 1701 2844 x1,
1752 2779 1945 2835 Severi

286 2854 491 2925 imper,
531 2872 672 2910 XVII.
706 2874 769 2911 Μ.
792 2875 1033 2915 AURELIO
1057 2878 1288 2917 CLAUDIO
1312 2880 1376 2919 M.
1426 2882 1478 2919 F.
1512 2883 1845 2936 POMPEIANO,
1877 2887 1943 2925 ΕΤ

288 2961 552 2999 ιοιιιηιο
592 2962 757 3000 Ανιτο
805 2964 953 3004 coss.
1000 2954 1193 3005 Remis
1254 2953 1444 3007 adhuc
1475 2956 1763 3012 exsistens
1794 2960 1940 3013 Tan-

286 3050 586 3089 TCLUANUS
628 3035 935 3107 scripsisse
995 3038 1141 3093 mihi
1181 3041 1409 3097 videtur
1457 3043 1673 3100 librum
1723 3064 1795 3101 ns
1834 3052 1941 3102 Vs-

288 3138 485 3177 LANDIS
517 3122 879 3193 VIRGINIBUS,
912 3142 1087 3196 quem
1137 3129 1329 3184 Greece
1383 3147 1617 3203 quoque
1655 3137 1943 3207 scriptum

285 3225 405 3264 esse
447 3210 556 3265 his
615 3212 829 3266 fatetur
875 3214 1110 3270 verbis:
1152 3218 1452 3288 Proprium
1500 3223 1622 3291 jam
1666 3228 1943 3294 negotium

281 3315 468 3367 passus
490 3316 639 3355 mem
664 3302 960 3370 opinionis,
995 3305 1190 3360 Latine
1248 3323 1460 3379 quoque
1514 3313 1798 3369 ostendam
1826 3318 1937 3369 vir-

282 3390 432 3456 gines
490 3392 717 3444 nostras
771 3393 948 3446 vetari
995 3402 1242 3464 oportere
1298 3397 1439 3468 (Lib.
1511 3400 1578 3455 de
1637 3403 1741 3458 Vel.
1800 3405 1937 3475 virg.

283 3492 403 3549 cap.
444 3480 518 3547 1).
554 3482 634 3533 De
663 3496 775 3548 quo
814 3488 1160 3553 argumento
1215 3501 1367 3541 anno
1412 3492 1680 3560 sequenti
1738 3493 1938 3550 latius.

280 3567 609 3638 Scripsisse
640 3568 817 3624 etiam
875 3571 1193 3629 verisimile
1248 3580 1336 3630 est
1391 3578 1567 3647 paulo
1613 3587 1764 3650 post,
1811 3583 1937 3653 jam

282 3655 704 3728 Carthaginem
737 3674 1061 3726 reversum,
1104 3662 1321 3717 librum
1353 3682 1633 3723 anvsnsus
1665 3687 1938 3741 PBAXEAM,

284 3745 347 3799 de
378 3762 496 3815 quo
549 3750 795 3801 auctor:
844 3749 966 3819 Iste,
1018 3749 1227 3821 inquit,
1282 3756 1500 3823 primus
1556 3751 1635 3812 ex.
1674 3761 1808 3816 Asia
1848 3762 1944 3818 hoc

281 3849 443 3902 genus
460 3836 847 3905 perversitatis
876 3838 1065 3893 intulit
1092 3840 1311 3907 Romae;
1346 3843 1505 3898 homo
1562 3849 1611 3901 et
1668 3849 1813 3904 alias
1854 3853 1943 3904 in-

283 3926 524 3992 quietus,
563 3928 793 3995 insuper
817 3935 870 3981 et
896 3927 960 3982 de
980 3929 1293 3999 jactatione
1321 3936 1584 4003 martyrii
1612 3937 1835 4006 inﬂatus
1879 3942 1942 3995 ob

282 4013 453 4065 solum
475 4022 535 4067 et
568 4012 815 4083 simplex
862 4024 913 4070 et
974 4017 1132 4072 breve
1184 4022 1422 4075 carceris
1461 4023 1712 4081 taedium.
1740 4029 1947 4084 Fructi-

282 4110 555 4156 caverant
598 4117 791 4158 avenae
842 4104 1147 4161 Praxeante
1194 4108 1283 4161 hic
1331 4126 1540 4181 quoque
1603 4115 1835 4188 (nempe
1884 4118 1943 4173 in

282 4190 491 4259 Africa)
527 4194 1009 4265 superseminatw,
1064 4198 1342 4254 traductae
1391 4199 1587 4256 dehinc
1633 4220 1732 4274 per
1785 4224 1945 4277 quem

279 4283 423 4335 Deus
447 4281 635 4335 voluit
664 4282 973 4351 (quantum
996 4290 1259 4356 apparet,
1296 4287 1671 4360 Zephyrinum
1702 4299 1941 4367 Papam,

282 4373 479 4441 utpote
497 4370 579 4424 de
600 4386 716 4441 quo
749 4370 863 4427 tale
885 4372 1027 4444 quid
1058 4375 1250 4430 tradat
1274 4376 1334 4431 B.
1360 4377 1488 4449 Opt.
1520 4380 1781 4450 Milevit.,
1814 4383 1855 4440 l.
1893 4387 1943 4455 1,

284 4464 482 4515 contra
517 4459 944 4532 Parmenian.),
988 4464 1159 4518 etiam
1214 4466 1419 4523 evulsa?
1456 4469 1796 4528 videbantur.
1848 4475 1947 4530 De-

284 4551 444 4620 nique
474 4554 703 4605 caverat
731 4552 1037 4622 pristinum
1058 4553 1248 4609 doctor
1284 4556 1351 4612 de
1394 4559 1771 4618 emendatione
1820 4580 1944 4636 sua,

2040 606 2095 657 S.
2154 606 2443 665 Pacianus
2504 610 2623 666 haec
2661 631 2798 671 vera
2841 618 3061 674 scribat
3108 622 3179 675 de
3236 622 3524 679 hmretiois
3557 606 3706 683 cata-

2040 694 2359 768 phrygibus
2388 717 2401 757 :
2426 724 2451 750 ‹‹
2476 702 2546 757 Et
2577 704 2834 775 primum
2868 709 2926 763 hi
2961 709 3229 781 pluribus
3278 713 3549 769 nituntur
3590 733 3693 770 au-

2036 785 2296 842 ctoribus
2324 814 2336 855 ;
2373 807 2503 845 nam
2538 799 2682 863 puta
2734 796 2968 853 Graecus
3003 800 3237 856 Blastus
3270 802 3531 873 ipsorum
3564 810 3654 860 est
3686 831 3699 871 ;

2035 874 2370 932 Theodotus
2404 896 2635 953 quoque
2674 890 2731 939 et
2782 892 3040 943 Praxeas
3086 896 3310 946 vestros
3371 891 3690 964 aliquando

2034 962 2357 1021 docuerunt
2388 986 2400 1023 :
2436 992 2464 1018 »
2499 974 2646 1042 tum,
2680 976 2835 1044 quod
2868 978 2992 1048 ipse
3043 985 3267 1048 auctor,
3313 982 3408 1035 75
3447 962 3693 1053 praeter-

2043 1068 2220 1122 quam
2272 1058 2425 1127 quod
2481 1058 2600 1115 illic
2658 1064 2977 1137 subjungat
3032 1073 3314 1140 tanquam
3366 1070 3691 1142 discipulos

2042 1144 2312 1216 Blastum,
2344 1152 2397 1201 et
2428 1149 2771 1220 Theodotum,
2804 1165 2855 1210 et
2902 1158 3195 1229 Praxeam,
3230 1176 3363 1213 cum
3404 1161 3694 1230 Victorino,

2044 1231 2164 1288 illis
2191 1235 2291 1305 qui
2322 1239 2619 1295 secundum
2640 1242 2954 1300 At‘schinem
2998 1249 3512 1317 pronuntiabantur
3537 1267 3697 1307 eam-

2047 1322 2180 1379 dem
2210 1323 2455 1382 haeresis
2489 1329 2781 1398 attribuit,
2806 1338 2865 1389 et
2897 1335 3003 1390 hoc
3026 1335 3175 1392 libro
3207 1337 3539 1410 impugnat.

2598 1507 2733 1547 ANNO
2777 1510 2969 1550 DOIINI
3001 1511 3145 1552 CCXI.

2120 1627 2293 1694 §XV.
2338 1631 2467 1701 Ejus
2504 1632 2832 1704 defectionis
2879 1641 3094 1710 tempus
3141 1644 3195 1696 et
3242 1657 3431 1697 causa.
3485 1672 3552 1682 —-
3610 1644 3701 1698 29.

2049 1716 2105 1771 S.
2136 1717 2615 1793 ZephiriniPapaa
2648 1727 2889 1781 Romani
2921 1729 3225 1795 x11,Severi
3255 1747 3414 1786 xvm.
3450 1747 3700 1788 MJCILIO

2049 1822 2188 1859 M.F.
2224 1824 2286 1862 M.
2326 1827 2377 1864 N.
2437 1826 2696 1869 FAUSTINO
2754 1833 2820 1870 ET
2861 1835 2907 1871 C.
2956 1834 3207 1874 CESONIO
3254 1835 3300 1876 Ο.
3355 1835 3406 1874 F.
3468 1837 3695 1875 TRIARIO

1976 1898 2021 1964 Β
2052 1912 2275 1950 nummo
2306 1914 2453 1952 coss.
2493 1901 2845 1971 completum
2881 1905 3008 1974 fuit,
3056 1908 3209 1977 quod
3270 1908 3539 1963 scribunt
3570 1912 3704 1980 post

2055 1988 2324 2040 auctores
2348 1989 2739 2059 supracitatos
2768 1992 3149 2050 Cassiodorus
3207 1995 3266 2050 in
3312 1996 3616 2064 Chronico,
3650 2000 3707 2053 et

2054 2073 2191 2129 Ven.
2220 2074 2373 2129 Beda
2404 2076 2607 2133 histor.
2644 2080 2858 2136 Eccles.
2894 2081 2996 2138 lib.
3027 2100 3071 2151 ι,
3121 2100 3247 2156 cap.
3281 2084 3335 2154 5,
3369 2086 3440 2140 de
3471 2086 3702 2156 Severo,

2055 2164 2210 2235 quod
2242 2163 2461 2220 vallum
2480 2168 2699 2224 crebris
2730 2170 2995 2227 turribus
3028 2174 3459 2229 communitum
3488 2174 3547 2229 in
3579 2175 3709 2229 Bri.

2053 2252 2275 2319 tannia,
2312 2271 2412 2326 per
2442 2262 2675 2312 centum
2707 2264 2764 2314 et
2795 2261 3053 2332 amplius
3109 2261 3296 2318 millia
3316 2280 3603 2334 passuum
3636 2265 3707 2320 de

2056 2342 2204 2396 mari
2228 2343 2297 2397 ad
2332 2362 2492 2401 mare
2516 2348 2870 2418 perduxerit,
2903 2355 2967 2405 ut
2989 2355 3213 2423 partem
3236 2353 3547 2423 provincia:
3570 2370 3706 2425 gra-

2054 2430 2190 2486 viss.
2224 2433 2439 2502 praeliis
2482 2442 2774 2508 receptam
2828 2456 2861 2494 a
2904 2440 3129 2496 caeteris
3183 2441 3398 2496 faceret
3449 2442 3707 2497 securio-

2054 2536 2199 2590 rem,
2234 2538 2334 2590 pro
2366 2539 2481 2593 quo
2540 2525 2680 2580 facit
2726 2527 2903 2583 etiam
2943 2527 3032 2583 lex
3089 2529 3279 2585 Severi
3336 2534 3394 2585 et
3432 2529 3708 2586 Antonini

2052 2610 2239 2681 Augg.
2268 2610 2508 2667 Eboraci
2542 2612 2659 2669 lata
2690 2615 2799 2671 hoc
2831 2619 3143 2674 consulatu
3178 2618 3326 2674 Non.
3369 2619 3525 2684 Maii,
3578 2636 3706 2691 qua:

2054 2703 2243 2754 exstat
2265 2700 2525 2757 Cod.lib.
2554 2719 2637 2771 ιιι,
2662 2703 2773 2760 Tit.
2833 2706 2923 2772 32,
2983 2706 3085 2763 lib.
3136 2724 3177 2763 ι.
3221 2708 3384 2764 Certe
3432 2712 3571 2764 tunc
3594 2708 3706 2781 pri-

2056 2803 2218 2842 mum
2245 2786 2523 2860 leguntur
2547 2791 2965 2865 inscriptiones
2990 2796 3208 2865 quibus
3257 2797 3587 2869 appellatur
3607 2798 3707 2853 Se-

2055 2892 2225 2931 verus
2255 2893 2625 2935 sm'rnmcus
2656 2899 2793 2936 max.
2850 2900 2976 2937 'ram
3024 2902 3144 2939 ro'r.
3195 2902 3353 2952 xvm,
3408 2902 3475 2941 ac
3523 2888 3707 2941 Anto-

2054 2964 2231 3019 ninus
2264 2982 2679 3023 summarum.
2711 2987 2826 3025 por.
2851 2988 2974 3038 xm,
3040 2990 3154 3027 IMP.
3209 2990 3272 3041 ιι,
3298 2989 3448 3028 coss.
3486 2991 3566 3040 ιιι,
3603 2976 3704 3029 de-

2053 3054 2231 3124 nique
2300 3061 2355 3110 et
2423 3055 2573 3112 illa:
2642 3074 2694 3113 p.
2743 3077 2896 3114 ssp'r.
2953 3077 3093 3115 eam
3148 3078 3269 3117 PIUB
3347 3079 3470 3117 AUG.
3546 3079 3697 3117 amr.

2050 3160 2204 3198 TRIB.
2236 3161 2358 3198 por.
2396 3162 2479 3214 III,
2514 3162 2631 3202 cos.
2668 3166 2732 3215 ιι,
2766 3165 2881 3203 uno
2913 3165 2983 3203 ex
3004 3148 3201 3219 latere,
3234 3154 3291 3205 et
3333 3166 3403 3205 ex
3458 3150 3707 3206 adversa

2053 3236 2254 3302 parte;
2286 3250 2562 3290 VICTORIAE
2583 3253 2807 3292 BnmN.
2842 3237 3047 3309 Utpcte
3106 3255 3239 3293 cum
3290 3238 3500 3294 tertius
3532 3239 3710 3295 fuerit

2052 3321 2338 3377 duntaxat
2367 3323 2478 3378 iste
2502 3341 2715 3393 annus,
2749 3342 2816 3379 ex
2847 3342 2962 3396 quo
3021 3327 3164 3381 Geta
3200 3327 3572 3383 tribunitiam
3605 3345 3708 3400 po-

2049 3411 2319 3464 testatem
2350 3427 2485 3466 cum
2513 3412 2981 3485 caeterisimperii
3012 3414 3349 3485 insignibus
3380 3422 3703 3488 acceperat.

2050 3502 2227 3554 Porro
2253 3499 2361 3555 hoc
2396 3502 2512 3556 fere
2546 3519 2699 3557 anno
2732 3504 3051 3574 contigisse
3082 3520 3409 3572 censemus,
3443 3506 3598 3575 quod
3632 3505 3705 3561 de

2051 3589 2438 3645 TERTULLIANO
2472 3592 2739 3646 scribunt
2772 3596 2834 3645 Β.
2868 3592 3503 3665 Hieron.,Sophronius
3520 3593 3700 3649 Catal-

2049 3676 2329 3749 Scriptor.
2354 3678 2507 3734 Eccl.
2545 3697 2611 3734 ac
2641 3680 2882 3752 Niceph.
2916 3681 3019 3735 lib.
3072 3698 3151 3748 1v,
3211 3699 3336 3753 cap.
3395 3684 3462 3737 12
3517 3700 3583 3738 ac
3612 3683 3703 3751 34,

2054 3782 2188 3820 cum
2216 3784 2403 3837 usque
2435 3769 2505 3822 ad
2540 3769 2793 3824 mediam
2827 3774 3055 3824 aetatem
3084 3769 3145 3824 in
3204 3769 3357 3825 Eccl.
3418 3770 3709 3827 catholica

2054 3856 2355 3926 presbyter
2380 3858 2807 3927 permansit,ad
2842 3858 3103 3914 Montani
3135 3860 3348 3931 dogma
3378 3859 3709 3931 delapsum.

2053 3942 2472 4000 Verumtamen
2500 3963 2714 4017 magna
2744 3951 2834 4001 est
2864 3947 3207 4017 difﬁcultas,
3248 3950 3539 4020 quomodo
3567 3949 3711 4005 scri-

2054 4031 2155 4086 bat
2186 4036 2248 4085 Β.
2282 4032 2514 4088 Hieron.
2559 4034 2616 4088 id
2676 4034 2894 4088 factum
2952 4034 3172 4088 invidia
3230 4041 3287 4089 et
3339 4034 3713 4090 contumeliis

2055 4119 2400 4176 clericorum
2434 4123 2602 4178 Rom.
2628 4123 2806 4189 Eccl.,
2836 4140 2902 4177 ac
2933 4123 3294 4195 Sophronius
3330 4142 3341 4179 :
3394 4117 3588 4194 Φθόνῳ
3617 4122 3707 4177 καὶ

2054 4207 2542 4281 προπηλακισμοῖς
2589 4215 2695 4264 τῶν
2747 4208 3027 4281 κληρικῶν
3088 4214 3189 4274 τῆς
3243 4210 3293 4264 ἐν
3336 4211 3520 4285 Ῥώμῃ
3582 4213 3709 4266 Ἐκ-

2054 4293 2306 4366 κλησίας,
2365 4304 2423 4355 et
2471 4300 2761 4371 interpres
2808 4300 3116 4370 Nicephori
3150 4318 3161 4354 :
3195 4322 3223 4349 «
3284 4306 3519 4371 propter
3566 4300 3710 4356 cleri

2054 4388 2302 4443 Romani
2333 4389 2649 4458 invidiam;
2676 4412 2702 4438 ››
2727 4389 3049 4462 praesertim
3074 4406 3200 4445 cum
3222 4391 3293 4445 de
3313 4406 3379 4445 eo
3410 4406 3707 4461 nusquam

2057 4482 2451 4548 conqueratur
2506 4483 2714 4535 auctor
2767 4479 2943 4534 etiam
3004 4477 3065 4533 in
3106 4477 3209 4533 lib.
3271 4480 3465 4535 adver.
3524 4478 3711 4535 Eccle-

2057 4564 2205 4620 siam
2237 4567 2493 4639 scriptis,
2528 4569 2779 4623 maxime
2808 4584 2942 4623 cum
2973 4584 3209 4623 causam
3242 4567 3405 4623 illam
3459 4567 3711 4625 reticens

285 4645 332 4691 et
352 4648 548 4695 manet
576 4639 1003 4712 chirographum
1062 4642 1207 4714 apud
1260 4645 1573 4717 Psychicos,
1626 4652 1770 4722 apud
1819 4641 2022 4725 quosD
2054 4654 2395 4714 Vincentius
2440 4657 2784 4725 Lirinensis,
2835 4656 2943 4712 etsi
2994 4661 3058 4711 Β.
3102 4656 3335 4713 Hieron.
3399 4658 3709 4729 posterior,

288 4733 408 4781 tunc
436 4746 528 4784 res
562 4734 710 4799 gesta
732 4735 832 4796 est,
864 4731 1064 4786 exinde
1096 4733 1403 4791 silentium.
1438 4738 1633 4793 Avenae
1679 4756 1803 4797 vero
1832 4743 1948 4799 illae

289 4814 485 4887 ubique
516 4821 655 4873 tunc
678 4834 865 4875 semen
893 4831 1270 4879 incusserant.
1329 4825 1414 4881 Ita
1471 4828 1803 4899 aliquandiu
1850 4849 1947 4903 per

293 4904 615 4976 hypocrisin
644 4908 873 4965 subdola
902 4912 1194 4969 vivacitate
1224 4913 1494 4984 latitavit,
1549 4926 1601 4975 et
1654 4937 1802 4976 nunc
1846 4924 1945 4978 de-

290 5007 389 5049 nuo
410 4996 602 5067 erupit
632 4996 779 5065 (adv.
812 5003 1011 5070 Praua,
1035 5017 1083 5055 e.
1115 5002 1187 5070 1).
1223 5002 1303 5057 Ex
1348 5004 1565 5074 quibus
1620 5010 1812 5066 verbis
1851 5029 1945 5067 sa-

291 5084 359 5138 tis
413 5090 602 5156 patet,
644 5092 703 5142 et
738 5105 1043 5146 revocasse
1086 5107 1255 5147 suam
1310 5092 1559 5153 hmresin
1619 5099 1935 5171 aliquando

292 5176 570 5231 Praxeam
629 5177 1030 5251 disputatione
1089 5181 1342 5253 alicujus
1389 5188 1785 5256 emendatum,
1845 5194 1945 5250 sed

290 5262 501 5320 iterum
527 5265 826 5339 relapsum
852 5269 1042 5325 denuo
1072 5271 1355 5343 erupisse,
1390 5279 1445 5330 et
1503 5278 1641 5334 dum
1676 5279 1768 5335 hic
1799 5280 1946 5337 liber

292 5354 870 5427 scriberetur,adhuc
894 5361 1654 5439 supervixisse.0uanquam
1687 5370 1941 5440 interim,

290 5443 334 5497 si
365 5460 576 5499 verum
610 5446 687 5502 sit
713 5449 868 5520 quod
894 5450 1053 5505 addit
1083 5451 1152 5507 de
1203 5455 1457 5509 Montani
1481 5458 1787 5529 prophetia
1814 5462 1943 5533 ejus

290 5547 391 5601 ope
422 5534 695 5605 expulsa,
722 5539 1201 5610 quandoquidem
1222 5540 1387 5598 illum
1420 5546 1686 5604 ﬂoruisse
1718 5556 1946 5607 constet

291 5621 395 5675 sub
422 5622 483 5677 Β.
520 5623 832 5682 Eleuthero
864 5627 1039 5700 Papa,
1091 5635 1352 5699 Oporteat
1379 5633 1505 5703 jam
1528 5653 1730 5695 senem
1763 5640 1945 5698 fuisse

291 5706 599 5769 Pramum.
631 5716 747 5771 Nos
803 5720 959 5773 certe
989 5716 1229 5775 vixdum
1274 5719 1335 5774 in
1396 5737 1463 5778 eo
1510 5727 1669 5797 quod
1718 5728 1942 5787 dictum

2055 4760 2171 4798 non
2199 4744 2357 4799 aliud
2377 4745 2550 4816 dicat,
2576 4763 2754 4818 quam
2784 4747 3241 4803 TERTULLIANUM
3268 4746 3539 4803 catholici
3559 4748 3711 4820 dog-

2056 4834 2230 4890 matis
2256 4838 2314 4890 et
2342 4839 2580 4891 vetusta:
2611 4836 2746 4891 ﬁdei
2778 4852 2987 4906 parum
3023 4840 3306 4909 tenacem,
3349 4853 3415 4894 ac
3446 4836 3714 4893 disertio-

2054 4940 2178 4979 rem
2210 4923 2397 4979 multo
2430 4941 2607 4995 quam
2648 4924 2993 4996 feliciorem,
3044 4931 3269 4984 mutata
3325 4926 3618 4984 sententia
3650 4926 3708 4982 in

2056 5029 2310 5069 errorem
2343 5013 2960 5087 delapsum,magnam
2991 5016 3174 5072 fuisse
3197 5017 3257 5072 in
3290 5017 3543 5074 Ecclesia
3575 5022 3707 5072 ten-

2053 5102 2351 5159 tationem.
2388 5106 2568 5171 Quem
2602 5104 2870 5159 imitatur
2888 5104 3083 5160 Abbas
3108 5104 3487 5162 Trithemius.

2124 5192 2212 5246 30.
2245 5197 2346 5248 Est
2375 5192 2616 5265 quidam
2649 5193 2752 5264 qui
2792 5193 3021 5249 invidia:
3056 5211 3295 5251 causam
3329 5195 3509 5251 fuisse
3541 5197 3713 5267 putet

2054 5283 2274 5336 auctori
2306 5280 2724 5355 eloquentiam.
2757 5282 3022 5339 Rhenani
3053 5286 3477 5354 conjecturam,
3511 5302 3699 5356 quan-

2051 5371 2271 5426 tumvis
2301 5379 2655 5444 suspectam,
2685 5378 3019 5446 sequuntur
3048 5374 3227 5430 etiam
3259 5375 3531 5432 catholici
3574 5374 3712 5445 qui-

2054 5461 2212 5532 dam,
2247 5461 2345 5532 qui
2375 5463 2754 5535 suspicantur
2782 5461 2949 5518 illum
2998 5481 3131 5521 cum
3178 5465 3346 5520 initio
3375 5467 3563 5521 favere
3594 5481 3700 5519 cm-

2054 5551 2240 5622 pisset
2268 5552 2473 5609 haeresi
2505 5552 2991 5620 Montani,statim
3008 5553 3273 5609 Ecclesiae
3288 5553 3707 5611 communione

2052 5640 2342 5711 privatum
2374 5644 2539 5716 prius
2563 5658 2739 5715 quam
2772 5657 2834 5697 se
2857 5646 3047 5698 totum
3067 5643 3439 5713 dederet,qua
3461 5658 3520 5696 re
3545 5654 3704 5693 com-

2054 5734 2217 5785 mota
2250 5730 2347 5789 ille
2363 5749 2606 5804 prorsus
2631 5731 2691 5786 in
2728 5729 2990 5787 Montani
3023 5736 3220 5801 partes
3250 5728 3561 5785 transierit.
3596 5728 3707 5782 Ve-
