4148 6188
400 356 514 416 115

1709 356 2239 421 TERTULLIANI
2290 359 2495 418 Vl'l‘A.

3696 358 3811 416 116

403 504 535 543 rum
570 504 683 543 non
716 488 881 544 video
912 491 1206 561 quomodo
1265 490 1927 548 excemmunicationem
1952 509 2046 547 ec-
2076 490 2133 557 Α
2163 494 2257 546 tur
2281 489 2650 562 interpretari
2676 488 2953 545 invidiam
2978 486 3345 560 illam,quasi
3381 486 3590 544 fuisset
3618 488 3809 560 ipsius

402 576 817 647 clesiasticam,
853 596 1031 651 quam
1060 588 1260 635 auctor
1290 581 1537 636 divinam
1566 599 1856 637 censuram
1873 586 1922 637 et
1951 584 2041 652 fu-

400 668 517 720 turi
534 666 744 737 judicii
761 669 1150 741 praeiudicium
1207 670 1465 742 appellat
1506 672 1774 743 (Apolog.,
1834 688 1883 726 c.
1933 670 2045 740 39),

400 758 462 808 B.
490 771 621 810 vero
656 756 888 813 Hieron.
923 759 1103 830 Epist.
1126 760 1197 813 ad
1232 760 1452 815 Heliod.
1488 784 1515 810 ‹‹
1568 766 1700 817 ante
1749 761 1901 815 diem
1945 760 2046 830 ju~

400 843 534 899 dicii
560 845 853 916 judicium
888 865 1002 919 quo
1030 849 1249 918 ejectus
1281 850 1349 904 de
1403 849 1657 905 Ecclesia
1706 850 1909 904 rabido
1940 849 2045 903 daa-

401 935 593 990 monis
624 950 722 991 ore
751 936 1125 1008 discerpitur,
1190 959 1217 985 »
1277 955 1389 994 non
1450 938 1642 993 solum
1687 938 1917 993 invidiae
1953 938 2048 993 76

400 1022 601 1093 (quam
634 1042 737 1097 pro
770 1024 890 1081 zelo
922 1026 1096 1080 etiam
1132 1026 1189 1080 in
1214 1027 1433 1081 sanctis
1485 1028 1749 1100 agnoscit
1796 1028 1949 1082 idem
1984 1032 2046 1081 B.

400 1111 787 1186 Hieronymus
809 1113 993 1185 Epist.
1029 1115 1099 1169 ad
1132 1114 1365 1171 Damas.
1398 1115 1468 1170 de
1501 1116 1744 1189 prodigo
1799 1120 1853 1172 et
1897 1115 2050 1189 frugi

400 1199 689 1272 ﬁliis),sed
719 1205 775 1256 et
806 1203 1293 1259 contumeliarum
1327 1205 1768 1261 nomenclatura
1800 1206 1923 1277 ipse
1942 1210 2051 1261 tra-

404 1287 660 1344 duceret.
693 1290 1048 1363 Nositaque,
1075 1293 1123 1346 si
1166 1294 1303 1364 quid
1341 1294 1398 1348 in
1431 1311 1491 1349 re
1526 1294 1749 1350 incerta
1791 1295 2050 1349 divinare

401 1375 593 1443 liceat,
625 1380 973 1450 conjicimus
994 1382 1414 1451 Tertullianum,
1446 1389 1575 1455 post
1598 1384 1821 1439 obitum
1842 1384 2050 1456 Agrip-

401 1466 547 1535 pini,
580 1466 639 1520 in
680 1467 994 1523 obtinendo
1046 1471 1383 1543 episcopatu
1446 1472 1903 1545 carthaginiensi
1961 1488 2050 1527 re-

402 1553 634 1624 pulsam
668 1572 910 1627 passum
940 1559 1207 1615 fortassis
1254 1561 1471 1616 invidia
1502 1562 1857 1618 Clericorum
1900 1578 2049 1634 quo-

403 1644 675 1699 rumdam
704 1646 1281 1717 EcclesiaaRomanaa,
1315 1652 1575 1722 aquibus
1608 1652 1849 1721 proinde
1873 1652 2049 1706 etiam

404 1734 778 1791 contumeliis
809 1737 1070 1808 aﬂ'ectus,
1104 1740 1173 1793 ad
1208 1745 1402 1811 partes
1425 1740 1685 1795 Montani
1717 1740 2047 1796 desciverit.

2159 578 2415 633 auctoris
2457 578 2517 632 in
2549 577 2769 633 clerum
2822 578 3172 633 Romanum.
3237 576 3329 631 Sic
3371 576 3549 646 enim,
3612 578 3806 649 inquit

2159 685 2261 739 per
2300 668 2578 723 invidiam
2612 667 2961 723 charitatem
2995 670 3461 738 corrumpentes,
3498 666 3804 723 scientiam

2159 758 2226 811 ad
2260 755 2509 812 nihilum
2541 757 2929 812 deduxerunt.
2988 757 3134 812 Nam
3195 759 3250 810 et
3305 756 3697 811 Tertullianus
3751 760 3811 812 et

2158 846 2517 902 Novatianus
2550 864 2662 901 non
2699 864 2888 918 parva»
2912 846 3166 902 scientiis
3201 845 3438 901 fuerunt
3473 864 3486 906 :
3520 848 3615 902 sed
3668 846 3811 917 quia

2159 953 2259 1008 per
2289 935 2476 991 zelum
2509 936 2813 991 charitatis
2872 937 3083 991 fmdcra
3124 936 3525 1007 perdiderunt,
3557 934 3616 990 in
3656 936 3811 991 schi-

2160 1042 2287 1080 sma
2317 1025 2489 1092 versi,
2526 1026 2593 1079 ad
2621 1024 3008 1097 perditionem
3042 1024 3132 1080 sui
3166 1024 3413 1079 haereses
3446 1030 3807 1080 creaverunt.

2159 1114 2238 1169 Ex
2271 1115 2486 1186 quibus
2515 1115 2707 1170 verbis
2744 1115 2807 1169 fit
2862 1114 3036 1169 etiam
3070 1112 3445 1169 verisimilior
3497 1130 3625 1169 mea
3672 1131 3810 1169 con-

2151 1205 2382 1274 jectura
2411 1222 2477 1260 ex
2510 1222 2595 1269 eo,
2636 1206 2727 1260 77
2764 1205 2913 1274 quod
2968 1204 3040 1259 ob
3084 1202 3378 1275 repulsam
3437 1203 3809 1276 episcopatus

2161 1293 2330 1348 Rom.
2363 1293 2421 1348 in
2455 1294 2713 1349 schisma
2735 1298 2791 1349 et
2824 1293 3092 1348 heresim
3126 1292 3399 1347 inciderit
3428 1292 3807 1349 Novatianus.

2160 1388 2337 1439 Porro
2368 1384 2415 1439 si
2441 1383 2984 1439 excommunicatus
3024 1383 3214 1438 fuerat
3255 1382 3611 1453 justissimis
3671 1399 3810 1455 pro-

2160 1473 2308 1528 fecto
2338 1474 2409 1528 de
2440 1474 2657 1541 causis,
2692 1473 2866 1528 etiam
2904 1472 3169 1528 fortassis
3231 1472 3288 1527 in
3345 1471 3647 1527 absentem
3679 1488 3807 1528 eam

2162 1561 2294 1617 tulit
2324 1563 2671 1617 sententiam
2700 1562 2760 1616 B.
2810 1561 3172 1633 Zephyrinus
3233 1560 3512 1616 Pontifex.
3548 1561 3808 1616 Primum

2161 1651 2314 1707 enim
2346 1651 2404 1705 in
2439 1651 2539 1706 lib.
2575 1650 2851 1706 omnibus
2883 1649 3115 1720 scriptis
3147 1649 3294 1704 citra
3328 1650 3389 1705 14
3446 1648 3674 1721 imperii
3705 1648 3807 1704 Se-

2158 1740 2277 1795 veri
2310 1757 2552 1811 annum,
2589 1741 2874 1795 I’aracleti
2912 1755 3063 1794 novae
3114 1738 3426 1810 prophetiae
3469 1743 3803 1809 frequenter,

404 1834 567 1938 ‘Certe
600 1834 858 1891 fomitem
902 1836 1017 1893 illis
1048 1837 1274 1893 invidiae
1307 1840 1719 1897 administrare
1741 1844 2052 1912 potuerunt

2169 1829 2401 1896 Spiritus
2429 1832 2608 1885 sancti
2636 1830 2815 1885 etiam
2875 1827 3130 1885 Montani
3187 1828 3381 1882 verbis
3426 1827 3550 1898 jam
3612 1826 3805 1881 citatis

2169 1936 2210 1938 __
2233 1934 2306 1938 ,μᾷ
2327 1919 2370 1938 ἠ
2392 1919 2423 1938 ξι
2493 1918 2653 1938 ,!_,As!
2691 1919 2756 1938 ,ιε
2781 1935 2849 1938 .Δ-
2891 1935 2977 1938 ___-_
2996 1918 3147 1938 1.·---2Α
3179 1916 3340 1938 μ-----ι.
3361 1916 3511 1938 4:11-
3535 1916 3700 1938 ---ι-2-
3718 1916 3780 1938 .l-

403 1920 515 1977 loci
548 1921 769 1995 aliquot
803 1926 859 1980 in
892 1925 1059 1983 libris
1090 1930 1594 1999 praecedentibus:
1631 1931 1848 2001 quibus
1877 1930 2051 1985 tacite

407 2018 798 2085 quorumdam
858 2017 1227 2092 clericorum,
1288 2022 1551 2078 fortassis
1628 2027 2050 2091 Romanorum,

404 2103 547 2160 vitia
577 2105 968 2179 reprehendit,
990 2125 1105 2165 non
1132 2109 1299 2166 aliter
1329 2114 1503 2182 atque
1532 2111 1907 2183 postmodum
1940 2110 2048 2166 llB.

408 2192 757 2267 Hieronymo
789 2200 845 2252 et
876 2197 1114 2254 Paulino
1148 2199 1357 2255 accidit
1398 2201 1601 2257 eadem
1661 2201 1732 2256 de
1785 2217 1964 2256 causa
1991 2200 2049 2269 (l.

404 2282 469 2338 de
496 2285 699 2357 Spect.,
734 2303 782 2342 c.
814 2286 905 2358 25)
937 2304 949 2355 ;
983 2288 1041 2343 in
1074 2288 1283 2360 primis
1309 2290 1377 2345 de
1420 2290 1887 2361 frequentatione
1916 2306 2053 2360 spe-

402 2373 822 2431 ctaculorum:
886 2375 990 2431 Sed
1059 2378 1318 2448 tragaedo,
1407 2378 1619 2450 inquit,
1692 2380 2051 2451 vociferante,

400 2462 835 2519 exclamationes
866 2464 970 2519 ille
998 2464 1233 2538 (nempe
1262 2466 1479 2538 aliquis
1502 2468 1572 2523 de
1602 2468 1787 2538 Claro)
1820 2469 2054 2539 alicujus

398 2550 684 2621 prophetae
729 2554 1079 2609 retractabit.
1141 2557 1293 2610 Inter
1362 2558 1795 2629 eﬂ‘eminationis
1852 2557 2051 2623 modos,

402 2639 687 2695 Psalmum
734 2658 916 2697 secum
965 2646 1412 2700 comminiscetur
1458 2667 1478 2712 ;
1552 2652 1604 2703 et
1660 2664 1783 2702 cum
1832 2647 2057 2703 athleta?

406 2732 589 2797 agent,
623 2730 717 2787 ille
762 2731 1016 2787 dicturus
1068 2737 1148 2789 est
1201 2736 1681 2806 repercutiendum
1733 2754 1843 2793 non
1896 2753 2052 2803 esse;

408 2828 605 2898 poterit
633 2838 683 2885 et
711 2830 776 2885 de
805 2831 1187 2887 misericordia
1235 2835 1443 2889 moveri
1457 2835 1670 2905 deﬁxus
1729 2836 1788 2890 in
1843 2851 2055 2890 morsus

410 2932 668 2973 ursorum
698 2924 752 2973 et
808 2922 1063 2991 spongias
1116 2924 1491 2978 retiariorum.
1552 2926 1773 2980 Avertat
1830 2925 1969 2979 Deus
2023 2940 2058 2977 a

406 3007 525 3061 suis
556 3011 766 3063 tantam
822 3010 1117 3082 voluptatis
1172 3014 1421 3069 exitiosae
1476 3014 1853 3085 cupiditatem.
1893 3013 2059 3081 Quale

406 3099 483 3151 est
513 3098 684 3165 enim,
718 3097 783 3153 de
813 3098 1052 3154 Ecclesia
1096 3101 1193 3155 Dei
1246 3103 1302 3155 in
1358 3102 1647 3157 ecclesiam
1696 3102 1916 3157 diaboli
1946 3107 2058 3157 ten-

410 3183 535 3239 dere
566 3188 594 3239 ?
623 3186 689 3241 de
720 3186 857 3243 casto
890 3190 1048 3260 (quod
1078 3191 1259 3261 aiunt)
1293 3192 1351 3245 in
1405 3208 1618 3247 ca'num
1650 3192 1675 3245 ?
1706 3194 1833 3247 illas
1861 3208 2057 3245 manus

2162 1919 2450 1987 meminit,
2484 1918 2657 1975 sicuti
2684 1919 2857 1974 etiam
2887 1918 3148 1973 mulieris
3175 1916 3511 1988 prophetidis
3532 1916 3804 1987 subinde,

2162 2009 2336 2065 modo
2360 2010 2706 2079 Priscillam,
2740 2008 2912 2063 modo
2942 2006 3316 2062 Maximillam
3349 2005 3724 2078 significans;
3749 2010 3807 2058 et

2164 2098 2433 2155 similiter
2463 2099 2533 2153 de
2564 2099 2788 2153 Eastasi
2817 2096 2993 2153 habet
3022 2113 3137 2151 non
3172 2113 3376 2167 pauca,
3432 2094 3573 2151 locis
3620 2096 3813 2150 citatis

2161 2187 2315 2243 inter
2345 2188 2644 2242 Paradoxa
2674 2186 2945 2242 Auctoris
2988 2186 3032 2256 (Ι
3064 2186 3137 2241 ad
3168 2190 3363 2252 Praua,
3392 2201 3441 2240 c.
3487 2185 3560 2255 1).
3596 2183 3815 2239 Deinde

2164 2277 2454 2348 Psychicos
2485 2292 2735 2348 quoque,
2770 2277 2825 2330 id
2850 2280 2940 2331 est
2973 2276 3246 2330 animales
3304 2272 3597 2346 appellare
3644 2273 3818 2345 coepit

2164 2366 2633 2436 catholicos,tum
2670 2366 2896 2421 advers.
2928 2368 3102 2420 Marc.
3124 2369 3251 2419 tum
3277 2364 3816 2429 advers.Praa:eam,

2165 2456 2338 2513 sicuti
2371 2457 2547 2512 etiam
2579 2455 2658 2510 ibi
2691 2454 2891 2511 latius.
2924 2458 3227 2510 Postremo
3252 2454 3450 2509 omnia
3504 2452 3605 2507 illa
3640 2448 3818 2506 simul

2166 2547 2529 2617 conjungens
2562 2544 2663 2599 lib.
2708 2545 2837 2599 adv.
2899 2548 3197 2611 Praxeam,
3258 2542 3818 2613 Romanumepisco-

2163 2652 2316 2708 pum,
2346 2639 2633 2705 quantum
2667 2636 2928 2704 apparet.
2964 2632 3344 2687 Eleutherium
3400 2629 3815 2701 calumniatur,

2164 2728 2446 2795 tanquam
2482 2723 2580 2794 qui
2615 2738 2935 2790 agnoscens
2994 2722 3113 2790 iam
3167 2721 3496 2793 prophetias
3553 2719 3814 2789 Montani,

2164 2815 2370 2869 Prisca’
2398 2818 2447 2868 et
2477 2812 2822 2879 Maximillae,
2855 2828 2926 2867 ea:
2953 2828 3015 2867 ea
3071 2813 3358 2882 agnitione
3408 2826 3591 2882 pacem
3634 2810 3816 2864 Eccle—

2166 2904 2265 2958 siis
2316 2904 2456 2957 Asiae
2512 2910 2562 2957 et
2615 2902 2871 2973 Phrygiae
2918 2903 3129 2971 inferre
3174 2906 3410 2972 paratus
3455 2902 3647 2971 fuerit,
3705 2899 3820 2953 nisi

2167 2994 2410 3048 Prua‘eas
2439 2993 2591 3063 falsa
2621 2992 2943 3063 (perperam
2980 2990 3191 3062 inquit)
3236 2991 3299 3045 de
3348 2991 3483 3059 ipsis
3535 2988 3818 3061 prophetis

2166 3086 2216 3139 et
2291 3083 2540 3139 Bcclesiis
2609 3097 2795 3136 eorum
2848 3080 3227 3144 asseverando,
3278 3080 3536 3148 coegisset
3605 3078 3818 3132 litteras

2164 3174 2324 3241 pacis
2354 3187 2605 3227 revocare
2625 3171 2747 3241 jam
2775 3173 3029 3236 emissas,
3061 3173 3110 3225 et
3148 3187 3182 3225 a
3234 3171 3513 3241 praposito
3543 3169 3818 3238 recipien-

408 3288 544 3343 θυαε
572 3274 643 3329 ad
698 3244 995 3331 Domin‘ém
1051 3244 1339 3347 amicas,
1390 3244 2060 3349 ῥοδτηῖοάατῆήῖάαάαηάο
2091 3244 2133 3310 C
2172 3260 2365 3316 dorum
2397 3261 2791 3314 charismatum
2839 3275 3172 3314 concessure.
3210 3259 3280 3313 Et
3336 3258 3582 3329 insuper
3611 3255 3822 3312 diaboli

413 3360 744 3419 histrionem
774 3365 1081 3437 defatigare
1111 3368 1138 3422 ‘?
1166 3384 1235 3423 ex
1260 3385 1357 3424 ore
1391 3385 1495 3440 quo
1524 3371 1693 3425 Amen
1723 3372 1782 3424 in
1810 3378 2059 3425 sanctum

404 3453 737 3524 protuleris,
768 3455 1077 3524 gladiatori
1122 3460 1497 3514 testimonium
1518 3460 1739 3514 reddere
1768 3463 1792 3513 .9
1822 3456 1896 3519 ἑις
1931 3457 2066 3511 aiio-

408 3560 502 3601 νας
532 3543 664 3598 aliis
692 3546 916 3601 omnino
963 3548 1170 3617 dicere,
1222 3550 1339 3603 nisi
1366 3550 1467 3605 Dco
1526 3548 1733 3604 Christo
1767 3552 1789 3603 Ρ
1827 3549 1949 3603 Lib.
2000 3548 2065 3604 de

410 3629 544 3688 Idol.
580 3649 704 3705 cap.
738 3635 793 3691 7.
830 3635 892 3690 L.
955 3636 1019 3692 de
1069 3636 1189 3692 Cor.
1240 3638 1431 3707 milit.,
1491 3639 1542 3694 1.
1603 3642 1747 3693 Item
1801 3637 1944 3693 illud
2004 3637 2063 3691 in

413 3720 667 3777 artifices
701 3722 1026 3779 idolorum:
1068 3726 1211 3792 Tota,
1246 3724 1457 3797 inquit,
1489 3726 1577 3782 die
1621 3726 1691 3781 ad
1737 3728 1879 3782 hanc
1924 3744 2058 3799 par-

413 3812 521 3865 tem
548 3810 696 3867 zelus
746 3812 874 3881 ﬁdei
912 3814 1192 3885 perorabit
1242 3815 1519 3885 ingemens
1569 3814 1945 3871 Christianum
1986 3817 2057 3872 ab

412 3898 574 3954 idolis
606 3901 666 3955 in
693 3902 980 3957 ecclesiam
1011 3904 1216 3968 venire,
1247 3903 1333 3959 his
1380 3905 1637 3961 manibus
1686 3905 1917 3962 adorare
1936 3921 2059 3977 quae

410 3989 547 4059 foris
604 3988 868 4047 adversus
924 3992 1095 4048 Deum
1145 3992 1470 4065 adorantur,
1529 4011 1727 4051 manus
1774 3995 2061 4052 admovere

409 4080 636 4147 corpori
664 4079 906 4152 Domini,
937 4095 1060 4151 qum
1118 4081 1408 4139 daemoniis
1457 4099 1683 4156 corpora
1745 4084 2056 4158 conferunt.

409 4178 522 4231 Nec
549 4177 649 4233 hoc
674 4178 899 4250 sufﬁcit.
930 4180 1140 4235 Parum
1160 4182 1251 4250 sit,
1311 4184 1363 4237 si
1390 4184 1457 4237 ab
1488 4184 1625 4239 aliis
1655 4184 1911 4239 manibus
1965 4200 2059 4239 ac-

411 4264 626 4334 cipiant
662 4269 805 4339 quod
858 4268 1258 4339 contaminant,
1319 4272 1421 4325 sed
1470 4272 1611 4342 ipsae
1656 4272 1876 4327 tradant
1931 4274 2061 4327 aliis

415 4354 556 4424 quod
584 4357 1120 4415 contaminaverunt.
1152 4357 1483 4429 Alteguntur
1504 4361 1565 4414 in
1596 4360 1844 4417 ordinem
1888 4362 2060 4417 eccle-

415 4444 701 4499 siasticum
753 4448 990 4517 artiﬁces
1055 4445 1363 4504 idolorum.
1420 4448 1565 4505 Proh
1610 4450 1831 4505 scelus!
1887 4449 2063 4506 Semel

417 4531 610 4592 Judazi
636 4550 832 4591 manus
862 4536 1077 4592 Christo
1097 4537 1427 4606 intulerunt,
1490 4540 1579 4593 isti
1609 4539 1846 4609 quotidie
1874 4554 2065 4610 corpus

2171 3352 2453 3419 negotium
2482 3364 2809 3419 procurasse
2840 3349 3002 3414 dicit,
3052 3351 3152 3420 qui
3194 3347 3535 3421 prophetiam
3584 3345 3819 3417 expulit,

2171 3444 2221 3496 et
2247 3439 2590 3510 paraclctum
2618 3438 2858 3511 fugavit.
2894 3440 3054 3493 Certe
3088 3438 3211 3508 ipse
3252 3441 3452 3493 auctor
3481 3451 3815 3491 excommu-

2173 3528 2527 3584 nicationem
2562 3528 2616 3582 in
2652 3527 2954 3583 haereticos
2986 3527 3271 3599 approbat
3302 3543 3416 3584 non
3448 3542 3563 3581 uno
3612 3524 3670 3579 in
3692 3523 3819 3579 loco

2173 3618 2386 3691 (Scorp.
2423 3617 2545 3673 adv.
2581 3616 2759 3673 Gnost.
2794 3633 2841 3673 c.
2882 3617 2952 3688 1).

2692 3794 2831 3835 ANNO
2875 3793 3076 3833 DOMINI
3115 3793 3283 3835 CCXII.

2239 3924 2442 3993 §XV[.
2482 3926 2557 3981 De
2585 3923 2801 3980 ultimis
2847 3922 3174 3979 Tertulliani
3224 3922 3583 3978 montanisue
3634 3919 3816 3988 libris,

2168 4015 2235 4070 de
2264 4017 2411 4085 Fuga
2432 4016 2491 4070 in
2518 4014 2920 4085 persecutione,
2971 4012 3034 4068 de
3090 4011 3490 4067 Exhortatione
3535 4011 3819 4079 castitatis,

2168 4107 2236 4162 de
2262 4106 2630 4176 Monogamia,
2681 4104 2747 4159 de
2800 4102 3046 4175 lejuniis
3102 4103 3358 4158 adversus
3412 4102 3720 4173 Psychicos,
3761 4100 3827 4157 de

2170 4193 2470 4261 Pudicitia,
2518 4192 2586 4249 de
2640 4194 2877 4262 Exstasi,
2936 4192 3196 4248 adversus
3240 4190 3602 4262 Apollonium
3648 4188 3824 4260 Septi-

2168 4298 2344 4338 mum.
2375 4282 2557 4337 -31.
2601 4282 2659 4338 S.
2709 4279 3025 4353 Zephyrini
3072 4281 3238 4351 Papa
3288 4278 3535 4335 Romani
3587 4295 3711 4345 xm,
3745 4278 3824 4334 M.

2172 4368 2393 4426 Aurelii
2416 4370 2697 4426 Antonini
2724 4368 2993 4426 Bassiani
3024 4369 3108 4425 Pii
3161 4367 3369 4425 Felicis
3427 4367 3677 4440 Augusti
3699 4366 3825 4421 Bri-

2173 4459 2393 4515 tannici
2424 4459 2755 4515 Germanici
2814 4458 3047 4530 imperii
3075 4475 3115 4522 ι,
3145 4474 3200 4520 Q.
3261 4472 3481 4513 smnio
3511 4474 3562 4511 L.
3589 4473 3640 4511 F.
3673 4472 3826 4512 RUFO

2176 4565 2434 4605 LOLLIANO
2467 4564 2768 4613 GENTIANO,
2826 4564 2893 4602 ET
2946 4563 3223 4603 POMPONIO
3268 4562 3440 4601 BASSO
3495 4562 3643 4601 (2088.
3694 4561 3831 4600 COD-

420 4622 541 4694 ejus
570 4622 861 4680 lacessunt.
914 4624 953 4681 0
1012 4640 1209 4680 manus
1259 4626 1749 4698 praescindendael
1808 4632 2057 4684 Rursum

2178 4638 2461 4709 scriptum
2522 4653 2836 4693 censemus
2894 4637 3284 4692 TERTULLIANI
3333 4634 3549 4689 librum
3581 4651 3652 4689 ns
3678 4650 3830 4689 suos

419 4709 569 4768 illud
600 4712 671 4769 de
710 4713 1047 4787 pastoribus
1090 4716 1149 4772 in
1203 4716 1607 4789 persecutione
1664 4716 2064 4790 fugientibus:

422 4812 595 4867 Plane
616 4820 862 4883 superest
890 4821 1139 4870 utetiam
1167 4815 1443 4886 martyrio
1468 4831 1725 4872 recusare
1753 4816 2067 4885 meditetur,

421 4900 518 4970 qui
524 4900 851 4972 prophetias
880 4902 1097 4974 cjudem
1153 4904 1395 4976 Spiritus
1450 4908 1632 4962 sancti
1659 4906 1864 4976 respuit
1895 4924 1913 4959 :
1941 4907 2071 4961 novi

420 4992 474 5045 et
496 4998 744 5061 pastores
776 4993 945 5047 etiam
982 5008 1171 5048 eorum
1230 4996 1290 5047 in
1345 5010 1479 5065 pace
1534 4995 1731 5064 leones,
1779 4997 1839 5049 in
1876 4995 2071 5066 praelia

417 5094 618 5134 cervos.
650 5080 913 5151 Denique
952 5083 1022 5135 de
1054 5082 1314 5139 velandis
1348 5084 1719 5155 Virginibus:
1754 5084 1915 5139 Illam
1944 5100 2071 5138 con-

416 5169 761 5225 suetudinem
796 5187 921 5241 quae
944 5174 1188 5243 virgines
1210 5186 1393 5245 negat,
1444 5176 1575 5230 dum
1624 5177 1884 5240 ostendit,
1912 5190 2072 5228 nemo

415 5257 714 5327 probasset,
743 5262 856 5316 nisi
885 5262 1063 5332 aliqui
1085 5264 1218 5318 tales
1244 5265 1434 5334 quales
1463 5266 1710 5334 virgines
1740 5266 1891 5334 ipszc.
1928 5263 2074 5318 Tales

418 5347 565 5400 enim
583 5348 729 5403 oculi
760 5351 936 5405 volent
968 5354 1235 5421 virginem
1262 5354 1457 5421 visam,
1508 5353 1698 5422 quales
1729 5353 1889 5407 habet
1918 5354 2073 5421 virgo

422 5450 550 5507 quae
578 5436 754 5491 videri
784 5440 945 5493 volet.
970 5441 1209 5494 Invicem
1237 5456 1291 5495 se
1312 5440 1498 5495 eadem
1554 5442 1833 5495 oculorum
1872 5456 2077 5509 genera

424 5525 762 5582 desiderant.
812 5528 1069 5598 Ejusdem
1125 5530 1375 5584 libidinis
1425 5537 1503 5584 est
1559 5529 1739 5584 videri
1791 5533 1843 5584 et
1896 5530 2077 5585 videre

428 5614 615 5687 (lbid.,
647 5615 686 5670 1.
727 5616 791 5672 de
854 5616 1068 5673 Veland.
1120 5618 1262 5687 virg.
1314 5633 1442 5689 cap.
1504 5617 1580 5687 2).
1638 5620 1855 5673 Auctor
1912 5634 2074 5675 com-

430 5706 703 5763 mentarii
734 5707 791 5764 S.
822 5706 1128 5763 Ambrosio
1158 5706 1397 5778 ascripti
1422 5707 1481 5762 in
1511 5706 1689 5779 Epist.
1722 5707 1886 5762 Pauli
1916 5706 2074 5763 vide-

2179 4745 2232 4783 m
2265 4743 2709 4792 PERSECUTIONE,
2741 4727 2920 4797 idque
2951 4731 3087 4781 ante
3128 4726 3438 4781 decessum
3490 4724 3703 4795 Imper.
3762 4726 3825 4777 L.

2180 4818 2338 4889 Sept.
2370 4817 2562 4871 Severi
2587 4817 2800 4872 Pertin.
2835 4816 3107 4888 Augusti,
3165 4814 3265 4887 qui
3316 4830 3382 4870 eo
3433 4830 3585 4869 anno
3644 4813 3830 4885 pridie

2179 4906 2374 4962 Nonas
2403 4906 2566 4961 Febr.
2598 4905 2839 4961 Eboraci
2862 4920 3108 4960 mmrore
3154 4903 3342 4975 magis
3392 4920 3570 4975 quam
3623 4901 3827 4957 morbo

2182 4999 2448 5050 mortuus
2481 4999 2570 5049 est
2599 4994 2679 5066 (in
2701 4993 2808 5049 hoc
2837 4993 2980 5049 adeo
3010 4993 3252 5064 punitus
3284 5010 3312 5047 ο
3359 4993 3474 5047 Deo
3497 4992 3669 5061 juxta
3696 4992 3830 5044 Oro-

2182 5084 2335 5140 sium
2370 5083 2468 5140 lib.
2502 5100 2599 5151 vn,
2633 5099 2760 5154 cap.
2787 5084 2866 5153 2),
2901 5083 3163 5137 nondum
3193 5081 3391 5153 elapso
3424 5097 3577 5137 anno
3598 5077 3829 5149 imperii

2183 5172 2272 5227 sui
2310 5175 2392 5241 l8,
2422 5177 2485 5227 ut
2514 5178 2642 5243 pote
2669 5189 2803 5226 cum
2830 5172 2901 5224 ab
2952 5171 3151 5225 Idibus
3206 5170 3372 5225 Maiis
3424 5168 3563 5224 anni
3602 5164 3833 5221 Domini

2186 5261 2618 5323 194.addictum
2645 5258 3029 5331 usquehujus
3058 5258 3193 5313 anni
3226 5258 3381 5313 diem
3416 5260 3837 5327 computantur

2184 5350 2468 5404 duntaxat
2499 5352 2636 5405 anni
2668 5350 3017 5413 l7,menses
3072 5348 3127 5408 8.
3184 5346 3311 5402 dies
3356 5348 3422 5402 21
3464 5362 3613 5416 ;quo
3673 5344 3738 5399 ﬁt
3769 5348 3835 5399 ut

2184 5439 2342 5493 hunc
2374 5440 2559 5493 annit
2592 5442 2808 5492 Anton.
2844 5434 3151 5505 faciamus,
3184 5441 3286 5491 aut
3325 5435 3532 5491 saltem
3584 5438 3716 5488 ante
3750 5449 3837 5488 re-

2185 5527 2371 5583 ditum
2400 5527 2676 5583 Antonini
2709 5542 2777 5581 ex
2807 5524 3129 5581 Britanniis
3186 5542 3321 5582 cum
3380 5526 3557 5579 fratre
3608 5538 3715 5578 suo
3768 5521 3831 5576 P.

2186 5616 2341 5687 Sept.
2365 5618 2509 5672 Geta
2538 5613 2709 5671 Felici
2741 5616 3000 5685 Augusto
3055 5614 3386 5672 Britannico
3431 5610 3663 5684 imperii
3693 5626 3832 5667 con-

2185 5709 2361 5773 sorte,
2416 5704 2609 5762 adhuc
2657 5704 2905 5760 durante
2960 5705 3365 5776 persecutione
3413 5702 3475 5773 (ι.
3537 5703 3629 5759 ad.
3659 5705 3827 5772 Scap.
