4148 6188
315 375 431 433 H7

1627 366 2163 432 TEBTUUJANI
2208 367 2417 427 VlTA.

3611 376 3727 435 118

306 522 355 563 c.
391 506 464 575 4),
504 520 683 577 quam
717 504 844 576 ipse
873 505 1103 576 [utpote
1138 505 1281 561 lacte
1312 504 1632 561 Christiano
1664 502 1951 568 imbutus,
1984 500 2037 565 Α
2071 514 2103 553 a
2142 499 2472 570 Spartiano,
2508 504 2563 556 et
2590 501 2999 557 Sammonicus
3031 503 3306 571 Serenus,
3340 504 3506 575 cujus
3536 506 3721 567 libros

312 595 490 650 sicuti
521 612 699 667 supra
731 611 798 650 ex
848 599 1083 650 auctore
1133 595 1409 667 diximus)
1450 594 1535 650 vel
1584 598 1787 649 Severo
1834 588 1967 643 Sul-

305 686 445 758 pitio
500 689 649 740 teste
698 684 903 754 (Sacrae
944 686 1081 740 Hist.
1141 685 1243 741 lib.
1323 689 1408 756 11),
1466 701 1694 741 cessare
1746 680 1964 747 fecerit,

302 780 507 847 utpote
533 774 632 846 qui
656 775 875 830 scribat
901 775 971 829 ab
997 776 1159 830 obitu
1201 777 1389 830 Severi
1426 776 1495 830 ad
1522 775 1758 829 Decium
1779 786 1965 841 usque

302 882 507 936 pacem
544 864 815 919 Ecclesiis
844 865 1049 930 fuisse,
1098 870 1483 937 praterquam
1519 865 1670 937 quod
1722 881 1754 918 a
1784 861 1962 915 Maxi-

302 955 463 1009 mino
527 954 586 1009 in
650 954 957 1026 episcopos
1007 954 1273 1010 saevitum
1339 954 1551 1022 fuerit;
1596 970 1768 1025 quam
1822 952 1962 1007 adeo

298 1043 541 1116 longam
574 1060 772 1115 pacem
806 1043 1061 1116 appellat
1098 1049 1159 1099 B.
1196 1044 1469 1117 Cyprian.
1497 1042 1599 1099 lib.
1655 1042 1718 1098 de
1748 1043 1958 1112 Lapsis.

296 1133 651 1204 Quanquam
683 1132 922 1189 interim
952 1134 1141 1189 edicta
1170 1134 1358 1191 Severi
1395 1134 1585 1190 adhuc
1617 1131 1959 1203 aliquandiu

294 1223 561 1294 viguisse
618 1239 687 1278 ex
742 1222 837 1278 his
895 1222 1151 1279 auctoris
1208 1224 1401 1279 verbis
1460 1223 1727 1279 videatur
1776 1237 1789 1274 :
1839 1221 1963 1278 Nisi

292 1314 438 1379 forte
467 1314 532 1365 in
561 1313 1055 1367 senastuscomulta
1094 1316 1143 1367 el
1186 1314 1503 1383 principum
1546 1311 1811 1367 mandata
1849 1326 1958 1365 c02-

296 1400 552 1457 tionibus
580 1400 677 1456 18
709 1403 958 1472 opposita
986 1401 1367 1473 delinquimus
1390 1402 1443 1473 (l.
1475 1402 1539 1457 de
1559 1402 1737 1473 Jejun.
1775 1416 1819 1454 c.
1853 1400 1917 1453 13
1943 1417 1954 1467 ;

295 1492 333 1546 Ι.
366 1490 435 1545 de
474 1498 622 1561 ruga
670 1493 732 1545 in
784 1507 988 1561 persec.
1047 1492 1124 1563 5).
1187 1492 1353 1547 Hunc
1413 1508 1547 1547 cum
1592 1494 1794 1547 contra
1852 1490 1957 1544 Ec-

294 1579 536 1635 clesiam
586 1579 873 1651 scriptum
912 1584 1200 1646 asserant,
1236 1580 1334 1635 ubi
1388 1598 1590 1652 supra,
1642 1581 1703 1635 B.
1758 1579 1955 1634 Hiero-

295 1686 531 1740 nymus,
592 1668 960 1737 Sophronius
1016 1674 1071 1723 et
1119 1669 1504 1741 Nicephorus,
1553 1667 1847 1723 versimile
1894 1667 1957 1721 fit

293 1760 529 1813 Fabium
557 1756 724 1812 illum
760 1757 1088 1813 Romanum
1125 1757 1307 1814 fuisse
1346 1756 1957 1830 presbyterum.Certe

294 1846 446 1917 quod
481 1846 683 1917 aliquo
716 1846 1045 1901 ministerio
1090 1846 1497 1902 Ecclesiastico
1550 1848 1801 1912 functus,
1839 1843 1949 1899 col-
1986 1880 2034 1943 B

288 1935 469 2007 ligare
502 1939 595 1990 est
646 1952 714 1990 ex
770 1935 964 1991 verbis
1022 1934 1140 1991 illis
1192 1935 1343 1990 :Sed
1395 1952 1515 1990 cum
1550 1937 1655 2006 ipsi
1684 1938 1949 2000 auctores,

286 2024 344 2078 id
372 2030 477 2086 est.
514 2025 788 2092 Diaconi,
814 2025 1135 2096 Presbyteri
1163 2035 1216 2080 et
1247 2026 1517 2096 EpiscOpi,
1550 2027 1794 2095 fugiunt,
1824 2039 1954 2095 quo.

285 2113 444 2169 modo
505 2114 682 2168 lacius
731 2114 1043 2182 intelligere
1102 2116 1370 2186 poterit?
1433 2116 1656 2179 Quibus
1716 2114 1951 2169 interim

286 2203 528 2273 quando
561 2204 967 2274 (contraquam
1002 2204 1182 2259 sentit
1224 2204 1467 2276 Auctor)
1515 2206 1714 2276 fugere
1760 2202 1950 2269 liceat,

289 2292 345 2347 in
382 2292 879 2347 Annotationibus
929 2292 1145 2349 nostris
1192 2293 1393 2349 latius.
1446 2294 1713 2349 Meminit
1768 2292 1827 2347 in
1887 2310 1952 2348 eo

288 2383 467 2437 etiam
503 2383 704 2437 Rutilii
732 2383 1068 2437 sanctissimi
1093 2385 1359 2455 martyris
1387 2401 1405 2437 :
1437 2400 1607 2454 porro
1639 2388 1697 2437 et
1727 2383 1836 2437 sub
1854 2386 1952 2437 Se-

287 2488 424 2526 vero
458 2471 617 2526 haud
654 2472 833 2525 dubie
882 2472 1079 2527 referri
1130 2472 1321 2541 debet,
1356 2474 1509 2544 quod
1544 2472 1810 2527 scribunt
1842 2472 1951 2525 Eu-

285 2561 408 2616 seb.
437 2567 497 2616 et
537 2560 852 2631 Nicephor,
884 2561 955 2615 de
992 2561 1259 2632 Origenis
1309 2562 1500 2632 prima
1550 2560 1954 2632 persecutione

286 2649 554 2703 maxima
586 2650 739 2720 apud
792 2648 1227 2713 Alexandriam,
1279 2654 1593 2721 antequam
1649 2667 1777 2705 sese
1830 2650 1955 2721 ipse

286 2742 599 2793 castraret.
637 2737 811 2809 Atqui
844 2740 915 2793 ad
948 2738 1313 2794 intellectum
1344 2740 1615 2794 Auctoris
1663 2739 1817 2806 facit,
1855 2739 1954 2795 ubi

285 2828 478 2883 dicit:
529 2827 885 2883 Maledictum
933 2844 1047 2883 esse
1091 2832 1219 2883 ante
1275 2825 1574 2890 ἀποθέωσιν
1624 2828 1783 2883 deum
1844 2830 1955 2885 ϐω-

282 2935 471 2975 sarem
509 2935 838 2990 nuncupare
870 2920 913 2991 (l
958 2920 1203 2990 Apolog.,
1259 2935 1307 2973 c.
1359 2921 1487 2992 311);
1538 2920 1593 2975 id
1644 2920 1799 2991 quod
1845 2918 1958 2974 late

284 3013 553 3063 recenset
603 3008 812 3063 Herod.
872 3007 974 3061 lib.
1033 3009 1206 3063 tertio
1252 3009 1323 3064 de
1383 3008 1497 3065 ritu
1559 3010 1864 3064 observato
1896 3008 1955 3062 in

284 3097 567 3153 relatione
595 3097 787 3152 Severi
826 3098 1039 3169 Imper.
1082 3101 1215 3169 post
1267 3104 1514 3154 mortem
1548 3098 1607 3153 in
1660 3098 1822 3152 divos
1854 3111 1959 3168 per

290 3186 447 3242 filios
480 3190 678 3241 Romze
710 3186 886 3251 facta,
915 3190 1227 3258 postquam
1260 3188 1484 3243 cineres
1535 3205 1601 3241 ex
1653 3186 1958 3241 Britannia

2080 589 2367 661 plurimos
2410 599 2634 648 exstare
2678 592 2773 647 ille
2796 594 3018 663 scribit,
3052 594 3329 651 Gordiani
3370 601 3572 667 postea
3600 602 3720 653 Cse-

2077 680 2224 735 saris
2258 682 2622 753 paedagogus.
2651 683 2711 737 In
2736 683 2889 738 hunc
2922 701 3139 739 annum
3175 686 3719 744 reforimuslibrum

2072 787 2445 826 TERTULLIANI
2509 790 2575 827 ne
2641 792 3063 830 EXIIORTATIONE
3118 793 3450 844 CASTITATIS,
3519 782 3719 849 utpote

2074 878 2243 932 quem
2284 861 2665 933 Nicephorus,
2695 863 2796 918 lib.
2832 871 3061 935 quarto,
3098 866 3284 937 capite
3314 867 3401 932 5’1,
3439 868 3588 921 inter
3618 884 3717 922 eos

2070 956 2351 1018 recenset,
2385 953 2482 1023 qui
2514 958 2717 1009 contra
2748 954 3062 1010 Ecclesiam
3096 956 3439 1011 catholicam
3464 956 3721 1012 conscri-

2072 1041 2155 1113 pti
2183 1046 2341 1109 sunt,
2372 1045 2428 1097 et
2474 1042 2533 1098 in
2580 1060 2695 1115 quo
2748 1060 2813 1100 eo
2861 1045 3165 1100 dementiae
3214 1045 3440 1101 videtur
3468 1046 3719 1110 venisse,

2071 1139 2132 1186 ut
2162 1132 2309 1203 apud
2341 1136 2451 1187 tres
2498 1134 2667 1188 etiam
2703 1132 2889 1202 laicus,
2944 1139 3139 1206 utpote
3171 1136 3512 1191 Montanum
3546 1138 3602 1190 et
3632 1134 3721 1189 in-

2072 1238 2247 1277 sanas
2307 1223 2433 1292 ejus
2493 1223 2867 1295 prOpbetides
2925 1224 3179 1279 Priscam
3238 1228 3293 1279 et
3341 1224 3721 1280 Maximillam

2071 1327 2199 1367 esse
2259 1312 2571 1367 Ecclesiam
2619 1313 2927 1384 existimet,
2996 1315 3494 1385 quemadmodum
3543 1313 3722 1369 latius

2070 1400 2329 1471 idipsum
2372 1402 2508 1457 alibi
2538 1401 2789 1457 inculcat
2817 1402 2945 1471 (lib.
2978 1403 3040 1459 de
3072 1403 3306 1458 Exhort.
3351 1406 3553 1472 castit.,
3581 1421 3630 1459 c.
3663 1406 3718 1471 7;

2070 1488 2170 1544 lib.
2206 1490 2278 1544 De
2313 1490 2520 1559 pudic.,
2573 1508 2619 1545 c.
2668 1492 2778 1561 21).
2832 1491 2977 1546 Huic
3016 1492 3193 1547 etiam
3245 1510 3398 1548 anno
3456 1492 3717 1565 applica-

2068 1594 2202 1633 mus
2238 1580 2795 1650 79disputationsm
2828 1580 2990 1635 illam
3044 1581 3161 1637 Caii
3202 1580 3505 1654 scriptoris
3536 1581 3718 1637 eccle-

2067 1666 2287 1723 siastici
2319 1670 2599 1725 adversus
2632 1669 2920 1736 Proclum,
2954 1671 3124 1742 cujus
3174 1672 3571 1727 meminerunt
3598 1672 3717 1726 Eu-

2067 1757 2167 1812 seb
2193 1758 2291 1813 lib.
2329 1764 2510 1826 sexto,
2546 1758 2733 1831 capite
2782 1760 3006 1816 decimo
3057 1765 3288 1832 quarto,
3330 1762 3535 1816 beatus
3584 1760 3717 1814 Hie-

2066 1864 2367 1917 ronymus,
2393 1848 2449 1901 in
2481 1848 2659 1902 Catal.
2694 1865 2803 1903 scr.
2831 1848 2995 1917 eccl.,
3026 1855 3081 1905 et
3111 1850 3285 1905 latius
3316 1850 3375 1904 in
3404 1849 3524 1905 haec
3545 1849 3721 1903 verba

2064 1935 2299 2006 Niceph.
2332 1934 2458 1991 loco
2498 1937 2623 2007 jam
2684 1936 2904 1992 citato:
2957 1962 2984 1988 ‹‹
3042 1938 3276 2004 Floruit,
3337 1938 3551 2009 inquit,
3608 1936 3718 1992 sub

2062 2025 2387 2097 Zephyrino
2422 2026 2611 2081 Romae
2657 2028 2929 2099 episcopo
2977 2028 3165 2093 Caius,
3208 2028 3495 2083 Antonino
3526 2024 3721 2081 Severi

2065 2114 2183 2170 ﬁlio
2234 2115 2580 2187 imperante.
2634 2138 2661 2165 »
2717 2118 2767 2171 Is
2816 2118 3093 2174 adversus
3143 2116 3409 2172 Proclum
3463 2112 3724 2171 Montani

2066 2210 2560 2277 propugnatorem
2614 2205 3081 2262 dissertationem
3117 2207 3584 2278 copiosissimam
3619 2206 3722 2259 ha-

2064 2294 2193 2349 buit
2214 2300 2271 2349 et
2292 2295 2645 2367 composuit,
2669 2296 2989 2351 temerarias
3013 2298 3291 2363 audaciae,
3308 2297 3478 2373 quod
3512 2310 3721 2351 novam

2061 2384 2452 2440 introduxerit
2484 2386 2873 2457 prophetiam,
2898 2385 3066 2440 illum
3104 2387 3463 2457 redarguens
3498 2389 3555 2439 et
3581 2400 3720 2438 con-

2065 2474 2278 2529 futans.
2314 2474 2497 2537 Quam
2549 2475 2787 2545 quidem
2831 2492 2937 2530 nos
2986 2474 3301 2547 aliquando
3361 2473 3720 2529 existimavi-

2065 2580 2199 2619 mus
2232 2580 2437 2619 ansam
2472 2564 2705 2620 dedisse
2735 2564 2968 2620 Auctori
3001 2566 3068 2619 ad
3102 2564 3355 2619 Montani
3390 2568 3587 2635 partes
3619 2563 3719 2618 de-

2066 2653 2297 2708 ficiendi
2326 2670 2337 2720 ;
2373 2654 2528 2724 quod
2562 2653 2852 2709 versimile
2884 2654 2946 2708 ﬁt
2976 2654 3034 2707 in
3068 2655 3355 2722 Proclum,
3388 2652 3496 2708 hac
3521 2654 3722 2725 dispu-

2064 2742 2284 2797 tatione
2316 2742 2669 2812 convictum,
2704 2759 2807 2797 nec
2838 2742 3295 2813 resipiscentem,
3338 2760 3369 2798 a
3399 2742 3721 2814 Zephyrino

2066 2831 2727 2886 exoommunicationem
2762 2831 2937 2886 latam
2993 2832 3194 2897 fuisse,
3240 2836 3297 2887 et
3340 2848 3544 2887 omnes
3594 2833 3723 2902 ejus

2067 2918 2343 2985 asseclas,
2391 2919 2544 2974 inter
2592 2937 2739 2991 quos
2786 2920 2943 2974 haud
2999 2920 3176 2975 dubie
3227 2924 3460 2986 Auctor,
3520 2924 3723 2990 utpote

2066 3009 2553 3063 Montanistarum
2593 3007 2726 3060 κατὰ
2773 3009 3032 3063 Proclum
3062 3012 3333 3078 sectator,
3369 3025 3483 3063 non
3516 3024 3719 3062 eorum

2070 3098 2168 3168 qui
2202 3097 2527 3152 secundum
2560 3096 2893 3153 [Esobinem
2945 3099 3310 3167 dicebantur,
3344 3101 3542 3153 contra
3575 3112 3720 3167 quos

2070 3186 2188 3258 egit
2216 3186 2366 3240 libro
2400 3187 2683 3242 adversus
2715 3187 3015 3242 Praxeam.
3049 3187 3263 3242 Verum
3287 3188 3412 3257 jam
3447 3189 3619 3241 antea
3647 3185 3722 3239 il-

290 3292 493 3330 secum
524 3274 688 3331 allati
738 3276 798 3329 in
845 3257 994 3330 urna
1043 3275 1401 3331 alabastrina
1434 3278 1598 3347 juxta
1628 3275 1817 3338 illum,
1850 3282 1950 3330 aut
1984 3257 2026 3324 (ἶ
2066 3257 2189 3331 lum
2223 3276 2466 3331 deficere
2505 3278 2768 3347 caapisse,
2804 3276 2921 3331 imo
2972 3281 3173 3331 contra
3222 3275 3538 3331 Ecclesiam
3571 3274 3719 3330 scri-

284 3381 436 3419 erea
460 3365 637 3434 juxta
655 3364 1057 3435 Spartianum,
1080 3364 1139 3419 in
1161 3364 1495 3437 sepulcrum
1520 3365 1796 3420 Antonini
1819 3368 1958 3418 sunt

286 3454 459 3508 illati.
496 3454 603 3508 Hic
632 3459 912 3525 prazterea
945 3455 1418 3525 praetereundum
1445 3472 1557 3509 non
1593 3454 1951 3526 putavimus,

288 3544 443 3613 quod
488 3559 623 3597 cum
658 3542 847 3613 pridie
878 3548 1020 3598 Non.
1074 3542 1349 3598 Februar.
1399 3544 1638 3616 perierit
1689 3548 1954 3601 Severus.

288 3631 567 3703 castigari
599 3631 881 3687 deberent
908 3631 1067 3704 leges
1099 3632 1223 3686 dua:
1253 3633 1499 3702 Codicis,
1526 3632 1709 3687 altera
1740 3631 1844 3686 lib.
1877 3649 1954 3701 v1,

287 3722 376 3776 tit.
420 3723 514 3791 45,
564 3720 605 3786 l,
659 3738 699 3791 ι,
750 3725 815 3775 ut
856 3720 1085 3793 legatur
1112 3737 1148 3774 v
1175 3721 1303 3777 Kal.
1340 3721 1660 3786 Februarii,
1695 3738 1821 3793 pro,
1854 3720 1955 3775 Ja-

286 3808 481 3864 nuarii
516 3826 529 3862 :
567 3808 754 3865 altera
785 3809 1049 3880 ejusdem
1090 3808 1127 3863 l.
1166 3809 1256 3864 tit.
1308 3810 1396 3879 37,
1430 3809 1532 3865 lib.
1586 3826 1671 3873 III.
1727 3810 1815 3864 uti
1845 3805 1955 3864 soli

283 3898 579 3954 Antonino
609 3900 757 3970 Aug.
814 3898 1165 3966 ascribatur,
1207 3915 1323 3953 non
1372 3904 1575 3955 Severo
1621 3903 1677 3954 et
1732 3901 1954 3955 Anton.

284 3990 464 4059 Augg.
498 3991 703 4058 utpote
734 4004 866 4044 cum
891 3987 1010 4042 lata
1040 3987 1118 4043 sit
1144 4004 1201 4041 v1
1232 3987 1359 4043 Kal.
1392 3988 1545 4043 Maii.
1580 3987 1677 4043 diu
1713 3992 1843 4059 post
1885 3986 1950 4041 il-

283 4076 399 4131 lius
416 4076 674 4142 obitum,
700 4075 955 4131 maxime
977 4091 1112 4131 cum
1136 4080 1322 4132 exstet
1344 4076 1434 4131 lex
1458 4076 1733 4132 Antonini
1767 4075 1951 4131 solius

283 4163 531 4221 Kalend.
579 4163 749 4220 Maiis
779 4163 919 4236 lata,
964 4168 1022 4220 et
1070 4163 1196 4220 aIItB
1248 4164 1445 4237 plures
1476 4165 1570 4222 his
1602 4166 1764 4222 Coss.
1798 4165 1946 4221 latas.

788 4341 944 4381 ANNO
994 4341 1201 4382 DOMINI
1239 4340 1438 4383 CCXIII.

356 4470 447 4525 32.
480 4470 540 4526 S.
577 4468 888 4541 Zephyrini
917 4470 1166 4525 Romani
1194 4468 1489 4527 Pontiﬁcis
1518 4486 1632 4539 XIV,
1662 4471 1945 4527 Antonini

286 4560 500 4632 Imper.
533 4577 601 4627 II,
627 4576 690 4615 Μ.
718 4575 1013 4615 POMPONIO
1038 4576 1102 4615 Μ.
1135 4577 1188 4617 F.
1209 4575 1394 4615 ASPRO
1426 4576 1467 4616 II
1494 4577 1563 4615 ET
1590 4576 1770 4616 ABPRO
1787 4576 1940 4618 C088.

296 4648 413 4704 sive
447 4649 685 4705 duobus
716 4647 943 4720 Aspris,
1004 4648 1221 4719 quibus
1277 4652 1436 4706 Coss.
1489 4648 1643 4721 leges
1681 4641 1960 4706 Antonini
1987 4634 2036 4700 D

289 4738 460 4793 varie
493 4738 642 4793 data:
674 4736 954 4809 leguntur
1013 4740 1283 4809 (quorum
1333 4738 1619 4795 seniorem
1669 4740 1941 4795 eumdem

290 4824 461 4881 illum
492 4841 808 4881 censemus
847 4825 919 4880 de
946 4840 1058 4894 quo
1089 4841 1269 4896 supra
1294 4826 1365 4881 ad
1398 4842 1616 4880 annum
1646 4828 1800 4897 acu),
1848 4843 1943 4881 so-

292 4911 385 4971 lus
428 4912 766 4970 Antoninus
820 4912 1098 4986 (testibus
1145 4913 1469 4970 Herodiano
1499 4920 1557 4971 et
1590 4914 1942 4987 Spartiano),

296 5002 469 5059 fratre
507 5003 654 5059 Geta
685 5004 755 5058 ad
804 5005 1010 5075 pectus
1043 5021 1161 5060 suaa
1194 5003 1396 5062 matris
1426 5005 1746 5075 interfecto,
1781 5010 1943 5078 post-

302 5110 477 5165 quam
506 5094 821 5166 imperavit
852 5111 1077 5150 annum
1128 5112 1334 5162 unum,
1368 5095 1492 5151 dies
1519 5098 1609 5164 21,
1644 5112 1707 5151 ac
1755 5096 1947 5168 sepul-

292 5186 355 5237 to
408 5183 467 5238 in
514 5182 839 5255 septizonio
890 5184 1069 5256 (quod
1127 5202 1160 5240 a
1208 5194 1427 5257 septem
1483 5186 1645 5242 zonis
1694 5185 1821 5242 caeli
1866 5187 1949 5244 ita

296 5271 514 5326 dictum
546 5278 816 5339 Severus,
846 5274 935 5329 vel
968 5274 1178 5329 Euseb.
1212 5279 1377 5344 teste,
1445 5275 1854 5347 aadificaverat)
1883 5293 1948 5331 ac

294 5362 355 5414 in
386 5362 548 5418 divos
609 5363 810 5435 relato,
839 5363 1157 5436 imperium
1215 5366 1546 5437 usurpavit.
1610 5366 1856 5437 Insuper
1894 5370 1949 5420 et

297 5453 442 5509 alios
476 5454 786 5525 plurimos,
806 5455 1182 5527 quantumvis
1207 5457 1354 5528 patri
1378 5457 1606 5529 sibique
1624 5455 1795 5513 ante!
1811 5456 1949 5511 cba-

298 5544 590 5615 rissimos,
625 5544 753 5600 neci
784 5544 937 5599 tradi
964 5544 1168 5615 jussit,
1202 5545 1353 5601 inter
1398 5564 1545 5619 quos
1590 5562 1949 5603 commemo-

302 5634 471 5688 randi
500 5635 751 5690 veniunt
771 5635 1064 5705 Papianus
1095 5632 1214 5703 ille,
1238 5636 1365 5706 ejus
1398 5653 1462 5691 ac
1490 5636 1710 5692 Juliani
1741 5640 1798 5691 et
1818 5636 1950 5690 Ter-

301 5720 505 5793 tyliani
543 5722 643 5781 JC.
678 5726 1013 5796 praeceptor,
1038 5721 1194 5795 juris
1232 5723 1471 5796 Asylum
1506 5723 1951 5798 cognominatus

2068 3366 2278 3437 psisse,
2317 3381 2385 3419 ex
2428 3365 2831 3437 superioribus
2882 3366 3254 3421 manifestum
3297 3364 3380 3419 fit.
3431 3364 3718 3419 Fortassis

2067 3456 2241 3510 etiam
2280 3455 2386 3509 hoc
2416 3460 2675 3525 tempore
2707 3456 2952 3526 contigit
2985 3455 3250 3523 Origenis
3283 3453 3554 3525 discipuli
3586 3453 3716 3507 Cle-

2067 3543 2281 3598 mentis
2314 3543 2689 3599 Alexandrini
2739 3549 2795 3599 et
2838 3544 3135 3599 Ammonii
3183 3544 3444 3598 Romana
3473 3542 3583 3597 sub
3612 3542 3713 3596 Ze-

2066 3632 2313 3704 phyrino
2347 3633 2645 3705 profectio,
2679 3635 2847 3704 cujus
2896 3634 3294 3690 meminerunt
3344 3632 3628 3687 Eusebius
3660 3635 3717 3687 et

2066 3721 2446 3792 Nicephorus,
2489 3739 2740 3793 quorum
2785 3722 2880 3778 ille
2910 3722 3009 3778 lib.
3060 3739 3138 3791 vr,
3197 3739 3321 3793 cap.
3356 3722 3444 3788 42,
3474 3736 3713 3776 causam

2066 3809 2228 3865 illius
2258 3826 2387 3865 eam
2438 3812 2660 3876 scribit,
2707 3813 2863 3883 quod
2908 3812 2963 3866 in
3015 3811 3227 3883 optatis
3270 3810 3351 3865 illi
3381 3814 3535 3865 esset
3564 3808 3716 3865 anti-

2067 3899 2415 3971 quissimam
2445 3900 2606 3956 illam
2648 3900 2963 3957 Ecclesium
2996 3901 3266 3956 invisere.
3302 3902 3422 3965 Quo
3452 3902 3716 3970 tempore

2068 3988 2241 4044 etiam
2291 3988 2387 4044 alii
2430 3989 2808 4046 ecclesiastici
2857 3990 3171 4062 scriptores
3217 3990 3288 4045 ab
3333 3988 3451 4043 illis
3482 4004 3717 4043 enume-

2066 4082 2292 4144 rantur,
2351 4078 2613 4151 Beryllus
2670 4079 2889 4135 Arabiae
2960 4083 3298 4147 Bostrenus,
3368 4075 3712 4148 Hippolytus

2060 4167 2225 4239 juxta
2257 4168 2543 4238 quosdam
2577 4168 2934 4235 Portuensis,
2958 4167 3273 4223 Alexander
3294 4166 3547 4238 primum
3572 4164 3713 4235 Cap-

2060 4257 2337 4328 padociae,
2390 4257 2602 4312 deinde
2653 4258 3188 4330 Hierosolymorum
3238 4255 3547 4327 episcopus
3578 4252 3708 4322 qui-

2057 4345 2169 4401 bus
2222 4346 2519 4402 interserit
2564 4347 2624 4402 B.
2671 4346 2823 4402 Hier.
2867 4346 3038 4402 etiam
3088 4344 3406 4400 Minucium
3442 4342 3707 4410 Felicem,

2056 4434 2156 4505 qui
2190 4434 2631 4507 Apologeticum
2660 4436 2927 4492 Auctoris
2960 4452 3060 4507 per
3089 4434 3276 4491 multa
3303 4433 3570 4489 imitatus
3600 4435 3711 4491 est.

2585 4614 2737 4654 ANNO
2776 4613 2979 4656 DOMINI
3017 4613 3192 4653 CCXIV.

2122 4740 2213 4795 35.
2271 4743 2326 4793 Β.
2382 4740 2694 4812 Zephyrini
2756 4740 2920 4813 Papae
2974 4741 3221 4799 Romani
3277 4758 3368 4811 xv,
3429 4740 3710 4797 Antonini

2050 4826 2263 4901 Imper.
2295 4845 2379 4897 III,
2416 4846 2540 4885 IMP.
2592 4846 2726 4885 CASS.
2768 4848 2830 4885 M.
2876 4847 3083 4888 AUREL.
3125 4848 3239 4887 DIVI
3280 4847 3475 4887 SEVERI
3514 4848 3565 4886 F.
3606 4847 3711 4885 AN-

2051 4935 2261 4975 TONINO
2300 4936 2433 4975 AUG.
2478 4936 2704 4976 BRITAN.
2748 4936 2995 4976 GERMAN.
3032 4939 3106 4989 IV,
3148 4939 3214 4977 ΕΤ
3244 4939 3295 4977 Ρ.
3341 4936 3517 4977 CAELIO
3556 4938 3608 4976 P.
3651 4939 3705 4978 Γ.

2055 5026 2297 5065 BALBINO
2330 5028 2388 5065 II.
2424 5027 2573 5081 coss,
2600 5011 2724 5081 ipse
2750 5011 3082 5067 Antoninus
3140 5016 3287 5083 Imp.
3322 5012 3457 5067 trib.
3491 5014 3705 5082 potest.

2055 5117 2166 5169 xvr,
2197 5100 2266 5155 de
2299 5100 2595 5155 Britannis
2624 5099 3031 5171 triumphavit.
3058 5104 3178 5168 Quo
3203 5118 3353 5156 anno
3384 5116 3703 5156 aTERTULL.

2060 5189 2344 5261 scriptum
2379 5188 2784 5244 existimamus
2837 5190 3011 5246 etiam
3060 5191 3337 5247 adversus
3386 5189 3706 5245 Ecclesium

2056 5278 2274 5333 librum
2308 5295 2377 5333 or:
2408 5294 2769 5334 MONOGAMIA.
2808 5278 2869 5335 In
2918 5296 2983 5335 eo
3034 5280 3183 5337 inter
3220 5285 3424 5336 ca3tera
3453 5280 3537 5337 sic
3567 5280 3707 5352 legi-

2060 5372 2201 5424 tur:
2269 5369 2402 5423 Cum
2450 5370 2628 5437 magis
2677 5385 2827 5424 nunc
2874 5374 3083 5442 tempus
3134 5374 3191 5425 in
3241 5372 3455 5427 collecto
3500 5374 3708 5441 factum

2058 5458 2147 5525 sit,
2181 5459 2345 5512 annis
2376 5460 2596 5512 circiter
2622 5459 2713 5513 cla:
2742 5460 2939 5515 exinde
2983 5454 3258 5533 productis
3291 5463 3335 5532 ([
3372 5462 3439 5517 de
3464 5466 3704 5529 Monog.,

2060 5561 2110 5600 c.
2144 5546 2221 5617 3).
2262 5547 2416 5610 Quos
2464 5548 2561 5618 qui
2611 5565 2643 5603 a
2684 5548 2959 5605 Passione
3008 5550 3233 5606 Domini
3281 5550 3705 5619 computandas

2058 5633 2327 5705 voluerit,
2362 5640 2482 5693 tota
2519 5638 2611 5693 via
2663 5639 2971 5695 abberrare
3019 5657 3086 5696 ex
3140 5638 3540 5711 superioribus
3572 5634 3705 5706 plus

2060 5724 2203 5783 satis
2233 5726 2615 5784 manifestum
2645 5732 2756 5799 est,
2785 5727 3038 5796 etiamsi,
3063 5730 3229 5799 juxta
3253 5741 3560 5783 erroneum
3592 5724 3711 5781 cal-
