  <div class='ocr_page' id='page_1' title='image "/cluster/home/n/w/nwhite01/storage/ocr_20150623/1/hvd.32044096580337/067.png"; bbox 0 0 4148 6188; ppageno 0'>
   <div class='ocr_carea' id='block_1_1' title="bbox 399 333 515 394">
    <p class='ocr_par' dir='ltr' id='par_1_1' title="bbox 399 333 515 394">
     <span class='ocr_line' id='line_1_1' title="bbox 399 333 515 394; baseline 0.017 -3"><span class='ocrx_word' id='word_1_1' title='bbox 399 333 515 394; x_wconf 81' lang='grc'>119</span> 
     </span>
    </p>
   </div>
   <div class='ocr_carea' id='block_1_2' title="bbox 1703 325 2486 387">
    <p class='ocr_par' dir='ltr' id='par_1_2' title="bbox 1703 325 2486 387">
     <span class='ocr_line' id='line_1_2' title="bbox 1703 325 2486 387; baseline -0.003 -1"><span class='ocrx_word' id='word_1_2' title='bbox 1703 326 2233 387; x_wconf 79' lang='lat' dir='ltr'>TERTULLIANI</span> <span class='ocrx_word' id='word_1_3' title='bbox 2279 325 2486 385; x_wconf 80' lang='lat' dir='ltr'>VITA.</span> 
     </span>
    </p>
   </div>
   <div class='ocr_carea' id='block_1_3' title="bbox 3690 334 3811 392">
    <p class='ocr_par' dir='ltr' id='par_1_3' title="bbox 3690 334 3811 392">
     <span class='ocr_line' id='line_1_3' title="bbox 3690 334 3811 392; baseline 0.008 -1"><span class='ocrx_word' id='word_1_4' title='bbox 3690 334 3811 392; x_wconf 82' lang='grc'>120</span> 
     </span>
    </p>
   </div>
   <div class='ocr_carea' id='block_1_4' title="bbox 400 459 3811 536">
    <p class='ocr_par' dir='ltr' id='par_1_4' title="bbox 400 459 3811 536">
     <span class='ocr_line' id='line_1_4' title="bbox 400 459 3811 536; baseline 0.001 -15"><span class='ocrx_word' id='word_1_5' title='bbox 400 463 601 521; x_wconf 91' lang='lat' dir='ltr'>culum</span> <span class='ocrx_word' id='word_1_6' title='bbox 624 464 893 520; x_wconf 74' lang='lat' dir='ltr'>Auctoris</span> <span class='ocrx_word' id='word_1_7' title='bbox 925 480 956 519; x_wconf 87' lang='lat' dir='ltr'>a</span> <span class='ocrx_word' id='word_1_8' title='bbox 989 480 1163 536; x_wconf 91' lang='lat' dir='ltr'>passo</span> <span class='ocrx_word' id='word_1_9' title='bbox 1191 462 1421 518; x_wconf 78' lang='lat' dir='ltr'>Christo</span> <span class='ocrx_word' id='word_1_10' title='bbox 1456 477 1643 533; x_wconf 89' lang='lat' dir='ltr'>usque</span> <span class='ocrx_word' id='word_1_11' title='bbox 1674 460 1745 516; x_wconf 89' lang='lat' dir='ltr'>ad</span> <span class='ocrx_word' id='word_1_12' title='bbox 1778 461 2047 515; x_wconf 86' lang='lat' dir='ltr'>devasta-</span> <span class='ocrx_word' id='word_1_13' title='bbox 2078 459 2133 525; x_wconf 83' lang='grc' dir='ltr'><strong>Α</strong></span> <span class='ocrx_word' id='word_1_14' title='bbox 2164 476 2317 515; x_wconf 87' lang='lat' dir='ltr'>anno</span> <span class='ocrx_word' id='word_1_15' title='bbox 2363 461 2647 531; x_wconf 84' lang='lat' dir='ltr'>scriptum</span> <span class='ocrx_word' id='word_1_16' title='bbox 2707 476 3016 518; x_wconf 78' lang='lat' dir='ltr'>censemus</span> <span class='ocrx_word' id='word_1_17' title='bbox 3078 479 3111 517; x_wconf 90' lang='lat' dir='ltr'>a</span> <span class='ocrx_word' id='word_1_18' title='bbox 3169 464 3573 520; x_wconf 82' lang='lat' dir='ltr'>TERTULLIANO</span> <span class='ocrx_word' id='word_1_19' title='bbox 3630 466 3811 523; x_wconf 91' lang='lat' dir='ltr'>etiam</span> 
     </span>
    </p>
   </div>
   <div class='ocr_carea' id='block_1_5' title="bbox 398 552 2045 626">
    <p class='ocr_par' dir='ltr' id='par_1_5' title="bbox 398 552 2045 626">
     <span class='ocr_line' id='line_1_5' title="bbox 398 552 2045 626; baseline -0.004 -18"><span class='ocrx_word' id='word_1_20' title='bbox 398 554 618 609; x_wconf 88' lang='lat' dir='ltr'>tionem</span> <span class='ocrx_word' id='word_1_21' title='bbox 654 553 1185 626; x_wconf 79' lang='lat' dir='ltr'>Hierosolymorum</span> <span class='ocrx_word' id='word_1_22' title='bbox 1227 553 1364 607; x_wconf 90' lang='lat' dir='ltr'>anni</span> <span class='ocrx_word' id='word_1_23' title='bbox 1413 553 1696 606; x_wconf 77' lang='lat' dir='ltr'>duntaxat</span> <span class='ocrx_word' id='word_1_24' title='bbox 1741 552 2045 621; x_wconf 84' lang='lat' dir='ltr'>computa-</span> 
     </span>
    </p>
   </div>
   <div class='ocr_carea' id='block_1_6' title="bbox 400 638 2044 714">
    <p class='ocr_par' dir='ltr' id='par_1_6' title="bbox 400 638 2044 714">
     <span class='ocr_line' id='line_1_6' title="bbox 400 638 2044 714; baseline -0.004 -15"><span class='ocrx_word' id='word_1_25' title='bbox 400 649 604 699; x_wconf 87' lang='lat' dir='ltr'>rentur</span> <span class='ocrx_word' id='word_1_26' title='bbox 630 644 721 711; x_wconf 89' lang='lat'>22,</span> <span class='ocrx_word' id='word_1_27' title='bbox 754 660 900 714; x_wconf 92' lang='lat' dir='ltr'>quos</span> <span class='ocrx_word' id='word_1_28' title='bbox 928 644 1025 698; x_wconf 85' lang='lat' dir='ltr'>alii</span> <span class='ocrx_word' id='word_1_29' title='bbox 1067 647 1419 700; x_wconf 79' lang='lat' dir='ltr'>enumerant</span> <span class='ocrx_word' id='word_1_30' title='bbox 1444 643 1552 709; x_wconf 76' lang='lat'>25;</span> <span class='ocrx_word' id='word_1_31' title='bbox 1590 641 1726 712; x_wconf 86' lang='lat' dir='ltr'>quia</span> <span class='ocrx_word' id='word_1_32' title='bbox 1758 657 1944 711; x_wconf 89' lang='lat' dir='ltr'>usque</span> <span class='ocrx_word' id='word_1_33' title='bbox 1976 638 2044 693; x_wconf 88' lang='lat' dir='ltr'>ad</span> 
     </span>
    </p>
   </div>
   <div class='ocr_carea' id='block_1_7' title="bbox 401 727 2048 804">
    <p class='ocr_par' dir='ltr' id='par_1_7' title="bbox 401 727 2048 804">
     <span class='ocr_line' id='line_1_7' title="bbox 401 727 2048 804; baseline -0.004 -15"><span class='ocrx_word' id='word_1_34' title='bbox 401 749 622 789; x_wconf 86' lang='lat' dir='ltr'>annum</span> <span class='ocrx_word' id='word_1_35' title='bbox 673 738 1023 804; x_wconf 72' lang='lat' dir='ltr'>praesentem</span> <span class='ocrx_word' id='word_1_36' title='bbox 1064 751 1179 788; x_wconf 89' lang='lat' dir='ltr'>non</span> <span class='ocrx_word' id='word_1_37' title='bbox 1231 732 1419 788; x_wconf 92' lang='lat' dir='ltr'>solum</span> <span class='ocrx_word' id='word_1_38' title='bbox 1472 731 1593 801; x_wconf 79' lang='grc'>160,</span> <span class='ocrx_word' id='word_1_39' title='bbox 1627 730 1726 785; x_wconf 91' lang='lat' dir='ltr'>sed</span> <span class='ocrx_word' id='word_1_40' title='bbox 1778 727 2048 801; x_wconf 78' lang='lat' dir='ltr'>producti</span> 
     </span>
    </p>
   </div>
   <div class='ocr_carea' id='block_1_8' title="bbox 403 818 2050 893">
    <p class='ocr_par' dir='ltr' id='par_1_8' title="bbox 403 818 2050 893">
     <span class='ocr_line' id='line_1_8' title="bbox 403 818 2050 893; baseline -0.003 -16"><span class='ocrx_word' id='word_1_41' title='bbox 403 827 603 877; x_wconf 89' lang='lat' dir='ltr'>essent</span> <span class='ocrx_word' id='word_1_42' title='bbox 630 823 751 877; x_wconf 89' lang='grc'>188.</span> <span class='ocrx_word' id='word_1_43' title='bbox 784 827 930 878; x_wconf 87' lang='lat' dir='ltr'>Sunt</span> <span class='ocrx_word' id='word_1_44' title='bbox 959 823 1135 878; x_wconf 90' lang='lat' dir='ltr'>etiam</span> <span class='ocrx_word' id='word_1_45' title='bbox 1170 822 1265 893; x_wconf 89' lang='lat' dir='ltr'>qui</span> <span class='ocrx_word' id='word_1_46' title='bbox 1303 821 1371 876; x_wconf 90' lang='lat' dir='ltr'>ad</span> <span class='ocrx_word' id='word_1_47' title='bbox 1395 819 1690 891; x_wconf 87' lang='lat' dir='ltr'>Apostolis</span> <span class='ocrx_word' id='word_1_48' title='bbox 1721 818 1878 873; x_wconf 90' lang='lat' dir='ltr'>hunc</span> <span class='ocrx_word' id='word_1_49' title='bbox 1899 834 2050 873; x_wconf 91' lang='lat' dir='ltr'>com-</span> 
     </span>
    </p>
   </div>
   <div class='ocr_carea' id='block_1_9' title="bbox 402 909 2048 983">
    <p class='ocr_par' dir='ltr' id='par_1_9' title="bbox 402 909 2048 983">
     <span class='ocr_line' id='line_1_9' title="bbox 402 909 2048 983; baseline -0.001 -19"><span class='ocrx_word' id='word_1_50' title='bbox 402 915 610 983; x_wconf 80' lang='lat' dir='ltr'>putum</span> <span class='ocrx_word' id='word_1_51' title='bbox 642 909 862 979; x_wconf 89' lang='lat' dir='ltr'>ineant,</span> <span class='ocrx_word' id='word_1_52' title='bbox 896 928 961 967; x_wconf 91' lang='lat' dir='ltr'>eo</span> <span class='ocrx_word' id='word_1_53' title='bbox 988 912 1139 983; x_wconf 91' lang='lat' dir='ltr'>quod</span> <span class='ocrx_word' id='word_1_54' title='bbox 1190 909 1579 982; x_wconf 66' lang='lat' dir='ltr'>praeminatur</span> <span class='ocrx_word' id='word_1_55' title='bbox 1613 925 1624 964; x_wconf 92' lang='lat'>:</span> <span class='ocrx_word' id='word_1_56' title='bbox 1656 912 1775 979; x_wconf 86' lang='lat' dir='ltr'>post</span> <span class='ocrx_word' id='word_1_57' title='bbox 1833 909 2048 979; x_wconf 81' lang='lat' dir='ltr'>Aposto-</span> 
     </span>
    </p>
   </div>
   <div class='ocr_carea' id='block_1_10' title="bbox 406 1000 2052 1071">
    <p class='ocr_par' dir='ltr' id='par_1_10' title="bbox 406 1000 2052 1071">
     <span class='ocr_line' id='line_1_10' title="bbox 406 1000 2052 1071; baseline -0.002 -17"><span class='ocrx_word' id='word_1_58' title='bbox 406 1000 521 1061; x_wconf 85' lang='lat' dir='ltr'>los;</span> <span class='ocrx_word' id='word_1_59' title='bbox 556 1000 611 1055; x_wconf 89' lang='lat' dir='ltr'>in</span> <span class='ocrx_word' id='word_1_60' title='bbox 645 1017 760 1071; x_wconf 89' lang='lat' dir='ltr'>qua</span> <span class='ocrx_word' id='word_1_61' title='bbox 789 1000 1083 1056; x_wconf 81' lang='lat' dir='ltr'>sententia</span> <span class='ocrx_word' id='word_1_62' title='bbox 1113 1005 1168 1056; x_wconf 92' lang='lat' dir='ltr'>et</span> <span class='ocrx_word' id='word_1_63' title='bbox 1211 1018 1315 1056; x_wconf 89' lang='lat' dir='ltr'>nos</span> <span class='ocrx_word' id='word_1_64' title='bbox 1349 1000 1591 1065; x_wconf 83' lang='lat' dir='ltr'>fuimus,</span> <span class='ocrx_word' id='word_1_65' title='bbox 1624 1015 1756 1055; x_wconf 91' lang='lat' dir='ltr'>cum</span> <span class='ocrx_word' id='word_1_66' title='bbox 1793 1002 2052 1053; x_wconf 87' lang='lat' dir='ltr'>Annota-</span> 
     </span>
    </p>
   </div>
   <div class='ocr_carea' id='block_1_11' title="bbox 400 1087 2052 1145">
    <p class='ocr_par' dir='ltr' id='par_1_11' title="bbox 400 1087 2052 1145">
     <span class='ocr_line' id='line_1_11' title="bbox 400 1087 2052 1145; baseline -0.003 -2"><span class='ocrx_word' id='word_1_67' title='bbox 400 1087 591 1144; x_wconf 88' lang='lat' dir='ltr'>tiones</span> <span class='ocrx_word' id='word_1_68' title='bbox 623 1093 853 1145; x_wconf 88' lang='lat' dir='ltr'>nostras</span> <span class='ocrx_word' id='word_1_69' title='bbox 886 1090 942 1143; x_wconf 91' lang='lat' dir='ltr'>in</span> <span class='ocrx_word' id='word_1_70' title='bbox 975 1106 1106 1145; x_wconf 91' lang='lat' dir='ltr'>eum</span> <span class='ocrx_word' id='word_1_71' title='bbox 1149 1090 1541 1145; x_wconf 83' lang='lat' dir='ltr'>scriberemus</span> <span class='ocrx_word' id='word_1_72' title='bbox 1588 1088 1803 1143; x_wconf 90' lang='lat' dir='ltr'>locum.</span> <span class='ocrx_word' id='word_1_73' title='bbox 1836 1087 2052 1142; x_wconf 89' lang='lat' dir='ltr'>Verum</span> 
     </span>
    </p>
   </div>
   <div class='ocr_carea' id='block_1_12' title="bbox 406 1177 2054 1251">
    <p class='ocr_par' dir='ltr' id='par_1_12' title="bbox 406 1177 2054 1251">
     <span class='ocr_line' id='line_1_12' title="bbox 406 1177 2054 1251; baseline -0.004 -17"><span class='ocrx_word' id='word_1_74' title='bbox 406 1177 503 1234; x_wconf 80' lang='lat' dir='ltr'>SB.</span> <span class='ocrx_word' id='word_1_75' title='bbox 537 1181 741 1234; x_wconf 87' lang='lat' dir='ltr'>Petrus</span> <span class='ocrx_word' id='word_1_76' title='bbox 773 1182 830 1234; x_wconf 90' lang='lat' dir='ltr'>et</span> <span class='ocrx_word' id='word_1_77' title='bbox 859 1179 1072 1234; x_wconf 84' lang='lat' dir='ltr'>Paulus</span> <span class='ocrx_word' id='word_1_78' title='bbox 1116 1179 1375 1251; x_wconf 89' lang='lat' dir='ltr'>primum</span> <span class='ocrx_word' id='word_1_79' title='bbox 1407 1177 1564 1249; x_wconf 83' lang='lat' dir='ltr'>passi</span> <span class='ocrx_word' id='word_1_80' title='bbox 1598 1181 1735 1233; x_wconf 87' lang='lat' dir='ltr'>sunt</span> <span class='ocrx_word' id='word_1_81' title='bbox 1759 1192 1911 1231; x_wconf 90' lang='lat' dir='ltr'>anno</span> <span class='ocrx_word' id='word_1_82' title='bbox 1941 1179 2054 1229; x_wconf 81' lang='lat' dir='ltr'>Ne-</span> 
     </span>
    </p>
   </div>
   <div class='ocr_carea' id='block_1_13' title="bbox 406 1264 2057 1339">
    <p class='ocr_par' dir='ltr' id='par_1_13' title="bbox 406 1264 2057 1339">
     <span class='ocr_line' id='line_1_13' title="bbox 406 1264 2057 1339; baseline -0.003 -17"><span class='ocrx_word' id='word_1_83' title='bbox 406 1266 565 1323; x_wconf 91' lang='lat' dir='ltr'>ronis</span> <span class='ocrx_word' id='word_1_84' title='bbox 598 1267 828 1336; x_wconf 89' lang='lat' dir='ltr'>ultimo,</span> <span class='ocrx_word' id='word_1_85' title='bbox 861 1269 957 1339; x_wconf 89' lang='lat' dir='ltr'>qui</span> <span class='ocrx_word' id='word_1_86' title='bbox 1008 1268 1064 1324; x_wconf 91' lang='lat' dir='ltr'>in</span> <span class='ocrx_word' id='word_1_87' title='bbox 1117 1285 1337 1324; x_wconf 89' lang='lat' dir='ltr'>annum</span> <span class='ocrx_word' id='word_1_88' title='bbox 1383 1267 1590 1323; x_wconf 87' lang='lat' dir='ltr'>incidit</span> <span class='ocrx_word' id='word_1_89' title='bbox 1638 1265 1853 1322; x_wconf 87' lang='lat' dir='ltr'>Christi</span> <span class='ocrx_word' id='word_1_90' title='bbox 1897 1264 1987 1335; x_wconf 80' lang='lat'>69,</span> <span class='ocrx_word' id='word_1_91' title='bbox 2024 1281 2057 1318; x_wconf 89' lang='lat' dir='ltr'>a</span> 
     </span>
    </p>
   </div>
   <div class='ocr_carea' id='block_1_14' title="bbox 410 1355 2053 1430">
    <p class='ocr_par' dir='ltr' id='par_1_14' title="bbox 410 1355 2053 1430">
     <span class='ocr_line' id='line_1_14' title="bbox 410 1355 2053 1430; baseline -0.003 -17"><span class='ocrx_word' id='word_1_92' title='bbox 410 1375 525 1428; x_wconf 88' lang='lat' dir='ltr'>quo</span> <span class='ocrx_word' id='word_1_93' title='bbox 552 1358 741 1413; x_wconf 85' lang='lat' dir='ltr'>adhuc</span> <span class='ocrx_word' id='word_1_94' title='bbox 775 1374 889 1413; x_wconf 90' lang='lat' dir='ltr'>non</span> <span class='ocrx_word' id='word_1_95' title='bbox 924 1358 1035 1414; x_wconf 89' lang='lat' dir='ltr'>nisi</span> <span class='ocrx_word' id='word_1_96' title='bbox 1069 1362 1486 1430; x_wconf 89' lang='lat' dir='ltr'>computantur</span> <span class='ocrx_word' id='word_1_97' title='bbox 1533 1357 1670 1412; x_wconf 89' lang='lat' dir='ltr'>anni</span> <span class='ocrx_word' id='word_1_98' title='bbox 1711 1357 1831 1423; x_wconf 78' lang='grc'>146,</span> <span class='ocrx_word' id='word_1_99' title='bbox 1885 1359 1943 1411; x_wconf 89' lang='lat' dir='ltr'>et</span> <span class='ocrx_word' id='word_1_100' title='bbox 1995 1355 2053 1410; x_wconf 90' lang='lat' dir='ltr'>S.</span> 
     </span>
    </p>
   </div>
   <div class='ocr_carea' id='block_1_15' title="bbox 408 1447 2056 1518">
    <p class='ocr_par' dir='ltr' id='par_1_15' title="bbox 408 1447 2056 1518">
     <span class='ocr_line' id='line_1_15' title="bbox 408 1447 2056 1518; baseline -0.002 -15"><span class='ocrx_word' id='word_1_101' title='bbox 408 1448 667 1503; x_wconf 84' lang='lat' dir='ltr'>Joannes</span> <span class='ocrx_word' id='word_1_102' title='bbox 699 1447 1061 1518; x_wconf 80' lang='lat' dir='ltr'>Evangelisla</span> <span class='ocrx_word' id='word_1_103' title='bbox 1088 1448 1229 1502; x_wconf 85' lang='lat' dir='ltr'>vixit</span> <span class='ocrx_word' id='word_1_104' title='bbox 1258 1449 1329 1503; x_wconf 89' lang='lat' dir='ltr'>ad</span> <span class='ocrx_word' id='word_1_105' title='bbox 1347 1448 1660 1518; x_wconf 89' lang='lat' dir='ltr'>Trajanum</span> <span class='ocrx_word' id='word_1_106' title='bbox 1688 1461 2056 1517; x_wconf 89' lang='lat' dir='ltr'>usque,mor—</span> 
     </span>
    </p>
   </div>
   <div class='ocr_carea' id='block_1_16' title="bbox 410 1535 2061 1609">
    <p class='ocr_par' dir='ltr' id='par_1_16' title="bbox 410 1535 2061 1609">
     <span class='ocr_line' id='line_1_16' title="bbox 410 1535 2061 1609; baseline -0.002 -18"><span class='ocrx_word' id='word_1_107' title='bbox 410 1542 550 1591; x_wconf 90' lang='lat' dir='ltr'>tuus</span> <span class='ocrx_word' id='word_1_108' title='bbox 581 1537 841 1609; x_wconf 90' lang='lat' dir='ltr'>primum</span> <span class='ocrx_word' id='word_1_109' title='bbox 888 1554 1042 1592; x_wconf 89' lang='lat' dir='ltr'>anno</span> <span class='ocrx_word' id='word_1_110' title='bbox 1092 1536 1321 1593; x_wconf 88' lang='lat' dir='ltr'>circiter</span> <span class='ocrx_word' id='word_1_111' title='bbox 1353 1538 1471 1608; x_wconf 90' lang='grc'>100,</span> <span class='ocrx_word' id='word_1_112' title='bbox 1506 1537 1660 1592; x_wconf 88' lang='lat' dir='ltr'>unde</span> <span class='ocrx_word' id='word_1_113' title='bbox 1700 1553 1814 1590; x_wconf 91' lang='lat' dir='ltr'>non</span> <span class='ocrx_word' id='word_1_114' title='bbox 1862 1535 2061 1606; x_wconf 85' lang='lat' dir='ltr'>plures</span> 
     </span>
    </p>
   </div>
   <div class='ocr_carea' id='block_1_17' title="bbox 413 1624 2062 1699">
    <p class='ocr_par' dir='ltr' id='par_1_17' title="bbox 413 1624 2062 1699">
     <span class='ocr_line' id='line_1_17' title="bbox 413 1624 2062 1699; baseline -0.003 -18"><span class='ocrx_word' id='word_1_115' title='bbox 413 1630 555 1681; x_wconf 88' lang='lat' dir='ltr'>sunt</span> <span class='ocrx_word' id='word_1_116' title='bbox 586 1625 725 1680; x_wconf 89' lang='lat' dir='ltr'>anni</span> <span class='ocrx_word' id='word_1_117' title='bbox 756 1643 931 1697; x_wconf 89' lang='lat' dir='ltr'>quam</span> <span class='ocrx_word' id='word_1_118' title='bbox 966 1627 1087 1682; x_wconf 75' lang='grc'>114.</span> <span class='ocrx_word' id='word_1_119' title='bbox 1113 1626 1359 1699; x_wconf 87' lang='lat' dir='ltr'>PrOpius</span> <span class='ocrx_word' id='word_1_120' title='bbox 1394 1625 1797 1696; x_wconf 88' lang='lat' dir='ltr'>acceduntqui</span> <span class='ocrx_word' id='word_1_121' title='bbox 1820 1624 1892 1679; x_wconf 91' lang='lat' dir='ltr'>ab</span> <span class='ocrx_word' id='word_1_122' title='bbox 1922 1632 2062 1695; x_wconf 64' lang='lat' dir='ltr'>Apo«</span> 
     </span>
    </p>
   </div>
   <div class='ocr_carea' id='block_1_18' title="bbox 413 1714 2064 1788">
    <p class='ocr_par' dir='ltr' id='par_1_18' title="bbox 413 1714 2064 1788">
     <span class='ocr_line' id='line_1_18' title="bbox 413 1714 2064 1788; baseline -0.002 -18"><span class='ocrx_word' id='word_1_123' title='bbox 413 1715 546 1770; x_wconf 89' lang='lat' dir='ltr'>stoli</span> <span class='ocrx_word' id='word_1_124' title='bbox 599 1715 759 1771; x_wconf 81' lang='lat' dir='ltr'>Pauli</span> <span class='ocrx_word' id='word_1_125' title='bbox 808 1719 975 1771; x_wconf 60' lang='lat' dir='ltr'>astate</span> <span class='ocrx_word' id='word_1_126' title='bbox 1023 1720 1367 1788; x_wconf 80' lang='lat' dir='ltr'>computant</span> <span class='ocrx_word' id='word_1_127' title='bbox 1419 1732 1603 1771; x_wconf 88' lang='lat' dir='ltr'>annos</span> <span class='ocrx_word' id='word_1_128' title='bbox 1660 1714 1791 1769; x_wconf 92' lang='lat' dir='ltr'>illos</span> <span class='ocrx_word' id='word_1_129' title='bbox 1848 1714 2064 1769; x_wconf 79' lang='lat' dir='ltr'>circiter</span> 
     </span>
    </p>
   </div>
   <div class='ocr_carea' id='block_1_19' title="bbox 411 1802 2138 1905">
    <p class='ocr_par' dir='ltr' id='par_1_19' title="bbox 411 1802 2138 1905">
     <span class='ocr_line' id='line_1_19' title="bbox 411 1802 2138 1905; baseline -0.002 -47"><span class='ocrx_word' id='word_1_130' title='bbox 411 1804 515 1858; x_wconf 87' lang='lat'>80</span> <span class='ocrx_word' id='word_1_131' title='bbox 536 1803 647 1872; x_wconf 84' lang='lat' dir='ltr'>clx,</span> <span class='ocrx_word' id='word_1_132' title='bbox 673 1822 924 1877; x_wconf 90' lang='lat' dir='ltr'>quorum</span> <span class='ocrx_word' id='word_1_133' title='bbox 956 1807 1359 1861; x_wconf 70' lang='lat' dir='ltr'>sententcntite</span> <span class='ocrx_word' id='word_1_134' title='bbox 1382 1804 1713 1861; x_wconf 89' lang='lat' dir='ltr'>accedimus</span> <span class='ocrx_word' id='word_1_135' title='bbox 1744 1820 1756 1859; x_wconf 93' lang='lat'><strong>:</strong></span> <span class='ocrx_word' id='word_1_136' title='bbox 1790 1803 1892 1859; x_wconf 84' lang='lat' dir='ltr'>sed</span> <span class='ocrx_word' id='word_1_137' title='bbox 1924 1802 2062 1905; x_wconf 75' lang='lat' dir='ltr'>quia</span> <span class='ocrx_word' id='word_1_138' title='bbox 2092 1841 2138 1905; x_wconf 82' lang='lat' dir='ltr'><strong>B</strong></span> 
     </span>
    </p>
   </div>
   <div class='ocr_carea' id='block_1_20' title="bbox 412 1890 2061 1967">
    <p class='ocr_par' dir='ltr' id='par_1_20' title="bbox 412 1890 2061 1967">
     <span class='ocr_line' id='line_1_20' title="bbox 412 1890 2061 1967; baseline -0.002 -18"><span class='ocrx_word' id='word_1_139' title='bbox 412 1894 509 1949; x_wconf 90' lang='lat' dir='ltr'>ille</span> <span class='ocrx_word' id='word_1_140' title='bbox 542 1895 801 1967; x_wconf 90' lang='lat' dir='ltr'>primum</span> <span class='ocrx_word' id='word_1_141' title='bbox 836 1895 1111 1967; x_wconf 81' lang='lat' dir='ltr'>martyrio</span> <span class='ocrx_word' id='word_1_142' title='bbox 1151 1895 1393 1950; x_wconf 71' lang='lat' dir='ltr'>affectus</span> <span class='ocrx_word' id='word_1_143' title='bbox 1443 1894 1553 1949; x_wconf 80' lang='lat' dir='ltr'>fuit</span> <span class='ocrx_word' id='word_1_144' title='bbox 1603 1910 1736 1950; x_wconf 91' lang='lat' dir='ltr'>cum</span> <span class='ocrx_word' id='word_1_145' title='bbox 1786 1890 2061 1965; x_wconf 85' lang='lat' dir='ltr'>Apostolo</span> 
     </span>
    </p>
   </div>
   <div class='ocr_carea' id='block_1_21' title="bbox 412 1984 2062 2057">
    <p class='ocr_par' dir='ltr' id='par_1_21' title="bbox 412 1984 2062 2057">
     <span class='ocr_line' id='line_1_21' title="bbox 412 1984 2062 2057; baseline -0.001 -19"><span class='ocrx_word' id='word_1_146' title='bbox 412 1988 582 2040; x_wconf 86' lang='lat' dir='ltr'>Petro</span> <span class='ocrx_word' id='word_1_147' title='bbox 615 1985 722 2057; x_wconf 90' lang='lat' dir='ltr'>(uti</span> <span class='ocrx_word' id='word_1_148' title='bbox 744 1985 871 2056; x_wconf 87' lang='lat' dir='ltr'>jam</span> <span class='ocrx_word' id='word_1_149' title='bbox 903 1984 1126 2039; x_wconf 90' lang='lat' dir='ltr'>dictum</span> <span class='ocrx_word' id='word_1_150' title='bbox 1177 1986 1309 2056; x_wconf 88' lang='lat' dir='ltr'>est),</span> <span class='ocrx_word' id='word_1_151' title='bbox 1359 2001 1667 2040; x_wconf 87' lang='lat' dir='ltr'>censemus</span> <span class='ocrx_word' id='word_1_152' title='bbox 1715 1984 1786 2038; x_wconf 89' lang='lat' dir='ltr'>ab</span> <span class='ocrx_word' id='word_1_153' title='bbox 1819 2000 1884 2038; x_wconf 90' lang='lat' dir='ltr'>eo</span> <span class='ocrx_word' id='word_1_154' title='bbox 1914 1987 2062 2037; x_wconf 88' lang='lat' dir='ltr'>tem-</span> 
     </span>
    </p>
   </div>
   <div class='ocr_carea' id='block_1_22' title="bbox 414 2072 2062 2145">
    <p class='ocr_par' dir='ltr' id='par_1_22' title="bbox 414 2072 2062 2145">
     <span class='ocr_line' id='line_1_22' title="bbox 414 2072 2062 2145; baseline -0.003 -16"><span class='ocrx_word' id='word_1_155' title='bbox 414 2090 553 2145; x_wconf 90' lang='lat' dir='ltr'>pore</span> <span class='ocrx_word' id='word_1_156' title='bbox 584 2074 978 2130; x_wconf 78' lang='lat' dir='ltr'>numerandos</span> <span class='ocrx_word' id='word_1_157' title='bbox 1008 2091 1123 2145; x_wconf 90' lang='lat' dir='ltr'>quo</span> <span class='ocrx_word' id='word_1_158' title='bbox 1174 2073 1494 2145; x_wconf 89' lang='lat' dir='ltr'>Epistolam</span> <span class='ocrx_word' id='word_1_159' title='bbox 1544 2072 1780 2145; x_wconf 80' lang='lat' dir='ltr'>scripsit</span> <span class='ocrx_word' id='word_1_160' title='bbox 1812 2072 2062 2144; x_wconf 88' lang='lat' dir='ltr'>priorem</span> 
     </span>
    </p>
   </div>
   <div class='ocr_carea' id='block_1_23' title="bbox 415 2161 2063 2235">
    <p class='ocr_par' dir='ltr' id='par_1_23' title="bbox 415 2161 2063 2235">
     <span class='ocr_line' id='line_1_23' title="bbox 415 2161 2063 2235; baseline -0.002 -17"><span class='ocrx_word' id='word_1_161' title='bbox 415 2164 487 2218; x_wconf 88' lang='lat' dir='ltr'>ad</span> <span class='ocrx_word' id='word_1_162' title='bbox 520 2162 874 2233; x_wconf 87' lang='lat' dir='ltr'>Corinthios,</span> <span class='ocrx_word' id='word_1_163' title='bbox 909 2164 981 2219; x_wconf 88' lang='lat' dir='ltr'>ab</span> <span class='ocrx_word' id='word_1_164' title='bbox 1014 2180 1168 2219; x_wconf 89' lang='lat' dir='ltr'>anno</span> <span class='ocrx_word' id='word_1_165' title='bbox 1200 2180 1410 2235; x_wconf 86' lang='lat' dir='ltr'>nempe</span> <span class='ocrx_word' id='word_1_166' title='bbox 1440 2163 1668 2220; x_wconf 89' lang='lat' dir='ltr'>Domini</span> <span class='ocrx_word' id='word_1_167' title='bbox 1714 2162 1946 2217; x_wconf 90' lang='lat' dir='ltr'>circiter</span> <span class='ocrx_word' id='word_1_168' title='bbox 1974 2161 2063 2215; x_wconf 87' lang='grc'>54.</span> 
     </span>
    </p>
   </div>
   <div class='ocr_carea' id='block_1_24' title="bbox 415 2250 2065 2325">
    <p class='ocr_par' dir='ltr' id='par_1_24' title="bbox 415 2250 2065 2325">
     <span class='ocr_line' id='line_1_24' title="bbox 415 2250 2065 2325; baseline -0.001 -18"><span class='ocrx_word' id='word_1_169' title='bbox 415 2251 715 2324; x_wconf 88' lang='lat' dir='ltr'>Imprimis</span> <span class='ocrx_word' id='word_1_170' title='bbox 751 2252 907 2308; x_wconf 89' lang='lat' dir='ltr'>enim</span> <span class='ocrx_word' id='word_1_171' title='bbox 942 2252 1220 2325; x_wconf 84' lang='lat' dir='ltr'>scriptam</span> <span class='ocrx_word' id='word_1_172' title='bbox 1270 2252 1592 2325; x_wconf 91' lang='lat' dir='ltr'>Epistolam</span> <span class='ocrx_word' id='word_1_173' title='bbox 1634 2257 1941 2323; x_wconf 90' lang='lat' dir='ltr'>utramque</span> <span class='ocrx_word' id='word_1_174' title='bbox 1995 2250 2065 2306; x_wconf 87' lang='lat' dir='ltr'>ad</span> 
     </span>
    </p>
   </div>
   <div class='ocr_carea' id='block_1_25' title="bbox 416 2340 2069 2414">
    <p class='ocr_par' dir='ltr' id='par_1_25' title="bbox 416 2340 2069 2414">
     <span class='ocr_line' id='line_1_25' title="bbox 416 2340 2069 2414; baseline 0 -19"><span class='ocrx_word' id='word_1_175' title='bbox 416 2340 769 2408; x_wconf 87' lang='lat' dir='ltr'>Corinthios,</span> <span class='ocrx_word' id='word_1_176' title='bbox 799 2346 1113 2414; x_wconf 81' lang='lat' dir='ltr'>postquam</span> <span class='ocrx_word' id='word_1_177' title='bbox 1146 2343 1217 2397; x_wconf 88' lang='lat' dir='ltr'>ab</span> <span class='ocrx_word' id='word_1_178' title='bbox 1249 2341 1376 2413; x_wconf 90' lang='lat' dir='ltr'>ipso</span> <span class='ocrx_word' id='word_1_179' title='bbox 1404 2343 1475 2398; x_wconf 89' lang='lat' dir='ltr'>ad</span> <span class='ocrx_word' id='word_1_180' title='bbox 1508 2343 1682 2398; x_wconf 87' lang='lat' dir='ltr'>ﬁdem</span> <span class='ocrx_word' id='word_1_181' title='bbox 1715 2346 1911 2397; x_wconf 88' lang='lat' dir='ltr'>essent</span> <span class='ocrx_word' id='word_1_182' title='bbox 1932 2357 2069 2396; x_wconf 90' lang='lat' dir='ltr'>con-</span> 
     </span>
    </p>
   </div>
   <div class='ocr_carea' id='block_1_26' title="bbox 417 2429 2069 2502">
    <p class='ocr_par' dir='ltr' id='par_1_26' title="bbox 417 2429 2069 2502">
     <span class='ocr_line' id='line_1_26' title="bbox 417 2429 2069 2502; baseline -0.001 -17"><span class='ocrx_word' id='word_1_183' title='bbox 417 2430 594 2501; x_wconf 87' lang='lat' dir='ltr'>versi,</span> <span class='ocrx_word' id='word_1_184' title='bbox 637 2447 706 2485; x_wconf 88' lang='lat' dir='ltr'>ex</span> <span class='ocrx_word' id='word_1_185' title='bbox 753 2430 976 2486; x_wconf 89' lang='lat' dir='ltr'>eisdem</span> <span class='ocrx_word' id='word_1_186' title='bbox 1023 2431 1088 2486; x_wconf 82' lang='lat' dir='ltr'>fit</span> <span class='ocrx_word' id='word_1_187' title='bbox 1135 2431 1559 2499; x_wconf 85' lang='lat' dir='ltr'>manifestum;</span> <span class='ocrx_word' id='word_1_188' title='bbox 1592 2448 1720 2502; x_wconf 62' lang='lat' dir='ltr'>quae</span> <span class='ocrx_word' id='word_1_189' title='bbox 1770 2429 2069 2485; x_wconf 85' lang='lat' dir='ltr'>conversio</span> 
     </span>
    </p>
   </div>
   <div class='ocr_carea' id='block_1_27' title="bbox 421 2517 2074 2591">
    <p class='ocr_par' dir='ltr' id='par_1_27' title="bbox 421 2517 2074 2591">
     <span class='ocr_line' id='line_1_27' title="bbox 421 2517 2074 2591; baseline -0.002 -17"><span class='ocrx_word' id='word_1_190' title='bbox 421 2517 740 2591; x_wconf 82' lang='lat' dir='ltr'>contigisse</span> <span class='ocrx_word' id='word_1_191' title='bbox 795 2523 1036 2591; x_wconf 84' lang='lat' dir='ltr'>putatur</span> <span class='ocrx_word' id='word_1_192' title='bbox 1082 2536 1234 2574; x_wconf 89' lang='lat' dir='ltr'>anno</span> <span class='ocrx_word' id='word_1_193' title='bbox 1266 2520 1497 2575; x_wconf 90' lang='lat' dir='ltr'>Domini</span> <span class='ocrx_word' id='word_1_194' title='bbox 1527 2522 1616 2590; x_wconf 87' lang='lat'>51,</span> <span class='ocrx_word' id='word_1_195' title='bbox 1644 2537 1775 2575; x_wconf 92' lang='lat' dir='ltr'>cum</span> <span class='ocrx_word' id='word_1_196' title='bbox 1803 2519 1881 2574; x_wconf 92' lang='lat' dir='ltr'>ibi</span> <span class='ocrx_word' id='word_1_197' title='bbox 1908 2518 2074 2573; x_wconf 67' lang='lat' dir='ltr'>hzesit</span> 
     </span>
    </p>
   </div>
   <div class='ocr_carea' id='block_1_28' title="bbox 421 2608 2076 2681">
    <p class='ocr_par' dir='ltr' id='par_1_28' title="bbox 421 2608 2076 2681">
     <span class='ocr_line' id='line_1_28' title="bbox 421 2608 2076 2681; baseline 0 -20"><span class='ocrx_word' id='word_1_198' title='bbox 421 2608 493 2662; x_wconf 89' lang='lat' dir='ltr'>ad</span> <span class='ocrx_word' id='word_1_199' title='bbox 526 2624 748 2662; x_wconf 88' lang='lat' dir='ltr'>annum</span> <span class='ocrx_word' id='word_1_200' title='bbox 780 2612 835 2663; x_wconf 91' lang='lat' dir='ltr'>et</span> <span class='ocrx_word' id='word_1_201' title='bbox 867 2624 1095 2664; x_wconf 83' lang='lat' dir='ltr'>menses</span> <span class='ocrx_word' id='word_1_202' title='bbox 1125 2625 1244 2663; x_wconf 83' lang='lat' dir='ltr'>sex.</span> <span class='ocrx_word' id='word_1_203' title='bbox 1277 2608 1495 2664; x_wconf 87' lang='lat' dir='ltr'>Deinde</span> <span class='ocrx_word' id='word_1_204' title='bbox 1527 2609 1573 2664; x_wconf 91' lang='lat' dir='ltr'>si</span> <span class='ocrx_word' id='word_1_205' title='bbox 1608 2608 1819 2681; x_wconf 89' lang='lat' dir='ltr'>Ephesi</span> <span class='ocrx_word' id='word_1_206' title='bbox 1854 2609 2076 2680; x_wconf 87' lang='lat' dir='ltr'>scripta</span> 
     </span>
    </p>
   </div>
   <div class='ocr_carea' id='block_1_29' title="bbox 423 2695 2075 2768">
    <p class='ocr_par' dir='ltr' id='par_1_29' title="bbox 423 2695 2075 2768">
     <span class='ocr_line' id='line_1_29' title="bbox 423 2695 2075 2768; baseline 0 -17"><span class='ocrx_word' id='word_1_207' title='bbox 423 2696 501 2751; x_wconf 86' lang='lat' dir='ltr'>sit</span> <span class='ocrx_word' id='word_1_208' title='bbox 533 2695 731 2768; x_wconf 89' lang='lat' dir='ltr'>(sicuti</span> <span class='ocrx_word' id='word_1_209' title='bbox 761 2696 1000 2768; x_wconf 90' lang='lat' dir='ltr'>quidam</span> <span class='ocrx_word' id='word_1_210' title='bbox 1033 2700 1089 2752; x_wconf 87' lang='lat' dir='ltr'>et</span> <span class='ocrx_word' id='word_1_211' title='bbox 1119 2697 1333 2753; x_wconf 89' lang='lat' dir='ltr'>rectius</span> <span class='ocrx_word' id='word_1_212' title='bbox 1358 2698 1763 2753; x_wconf 70' lang='lat' dir='ltr'>habentGrzeci</span> <span class='ocrx_word' id='word_1_213' title='bbox 1799 2698 2075 2765; x_wconf 87' lang='lat' dir='ltr'>codices),</span> 
     </span>
    </p>
   </div>
   <div class='ocr_carea' id='block_1_30' title="bbox 420 2784 2073 2859">
    <p class='ocr_par' dir='ltr' id='par_1_30' title="bbox 420 2784 2073 2859">
     <span class='ocr_line' id='line_1_30' title="bbox 420 2784 2073 2859; baseline 0.001 -20"><span class='ocrx_word' id='word_1_214' title='bbox 420 2801 490 2839; x_wconf 86' lang='lat' dir='ltr'>ex</span> <span class='ocrx_word' id='word_1_215' title='bbox 520 2784 786 2841; x_wconf 88' lang='lat' dir='ltr'>historiis</span> <span class='ocrx_word' id='word_1_216' title='bbox 816 2786 1304 2858; x_wconf 83' lang='lat' dir='ltr'>peregrinationis</span> <span class='ocrx_word' id='word_1_217' title='bbox 1350 2787 1514 2842; x_wconf 89' lang='lat' dir='ltr'>Pauli</span> <span class='ocrx_word' id='word_1_218' title='bbox 1556 2786 1698 2842; x_wconf 81' lang='lat' dir='ltr'>satis</span> <span class='ocrx_word' id='word_1_219' title='bbox 1730 2791 1889 2859; x_wconf 86' lang='lat' dir='ltr'>patet</span> <span class='ocrx_word' id='word_1_220' title='bbox 1919 2787 2073 2840; x_wconf 90' lang='lat' dir='ltr'>dicto</span> 
     </span>
    </p>
   </div>
   <div class='ocr_carea' id='block_1_31' title="bbox 423 2875 2074 2947">
    <p class='ocr_par' dir='ltr' id='par_1_31' title="bbox 423 2875 2074 2947">
     <span class='ocr_line' id='line_1_31' title="bbox 423 2875 2074 2947; baseline 0.001 -19"><span class='ocrx_word' id='word_1_221' title='bbox 423 2891 597 2944; x_wconf 89' lang='lat' dir='ltr'>anno,</span> <span class='ocrx_word' id='word_1_222' title='bbox 631 2875 727 2945; x_wconf 87' lang='lat' dir='ltr'>qui</span> <span class='ocrx_word' id='word_1_223' title='bbox 758 2875 965 2930; x_wconf 87' lang='lat' dir='ltr'>incidit</span> <span class='ocrx_word' id='word_1_224' title='bbox 994 2876 1052 2929; x_wconf 91' lang='lat' dir='ltr'>in</span> <span class='ocrx_word' id='word_1_225' title='bbox 1094 2876 1509 2932; x_wconf 81' lang='lat' dir='ltr'>duodecimum</span> <span class='ocrx_word' id='word_1_226' title='bbox 1550 2876 1774 2931; x_wconf 89' lang='lat' dir='ltr'>Claudii</span> <span class='ocrx_word' id='word_1_227' title='bbox 1818 2881 2074 2947; x_wconf 86' lang='lat' dir='ltr'>Impera-</span> 
     </span>
    </p>
   </div>
   <div class='ocr_carea' id='block_1_32' title="bbox 422 2963 2076 3037">
    <p class='ocr_par' dir='ltr' id='par_1_32' title="bbox 422 2963 2076 3037">
     <span class='ocr_line' id='line_1_32' title="bbox 422 2963 2076 3037; baseline 0.001 -19"><span class='ocrx_word' id='word_1_228' title='bbox 422 2963 588 3035; x_wconf 82' lang='lat' dir='ltr'>toris,</span> <span class='ocrx_word' id='word_1_229' title='bbox 627 2964 839 3037; x_wconf 86' lang='lat' dir='ltr'>Ephesi</span> <span class='ocrx_word' id='word_1_230' title='bbox 890 2964 1055 3020; x_wconf 91' lang='lat' dir='ltr'>illum</span> <span class='ocrx_word' id='word_1_231' title='bbox 1108 2965 1449 3035; x_wconf 83' lang='lat' dir='ltr'>habitasse;</span> <span class='ocrx_word' id='word_1_232' title='bbox 1501 2967 1620 3021; x_wconf 85' lang='lat' dir='ltr'>sive</span> <span class='ocrx_word' id='word_1_233' title='bbox 1668 2983 1735 3021; x_wconf 80' lang='lat' dir='ltr'>ex</span> <span class='ocrx_word' id='word_1_234' title='bbox 1792 2964 2076 3037; x_wconf 84' lang='lat' dir='ltr'>Philippis</span> 
     </span>
    </p>
   </div>
   <div class='ocr_carea' id='block_1_33' title="bbox 423 3052 2075 3125">
    <p class='ocr_par' dir='ltr' id='par_1_33' title="bbox 423 3052 2075 3125">
     <span class='ocr_line' id='line_1_33' title="bbox 423 3052 2075 3125; baseline 0.001 -18"><span class='ocrx_word' id='word_1_235' title='bbox 423 3053 599 3125; x_wconf 86' lang='lat' dir='ltr'>(quod</span> <span class='ocrx_word' id='word_1_236' title='bbox 634 3052 831 3124; x_wconf 88' lang='lat' dir='ltr'>plures</span> <span class='ocrx_word' id='word_1_237' title='bbox 864 3071 979 3125; x_wconf 81' lang='lat' dir='ltr'>prae</span> <span class='ocrx_word' id='word_1_238' title='bbox 1020 3071 1079 3109; x_wconf 91' lang='lat' dir='ltr'>se</span> <span class='ocrx_word' id='word_1_239' title='bbox 1117 3054 1308 3110; x_wconf 86' lang='lat' dir='ltr'>ferunt</span> <span class='ocrx_word' id='word_1_240' title='bbox 1351 3059 1406 3110; x_wconf 88' lang='lat' dir='ltr'>et</span> <span class='ocrx_word' id='word_1_241' title='bbox 1450 3055 1637 3110; x_wconf 86' lang='lat' dir='ltr'>Latini</span> <span class='ocrx_word' id='word_1_242' title='bbox 1668 3060 1726 3109; x_wconf 91' lang='lat' dir='ltr'>et</span> <span class='ocrx_word' id='word_1_243' title='bbox 1772 3054 1949 3109; x_wconf 74' lang='lat' dir='ltr'>Graeci</span> <span class='ocrx_word' id='word_1_244' title='bbox 1982 3071 2075 3109; x_wconf 83' lang='lat' dir='ltr'>co-</span> 
     </span>
    </p>
   </div>
   <div class='ocr_carea' id='block_1_34' title="bbox 426 3142 2075 3216">
    <p class='ocr_par' dir='ltr' id='par_1_34' title="bbox 426 3142 2075 3216">
     <span class='ocr_line' id='line_1_34' title="bbox 426 3142 2075 3216; baseline 0 -19"><span class='ocrx_word' id='word_1_245' title='bbox 426 3142 633 3214; x_wconf 89' lang='lat' dir='ltr'>dices),</span> <span class='ocrx_word' id='word_1_246' title='bbox 666 3147 818 3198; x_wconf 89' lang='lat' dir='ltr'>certe</span> <span class='ocrx_word' id='word_1_247' title='bbox 862 3160 1014 3198; x_wconf 90' lang='lat' dir='ltr'>anno</span> <span class='ocrx_word' id='word_1_248' title='bbox 1060 3144 1151 3199; x_wconf 87' lang='grc'>55.</span> <span class='ocrx_word' id='word_1_249' title='bbox 1193 3145 1298 3200; x_wconf 90' lang='lat' dir='ltr'>Per</span> <span class='ocrx_word' id='word_1_250' title='bbox 1348 3144 1643 3216; x_wconf 88' lang='lat' dir='ltr'>Philippos</span> <span class='ocrx_word' id='word_1_251' title='bbox 1688 3143 1799 3199; x_wconf 89' lang='lat' dir='ltr'>iter</span> <span class='ocrx_word' id='word_1_252' title='bbox 1849 3144 2075 3213; x_wconf 84' lang='lat' dir='ltr'>fecisse,</span> 
     </span>
    </p>
   </div>
   <div class='ocr_carea' id='block_1_35' title="bbox 2159 550 3811 612">
    <p class='ocr_par' dir='ltr' id='par_1_35' title="bbox 2159 550 3811 612">
     <span class='ocr_line' id='line_1_35' title="bbox 2159 550 3811 612; baseline 0.004 -7"><span class='ocrx_word' id='word_1_253' title='bbox 2159 551 2438 605; x_wconf 83' lang='lat' dir='ltr'>adversus</span> <span class='ocrx_word' id='word_1_254' title='bbox 2478 550 2791 606; x_wconf 85' lang='lat' dir='ltr'>Ecclesiam</span> <span class='ocrx_word' id='word_1_255' title='bbox 2851 551 3066 606; x_wconf 90' lang='lat' dir='ltr'>librum</span> <span class='ocrx_word' id='word_1_256' title='bbox 3127 570 3195 608; x_wconf 82' lang='lat' dir='ltr'>os</span> <span class='ocrx_word' id='word_1_257' title='bbox 3232 571 3477 609; x_wconf 81' lang='lat' dir='ltr'>JEJUNIIS</span> <span class='ocrx_word' id='word_1_258' title='bbox 3516 572 3811 612; x_wconf 61' lang='lat' dir='ltr'>anvsnsus</span> 
     </span>
    </p>
   </div>
   <div class='ocr_carea' id='block_1_36' title="bbox 2159 640 3810 713">
    <p class='ocr_par' dir='ltr' id='par_1_36' title="bbox 2159 640 3810 713">
     <span class='ocr_line' id='line_1_36' title="bbox 2159 640 3810 713; baseline 0.004 -18"><span class='ocrx_word' id='word_1_259' title='bbox 2159 656 2453 695; x_wconf 78' lang='lat' dir='ltr'>PSYCHICOS</span> <span class='ocrx_word' id='word_1_260' title='bbox 2516 640 2576 712; x_wconf 93' lang='lat' dir='ltr'>(l.</span> <span class='ocrx_word' id='word_1_261' title='bbox 2617 640 2681 697; x_wconf 84' lang='lat' dir='ltr'>de</span> <span class='ocrx_word' id='word_1_262' title='bbox 2727 642 2939 711; x_wconf 86' lang='lat' dir='ltr'>Jejun.,</span> <span class='ocrx_word' id='word_1_263' title='bbox 2990 660 3037 697; x_wconf 92' lang='lat' dir='ltr'>c.</span> <span class='ocrx_word' id='word_1_264' title='bbox 3094 644 3162 711; x_wconf 89' lang='lat'><strong>1;</strong></span> <span class='ocrx_word' id='word_1_265' title='bbox 3217 644 3379 711; x_wconf 83' lang='lat' dir='ltr'>Ibid.,</span> <span class='ocrx_word' id='word_1_266' title='bbox 3413 660 3464 699; x_wconf 93' lang='lat' dir='ltr'>c.</span> <span class='ocrx_word' id='word_1_267' title='bbox 3518 645 3617 712; x_wconf 75' lang='lat'>13;</span> <span class='ocrx_word' id='word_1_268' title='bbox 3648 646 3810 713; x_wconf 83' lang='lat' dir='ltr'>lbid.,</span> 
     </span>
    </p>
   </div>
   <div class='ocr_carea' id='block_1_37' title="bbox 2160 730 3811 803">
    <p class='ocr_par' dir='ltr' id='par_1_37' title="bbox 2160 730 3811 803">
     <span class='ocr_line' id='line_1_37' title="bbox 2160 730 3811 803; baseline 0.004 -20"><span class='ocrx_word' id='word_1_269' title='bbox 2160 746 2209 783; x_wconf 91' lang='lat' dir='ltr'>c.</span> <span class='ocrx_word' id='word_1_270' title='bbox 2249 731 2353 801; x_wconf 77' lang='lat'>16).</span> <span class='ocrx_word' id='word_1_271' title='bbox 2388 730 2468 784; x_wconf 87' lang='lat' dir='ltr'>Ex</span> <span class='ocrx_word' id='word_1_272' title='bbox 2506 747 2620 801; x_wconf 92' lang='lat' dir='ltr'>quo</span> <span class='ocrx_word' id='word_1_273' title='bbox 2656 730 2947 803; x_wconf 91' lang='lat' dir='ltr'>imprimis</span> <span class='ocrx_word' id='word_1_274' title='bbox 2989 733 3051 785; x_wconf 86' lang='lat' dir='ltr'>ﬁt</span> <span class='ocrx_word' id='word_1_275' title='bbox 3079 732 3417 803; x_wconf 85' lang='lat' dir='ltr'>verisimile,</span> <span class='ocrx_word' id='word_1_276' title='bbox 3452 749 3580 788; x_wconf 90' lang='lat' dir='ltr'>cum</span> <span class='ocrx_word' id='word_1_277' title='bbox 3621 736 3811 789; x_wconf 87' lang='lat' dir='ltr'>Proclo</span> 
     </span>
    </p>
   </div>
   <div class='ocr_carea' id='block_1_38' title="bbox 2160 818 3808 895">
    <p class='ocr_par' dir='ltr' id='par_1_38' title="bbox 2160 818 3808 895">
     <span class='ocr_line' id='line_1_38' title="bbox 2160 818 3808 895; baseline 0.002 -21"><span class='ocrx_word' id='word_1_278' title='bbox 2160 818 2519 891; x_wconf 87' lang='lat' dir='ltr'>reliquisque</span> <span class='ocrx_word' id='word_1_279' title='bbox 2541 820 2910 876; x_wconf 82' lang='lat' dir='ltr'>Montanistie</span> <span class='ocrx_word' id='word_1_280' title='bbox 2932 827 3064 893; x_wconf 89' lang='lat' dir='ltr'>post</span> <span class='ocrx_word' id='word_1_281' title='bbox 3087 821 3302 877; x_wconf 87' lang='lat' dir='ltr'>dictam</span> <span class='ocrx_word' id='word_1_282' title='bbox 3327 822 3808 895; x_wconf 88' lang='lat' dir='ltr'>disputationem,</span> 
     </span>
    </p>
   </div>
   <div class='ocr_carea' id='block_1_39' title="bbox 2160 908 3810 983">
    <p class='ocr_par' dir='ltr' id='par_1_39' title="bbox 2160 908 3810 983">
     <span class='ocr_line' id='line_1_39' title="bbox 2160 908 3810 983; baseline 0.003 -20"><span class='ocrx_word' id='word_1_283' title='bbox 2160 908 2338 963; x_wconf 88' lang='lat' dir='ltr'>etiam</span> <span class='ocrx_word' id='word_1_284' title='bbox 2368 909 2785 965; x_wconf 89' lang='lat' dir='ltr'>Tertullianum</span> <span class='ocrx_word' id='word_1_285' title='bbox 2828 927 2861 965; x_wconf 87' lang='lat' dir='ltr'>a</span> <span class='ocrx_word' id='word_1_286' title='bbox 2907 911 3062 982; x_wconf 89' lang='lat' dir='ltr'>Papa</span> <span class='ocrx_word' id='word_1_287' title='bbox 3105 912 3427 983; x_wconf 82' lang='lat' dir='ltr'>Zephyrino</span> <span class='ocrx_word' id='word_1_288' title='bbox 3477 929 3810 968; x_wconf 86' lang='lat' dir='ltr'>excommu-</span> 
     </span>
    </p>
   </div>
   <div class='ocr_carea' id='block_1_40' title="bbox 2163 999 3811 1072">
    <p class='ocr_par' dir='ltr' id='par_1_40' title="bbox 2163 999 3811 1072">
     <span class='ocr_line' id='line_1_40' title="bbox 2163 999 3811 1072; baseline 0.002 -19"><span class='ocrx_word' id='word_1_289' title='bbox 2163 999 2423 1053; x_wconf 87' lang='lat' dir='ltr'>nicatum</span> <span class='ocrx_word' id='word_1_290' title='bbox 2452 999 2653 1070; x_wconf 83' lang='lat' dir='ltr'>fuisse,</span> <span class='ocrx_word' id='word_1_291' title='bbox 2685 1016 2753 1055; x_wconf 82' lang='lat' dir='ltr'>ex</span> <span class='ocrx_word' id='word_1_292' title='bbox 2781 1000 2973 1056; x_wconf 88' lang='lat' dir='ltr'>verbis</span> <span class='ocrx_word' id='word_1_293' title='bbox 3023 1000 3261 1072; x_wconf 88' lang='lat' dir='ltr'>inquam</span> <span class='ocrx_word' id='word_1_294' title='bbox 3298 1000 3412 1056; x_wconf 88' lang='lat' dir='ltr'>illis</span> <span class='ocrx_word' id='word_1_295' title='bbox 3446 1018 3458 1056; x_wconf 90' lang='lat'>:</span> <span class='ocrx_word' id='word_1_296' title='bbox 3495 1006 3637 1057; x_wconf 86' lang='lat' dir='ltr'>Dum</span> <span class='ocrx_word' id='word_1_297' title='bbox 3674 1020 3811 1072; x_wconf 81' lang='lat' dir='ltr'>qua-</span> 
     </span>
    </p>
   </div>
   <div class='ocr_carea' id='block_1_41' title="bbox 2164 1089 3812 1161">
    <p class='ocr_par' dir='ltr' id='par_1_41' title="bbox 2164 1089 3812 1161">
     <span class='ocr_line' id='line_1_41' title="bbox 2164 1089 3812 1161; baseline 0.002 -18"><span class='ocrx_word' id='word_1_298' title='bbox 2164 1106 2272 1161; x_wconf 85' lang='lat' dir='ltr'>qua</span> <span class='ocrx_word' id='word_1_299' title='bbox 2301 1106 2371 1144; x_wconf 78' lang='lat' dir='ltr'>ea:</span> <span class='ocrx_word' id='word_1_300' title='bbox 2394 1096 2564 1160; x_wconf 86' lang='lat' dir='ltr'>parte</span> <span class='ocrx_word' id='word_1_301' title='bbox 2597 1089 2887 1145; x_wconf 86' lang='lat' dir='ltr'>anathema</span> <span class='ocrx_word' id='word_1_302' title='bbox 2916 1089 3231 1161; x_wconf 81' lang='lat' dir='ltr'>audiamus,</span> <span class='ocrx_word' id='word_1_303' title='bbox 3264 1093 3361 1161; x_wconf 90' lang='lat' dir='ltr'>qui</span> <span class='ocrx_word' id='word_1_304' title='bbox 3388 1091 3557 1146; x_wconf 82' lang='lat' dir='ltr'>aliter</span> <span class='ocrx_word' id='word_1_305' title='bbox 3591 1108 3812 1146; x_wconf 80' lang='lat' dir='ltr'>annun-</span> 
     </span>
    </p>
   </div>
   <div class='ocr_carea' id='block_1_42' title="bbox 2163 1179 3817 1251">
    <p class='ocr_par' dir='ltr' id='par_1_42' title="bbox 2163 1179 3817 1251">
     <span class='ocr_line' id='line_1_42' title="bbox 2163 1179 3817 1251; baseline 0.003 -20"><span class='ocrx_word' id='word_1_306' title='bbox 2163 1181 2390 1234; x_wconf 82' lang='lat' dir='ltr'>tiamus.</span> <span class='ocrx_word' id='word_1_307' title='bbox 2451 1179 2669 1235; x_wconf 91' lang='lat' dir='ltr'>Deinde</span> <span class='ocrx_word' id='word_1_308' title='bbox 2727 1179 2885 1234; x_wconf 88' lang='lat' dir='ltr'>varia</span> <span class='ocrx_word' id='word_1_309' title='bbox 2949 1183 3070 1235; x_wconf 89' lang='lat' dir='ltr'>tum</span> <span class='ocrx_word' id='word_1_310' title='bbox 3128 1180 3310 1235; x_wconf 75' lang='lat' dir='ltr'>fuisse</span> <span class='ocrx_word' id='word_1_311' title='bbox 3366 1179 3657 1235; x_wconf 87' lang='lat' dir='ltr'>celebrata</span> <span class='ocrx_word' id='word_1_312' title='bbox 3712 1197 3817 1251; x_wconf 87' lang='lat' dir='ltr'>per</span> 
     </span>
    </p>
   </div>
   <div class='ocr_carea' id='block_1_43' title="bbox 2167 1269 3815 1341">
    <p class='ocr_par' dir='ltr' id='par_1_43' title="bbox 2167 1269 3815 1341">
     <span class='ocr_line' id='line_1_43' title="bbox 2167 1269 3815 1341; baseline -0.001 -16"><span class='ocrx_word' id='word_1_313' title='bbox 2167 1269 2415 1325; x_wconf 79' lang='lat' dir='ltr'>Graeciae</span> <span class='ocrx_word' id='word_1_314' title='bbox 2474 1269 2740 1339; x_wconf 87' lang='lat' dir='ltr'>concilia,</span> <span class='ocrx_word' id='word_1_315' title='bbox 2791 1269 2873 1325; x_wconf 89' lang='lat' dir='ltr'>ita</span> <span class='ocrx_word' id='word_1_316' title='bbox 2920 1273 3211 1326; x_wconf 85' lang='lat' dir='ltr'>testatur:</span> <span class='ocrx_word' id='word_1_317' title='bbox 3253 1271 3504 1339; x_wconf 78' lang='lat' dir='ltr'>Aguntur</span> <span class='ocrx_word' id='word_1_318' title='bbox 3552 1278 3815 1341; x_wconf 72' lang='lat' dir='ltr'>praeterea</span> 
     </span>
    </p>
   </div>
   <div class='ocr_carea' id='block_1_44' title="bbox 2165 1346 3816 1431">
    <p class='ocr_par' dir='ltr' id='par_1_44' title="bbox 2165 1346 3816 1431">
     <span class='ocr_line' id='line_1_44' title="bbox 2165 1346 3816 1431; baseline -0.001 -16"><span class='ocrx_word' id='word_1_319' title='bbox 2165 1375 2262 1431; x_wconf 86' lang='lat' dir='ltr'>per</span> <span class='ocrx_word' id='word_1_320' title='bbox 2292 1358 2531 1415; x_wconf 69' lang='lat' dir='ltr'>Graecias</span> <span class='ocrx_word' id='word_1_321' title='bbox 2564 1346 2891 1415; x_wconf 29' lang='lat' dir='ltr'>illas&#39;certis</span> <span class='ocrx_word' id='word_1_322' title='bbox 2940 1361 2998 1414; x_wconf 87' lang='lat' dir='ltr'>in</span> <span class='ocrx_word' id='word_1_323' title='bbox 3051 1360 3183 1415; x_wconf 82' lang='lat' dir='ltr'>locis</span> <span class='ocrx_word' id='word_1_324' title='bbox 3228 1360 3469 1415; x_wconf 77' lang='lat' dir='ltr'>concilia</span> <span class='ocrx_word' id='word_1_325' title='bbox 3496 1377 3567 1415; x_wconf 69' lang='lat' dir='ltr'>ex</span> <span class='ocrx_word' id='word_1_326' title='bbox 3596 1361 3816 1415; x_wconf 84' lang='lat' dir='ltr'>univer-</span> 
     </span>
    </p>
   </div>
   <div class='ocr_carea' id='block_1_45' title="bbox 2166 1449 3820 1521">
    <p class='ocr_par' dir='ltr' id='par_1_45' title="bbox 2166 1449 3820 1521">
     <span class='ocr_line' id='line_1_45' title="bbox 2166 1449 3820 1521; baseline -0.001 -16"><span class='ocrx_word' id='word_1_327' title='bbox 2166 1453 2243 1505; x_wconf 87' lang='lat' dir='ltr'>sis</span> <span class='ocrx_word' id='word_1_328' title='bbox 2275 1450 2559 1516; x_wconf 78' lang='lat' dir='ltr'>Ecclcsz&#39;is,</span> <span class='ocrx_word' id='word_1_329' title='bbox 2584 1465 2688 1519; x_wconf 81' lang='lat' dir='ltr'>per</span> <span class='ocrx_word' id='word_1_330' title='bbox 2717 1463 2839 1519; x_wconf 71' lang='lat' dir='ltr'>qua:</span> <span class='ocrx_word' id='word_1_331' title='bbox 2867 1451 2917 1504; x_wconf 83' lang='lat' dir='ltr'>et</span> <span class='ocrx_word' id='word_1_332' title='bbox 2955 1449 3165 1504; x_wconf 79' lang='lat' dir='ltr'>altiora</span> <span class='ocrx_word' id='word_1_333' title='bbox 3195 1465 3421 1521; x_wconf 67' lang='lat' dir='ltr'>quaeque</span> <span class='ocrx_word' id='word_1_334' title='bbox 3449 1451 3508 1504; x_wconf 86' lang='lat' dir='ltr'>in</span> <span class='ocrx_word' id='word_1_335' title='bbox 3536 1464 3820 1506; x_wconf 81' lang='lat' dir='ltr'>commune</span> 
     </span>
    </p>
   </div>
   <div class='ocr_carea' id='block_1_46' title="bbox 2170 1539 3820 1609">
    <p class='ocr_par' dir='ltr' id='par_1_46' title="bbox 2170 1539 3820 1609">
     <span class='ocr_line' id='line_1_46' title="bbox 2170 1539 3820 1609; baseline -0.001 -16"><span class='ocrx_word' id='word_1_336' title='bbox 2170 1544 2510 1603; x_wconf 80' lang='lat' dir='ltr'>tractantur,</span> <span class='ocrx_word' id='word_1_337' title='bbox 2577 1540 2627 1593; x_wconf 85' lang='lat' dir='ltr'>et</span> <span class='ocrx_word' id='word_1_338' title='bbox 2701 1540 2820 1609; x_wconf 85' lang='lat' dir='ltr'>ipsa</span> <span class='ocrx_word' id='word_1_339' title='bbox 2875 1541 3289 1608; x_wconf 74' lang='lat' dir='ltr'>repraesentatio</span> <span class='ocrx_word' id='word_1_340' title='bbox 3354 1541 3521 1594; x_wconf 83' lang='lat' dir='ltr'>totius</span> <span class='ocrx_word' id='word_1_341' title='bbox 3579 1539 3820 1594; x_wconf 85' lang='lat' dir='ltr'>nominis</span> 
     </span>
    </p>
   </div>
   <div class='ocr_carea' id='block_1_47' title="bbox 2172 1627 3819 1699">
    <p class='ocr_par' dir='ltr' id='par_1_47' title="bbox 2172 1627 3819 1699">
     <span class='ocr_line' id='line_1_47' title="bbox 2172 1627 3819 1699; baseline -0.001 -16"><span class='ocrx_word' id='word_1_342' title='bbox 2172 1627 2477 1683; x_wconf 72' lang='lat' dir='ltr'>Christiani</span> <span class='ocrx_word' id='word_1_343' title='bbox 2504 1644 2711 1699; x_wconf 76' lang='lat' dir='ltr'>niagua</span> <span class='ocrx_word' id='word_1_344' title='bbox 2756 1629 3107 1683; x_wconf 80' lang='lat' dir='ltr'>veneratione</span> <span class='ocrx_word' id='word_1_345' title='bbox 3150 1628 3475 1684; x_wconf 85' lang='lat' dir='ltr'>celebratur.</span> <span class='ocrx_word' id='word_1_346' title='bbox 3512 1628 3819 1683; x_wconf 79' lang='lat' dir='ltr'>Conventus</span> 
     </span>
    </p>
   </div>
   <div class='ocr_carea' id='block_1_48' title="bbox 2169 1718 3816 1789">
    <p class='ocr_par' dir='ltr' id='par_1_48' title="bbox 2169 1718 3816 1789">
     <span class='ocr_line' id='line_1_48' title="bbox 2169 1718 3816 1789; baseline -0.002 -16"><span class='ocrx_word' id='word_1_347' title='bbox 2169 1728 2351 1774; x_wconf 87' lang='lat' dir='ltr'>autem</span> <span class='ocrx_word' id='word_1_348' title='bbox 2379 1718 2468 1773; x_wconf 85' lang='lat' dir='ltr'>illi</span> <span class='ocrx_word' id='word_1_349' title='bbox 2494 1718 2829 1773; x_wconf 78' lang='lat' dir='ltr'>stationibus</span> <span class='ocrx_word' id='word_1_350' title='bbox 2850 1719 3007 1789; x_wconf 86' lang='lat' dir='ltr'>prius</span> <span class='ocrx_word' id='word_1_351' title='bbox 3036 1722 3090 1773; x_wconf 87' lang='lat' dir='ltr'>et</span> <span class='ocrx_word' id='word_1_352' title='bbox 3118 1720 3549 1789; x_wconf 75' lang='lat' dir='ltr'>iejunationibus</span> <span class='ocrx_word' id='word_1_353' title='bbox 3576 1718 3816 1789; x_wconf 85' lang='lat' dir='ltr'>operati.</span> 
     </span>
    </p>
   </div>
   <div class='ocr_carea' id='block_1_49' title="bbox 2171 1804 3813 1877">
    <p class='ocr_par' dir='ltr' id='par_1_49' title="bbox 2171 1804 3813 1877">
     <span class='ocr_line' id='line_1_49' title="bbox 2171 1804 3813 1877; baseline -0.001 -16"><span class='ocrx_word' id='word_1_354' title='bbox 2171 1807 2303 1870; x_wconf 85' lang='lat' dir='ltr'>Quae</span> <span class='ocrx_word' id='word_1_355' title='bbox 2337 1807 2586 1863; x_wconf 83' lang='lat' dir='ltr'>maxime</span> <span class='ocrx_word' id='word_1_356' title='bbox 2635 1811 2838 1862; x_wconf 88' lang='lat' dir='ltr'>contra</span> <span class='ocrx_word' id='word_1_357' title='bbox 2886 1807 3272 1863; x_wconf 87' lang='lat' dir='ltr'>Montanistas</span> <span class='ocrx_word' id='word_1_358' title='bbox 3320 1807 3681 1877; x_wconf 87' lang='lat' dir='ltr'>convenisse,</span> <span class='ocrx_word' id='word_1_359' title='bbox 3731 1804 3813 1861; x_wconf 90' lang='lat' dir='ltr'>vel</span> 
     </span>
    </p>
   </div>
   <div class='ocr_carea' id='block_1_50' title="bbox 2171 1894 3817 1968">
    <p class='ocr_par' dir='ltr' id='par_1_50' title="bbox 2171 1894 3817 1968">
     <span class='ocr_line' id='line_1_50' title="bbox 2171 1894 3817 1968; baseline -0.001 -17"><span class='ocrx_word' id='word_1_360' title='bbox 2171 1896 2306 1952; x_wconf 90' lang='lat' dir='ltr'>inde</span> <span class='ocrx_word' id='word_1_361' title='bbox 2340 1898 2482 1952; x_wconf 88' lang='lat' dir='ltr'>mihi</span> <span class='ocrx_word' id='word_1_362' title='bbox 2516 1896 2787 1968; x_wconf 83' lang='lat' dir='ltr'>colligere</span> <span class='ocrx_word' id='word_1_363' title='bbox 2816 1896 3034 1963; x_wconf 87' lang='lat' dir='ltr'>videor,</span> <span class='ocrx_word' id='word_1_364' title='bbox 3070 1897 3226 1967; x_wconf 85' lang='lat' dir='ltr'>quod</span> <span class='ocrx_word' id='word_1_365' title='bbox 3274 1896 3446 1952; x_wconf 85' lang='lat' dir='ltr'>etiam</span> <span class='ocrx_word' id='word_1_366' title='bbox 3482 1896 3539 1950; x_wconf 89' lang='lat' dir='ltr'>in</span> <span class='ocrx_word' id='word_1_367' title='bbox 3592 1894 3817 1966; x_wconf 88' lang='lat' dir='ltr'>episco-</span> 
     </span>
    </p>
   </div>
   <div class='ocr_carea' id='block_1_51' title="bbox 2174 1986 3822 2060">
    <p class='ocr_par' dir='ltr' id='par_1_51' title="bbox 2174 1986 3822 2060">
     <span class='ocr_line' id='line_1_51' title="bbox 2174 1986 3822 2060; baseline -0.004 -17"><span class='ocrx_word' id='word_1_368' title='bbox 2174 2005 2278 2060; x_wconf 90' lang='lat' dir='ltr'>pos</span> <span class='ocrx_word' id='word_1_369' title='bbox 2307 1988 2591 2059; x_wconf 90' lang='lat' dir='ltr'>quosdam</span> <span class='ocrx_word' id='word_1_370' title='bbox 2616 2003 2684 2041; x_wconf 85' lang='lat' dir='ltr'>ea</span> <span class='ocrx_word' id='word_1_371' title='bbox 2700 1986 2937 2041; x_wconf 73' lang='lat' dir='ltr'>haeresis</span> <span class='ocrx_word' id='word_1_372' title='bbox 2960 1986 3222 2042; x_wconf 90' lang='lat' dir='ltr'>canceris</span> <span class='ocrx_word' id='word_1_373' title='bbox 3245 1986 3303 2041; x_wconf 89' lang='lat' dir='ltr'>in</span> <span class='ocrx_word' id='word_1_374' title='bbox 3338 2001 3559 2041; x_wconf 88' lang='lat' dir='ltr'>morem</span> <span class='ocrx_word' id='word_1_375' title='bbox 3591 1999 3822 2056; x_wconf 89' lang='lat' dir='ltr'>serpere</span> 
     </span>
    </p>
   </div>
   <div class='ocr_carea' id='block_1_52' title="bbox 2175 2072 3817 2148">
    <p class='ocr_par' dir='ltr' id='par_1_52' title="bbox 2175 2072 3817 2148">
     <span class='ocr_line' id='line_1_52' title="bbox 2175 2072 3817 2148; baseline -0.004 -16"><span class='ocrx_word' id='word_1_376' title='bbox 2175 2077 2420 2148; x_wconf 77' lang='lat' dir='ltr'>coepisse</span> <span class='ocrx_word' id='word_1_377' title='bbox 2477 2076 2763 2143; x_wconf 87' lang='lat' dir='ltr'>videatur,</span> <span class='ocrx_word' id='word_1_378' title='bbox 2811 2092 2879 2131; x_wconf 85' lang='lat' dir='ltr'>ex</span> <span class='ocrx_word' id='word_1_379' title='bbox 2935 2075 3029 2130; x_wconf 86' lang='lat' dir='ltr'>his</span> <span class='ocrx_word' id='word_1_380' title='bbox 3087 2076 3356 2131; x_wconf 81' lang='lat' dir='ltr'>Auctoris</span> <span class='ocrx_word' id='word_1_381' title='bbox 3405 2075 3498 2130; x_wconf 78' lang='lat'>81</span> <span class='ocrx_word' id='word_1_382' title='bbox 3561 2072 3751 2128; x_wconf 90' lang='lat' dir='ltr'>verbis</span> <span class='ocrx_word' id='word_1_383' title='bbox 3805 2089 3817 2125; x_wconf 93' lang='lat'>:</span> 
     </span>
    </p>
   </div>
   <div class='ocr_carea' id='block_1_53' title="bbox 2174 2164 3827 2237">
    <p class='ocr_par' dir='ltr' id='par_1_53' title="bbox 2174 2164 3827 2237">
     <span class='ocr_line' id='line_1_53' title="bbox 2174 2164 3827 2237; baseline -0.005 -14"><span class='ocrx_word' id='word_1_384' title='bbox 2174 2170 2297 2223; x_wconf 67' lang='lat' dir='ltr'>Haec</span> <span class='ocrx_word' id='word_1_385' title='bbox 2323 2175 2483 2222; x_wconf 81' lang='lat' dir='ltr'>erant</span> <span class='ocrx_word' id='word_1_386' title='bbox 2527 2166 2802 2236; x_wconf 71' lang='lat' dir='ltr'>exempla,</span> <span class='ocrx_word' id='word_1_387' title='bbox 2850 2174 2901 2221; x_wconf 86' lang='lat' dir='ltr'>et</span> <span class='ocrx_word' id='word_1_388' title='bbox 2957 2166 3176 2237; x_wconf 85' lang='lat' dir='ltr'>populo,</span> <span class='ocrx_word' id='word_1_389' title='bbox 3227 2169 3277 2222; x_wconf 89' lang='lat' dir='ltr'>et</span> <span class='ocrx_word' id='word_1_390' title='bbox 3332 2165 3599 2236; x_wconf 73' lang='lat' dir='ltr'>episcopis</span> <span class='ocrx_word' id='word_1_391' title='bbox 3655 2164 3827 2218; x_wconf 89' lang='lat' dir='ltr'>etiam</span> 
     </span>
    </p>
   </div>
   <div class='ocr_carea' id='block_1_54' title="bbox 2177 2251 3826 2329">
    <p class='ocr_par' dir='ltr' id='par_1_54' title="bbox 2177 2251 3826 2329">
     <span class='ocr_line' id='line_1_54' title="bbox 2177 2251 3826 2329; baseline -0.004 -17"><span class='ocrx_word' id='word_1_392' title='bbox 2177 2257 2559 2329; x_wconf 74' lang='lat' dir='ltr'>spiritalibus;</span> <span class='ocrx_word' id='word_1_393' title='bbox 2592 2272 2725 2311; x_wconf 89' lang='lat' dir='ltr'>nam</span> <span class='ocrx_word' id='word_1_394' title='bbox 2756 2254 3048 2327; x_wconf 89' lang='lat' dir='ltr'>spiritales</span> <span class='ocrx_word' id='word_1_395' title='bbox 3094 2253 3352 2310; x_wconf 81' lang='lat' dir='ltr'>Montani</span> <span class='ocrx_word' id='word_1_396' title='bbox 3401 2251 3652 2309; x_wconf 83' lang='lat' dir='ltr'>asseclas</span> <span class='ocrx_word' id='word_1_397' title='bbox 3684 2251 3826 2322; x_wconf 82' lang='lat' dir='ltr'>Psy-</span> 
     </span>
    </p>
   </div>
   <div class='ocr_carea' id='block_1_55' title="bbox 2180 2339 3829 2417">
    <p class='ocr_par' dir='ltr' id='par_1_55' title="bbox 2180 2339 3829 2417">
     <span class='ocr_line' id='line_1_55' title="bbox 2180 2339 3829 2417; baseline -0.005 -14"><span class='ocrx_word' id='word_1_398' title='bbox 2180 2347 2360 2403; x_wconf 90' lang='lat' dir='ltr'>chicis</span> <span class='ocrx_word' id='word_1_399' title='bbox 2393 2346 2497 2417; x_wconf 88' lang='lat' dir='ltr'>(ita</span> <span class='ocrx_word' id='word_1_400' title='bbox 2523 2344 2849 2401; x_wconf 88' lang='lat' dir='ltr'>Catholicos</span> <span class='ocrx_word' id='word_1_401' title='bbox 2883 2342 3245 2400; x_wconf 89' lang='lat' dir='ltr'>calumniose</span> <span class='ocrx_word' id='word_1_402' title='bbox 3280 2342 3556 2415; x_wconf 85' lang='lat' dir='ltr'>appellat)</span> <span class='ocrx_word' id='word_1_403' title='bbox 3586 2339 3829 2413; x_wconf 89' lang='lat' dir='ltr'>opponit</span> 
     </span>
    </p>
   </div>
   <div class='ocr_carea' id='block_1_56' title="bbox 2184 2431 3829 2508">
    <p class='ocr_par' dir='ltr' id='par_1_56' title="bbox 2184 2431 3829 2508">
     <span class='ocr_line' id='line_1_56' title="bbox 2184 2431 3829 2508; baseline -0.004 -17"><span class='ocrx_word' id='word_1_404' title='bbox 2184 2436 2364 2508; x_wconf 88' lang='lat' dir='ltr'>(ibid.,</span> <span class='ocrx_word' id='word_1_405' title='bbox 2398 2452 2446 2490; x_wconf 90' lang='lat' dir='ltr'>c.</span> <span class='ocrx_word' id='word_1_406' title='bbox 2484 2435 2593 2503; x_wconf 78' lang='grc'>15),</span> <span class='ocrx_word' id='word_1_407' title='bbox 2629 2434 2765 2489; x_wconf 90' lang='lat' dir='ltr'>Prro</span> <span class='ocrx_word' id='word_1_408' title='bbox 2797 2434 2845 2489; x_wconf 93' lang='lat' dir='ltr'>si</span> <span class='ocrx_word' id='word_1_409' title='bbox 2878 2451 3014 2489; x_wconf 87' lang='lat' dir='ltr'>vera</span> <span class='ocrx_word' id='word_1_410' title='bbox 3061 2433 3138 2489; x_wconf 89' lang='lat' dir='ltr'>sit</span> <span class='ocrx_word' id='word_1_411' title='bbox 3186 2432 3355 2488; x_wconf 89' lang='lat' dir='ltr'>lectio</span> <span class='ocrx_word' id='word_1_412' title='bbox 3403 2432 3558 2503; x_wconf 90' lang='lat' dir='ltr'>apud</span> <span class='ocrx_word' id='word_1_413' title='bbox 3592 2431 3829 2485; x_wconf 87' lang='lat' dir='ltr'>beatum</span> 
     </span>
    </p>
   </div>
   <div class='ocr_carea' id='block_1_57' title="bbox 2181 2516 3830 2597">
    <p class='ocr_par' dir='ltr' id='par_1_57' title="bbox 2181 2516 3830 2597">
     <span class='ocr_line' id='line_1_57' title="bbox 2181 2516 3830 2597; baseline -0.006 -16"><span class='ocrx_word' id='word_1_414' title='bbox 2181 2526 2599 2597; x_wconf 78' lang='lat' dir='ltr'>Hieronymum</span> <span class='ocrx_word' id='word_1_415' title='bbox 2657 2522 2910 2594; x_wconf 84' lang='lat' dir='ltr'>Epistola</span> <span class='ocrx_word' id='word_1_416' title='bbox 2963 2521 3451 2594; x_wconf 84' lang='lat' dir='ltr'>quinquagesima</span> <span class='ocrx_word' id='word_1_417' title='bbox 3506 2524 3711 2590; x_wconf 89' lang='lat' dir='ltr'>quarta</span> <span class='ocrx_word' id='word_1_418' title='bbox 3758 2516 3830 2571; x_wconf 88' lang='lat' dir='ltr'>ad</span> 
     </span>
    </p>
   </div>
   <div class='ocr_carea' id='block_1_58' title="bbox 2182 2608 3830 2684">
    <p class='ocr_par' dir='ltr' id='par_1_58' title="bbox 2182 2608 3830 2684">
     <span class='ocr_line' id='line_1_58' title="bbox 2182 2608 3830 2684; baseline -0.005 -15"><span class='ocrx_word' id='word_1_419' title='bbox 2182 2613 2512 2671; x_wconf 83' lang='lat' dir='ltr'>Marcellam</span> <span class='ocrx_word' id='word_1_420' title='bbox 2564 2615 2633 2669; x_wconf 89' lang='lat' dir='ltr'>de</span> <span class='ocrx_word' id='word_1_421' title='bbox 2680 2611 3073 2678; x_wconf 82' lang='lat' dir='ltr'>Montanistie,</span> <span class='ocrx_word' id='word_1_422' title='bbox 3108 2612 3261 2684; x_wconf 90' lang='lat' dir='ltr'>quod</span> <span class='ocrx_word' id='word_1_423' title='bbox 3296 2609 3379 2665; x_wconf 92' lang='lat' dir='ltr'>illi</span> <span class='ocrx_word' id='word_1_424' title='bbox 3430 2615 3549 2665; x_wconf 88' lang='lat' dir='ltr'>tres</span> <span class='ocrx_word' id='word_1_425' title='bbox 3587 2608 3646 2662; x_wconf 93' lang='lat' dir='ltr'>in</span> <span class='ocrx_word' id='word_1_426' title='bbox 3678 2623 3830 2662; x_wconf 87' lang='lat' dir='ltr'>anno</span> 
     </span>
    </p>
   </div>
   <div class='ocr_carea' id='block_1_59' title="bbox 2184 2698 3835 2775">
    <p class='ocr_par' dir='ltr' id='par_1_59' title="bbox 2184 2698 3835 2775">
     <span class='ocr_line' id='line_1_59' title="bbox 2184 2698 3835 2775; baseline -0.007 -15"><span class='ocrx_word' id='word_1_427' title='bbox 2184 2703 2675 2775; x_wconf 86' lang='lat' dir='ltr'>Quadragesimas</span> <span class='ocrx_word' id='word_1_428' title='bbox 2726 2702 2999 2771; x_wconf 85' lang='lat' dir='ltr'>facerent,</span> <span class='ocrx_word' id='word_1_429' title='bbox 3051 2700 3220 2771; x_wconf 88' lang='lat' dir='ltr'>quasi</span> <span class='ocrx_word' id='word_1_430' title='bbox 3267 2705 3385 2755; x_wconf 90' lang='lat' dir='ltr'>tres</span> <span class='ocrx_word' id='word_1_431' title='bbox 3432 2698 3585 2771; x_wconf 86' lang='lat' dir='ltr'>passi</span> <span class='ocrx_word' id='word_1_432' title='bbox 3635 2699 3835 2752; x_wconf 89' lang='lat' dir='ltr'>essent</span> 
     </span>
    </p>
   </div>
   <div class='ocr_carea' id='block_1_60' title="bbox 2182 2786 3831 2862">
    <p class='ocr_par' dir='ltr' id='par_1_60' title="bbox 2182 2786 3831 2862">
     <span class='ocr_line' id='line_1_60' title="bbox 2182 2786 3831 2862; baseline -0.006 -13"><span class='ocrx_word' id='word_1_433' title='bbox 2182 2794 2508 2849; x_wconf 86' lang='lat' dir='ltr'>Salvatores</span> <span class='ocrx_word' id='word_1_434' title='bbox 2542 2809 2554 2845; x_wconf 76' lang='grc' dir='ltr'>ε</span> <span class='ocrx_word' id='word_1_435' title='bbox 2590 2790 2793 2862; x_wconf 90' lang='lat' dir='ltr'>incipit</span> <span class='ocrx_word' id='word_1_436' title='bbox 2824 2792 2895 2846; x_wconf 88' lang='lat' dir='ltr'>ab</span> <span class='ocrx_word' id='word_1_437' title='bbox 2931 2790 3044 2845; x_wconf 89' lang='lat' dir='ltr'>illis</span> <span class='ocrx_word' id='word_1_438' title='bbox 3075 2788 3343 2845; x_wconf 88' lang='lat' dir='ltr'>nonnihil</span> <span class='ocrx_word' id='word_1_439' title='bbox 3377 2786 3688 2843; x_wconf 89' lang='lat' dir='ltr'>dissentire</span> <span class='ocrx_word' id='word_1_440' title='bbox 3723 2788 3831 2839; x_wconf 81' lang='lat' dir='ltr'>Au-</span> 
     </span>
    </p>
   </div>
   <div class='ocr_carea' id='block_1_61' title="bbox 2185 2876 3832 2942">
    <p class='ocr_par' dir='ltr' id='par_1_61' title="bbox 2185 2876 3832 2942">
     <span class='ocr_line' id='line_1_61' title="bbox 2185 2876 3832 2942; baseline -0.007 -3"><span class='ocrx_word' id='word_1_441' title='bbox 2185 2889 2310 2940; x_wconf 91' lang='lat' dir='ltr'>ctor</span> <span class='ocrx_word' id='word_1_442' title='bbox 2358 2884 2413 2937; x_wconf 92' lang='lat' dir='ltr'>in</span> <span class='ocrx_word' id='word_1_443' title='bbox 2466 2883 2715 2937; x_wconf 91' lang='lat' dir='ltr'>duarum</span> <span class='ocrx_word' id='word_1_444' title='bbox 2767 2881 3049 2935; x_wconf 81' lang='lat' dir='ltr'>duntaxat</span> <span class='ocrx_word' id='word_1_445' title='bbox 3098 2878 3519 2942; x_wconf 86' lang='lat' dir='ltr'>observatione,</span> <span class='ocrx_word' id='word_1_446' title='bbox 3559 2876 3734 2931; x_wconf 88' lang='lat' dir='ltr'>sicuti</span> <span class='ocrx_word' id='word_1_447' title='bbox 3765 2890 3832 2928; x_wconf 82' lang='lat' dir='ltr'>ex</span> 
     </span>
    </p>
   </div>
   <div class='ocr_carea' id='block_1_62' title="bbox 2186 2962 3831 3040">
    <p class='ocr_par' dir='ltr' id='par_1_62' title="bbox 2186 2962 3831 3040">
     <span class='ocr_line' id='line_1_62' title="bbox 2186 2962 3831 3040; baseline -0.007 -11"><span class='ocrx_word' id='word_1_448' title='bbox 2186 2974 2280 3029; x_wconf 90' lang='lat' dir='ltr'>his</span> <span class='ocrx_word' id='word_1_449' title='bbox 2320 2972 2531 3040; x_wconf 87' lang='lat' dir='ltr'>verbis,</span> <span class='ocrx_word' id='word_1_450' title='bbox 2581 2971 2754 3027; x_wconf 87' lang='lat' dir='ltr'>etiam</span> <span class='ocrx_word' id='word_1_451' title='bbox 2789 2971 2959 3040; x_wconf 80' lang='lat' dir='ltr'>juxta</span> <span class='ocrx_word' id='word_1_452' title='bbox 2990 2986 3098 3024; x_wconf 90' lang='lat' dir='ltr'>ms.</span> <span class='ocrx_word' id='word_1_453' title='bbox 3152 2969 3280 3023; x_wconf 91' lang='lat' dir='ltr'>cod.</span> <span class='ocrx_word' id='word_1_454' title='bbox 3323 2966 3701 3022; x_wconf 86' lang='lat' dir='ltr'>manifestum</span> <span class='ocrx_word' id='word_1_455' title='bbox 3738 2962 3831 3019; x_wconf 85' lang='lat' dir='ltr'>ﬁt-</span> 
     </span>
    </p>
   </div>
   <div class='ocr_carea' id='block_1_63' title="bbox 2186 3057 3833 3132">
    <p class='ocr_par' dir='ltr' id='par_1_63' title="bbox 2186 3057 3833 3132">
     <span class='ocr_line' id='line_1_63' title="bbox 2186 3057 3833 3132; baseline -0.009 -12"><span class='ocrx_word' id='word_1_456' title='bbox 2186 3066 2353 3129; x_wconf 85' lang='lat' dir='ltr'>Duas,</span> <span class='ocrx_word' id='word_1_457' title='bbox 2388 3062 2606 3132; x_wconf 87' lang='lat' dir='ltr'>inquis,</span> <span class='ocrx_word' id='word_1_458' title='bbox 2661 3061 2717 3115; x_wconf 85' lang='lat' dir='ltr'>in</span> <span class='ocrx_word' id='word_1_459' title='bbox 2770 3075 2914 3115; x_wconf 84' lang='lat' dir='ltr'>anno</span> <span class='ocrx_word' id='word_1_460' title='bbox 2944 3057 3305 3114; x_wconf 84' lang='lat' dir='ltr'>hebdomadas</span> <span class='ocrx_word' id='word_1_461' title='bbox 3344 3057 3833 3127; x_wconf 80' lang='lat' dir='ltr'>Xerophagiarum,</span> 
     </span>
    </p>
   </div>
   <div class='ocr_carea' id='block_1_64' title="bbox 2189 3145 3839 3217">
    <p class='ocr_par' dir='ltr' id='par_1_64' title="bbox 2189 3145 3839 3217">
     <span class='ocr_line' id='line_1_64' title="bbox 2189 3145 3839 3217; baseline -0.005 -11"><span class='ocrx_word' id='word_1_462' title='bbox 2189 3170 2288 3208; x_wconf 82' lang='lat' dir='ltr'>uec</span> <span class='ocrx_word' id='word_1_463' title='bbox 2316 3156 2481 3217; x_wconf 79' lang='lat' dir='ltr'>totas,</span> <span class='ocrx_word' id='word_1_464' title='bbox 2516 3150 2752 3215; x_wconf 74' lang='lat' dir='ltr'>exceptis</span> <span class='ocrx_word' id='word_1_465' title='bbox 2785 3149 3037 3203; x_wconf 85' lang='lat' dir='ltr'>Sabbatis</span> <span class='ocrx_word' id='word_1_466' title='bbox 3083 3150 3132 3203; x_wconf 87' lang='lat' dir='ltr'>et</span> <span class='ocrx_word' id='word_1_467' title='bbox 3190 3147 3517 3217; x_wconf 77' lang='lat' dir='ltr'>Dominicis,</span> <span class='ocrx_word' id='word_1_468' title='bbox 3559 3145 3839 3216; x_wconf 70' lang='lat' dir='ltr'>offerimus</span> 
     </span>
    </p>
   </div>
   <div class='ocr_carea' id='block_1_65' title="bbox 427 3211 3838 3311">
    <p class='ocr_par' dir='ltr' id='par_1_65' title="bbox 427 3211 3838 3311">
     <span class='ocr_line' id='line_1_65' title="bbox 427 3211 3838 3311; baseline -0.004 -11"><span class='ocrx_word' id='word_1_469' title='bbox 427 3211 741 3301; x_wconf 54' lang='grc' dir='ltr'>Ροείάυαω</span> <span class='ocrx_word' id='word_1_470' title='bbox 774 3231 1001 3303; x_wconf 66' lang='lat' dir='ltr'>Epheso</span> <span class='ocrx_word' id='word_1_471' title='bbox 1032 3231 1398 3299; x_wconf 64' lang='lat' dir='ltr'>discesserat,</span> <span class='ocrx_word' id='word_1_472' title='bbox 1435 3211 1557 3287; x_wconf 35' lang='lat' dir='ltr'>SU‘b—</span> <span class='ocrx_word' id='word_1_473' title='bbox 1581 3233 1792 3286; x_wconf 66' lang='grc' dir='ltr'>Γθεῐυω</span> <span class='ocrx_word' id='word_1_474' title='bbox 1821 3211 2078 3299; x_wconf 44' lang='lat' dir='ltr'>Paschal</span> <span class='ocrx_word' id='word_1_475' title='bbox 2111 3211 2153 3277; x_wconf 80' lang='lat' dir='ltr'>C</span> <span class='ocrx_word' id='word_1_476' title='bbox 2190 3243 2316 3310; x_wconf 86' lang='lat' dir='ltr'>Deo,</span> <span class='ocrx_word' id='word_1_477' title='bbox 2350 3211 2679 3296; x_wconf 80' lang='lat' dir='ltr'>abstinentes</span> <span class='ocrx_word' id='word_1_478' title='bbox 2710 3239 2776 3294; x_wconf 92' lang='lat' dir='ltr'>ab</span> <span class='ocrx_word' id='word_1_479' title='bbox 2806 3240 2898 3303; x_wconf 88' lang='lat' dir='ltr'>iis,</span> <span class='ocrx_word' id='word_1_480' title='bbox 2928 3253 3051 3311; x_wconf 57' lang='lat' dir='ltr'>qum</span> <span class='ocrx_word' id='word_1_481' title='bbox 3078 3254 3185 3292; x_wconf 85' lang='lat' dir='ltr'>non</span> <span class='ocrx_word' id='word_1_482' title='bbox 3226 3211 3530 3308; x_wconf 68' lang='lat' dir='ltr'>reﬁcimus,</span> <span class='ocrx_word' id='word_1_483' title='bbox 3562 3211 3654 3289; x_wconf 78' lang='lat' dir='ltr'>sed</span> <span class='ocrx_word' id='word_1_484' title='bbox 3679 3232 3838 3303; x_wconf 66' lang='lat' dir='ltr'>di/fe«</span> 
     </span>
    </p>
   </div>
   <div class='ocr_carea' id='block_1_66' title="bbox 431 3320 2082 3394">
    <p class='ocr_par' dir='ltr' id='par_1_66' title="bbox 431 3320 2082 3394">
     <span class='ocr_line' id='line_1_66' title="bbox 431 3320 2082 3394; baseline 0.001 -21"><span class='ocrx_word' id='word_1_485' title='bbox 431 3323 727 3375; x_wconf 85' lang='lat' dir='ltr'>testantur</span> <span class='ocrx_word' id='word_1_486' title='bbox 755 3326 899 3375; x_wconf 83' lang='lat' dir='ltr'>Acta</span> <span class='ocrx_word' id='word_1_487' title='bbox 946 3320 1356 3390; x_wconf 86' lang='lat' dir='ltr'>Apostolorum</span> <span class='ocrx_word' id='word_1_488' title='bbox 1408 3322 1599 3393; x_wconf 80' lang='lat' dir='ltr'>capite</span> <span class='ocrx_word' id='word_1_489' title='bbox 1643 3322 1946 3394; x_wconf 89' lang='lat' dir='ltr'>vigesimo.</span> <span class='ocrx_word' id='word_1_490' title='bbox 2016 3324 2082 3374; x_wconf 89' lang='lat' dir='ltr'>Et</span> 
     </span>
    </p>
   </div>
   <div class='ocr_carea' id='block_1_67' title="bbox 434 3408 2082 3480">
    <p class='ocr_par' dir='ltr' id='par_1_67' title="bbox 434 3408 2082 3480">
     <span class='ocr_line' id='line_1_67' title="bbox 434 3408 2082 3480; baseline 0 -16"><span class='ocrx_word' id='word_1_491' title='bbox 434 3425 568 3465; x_wconf 89' lang='lat' dir='ltr'>vero</span> <span class='ocrx_word' id='word_1_492' title='bbox 598 3408 683 3465; x_wconf 89' lang='lat' dir='ltr'>sic</span> <span class='ocrx_word' id='word_1_493' title='bbox 713 3408 959 3479; x_wconf 81' lang='lat' dir='ltr'>intelligi</span> <span class='ocrx_word' id='word_1_494' title='bbox 992 3409 1202 3465; x_wconf 88' lang='lat' dir='ltr'>debere</span> <span class='ocrx_word' id='word_1_495' title='bbox 1231 3412 1566 3480; x_wconf 88' lang='lat' dir='ltr'>Auctorem,</span> <span class='ocrx_word' id='word_1_496' title='bbox 1608 3410 1695 3466; x_wconf 91' lang='lat' dir='ltr'>vel</span> <span class='ocrx_word' id='word_1_497' title='bbox 1736 3428 1805 3466; x_wconf 84' lang='lat' dir='ltr'>ex</span> <span class='ocrx_word' id='word_1_498' title='bbox 1851 3409 1967 3465; x_wconf 90' lang='lat' dir='ltr'>illis</span> <span class='ocrx_word' id='word_1_499' title='bbox 1995 3410 2082 3464; x_wconf 91' lang='lat' dir='ltr'>di-</span> 
     </span>
    </p>
   </div>
   <div class='ocr_carea' id='block_1_68' title="bbox 438 3497 2081 3570">
    <p class='ocr_par' dir='ltr' id='par_1_68' title="bbox 438 3497 2081 3570">
     <span class='ocr_line' id='line_1_68' title="bbox 438 3497 2081 3570; baseline -0.001 -17"><span class='ocrx_word' id='word_1_500' title='bbox 438 3498 548 3554; x_wconf 89' lang='lat' dir='ltr'>ctis</span> <span class='ocrx_word' id='word_1_501' title='bbox 578 3497 771 3553; x_wconf 87' lang='lat' dir='ltr'>verbis</span> <span class='ocrx_word' id='word_1_502' title='bbox 802 3497 1099 3569; x_wconf 82' lang='lat' dir='ltr'>colligitur</span> <span class='ocrx_word' id='word_1_503' title='bbox 1145 3515 1271 3569; x_wconf 79' lang='lat' dir='ltr'>quae</span> <span class='ocrx_word' id='word_1_504' title='bbox 1320 3498 1539 3570; x_wconf 83' lang='lat' dir='ltr'>legerat</span> <span class='ocrx_word' id='word_1_505' title='bbox 1590 3499 1707 3554; x_wconf 83' lang='lat' dir='ltr'>fere</span> <span class='ocrx_word' id='word_1_506' title='bbox 1752 3499 1773 3553; x_wconf 91' lang='grc' dir='ltr'><strong>Ι</strong></span> <span class='ocrx_word' id='word_1_507' title='bbox 1821 3500 1947 3553; x_wconf 90' lang='lat' dir='ltr'>Cor.</span> <span class='ocrx_word' id='word_1_508' title='bbox 1980 3514 2081 3568; x_wconf 80' lang='lat' dir='ltr'>vn,</span> 
     </span>
    </p>
   </div>
   <div class='ocr_carea' id='block_1_69' title="bbox 435 3586 2084 3660">
    <p class='ocr_par' dir='ltr' id='par_1_69' title="bbox 435 3586 2084 3660">
     <span class='ocr_line' id='line_1_69' title="bbox 435 3586 2084 3660; baseline 0.001 -20"><span class='ocrx_word' id='word_1_509' title='bbox 435 3589 507 3641; x_wconf 87' lang='lat'>29</span> <span class='ocrx_word' id='word_1_510' title='bbox 538 3603 552 3642; x_wconf 89' lang='lat'><strong>:</strong></span> <span class='ocrx_word' id='word_1_511' title='bbox 589 3588 733 3643; x_wconf 87' lang='lat' dir='ltr'>Cum</span> <span class='ocrx_word' id='word_1_512' title='bbox 763 3603 913 3643; x_wconf 85' lang='lat' dir='ltr'>nunc</span> <span class='ocrx_word' id='word_1_513' title='bbox 941 3591 1150 3659; x_wconf 85' lang='lat' dir='ltr'>tempus</span> <span class='ocrx_word' id='word_1_514' title='bbox 1198 3589 1257 3643; x_wconf 88' lang='lat' dir='ltr'>in</span> <span class='ocrx_word' id='word_1_515' title='bbox 1294 3588 1516 3643; x_wconf 86' lang='lat' dir='ltr'>collecto</span> <span class='ocrx_word' id='word_1_516' title='bbox 1543 3591 1755 3660; x_wconf 82' lang='lat' dir='ltr'>factum</span> <span class='ocrx_word' id='word_1_517' title='bbox 1783 3590 1876 3643; x_wconf 82' lang='lat' dir='ltr'>sit.</span> <span class='ocrx_word' id='word_1_518' title='bbox 1910 3586 2084 3658; x_wconf 84' lang='lat' dir='ltr'>Atqui</span> 
     </span>
    </p>
   </div>
   <div class='ocr_carea' id='block_1_70' title="bbox 433 3676 2084 3748">
    <p class='ocr_par' dir='ltr' id='par_1_70' title="bbox 433 3676 2084 3748">
     <span class='ocr_line' id='line_1_70' title="bbox 433 3676 2084 3748; baseline -0.001 -16"><span class='ocrx_word' id='word_1_519' title='bbox 433 3677 494 3732; x_wconf 92' lang='lat' dir='ltr'>in</span> <span class='ocrx_word' id='word_1_520' title='bbox 543 3676 702 3733; x_wconf 92' lang='lat' dir='ltr'>hunc</span> <span class='ocrx_word' id='word_1_521' title='bbox 753 3694 975 3732; x_wconf 89' lang='lat' dir='ltr'>annum</span> <span class='ocrx_word' id='word_1_522' title='bbox 1028 3677 1135 3731; x_wconf 91' lang='lat' dir='ltr'>hoc</span> <span class='ocrx_word' id='word_1_523' title='bbox 1186 3677 1463 3748; x_wconf 88' lang='lat' dir='ltr'>incidere,</span> <span class='ocrx_word' id='word_1_524' title='bbox 1513 3695 1627 3733; x_wconf 88' lang='lat' dir='ltr'>non</span> <span class='ocrx_word' id='word_1_525' title='bbox 1675 3678 1735 3733; x_wconf 91' lang='lat' dir='ltr'>in</span> <span class='ocrx_word' id='word_1_526' title='bbox 1782 3678 1849 3732; x_wconf 92' lang='grc'>15</span> <span class='ocrx_word' id='word_1_527' title='bbox 1893 3676 2084 3733; x_wconf 88' lang='lat' dir='ltr'>Severi</span> 
     </span>
    </p>
   </div>
   <div class='ocr_carea' id='block_1_71' title="bbox 434 3766 2081 3840">
    <p class='ocr_par' dir='ltr' id='par_1_71' title="bbox 434 3766 2081 3840">
     <span class='ocr_line' id='line_1_71' title="bbox 434 3766 2081 3840; baseline -0.001 -17"><span class='ocrx_word' id='word_1_528' title='bbox 434 3766 543 3840; x_wconf 86' lang='lat' dir='ltr'>(uti</span> <span class='ocrx_word' id='word_1_529' title='bbox 569 3767 811 3838; x_wconf 88' lang='lat' dir='ltr'>quidam</span> <span class='ocrx_word' id='word_1_530' title='bbox 834 3767 1011 3822; x_wconf 89' lang='lat' dir='ltr'>etiam</span> <span class='ocrx_word' id='word_1_531' title='bbox 1034 3766 1140 3821; x_wconf 89' lang='lat' dir='ltr'>viri</span> <span class='ocrx_word' id='word_1_532' title='bbox 1162 3767 1375 3823; x_wconf 89' lang='lat' dir='ltr'>eruditi</span> <span class='ocrx_word' id='word_1_533' title='bbox 1399 3768 1794 3837; x_wconf 84' lang='lat' dir='ltr'>conjecturam</span> <span class='ocrx_word' id='word_1_534' title='bbox 1820 3767 2081 3837; x_wconf 90' lang='lat' dir='ltr'>faciunt),</span> 
     </span>
    </p>
   </div>
   <div class='ocr_carea' id='block_1_72' title="bbox 430 3855 2084 3928">
    <p class='ocr_par' dir='ltr' id='par_1_72' title="bbox 430 3855 2084 3928">
     <span class='ocr_line' id='line_1_72' title="bbox 430 3855 2084 3928; baseline 0 -18"><span class='ocrx_word' id='word_1_535' title='bbox 430 3872 498 3910; x_wconf 85' lang='lat' dir='ltr'>ex</span> <span class='ocrx_word' id='word_1_536' title='bbox 528 3871 594 3911; x_wconf 90' lang='lat' dir='ltr'>eo</span> <span class='ocrx_word' id='word_1_537' title='bbox 624 3855 1001 3927; x_wconf 88' lang='lat' dir='ltr'>perspicuum</span> <span class='ocrx_word' id='word_1_538' title='bbox 1034 3860 1141 3923; x_wconf 89' lang='lat' dir='ltr'>est,</span> <span class='ocrx_word' id='word_1_539' title='bbox 1169 3857 1321 3928; x_wconf 91' lang='lat' dir='ltr'>quod</span> <span class='ocrx_word' id='word_1_540' title='bbox 1352 3856 1448 3912; x_wconf 89' lang='lat' dir='ltr'>ille</span> <span class='ocrx_word' id='word_1_541' title='bbox 1478 3856 1632 3911; x_wconf 90' lang='lat' dir='ltr'>idem</span> <span class='ocrx_word' id='word_1_542' title='bbox 1660 3856 1735 3912; x_wconf 89' lang='lat' dir='ltr'>sit</span> <span class='ocrx_word' id='word_1_543' title='bbox 1765 3874 1898 3911; x_wconf 90' lang='lat' dir='ltr'>cum</span> <span class='ocrx_word' id='word_1_544' title='bbox 1932 3872 2084 3912; x_wconf 90' lang='lat' dir='ltr'>anno</span> 
     </span>
    </p>
   </div>
   <div class='ocr_carea' id='block_1_73' title="bbox 426 3944 2085 4019">
    <p class='ocr_par' dir='ltr' id='par_1_73' title="bbox 426 3944 2085 4019">
     <span class='ocr_line' id='line_1_73' title="bbox 426 3944 2085 4019; baseline 0 -19"><span class='ocrx_word' id='word_1_545' title='bbox 426 3944 659 4000; x_wconf 89' lang='lat' dir='ltr'>Domini</span> <span class='ocrx_word' id='word_1_546' title='bbox 691 3962 861 4014; x_wconf 85' lang='lat' dir='ltr'>ccvn,</span> <span class='ocrx_word' id='word_1_547' title='bbox 889 3945 961 4000; x_wconf 92' lang='lat' dir='ltr'>ad</span> <span class='ocrx_word' id='word_1_548' title='bbox 1013 3962 1187 4018; x_wconf 88' lang='lat' dir='ltr'>quem</span> <span class='ocrx_word' id='word_1_549' title='bbox 1233 3947 1478 4019; x_wconf 89' lang='lat' dir='ltr'>proinde</span> <span class='ocrx_word' id='word_1_550' title='bbox 1525 3948 1597 4003; x_wconf 88' lang='lat' dir='ltr'>ad</span> <span class='ocrx_word' id='word_1_551' title='bbox 1630 3964 1695 4003; x_wconf 90' lang='lat' dir='ltr'>eo</span> <span class='ocrx_word' id='word_1_552' title='bbox 1737 3964 1911 4017; x_wconf 90' lang='lat' dir='ltr'>quem</span> <span class='ocrx_word' id='word_1_553' title='bbox 1940 3947 2085 4001; x_wconf 82' lang='lat' dir='ltr'>dixi-</span> 
     </span>
    </p>
   </div>
   <div class='ocr_carea' id='block_1_74' title="bbox 432 4035 2088 4108">
    <p class='ocr_par' dir='ltr' id='par_1_74' title="bbox 432 4035 2088 4108">
     <span class='ocr_line' id='line_1_74' title="bbox 432 4035 2088 4108; baseline 0 -17"><span class='ocrx_word' id='word_1_554' title='bbox 432 4052 589 4105; x_wconf 90' lang='lat' dir='ltr'>mus,</span> <span class='ocrx_word' id='word_1_555' title='bbox 624 4052 741 4090; x_wconf 92' lang='lat' dir='ltr'>non</span> <span class='ocrx_word' id='word_1_556' title='bbox 774 4035 888 4093; x_wconf 88' lang='lat' dir='ltr'>nisi</span> <span class='ocrx_word' id='word_1_557' title='bbox 922 4035 1061 4091; x_wconf 89' lang='lat' dir='ltr'>anni</span> <span class='ocrx_word' id='word_1_558' title='bbox 1095 4037 1197 4091; x_wconf 83' lang='lat'>155</span> <span class='ocrx_word' id='word_1_559' title='bbox 1227 4036 1643 4108; x_wconf 82' lang='lat' dir='ltr'>conficiuntur,</span> <span class='ocrx_word' id='word_1_560' title='bbox 1692 4055 1795 4093; x_wconf 91' lang='lat' dir='ltr'>nec</span> <span class='ocrx_word' id='word_1_561' title='bbox 1838 4036 2088 4093; x_wconf 89' lang='lat' dir='ltr'>ulterius</span> 
     </span>
    </p>
   </div>
   <div class='ocr_carea' id='block_1_75' title="bbox 434 4125 2089 4197">
    <p class='ocr_par' dir='ltr' id='par_1_75' title="bbox 434 4125 2089 4197">
     <span class='ocr_line' id='line_1_75' title="bbox 434 4125 2089 4197; baseline -0.001 -16"><span class='ocrx_word' id='word_1_562' title='bbox 434 4125 665 4181; x_wconf 86' lang='lat' dir='ltr'>extendi</span> <span class='ocrx_word' id='word_1_563' title='bbox 697 4129 969 4196; x_wconf 87' lang='lat' dir='ltr'>possunt,</span> <span class='ocrx_word' id='word_1_564' title='bbox 1005 4126 1160 4197; x_wconf 91' lang='lat' dir='ltr'>quod</span> <span class='ocrx_word' id='word_1_565' title='bbox 1212 4142 1365 4181; x_wconf 90' lang='lat' dir='ltr'>anno</span> <span class='ocrx_word' id='word_1_566' title='bbox 1414 4127 1670 4197; x_wconf 88' lang='lat' dir='ltr'>primum</span> <span class='ocrx_word' id='word_1_567' title='bbox 1719 4127 1780 4180; x_wconf 90' lang='grc'>51</span> <span class='ocrx_word' id='word_1_568' title='bbox 1819 4126 1951 4180; x_wconf 82' lang='lat' dir='ltr'>ﬁdei</span> <span class='ocrx_word' id='word_1_569' title='bbox 1994 4142 2089 4179; x_wconf 88' lang='lat' dir='ltr'>ca-</span> 
     </span>
    </p>
   </div>
   <div class='ocr_carea' id='block_1_76' title="bbox 434 4213 2090 4279">
    <p class='ocr_par' dir='ltr' id='par_1_76' title="bbox 434 4213 2090 4279">
     <span class='ocr_line' id='line_1_76' title="bbox 434 4213 2090 4279; baseline -0.001 -10"><span class='ocrx_word' id='word_1_570' title='bbox 434 4214 665 4270; x_wconf 73' lang='lat' dir='ltr'>tholicas</span> <span class='ocrx_word' id='word_1_571' title='bbox 727 4214 942 4270; x_wconf 86' lang='lat' dir='ltr'>initiati</span> <span class='ocrx_word' id='word_1_572' title='bbox 996 4213 1214 4270; x_wconf 85' lang='lat' dir='ltr'>fuerint</span> <span class='ocrx_word' id='word_1_573' title='bbox 1271 4215 1579 4279; x_wconf 84' lang='lat' dir='ltr'>Corinthii,</span> <span class='ocrx_word' id='word_1_574' title='bbox 1612 4217 1787 4271; x_wconf 89' lang='lat' dir='ltr'>Porro</span> <span class='ocrx_word' id='word_1_575' title='bbox 1849 4215 1958 4270; x_wconf 86' lang='lat' dir='ltr'>fuit</span> <span class='ocrx_word' id='word_1_576' title='bbox 1996 4214 2090 4269; x_wconf 85' lang='lat' dir='ltr'>hic</span> 
     </span>
    </p>
   </div>
   <div class='ocr_carea' id='block_1_77' title="bbox 441 4303 2090 4377">
    <p class='ocr_par' dir='ltr' id='par_1_77' title="bbox 441 4303 2090 4377">
     <span class='ocr_line' id='line_1_77' title="bbox 441 4303 2090 4377; baseline 0 -18"><span class='ocrx_word' id='word_1_577' title='bbox 441 4321 631 4360; x_wconf 86' lang='lat' dir='ltr'>annus</span> <span class='ocrx_word' id='word_1_578' title='bbox 663 4303 1006 4360; x_wconf 87' lang='lat' dir='ltr'>nobilitatus</span> <span class='ocrx_word' id='word_1_579' title='bbox 1035 4304 1344 4361; x_wconf 88' lang='lat' dir='ltr'>consulatu</span> <span class='ocrx_word' id='word_1_580' title='bbox 1390 4305 1563 4358; x_wconf 86' lang='lat' dir='ltr'>trium</span> <span class='ocrx_word' id='word_1_581' title='bbox 1607 4304 1969 4377; x_wconf 86' lang='lat' dir='ltr'>imperatorii</span> <span class='ocrx_word' id='word_1_582' title='bbox 1999 4320 2090 4359; x_wconf 92' lang='lat' dir='ltr'>or-</span> 
     </span>
    </p>
   </div>
   <div class='ocr_carea' id='block_1_78' title="bbox 440 4393 2092 4466">
    <p class='ocr_par' dir='ltr' id='par_1_78' title="bbox 440 4393 2092 4466">
     <span class='ocr_line' id='line_1_78' title="bbox 440 4393 2092 4466; baseline -0.001 -18"><span class='ocrx_word' id='word_1_583' title='bbox 440 4393 596 4449; x_wconf 89' lang='lat' dir='ltr'>dinis</span> <span class='ocrx_word' id='word_1_584' title='bbox 624 4394 882 4450; x_wconf 90' lang='lat' dir='ltr'>virorum</span> <span class='ocrx_word' id='word_1_585' title='bbox 913 4412 926 4463; x_wconf 92' lang='lat'><strong>;</strong></span> <span class='ocrx_word' id='word_1_586' title='bbox 980 4410 1113 4450; x_wconf 86' lang='lat' dir='ltr'>nam</span> <span class='ocrx_word' id='word_1_587' title='bbox 1166 4398 1374 4466; x_wconf 76' lang='lat' dir='ltr'>praeter</span> <span class='ocrx_word' id='word_1_588' title='bbox 1420 4394 1779 4448; x_wconf 85' lang='lat' dir='ltr'>Antoninum</span> <span class='ocrx_word' id='word_1_589' title='bbox 1814 4399 1871 4449; x_wconf 87' lang='lat' dir='ltr'>et</span> <span class='ocrx_word' id='word_1_590' title='bbox 1905 4393 2092 4448; x_wconf 87' lang='lat' dir='ltr'>Balbi-</span> 
     </span>
    </p>
   </div>
   <div class='ocr_carea' id='block_1_79' title="bbox 439 4482 2090 4555">
    <p class='ocr_par' dir='ltr' id='par_1_79' title="bbox 439 4482 2090 4555">
     <span class='ocr_line' id='line_1_79' title="bbox 439 4482 2090 4555; baseline 0.001 -19"><span class='ocrx_word' id='word_1_591' title='bbox 439 4498 605 4550; x_wconf 89' lang='lat' dir='ltr'>num,</span> <span class='ocrx_word' id='word_1_592' title='bbox 638 4482 737 4554; x_wconf 89' lang='lat' dir='ltr'>qui</span> <span class='ocrx_word' id='word_1_593' title='bbox 770 4487 1018 4555; x_wconf 88' lang='lat' dir='ltr'>quartus</span> <span class='ocrx_word' id='word_1_594' title='bbox 1049 4485 1119 4540; x_wconf 88' lang='lat' dir='ltr'>ab</span> <span class='ocrx_word' id='word_1_595' title='bbox 1147 4482 1247 4539; x_wconf 90' lang='lat' dir='ltr'>illo</span> <span class='ocrx_word' id='word_1_596' title='bbox 1292 4482 1598 4554; x_wconf 88' lang='lat' dir='ltr'>imperavit</span> <span class='ocrx_word' id='word_1_597' title='bbox 1645 4499 1778 4538; x_wconf 92' lang='lat' dir='ltr'>cum</span> <span class='ocrx_word' id='word_1_598' title='bbox 1812 4483 2090 4555; x_wconf 89' lang='lat' dir='ltr'>Pupieno,</span> 
     </span>
    </p>
   </div>
   <div class='ocr_carea' id='block_1_80' title="bbox 440 4571 2090 4628">
    <p class='ocr_par' dir='ltr' id='par_1_80' title="bbox 440 4571 2090 4628">
     <span class='ocr_line' id='line_1_80' title="bbox 440 4571 2090 4628; baseline 0 -2"><span class='ocrx_word' id='word_1_599' title='bbox 440 4571 617 4627; x_wconf 88' lang='lat' dir='ltr'>etiam</span> <span class='ocrx_word' id='word_1_600' title='bbox 679 4572 958 4628; x_wconf 64' lang='lat' dir='ltr'>suffectus</span> <span class='ocrx_word' id='word_1_601' title='bbox 1016 4572 1127 4627; x_wconf 80' lang='lat' dir='ltr'>fuit</span> <span class='ocrx_word' id='word_1_602' title='bbox 1156 4589 1224 4627; x_wconf 87' lang='lat' dir='ltr'>ex</span> <span class='ocrx_word' id='word_1_603' title='bbox 1253 4572 1497 4628; x_wconf 90' lang='lat' dir='ltr'>Kalend.</span> <span class='ocrx_word' id='word_1_604' title='bbox 1531 4572 1751 4628; x_wconf 85' lang='lat' dir='ltr'>Martiis</span> <span class='ocrx_word' id='word_1_605' title='bbox 1784 4590 1843 4628; x_wconf 78' lang='grc' dir='ltr'>ιί.</span> <span class='ocrx_word' id='word_1_606' title='bbox 1884 4589 2090 4627; x_wconf 81' lang='lat' dir='ltr'>ANTON.</span> 
     </span>
    </p>
   </div>
   <div class='ocr_carea' id='block_1_81' title="bbox 441 4661 2088 4733">
    <p class='ocr_par' dir='ltr' id='par_1_81' title="bbox 441 4661 2088 4733">
     <span class='ocr_line' id='line_1_81' title="bbox 441 4661 2088 4733; baseline -0.002 -16"><span class='ocrx_word' id='word_1_607' title='bbox 441 4677 508 4717; x_wconf 85' lang='lat' dir='ltr'>M.</span> <span class='ocrx_word' id='word_1_608' title='bbox 540 4678 591 4716; x_wconf 71' lang='grc' dir='ltr'>ιτ.</span> <span class='ocrx_word' id='word_1_609' title='bbox 621 4677 971 4729; x_wconf 60' lang='lat' dir='ltr'>concursus,</span> <span class='ocrx_word' id='word_1_610' title='bbox 1025 4661 1125 4732; x_wconf 91' lang='lat' dir='ltr'>qui</span> <span class='ocrx_word' id='word_1_611' title='bbox 1174 4666 1378 4732; x_wconf 86' lang='lat' dir='ltr'>postea</span> <span class='ocrx_word' id='word_1_612' title='bbox 1426 4662 1697 4733; x_wconf 83' lang='lat' dir='ltr'>Imperat.</span> <span class='ocrx_word' id='word_1_613' title='bbox 1750 4661 1872 4717; x_wconf 75' lang='lat' dir='ltr'>Caes</span> <span class='ocrx_word' id='word_1_614' title='bbox 1942 4664 2088 4732; x_wconf 89' lang='lat' dir='ltr'>Aug.</span> 
     </span>
    </p>
   </div>
   <div class='ocr_carea' id='block_1_82' title="bbox 441 4748 2092 4821">
    <p class='ocr_par' dir='ltr' id='par_1_82' title="bbox 441 4748 2092 4821">
     <span class='ocr_line' id='line_1_82' title="bbox 441 4748 2092 4821; baseline -0.001 -16"><span class='ocrx_word' id='word_1_615' title='bbox 441 4749 790 4821; x_wconf 89' lang='lat' dir='ltr'>appellatus,</span> <span class='ocrx_word' id='word_1_616' title='bbox 841 4767 874 4806; x_wconf 88' lang='lat' dir='ltr'>a</span> <span class='ocrx_word' id='word_1_617' title='bbox 912 4748 1154 4805; x_wconf 88' lang='lat' dir='ltr'>Balbino</span> <span class='ocrx_word' id='word_1_618' title='bbox 1207 4750 1548 4806; x_wconf 82' lang='lat' dir='ltr'>interfectus</span> <span class='ocrx_word' id='word_1_619' title='bbox 1599 4750 1725 4818; x_wconf 85' lang='lat' dir='ltr'>fuit,</span> <span class='ocrx_word' id='word_1_620' title='bbox 1760 4750 1933 4806; x_wconf 86' lang='lat' dir='ltr'>sicuti</span> <span class='ocrx_word' id='word_1_621' title='bbox 1966 4768 2092 4804; x_wconf 89' lang='lat' dir='ltr'>rur-</span> 
     </span>
    </p>
   </div>
   <div class='ocr_carea' id='block_1_83' title="bbox 443 4838 2091 4896">
    <p class='ocr_par' dir='ltr' id='par_1_83' title="bbox 443 4838 2091 4896">
     <span class='ocr_line' id='line_1_83' title="bbox 443 4838 2091 4896; baseline 0.001 -2"><span class='ocrx_word' id='word_1_622' title='bbox 443 4855 578 4894; x_wconf 87' lang='lat' dir='ltr'>sum</span> <span class='ocrx_word' id='word_1_623' title='bbox 609 4856 678 4895; x_wconf 82' lang='lat' dir='ltr'>ex</span> <span class='ocrx_word' id='word_1_624' title='bbox 719 4839 961 4895; x_wconf 86' lang='lat' dir='ltr'>Kalend.</span> <span class='ocrx_word' id='word_1_625' title='bbox 1004 4838 1169 4894; x_wconf 86' lang='lat' dir='ltr'>Maiis</span> <span class='ocrx_word' id='word_1_626' title='bbox 1193 4839 1254 4895; x_wconf 94' lang='lat' dir='ltr'>P.</span> <span class='ocrx_word' id='word_1_627' title='bbox 1302 4838 1537 4895; x_wconf 85' lang='lat' dir='ltr'>Helvius</span> <span class='ocrx_word' id='word_1_628' title='bbox 1587 4844 1651 4895; x_wconf 86' lang='grc' dir='ltr'>Ι).</span> <span class='ocrx_word' id='word_1_629' title='bbox 1698 4839 2000 4896; x_wconf 86' lang='lat' dir='ltr'>Pertinoeis</span> <span class='ocrx_word' id='word_1_630' title='bbox 2030 4840 2091 4895; x_wconf 80' lang='lat' dir='ltr'>F.</span> 
     </span>
    </p>
   </div>
   <div class='ocr_carea' id='block_1_84' title="bbox 443 4928 1983 5002">
    <p class='ocr_par' dir='ltr' id='par_1_84' title="bbox 443 4928 1983 5002">
     <span class='ocr_line' id='line_1_84' title="bbox 443 4928 1983 5002; baseline -0.002 -17"><span class='ocrx_word' id='word_1_631' title='bbox 443 4928 508 4985; x_wconf 87' lang='grc' dir='ltr'>Ρ.</span> <span class='ocrx_word' id='word_1_632' title='bbox 542 4928 612 4985; x_wconf 90' lang='grc' dir='ltr'><strong>Ν.</strong></span> <span class='ocrx_word' id='word_1_633' title='bbox 646 4928 918 4985; x_wconf 81' lang='lat' dir='ltr'>Pertinax</span> <span class='ocrx_word' id='word_1_634' title='bbox 948 4928 1121 5002; x_wconf 87' lang='lat' dir='ltr'>paulo</span> <span class='ocrx_word' id='word_1_635' title='bbox 1154 4933 1287 5001; x_wconf 90' lang='lat' dir='ltr'>post</span> <span class='ocrx_word' id='word_1_636' title='bbox 1316 4929 1542 4986; x_wconf 87' lang='lat' dir='ltr'>occisus</span> <span class='ocrx_word' id='word_1_637' title='bbox 1572 4930 1643 4986; x_wconf 88' lang='lat' dir='ltr'>ab</span> <span class='ocrx_word' id='word_1_638' title='bbox 1671 4930 1983 4987; x_wconf 85' lang='lat' dir='ltr'>Antonino.</span> 
     </span>
    </p>
   </div>
   <div class='ocr_carea' id='block_1_85' title="bbox 972 5108 1567 5151">
    <p class='ocr_par' dir='ltr' id='par_1_85' title="bbox 972 5108 1567 5151">
     <span class='ocr_line' id='line_1_85' title="bbox 972 5108 1567 5151; baseline 0.005 -5"><span class='ocrx_word' id='word_1_639' title='bbox 972 5108 1127 5147; x_wconf 78' lang='lat' dir='ltr'>ANNO</span> <span class='ocrx_word' id='word_1_640' title='bbox 1166 5108 1372 5148; x_wconf 79' lang='lat' dir='ltr'>DOMINI</span> <span class='ocrx_word' id='word_1_641' title='bbox 1412 5110 1567 5151; x_wconf 71' lang='lat' dir='ltr'>CCXV.</span> 
     </span>
    </p>
   </div>
   <div class='ocr_carea' id='block_1_86' title="bbox 515 5232 2093 5304">
    <p class='ocr_par' dir='ltr' id='par_1_86' title="bbox 515 5232 2093 5304">
     <span class='ocr_line' id='line_1_86' title="bbox 515 5232 2093 5304; baseline -0.001 -16"><span class='ocrx_word' id='word_1_642' title='bbox 515 5234 607 5288; x_wconf 85' lang='grc'>54.</span> <span class='ocrx_word' id='word_1_643' title='bbox 639 5238 695 5290; x_wconf 86' lang='lat'>8.</span> <span class='ocrx_word' id='word_1_644' title='bbox 726 5232 1022 5304; x_wconf 88' lang='lat' dir='ltr'>Zephirini</span> <span class='ocrx_word' id='word_1_645' title='bbox 1054 5234 1301 5290; x_wconf 85' lang='lat' dir='ltr'>Romani</span> <span class='ocrx_word' id='word_1_646' title='bbox 1332 5236 1627 5291; x_wconf 81' lang='lat' dir='ltr'>Pontificis</span> <span class='ocrx_word' id='word_1_647' title='bbox 1670 5253 1783 5303; x_wconf 71' lang='lat' dir='ltr'>xvx,</span> <span class='ocrx_word' id='word_1_648' title='bbox 1820 5233 2093 5291; x_wconf 88' lang='lat' dir='ltr'>Antonini</span> 
     </span>
    </p>
   </div>
   <div class='ocr_carea' id='block_1_87' title="bbox 446 5323 2091 5393">
    <p class='ocr_par' dir='ltr' id='par_1_87' title="bbox 446 5323 2091 5393">
     <span class='ocr_line' id='line_1_87' title="bbox 446 5323 2091 5393; baseline -0.001 -16"><span class='ocrx_word' id='word_1_649' title='bbox 446 5323 659 5393; x_wconf 90' lang='lat' dir='ltr'>Imper.</span> <span class='ocrx_word' id='word_1_650' title='bbox 695 5339 770 5390; x_wconf 86' lang='lat' dir='ltr'>IV,</span> <span class='ocrx_word' id='word_1_651' title='bbox 804 5339 950 5377; x_wconf 84' lang='lat' dir='ltr'><strong>SILIO</strong></span> <span class='ocrx_word' id='word_1_652' title='bbox 981 5339 1235 5378; x_wconf 62' lang='lat' dir='ltr'>massam</span> <span class='ocrx_word' id='word_1_653' title='bbox 1266 5341 1332 5379; x_wconf 83' lang='lat' dir='ltr'>ET</span> <span class='ocrx_word' id='word_1_654' title='bbox 1361 5342 1415 5387; x_wconf 86' lang='grc' dir='ltr'>ο.</span> <span class='ocrx_word' id='word_1_655' title='bbox 1446 5341 1676 5387; x_wconf 82' lang='lat' dir='ltr'>AQUILIO</span> <span class='ocrx_word' id='word_1_656' title='bbox 1715 5341 1915 5379; x_wconf 62' lang='lat' dir='ltr'>sanmo</span> <span class='ocrx_word' id='word_1_657' title='bbox 1947 5339 2091 5378; x_wconf 87' lang='lat' dir='ltr'>coss.</span> 
     </span>
    </p>
   </div>
   <div class='ocr_carea' id='block_1_88' title="bbox 447 5411 2097 5484">
    <p class='ocr_par' dir='ltr' id='par_1_88' title="bbox 447 5411 2097 5484">
     <span class='ocr_line' id='line_1_88' title="bbox 447 5411 2097 5484; baseline -0.001 -16"><span class='ocrx_word' id='word_1_658' title='bbox 447 5412 772 5482; x_wconf 87' lang='lat' dir='ltr'>Imperator</span> <span class='ocrx_word' id='word_1_659' title='bbox 792 5426 860 5466; x_wconf 86' lang='lat' dir='ltr'>ex</span> <span class='ocrx_word' id='word_1_660' title='bbox 889 5411 1252 5481; x_wconf 88' lang='lat' dir='ltr'>expeditione</span> <span class='ocrx_word' id='word_1_661' title='bbox 1274 5411 1513 5482; x_wconf 88' lang='lat' dir='ltr'>Gallica,</span> <span class='ocrx_word' id='word_1_662' title='bbox 1547 5414 1717 5483; x_wconf 86' lang='lat' dir='ltr'>cujus</span> <span class='ocrx_word' id='word_1_663' title='bbox 1750 5411 2097 5484; x_wconf 90' lang='lat' dir='ltr'>Spartianus</span> 
     </span>
    </p>
   </div>
   <div class='ocr_carea' id='block_1_89' title="bbox 453 5498 2098 5572">
    <p class='ocr_par' dir='ltr' id='par_1_89' title="bbox 453 5498 2098 5572">
     <span class='ocr_line' id='line_1_89' title="bbox 453 5498 2098 5572; baseline -0.002 -16"><span class='ocrx_word' id='word_1_664' title='bbox 453 5498 743 5566; x_wconf 87' lang='lat' dir='ltr'>meminit,</span> <span class='ocrx_word' id='word_1_665' title='bbox 775 5500 1017 5553; x_wconf 83' lang='lat' dir='ltr'>Romam</span> <span class='ocrx_word' id='word_1_666' title='bbox 1049 5514 1338 5566; x_wconf 89' lang='lat' dir='ltr'>reversus,</span> <span class='ocrx_word' id='word_1_667' title='bbox 1372 5516 1406 5553; x_wconf 88' lang='lat' dir='ltr'>a</span> <span class='ocrx_word' id='word_1_668' title='bbox 1434 5500 1611 5555; x_wconf 91' lang='lat' dir='ltr'>vestis</span> <span class='ocrx_word' id='word_1_669' title='bbox 1641 5500 1844 5556; x_wconf 86' lang='lat' dir='ltr'>talaris</span> <span class='ocrx_word' id='word_1_670' title='bbox 1888 5516 2098 5572; x_wconf 90' lang='lat' dir='ltr'>genere</span> 
     </span>
    </p>
   </div>
   <div class='ocr_carea' id='block_1_90' title="bbox 453 5584 2097 5658">
    <p class='ocr_par' dir='ltr' id='par_1_90' title="bbox 453 5584 2097 5658">
     <span class='ocr_line' id='line_1_90' title="bbox 453 5584 2097 5658; baseline -0.002 -14"><span class='ocrx_word' id='word_1_671' title='bbox 453 5588 590 5644; x_wconf 92' lang='lat' dir='ltr'>inde</span> <span class='ocrx_word' id='word_1_672' title='bbox 621 5586 829 5651; x_wconf 70' lang='lat' dir='ltr'>allatis,</span> <span class='ocrx_word' id='word_1_673' title='bbox 861 5602 1037 5658; x_wconf 86' lang='lat' dir='ltr'>quam</span> <span class='ocrx_word' id='word_1_674' title='bbox 1088 5584 1243 5657; x_wconf 89' lang='lat' dir='ltr'>plebi</span> <span class='ocrx_word' id='word_1_675' title='bbox 1300 5588 1618 5657; x_wconf 87' lang='lat' dir='ltr'>distribuit,</span> <span class='ocrx_word' id='word_1_676' title='bbox 1670 5594 1735 5644; x_wconf 90' lang='lat' dir='ltr'>ut</span> <span class='ocrx_word' id='word_1_677' title='bbox 1783 5604 1849 5644; x_wconf 90' lang='lat' dir='ltr'>eo</span> <span class='ocrx_word' id='word_1_678' title='bbox 1886 5587 2097 5643; x_wconf 81' lang='lat' dir='ltr'>vestitu</span> 
     </span>
    </p>
   </div>
   <div class='ocr_carea' id='block_1_91' title="bbox 455 5674 2098 5751">
    <p class='ocr_par' dir='ltr' id='par_1_91' title="bbox 455 5674 2098 5751">
     <span class='ocr_line' id='line_1_91' title="bbox 455 5674 2098 5751; baseline -0.001 -16"><span class='ocrx_word' id='word_1_679' title='bbox 455 5693 585 5735; x_wconf 85' lang='lat' dir='ltr'>sese</span> <span class='ocrx_word' id='word_1_680' title='bbox 615 5675 915 5745; x_wconf 87' lang='lat' dir='ltr'>salutaret,</span> <span class='ocrx_word' id='word_1_681' title='bbox 948 5674 1243 5733; x_wconf 89' lang='lat' dir='ltr'>Caracalla</span> <span class='ocrx_word' id='word_1_682' title='bbox 1288 5682 1663 5751; x_wconf 87' lang='lat' dir='ltr'>nuncupatus</span> <span class='ocrx_word' id='word_1_683' title='bbox 1690 5683 1801 5736; x_wconf 87' lang='lat' dir='ltr'>est.</span> <span class='ocrx_word' id='word_1_684' title='bbox 1833 5677 1951 5734; x_wconf 86' lang='lat' dir='ltr'>Hoc</span> <span class='ocrx_word' id='word_1_685' title='bbox 1979 5677 2098 5733; x_wconf 82' lang='lat' dir='ltr'>fere</span> 
     </span>
    </p>
   </div>
   <div class='ocr_carea' id='block_1_92' title="bbox 2190 3321 3842 3386">
    <p class='ocr_par' dir='ltr' id='par_1_92' title="bbox 2190 3321 3842 3386">
     <span class='ocr_line' id='line_1_92' title="bbox 2190 3321 3842 3386; baseline -0.007 0"><span class='ocrx_word' id='word_1_686' title='bbox 2190 3332 2384 3386; x_wconf 87' lang='lat' dir='ltr'>rimus.</span> <span class='ocrx_word' id='word_1_687' title='bbox 2430 3329 2647 3385; x_wconf 86' lang='lat' dir='ltr'>Verum</span> <span class='ocrx_word' id='word_1_688' title='bbox 2711 3331 2779 3385; x_wconf 89' lang='lat' dir='ltr'>de</span> <span class='ocrx_word' id='word_1_689' title='bbox 2844 3328 2953 3384; x_wconf 91' lang='lat' dir='ltr'>hoc</span> <span class='ocrx_word' id='word_1_690' title='bbox 3001 3326 3180 3384; x_wconf 88' lang='lat' dir='ltr'>latius</span> <span class='ocrx_word' id='word_1_691' title='bbox 3230 3327 3288 3381; x_wconf 92' lang='lat' dir='ltr'>in</span> <span class='ocrx_word' id='word_1_692' title='bbox 3346 3321 3842 3380; x_wconf 84' lang='lat' dir='ltr'>Adnotationibus</span> 
     </span>
    </p>
   </div>
   <div class='ocr_carea' id='block_1_93' title="bbox 2194 3419 2431 3476">
    <p class='ocr_par' dir='ltr' id='par_1_93' title="bbox 2194 3419 2431 3476">
     <span class='ocr_line' id='line_1_93' title="bbox 2194 3419 2431 3476; baseline -0.004 0"><span class='ocrx_word' id='word_1_693' title='bbox 2194 3419 2431 3476; x_wconf 87' lang='lat' dir='ltr'>nostris.</span> 
     </span>
    </p>
   </div>
   <div class='ocr_carea' id='block_1_94' title="bbox 2708 3568 3327 3610">
    <p class='ocr_par' dir='ltr' id='par_1_94' title="bbox 2708 3568 3327 3610">
     <span class='ocr_line' id='line_1_94' title="bbox 2708 3568 3327 3610; baseline -0.005 -2"><span class='ocrx_word' id='word_1_694' title='bbox 2708 3570 2863 3610; x_wconf 78' lang='lat' dir='ltr'>ANNO</span> <span class='ocrx_word' id='word_1_695' title='bbox 2899 3569 3105 3608; x_wconf 80' lang='lat' dir='ltr'>DOMINI</span> <span class='ocrx_word' id='word_1_696' title='bbox 3144 3568 3327 3607; x_wconf 71' lang='lat' dir='ltr'>CCXVI.</span> 
     </span>
    </p>
   </div>
   <div class='ocr_carea' id='block_1_95' title="bbox 2265 3710 3841 3788">
    <p class='ocr_par' dir='ltr' id='par_1_95' title="bbox 2265 3710 3841 3788">
     <span class='ocr_line' id='line_1_95' title="bbox 2265 3710 3841 3788; baseline -0.01 -14"><span class='ocrx_word' id='word_1_697' title='bbox 2265 3720 2353 3774; x_wconf 87' lang='lat'>35.</span> <span class='ocrx_word' id='word_1_698' title='bbox 2384 3716 2581 3773; x_wconf 63' lang='lat' dir='ltr'>Sancti</span> <span class='ocrx_word' id='word_1_699' title='bbox 2613 3716 2903 3788; x_wconf 89' lang='lat' dir='ltr'>Zephirini</span> <span class='ocrx_word' id='word_1_700' title='bbox 2945 3714 3191 3771; x_wconf 85' lang='lat' dir='ltr'>Romani</span> <span class='ocrx_word' id='word_1_701' title='bbox 3226 3710 3518 3769; x_wconf 83' lang='lat' dir='ltr'>Pontiﬁcis</span> <span class='ocrx_word' id='word_1_702' title='bbox 3548 3725 3684 3775; x_wconf 82' lang='lat' dir='ltr'>xvu,</span> <span class='ocrx_word' id='word_1_703' title='bbox 3720 3711 3841 3759; x_wconf 84' lang='lat' dir='ltr'>An-</span> 
     </span>
    </p>
   </div>
   <div class='ocr_carea' id='block_1_96' title="bbox 2193 3794 3846 3879">
    <p class='ocr_par' dir='ltr' id='par_1_96' title="bbox 2193 3794 3846 3879">
     <span class='ocr_line' id='line_1_96' title="bbox 2193 3794 3846 3879; baseline -0.01 -14"><span class='ocrx_word' id='word_1_704' title='bbox 2193 3807 2383 3865; x_wconf 92' lang='lat' dir='ltr'>tonini</span> <span class='ocrx_word' id='word_1_705' title='bbox 2415 3811 2623 3879; x_wconf 89' lang='lat' dir='ltr'>lmper.</span> <span class='ocrx_word' id='word_1_706' title='bbox 2652 3822 2708 3875; x_wconf 92' lang='lat' dir='ltr'>v,</span> <span class='ocrx_word' id='word_1_707' title='bbox 2749 3819 2947 3859; x_wconf 79' lang='lat' dir='ltr'>AMILIO</span> <span class='ocrx_word' id='word_1_708' title='bbox 2986 3820 3138 3859; x_wconf 71' lang='lat' dir='ltr'>me</span> <span class='ocrx_word' id='word_1_709' title='bbox 3168 3803 3367 3873; x_wconf 90' lang='lat' dir='ltr'>(quem</span> <span class='ocrx_word' id='word_1_710' title='bbox 3408 3798 3579 3872; x_wconf 91' lang='lat' dir='ltr'>paulo</span> <span class='ocrx_word' id='word_1_711' title='bbox 3612 3799 3743 3869; x_wconf 91' lang='lat' dir='ltr'>post</span> <span class='ocrx_word' id='word_1_712' title='bbox 3773 3794 3846 3849; x_wconf 87' lang='lat' dir='ltr'>ab</span> 
     </span>
    </p>
   </div>
   <div class='ocr_carea' id='block_1_97' title="bbox 2195 3888 3846 3963">
    <p class='ocr_par' dir='ltr' id='par_1_97' title="bbox 2195 3888 3846 3963">
     <span class='ocr_line' id='line_1_97' title="bbox 2195 3888 3846 3963; baseline -0.009 -11"><span class='ocrx_word' id='word_1_713' title='bbox 2195 3897 2491 3953; x_wconf 88' lang='lat' dir='ltr'>Antonino</span> <span class='ocrx_word' id='word_1_714' title='bbox 2521 3896 2885 3951; x_wconf 82' lang='lat' dir='ltr'>interfectum</span> <span class='ocrx_word' id='word_1_715' title='bbox 2919 3893 3123 3949; x_wconf 79' lang='lat' dir='ltr'>scribit</span> <span class='ocrx_word' id='word_1_716' title='bbox 3151 3888 3518 3963; x_wconf 84' lang='lat' dir='ltr'>Spartianus)</span> <span class='ocrx_word' id='word_1_717' title='bbox 3551 3906 3616 3943; x_wconf 78' lang='lat' dir='ltr'>er</span> <span class='ocrx_word' id='word_1_718' title='bbox 3652 3901 3846 3940; x_wconf 80' lang='lat' dir='ltr'>ANICIO</span> 
     </span>
    </p>
   </div>
   <div class='ocr_carea' id='block_1_98' title="bbox 2196 3973 3843 4055">
    <p class='ocr_par' dir='ltr' id='par_1_98' title="bbox 2196 3973 3843 4055">
     <span class='ocr_line' id='line_1_98' title="bbox 2196 3973 3843 4055; baseline -0.01 -13"><span class='ocrx_word' id='word_1_719' title='bbox 2196 4004 2425 4042; x_wconf 76' lang='lat' dir='ltr'>CEREALI</span> <span class='ocrx_word' id='word_1_720' title='bbox 2466 4001 2622 4040; x_wconf 89' lang='lat' dir='ltr'>coss.</span> <span class='ocrx_word' id='word_1_721' title='bbox 2665 4001 2731 4039; x_wconf 91' lang='lat' dir='ltr'>eo</span> <span class='ocrx_word' id='word_1_722' title='bbox 2779 3984 2905 4055; x_wconf 90' lang='lat' dir='ltr'>ipso</span> <span class='ocrx_word' id='word_1_723' title='bbox 2959 3999 3074 4054; x_wconf 91' lang='lat' dir='ltr'>quo</span> <span class='ocrx_word' id='word_1_724' title='bbox 3122 3980 3455 4036; x_wconf 88' lang='lat' dir='ltr'>Antoninus</span> <span class='ocrx_word' id='word_1_725' title='bbox 3502 3978 3561 4031; x_wconf 90' lang='lat' dir='ltr'>in</span> <span class='ocrx_word' id='word_1_726' title='bbox 3611 3973 3843 4047; x_wconf 84' lang='lat' dir='ltr'>expedi-</span> 
     </span>
    </p>
   </div>
   <div class='ocr_carea' id='block_1_99' title="bbox 2197 4062 3849 4143">
    <p class='ocr_par' dir='ltr' id='par_1_99' title="bbox 2197 4062 3849 4143">
     <span class='ocr_line' id='line_1_99' title="bbox 2197 4062 3849 4143; baseline -0.009 -12"><span class='ocrx_word' id='word_1_727' title='bbox 2197 4076 2353 4131; x_wconf 90' lang='lat' dir='ltr'>tione</span> <span class='ocrx_word' id='word_1_728' title='bbox 2402 4072 2746 4130; x_wconf 88' lang='lat' dir='ltr'>Germanica</span> <span class='ocrx_word' id='word_1_729' title='bbox 2785 4074 2953 4143; x_wconf 89' lang='lat' dir='ltr'>(teste</span> <span class='ocrx_word' id='word_1_730' title='bbox 3000 4070 3330 4143; x_wconf 85' lang='lat' dir='ltr'>Spartiano)</span> <span class='ocrx_word' id='word_1_731' title='bbox 3376 4064 3549 4139; x_wconf 81' lang='lat' dir='ltr'>juxta</span> <span class='ocrx_word' id='word_1_732' title='bbox 3596 4062 3849 4119; x_wconf 81' lang='lat' dir='ltr'>Rhaetias</span> 
     </span>
    </p>
   </div>
   <div class='ocr_carea' id='block_1_100' title="bbox 2200 4156 3845 4229">
    <p class='ocr_par' dir='ltr' id='par_1_100' title="bbox 2200 4156 3845 4229">
     <span class='ocr_line' id='line_1_100' title="bbox 2200 4156 3845 4229; baseline -0.009 -10"><span class='ocrx_word' id='word_1_733' title='bbox 2200 4164 2419 4219; x_wconf 88' lang='lat' dir='ltr'>multos</span> <span class='ocrx_word' id='word_1_734' title='bbox 2444 4163 2724 4218; x_wconf 86' lang='lat' dir='ltr'>barbaros</span> <span class='ocrx_word' id='word_1_735' title='bbox 2756 4161 3067 4225; x_wconf 79' lang='lat' dir='ltr'>interiecit,</span> <span class='ocrx_word' id='word_1_736' title='bbox 3118 4158 3252 4214; x_wconf 89' lang='lat' dir='ltr'>inde</span> <span class='ocrx_word' id='word_1_737' title='bbox 3288 4156 3662 4229; x_wconf 88' lang='lat' dir='ltr'>potissimum</span> <span class='ocrx_word' id='word_1_738' title='bbox 3703 4168 3845 4206; x_wconf 79' lang='lat' dir='ltr'>osa-</span> 
     </span>
    </p>
   </div>
   <div class='ocr_carea' id='block_1_101' title="bbox 2201 4245 3848 4323">
    <p class='ocr_par' dir='ltr' id='par_1_101' title="bbox 2201 4245 3848 4323">
     <span class='ocr_line' id='line_1_101' title="bbox 2201 4245 3848 4323; baseline -0.009 -14"><span class='ocrx_word' id='word_1_739' title='bbox 2201 4268 2453 4309; x_wconf 78' lang='lat' dir='ltr'>MANICUS</span> <span class='ocrx_word' id='word_1_740' title='bbox 2493 4251 2848 4323; x_wconf 87' lang='lat' dir='ltr'>appellatus,</span> <span class='ocrx_word' id='word_1_741' title='bbox 2882 4253 3123 4320; x_wconf 90' lang='lat' dir='ltr'>putatur</span> <span class='ocrx_word' id='word_1_742' title='bbox 3171 4245 3481 4317; x_wconf 87' lang='lat' dir='ltr'>scripsisse</span> <span class='ocrx_word' id='word_1_743' title='bbox 3506 4257 3848 4297; x_wconf 74' lang='lat' dir='ltr'>TERTULLIA-</span> 
     </span>
    </p>
   </div>
   <div class='ocr_carea' id='block_1_102' title="bbox 2203 4331 3853 4409">
    <p class='ocr_par' dir='ltr' id='par_1_102' title="bbox 2203 4331 3853 4409">
     <span class='ocr_line' id='line_1_102' title="bbox 2203 4331 3853 4409; baseline -0.01 -11"><span class='ocrx_word' id='word_1_744' title='bbox 2203 4359 2314 4398; x_wconf 68' lang='lat' dir='ltr'>nos</span> <span class='ocrx_word' id='word_1_745' title='bbox 2344 4341 2561 4397; x_wconf 88' lang='lat' dir='ltr'>librum</span> <span class='ocrx_word' id='word_1_746' title='bbox 2594 4357 2668 4395; x_wconf 80' lang='lat' dir='ltr'>ns</span> <span class='ocrx_word' id='word_1_747' title='bbox 2719 4356 3004 4396; x_wconf 81' lang='lat' dir='ltr'>PUDICITIA</span> <span class='ocrx_word' id='word_1_748' title='bbox 3042 4337 3167 4409; x_wconf 87' lang='lat' dir='ltr'>(lib.</span> <span class='ocrx_word' id='word_1_749' title='bbox 3209 4336 3275 4391; x_wconf 86' lang='lat' dir='ltr'>de</span> <span class='ocrx_word' id='word_1_750' title='bbox 3321 4334 3582 4400; x_wconf 85' lang='lat' dir='ltr'>Pudicit.,</span> <span class='ocrx_word' id='word_1_751' title='bbox 3615 4348 3665 4385; x_wconf 89' lang='lat' dir='ltr'>c.</span> <span class='ocrx_word' id='word_1_752' title='bbox 3696 4331 3752 4399; x_wconf 90' lang='lat'>7,</span> <span class='ocrx_word' id='word_1_753' title='bbox 3792 4332 3853 4384; x_wconf 87' lang='lat' dir='ltr'>et</span> 
     </span>
    </p>
   </div>
   <div class='ocr_carea' id='block_1_103' title="bbox 2203 4419 3851 4502">
    <p class='ocr_par' dir='ltr' id='par_1_103' title="bbox 2203 4419 3851 4502">
     <span class='ocr_line' id='line_1_103' title="bbox 2203 4419 3851 4502; baseline -0.01 -15"><span class='ocrx_word' id='word_1_754' title='bbox 2203 4448 2331 4502; x_wconf 89' lang='lat' dir='ltr'>cap.</span> <span class='ocrx_word' id='word_1_755' title='bbox 2368 4432 2470 4502; x_wconf 85' lang='lat'>10).</span> <span class='ocrx_word' id='word_1_756' title='bbox 2506 4432 2566 4485; x_wconf 92' lang='lat' dir='ltr'>In</span> <span class='ocrx_word' id='word_1_757' title='bbox 2600 4446 2715 4500; x_wconf 91' lang='lat' dir='ltr'>quo</span> <span class='ocrx_word' id='word_1_758' title='bbox 2747 4428 3098 4484; x_wconf 86' lang='lat' dir='ltr'>sententiam</span> <span class='ocrx_word' id='word_1_759' title='bbox 3131 4424 3315 4481; x_wconf 87' lang='lat' dir='ltr'>sancti</span> <span class='ocrx_word' id='word_1_760' title='bbox 3347 4421 3582 4479; x_wconf 86' lang='lat' dir='ltr'>Damasi</span> <span class='ocrx_word' id='word_1_761' title='bbox 3613 4420 3672 4473; x_wconf 89' lang='lat' dir='ltr'>in</span> <span class='ocrx_word' id='word_1_762' title='bbox 3700 4419 3851 4473; x_wconf 88' lang='lat' dir='ltr'>Pon-</span> 
     </span>
    </p>
   </div>
   <div class='ocr_carea' id='block_1_104' title="bbox 2203 4506 3854 4575">
    <p class='ocr_par' dir='ltr' id='par_1_104' title="bbox 2203 4506 3854 4575">
     <span class='ocr_line' id='line_1_104' title="bbox 2203 4506 3854 4575; baseline -0.008 0"><span class='ocrx_word' id='word_1_763' title='bbox 2203 4519 2401 4575; x_wconf 85' lang='lat' dir='ltr'>tilicali</span> <span class='ocrx_word' id='word_1_764' title='bbox 2436 4521 2506 4574; x_wconf 91' lang='lat' dir='ltr'>de</span> <span class='ocrx_word' id='word_1_765' title='bbox 2537 4520 2696 4575; x_wconf 86' lang='lat' dir='ltr'>vasis</span> <span class='ocrx_word' id='word_1_766' title='bbox 2744 4517 2941 4573; x_wconf 69' lang='lat' dir='ltr'>vitreis</span> <span class='ocrx_word' id='word_1_767' title='bbox 2984 4516 3055 4571; x_wconf 92' lang='lat' dir='ltr'>ad</span> <span class='ocrx_word' id='word_1_768' title='bbox 3106 4514 3459 4571; x_wconf 89' lang='lat' dir='ltr'>sacriﬁcium</span> <span class='ocrx_word' id='word_1_769' title='bbox 3503 4506 3787 4565; x_wconf 86' lang='lat' dir='ltr'>ordinatis</span> <span class='ocrx_word' id='word_1_770' title='bbox 3818 4522 3854 4562; x_wconf 87' lang='lat' dir='ltr'>a</span> 
     </span>
    </p>
   </div>
   <div class='ocr_carea' id='block_1_105' title="bbox 2123 4587 3849 4679">
    <p class='ocr_par' dir='ltr' id='par_1_105' title="bbox 2123 4587 3849 4679">
     <span class='ocr_line' id='line_1_105' title="bbox 2123 4587 3849 4679; baseline -0.008 -15"><span class='ocrx_word' id='word_1_771' title='bbox 2123 4587 2169 4651; x_wconf 74' lang='grc' dir='ltr'>Π</span> <span class='ocrx_word' id='word_1_772' title='bbox 2202 4614 2403 4664; x_wconf 91' lang='lat' dir='ltr'>sancto</span> <span class='ocrx_word' id='word_1_773' title='bbox 2451 4607 2785 4679; x_wconf 90' lang='lat' dir='ltr'>Zephirino,</span> <span class='ocrx_word' id='word_1_774' title='bbox 2844 4605 3194 4660; x_wconf 83' lang='lat' dir='ltr'>conﬁrmant</span> <span class='ocrx_word' id='word_1_775' title='bbox 3242 4602 3362 4657; x_wconf 66' lang='lat' dir='ltr'>haec</span> <span class='ocrx_word' id='word_1_776' title='bbox 3407 4599 3566 4655; x_wconf 91' lang='lat' dir='ltr'>illius</span> <span class='ocrx_word' id='word_1_777' title='bbox 3614 4600 3787 4653; x_wconf 91' lang='lat' dir='ltr'>verba</span> <span class='ocrx_word' id='word_1_778' title='bbox 3836 4611 3849 4650; x_wconf 93' lang='lat'>:</span> 
     </span>
    </p>
   </div>
   <div class='ocr_carea' id='block_1_106' title="bbox 2206 4688 3855 4767">
    <p class='ocr_par' dir='ltr' id='par_1_106' title="bbox 2206 4688 3855 4767">
     <span class='ocr_line' id='line_1_106' title="bbox 2206 4688 3855 4767; baseline -0.009 -15"><span class='ocrx_word' id='word_1_779' title='bbox 2206 4698 2305 4752; x_wconf 81' lang='lat' dir='ltr'>Cui</span> <span class='ocrx_word' id='word_1_780' title='bbox 2351 4698 2446 4752; x_wconf 84' lang='lat' dir='ltr'>ille</span> <span class='ocrx_word' id='word_1_781' title='bbox 2482 4697 2532 4751; x_wconf 88' lang='lat' dir='ltr'>si</span> <span class='ocrx_word' id='word_1_782' title='bbox 2575 4698 2715 4767; x_wconf 81' lang='lat' dir='ltr'>forte</span> <span class='ocrx_word' id='word_1_783' title='bbox 2749 4694 3197 4766; x_wconf 84' lang='lat' dir='ltr'>patrocinabitur</span> <span class='ocrx_word' id='word_1_784' title='bbox 3238 4700 3443 4763; x_wconf 85' lang='lat' dir='ltr'>pastor,</span> <span class='ocrx_word' id='word_1_785' title='bbox 3484 4704 3641 4759; x_wconf 87' lang='lat' dir='ltr'>quem</span> <span class='ocrx_word' id='word_1_786' title='bbox 3670 4688 3729 4740; x_wconf 84' lang='lat' dir='ltr'>in</span> <span class='ocrx_word' id='word_1_787' title='bbox 3759 4701 3855 4739; x_wconf 87' lang='lat' dir='ltr'>ca-</span> 
     </span>
    </p>
   </div>
   <div class='ocr_carea' id='block_1_107' title="bbox 2205 4774 3853 4857">
    <p class='ocr_par' dir='ltr' id='par_1_107' title="bbox 2205 4774 3853 4857">
     <span class='ocr_line' id='line_1_107' title="bbox 2205 4774 3853 4857; baseline -0.01 -15"><span class='ocrx_word' id='word_1_788' title='bbox 2205 4788 2307 4842; x_wconf 87' lang='lat' dir='ltr'>lice</span> <span class='ocrx_word' id='word_1_789' title='bbox 2336 4786 2617 4857; x_wconf 81' lang='lat' dir='ltr'>depinqis;</span> <span class='ocrx_word' id='word_1_790' title='bbox 2672 4784 2925 4840; x_wconf 84' lang='lat' dir='ltr'>maxime</span> <span class='ocrx_word' id='word_1_791' title='bbox 2973 4782 3128 4855; x_wconf 89' lang='lat' dir='ltr'>quod</span> <span class='ocrx_word' id='word_1_792' title='bbox 3174 4780 3439 4851; x_wconf 87' lang='lat' dir='ltr'>sequitur</span> <span class='ocrx_word' id='word_1_793' title='bbox 3472 4796 3485 4834; x_wconf 88' lang='lat'><strong>:</strong></span> <span class='ocrx_word' id='word_1_794' title='bbox 3517 4779 3582 4833; x_wconf 84' lang='lat' dir='ltr'>At</span> <span class='ocrx_word' id='word_1_795' title='bbox 3610 4791 3704 4847; x_wconf 88' lang='lat' dir='ltr'>ego</span> <span class='ocrx_word' id='word_1_796' title='bbox 3734 4774 3853 4845; x_wconf 88' lang='lat' dir='ltr'>ejus</span> 
     </span>
    </p>
   </div>
   <div class='ocr_carea' id='block_1_108' title="bbox 2200 4866 3856 4948">
    <p class='ocr_par' dir='ltr' id='par_1_108' title="bbox 2200 4866 3856 4948">
     <span class='ocr_line' id='line_1_108' title="bbox 2200 4866 3856 4948; baseline -0.011 -14"><span class='ocrx_word' id='word_1_797' title='bbox 2200 4880 2438 4948; x_wconf 79' lang='lat' dir='ltr'>pastoris</span> <span class='ocrx_word' id='word_1_798' title='bbox 2485 4877 2821 4946; x_wconf 84' lang='lat' dir='ltr'>scripturam</span> <span class='ocrx_word' id='word_1_799' title='bbox 2878 4874 3077 4927; x_wconf 87' lang='lat' dir='ltr'>haurio</span> <span class='ocrx_word' id='word_1_800' title='bbox 3124 4872 3223 4942; x_wconf 88' lang='lat' dir='ltr'>qui</span> <span class='ocrx_word' id='word_1_801' title='bbox 3250 4869 3447 4940; x_wconf 84' lang='lat' dir='ltr'>frangi</span> <span class='ocrx_word' id='word_1_802' title='bbox 3490 4882 3601 4921; x_wconf 86' lang='lat' dir='ltr'>non</span> <span class='ocrx_word' id='word_1_803' title='bbox 3646 4866 3818 4936; x_wconf 84' lang='lat' dir='ltr'>potest</span> <span class='ocrx_word' id='word_1_804' title='bbox 3833 4878 3856 4923; x_wconf 84' lang='lat'><strong><em>;</em></strong></span> 
     </span>
    </p>
   </div>
   <div class='ocr_carea' id='block_1_109' title="bbox 2204 4953 3855 5036">
    <p class='ocr_par' dir='ltr' id='par_1_109' title="bbox 2204 4953 3855 5036">
     <span class='ocr_line' id='line_1_109' title="bbox 2204 4953 3855 5036; baseline -0.01 -16"><span class='ocrx_word' id='word_1_805' title='bbox 2204 4966 2392 5036; x_wconf 79' lang='lat' dir='ltr'>frangi</span> <span class='ocrx_word' id='word_1_806' title='bbox 2423 4965 2579 5019; x_wconf 90' lang='lat' dir='ltr'>enim</span> <span class='ocrx_word' id='word_1_807' title='bbox 2613 4962 2888 5019; x_wconf 86' lang='lat' dir='ltr'>facillime</span> <span class='ocrx_word' id='word_1_808' title='bbox 2918 4965 3168 5034; x_wconf 88' lang='lat' dir='ltr'>possunt</span> <span class='ocrx_word' id='word_1_809' title='bbox 3202 4957 3411 5014; x_wconf 87' lang='lat' dir='ltr'>calices</span> <span class='ocrx_word' id='word_1_810' title='bbox 3444 4953 3608 5009; x_wconf 89' lang='lat' dir='ltr'>vitrei</span> <span class='ocrx_word' id='word_1_811' title='bbox 3640 4977 3653 5019; x_wconf 89' lang='lat'><strong>;</strong></span> <span class='ocrx_word' id='word_1_812' title='bbox 3704 4967 3855 5022; x_wconf 90' lang='lat' dir='ltr'>quos</span> 
     </span>
    </p>
   </div>
   <div class='ocr_carea' id='block_1_110' title="bbox 2203 5041 3856 5125">
    <p class='ocr_par' dir='ltr' id='par_1_110' title="bbox 2203 5041 3856 5125">
     <span class='ocr_line' id='line_1_110' title="bbox 2203 5041 3856 5125; baseline -0.009 -16"><span class='ocrx_word' id='word_1_813' title='bbox 2203 5055 2379 5109; x_wconf 90' lang='lat' dir='ltr'>etiam</span> <span class='ocrx_word' id='word_1_814' title='bbox 2430 5052 2666 5125; x_wconf 88' lang='lat' dir='ltr'>depingi</span> <span class='ocrx_word' id='word_1_815' title='bbox 2710 5057 2835 5107; x_wconf 88' lang='lat' dir='ltr'>tum</span> <span class='ocrx_word' id='word_1_816' title='bbox 2884 5050 3090 5106; x_wconf 90' lang='lat' dir='ltr'>solitos</span> <span class='ocrx_word' id='word_1_817' title='bbox 3136 5064 3286 5111; x_wconf 90' lang='lat' dir='ltr'>esse,</span> <span class='ocrx_word' id='word_1_818' title='bbox 3330 5045 3467 5101; x_wconf 89' lang='lat' dir='ltr'>hinc</span> <span class='ocrx_word' id='word_1_819' title='bbox 3505 5044 3570 5098; x_wconf 85' lang='lat' dir='ltr'>ﬁt</span> <span class='ocrx_word' id='word_1_820' title='bbox 3600 5041 3856 5097; x_wconf 81' lang='lat' dir='ltr'>manife-</span> 
     </span>
    </p>
   </div>
   <div class='ocr_carea' id='block_1_111' title="bbox 2206 5131 3853 5199">
    <p class='ocr_par' dir='ltr' id='par_1_111' title="bbox 2206 5131 3853 5199">
     <span class='ocr_line' id='line_1_111' title="bbox 2206 5131 3853 5199; baseline -0.01 0"><span class='ocrx_word' id='word_1_821' title='bbox 2206 5150 2387 5199; x_wconf 90' lang='lat' dir='ltr'>stum.</span> <span class='ocrx_word' id='word_1_822' title='bbox 2422 5143 2523 5198; x_wconf 89' lang='lat' dir='ltr'>Hic</span> <span class='ocrx_word' id='word_1_823' title='bbox 2577 5142 2755 5197; x_wconf 87' lang='lat' dir='ltr'>etiam</span> <span class='ocrx_word' id='word_1_824' title='bbox 2787 5141 2843 5195; x_wconf 93' lang='lat' dir='ltr'>in</span> <span class='ocrx_word' id='word_1_825' title='bbox 2897 5140 3005 5194; x_wconf 91' lang='lat' dir='ltr'>hoc</span> <span class='ocrx_word' id='word_1_826' title='bbox 3055 5156 3089 5193; x_wconf 91' lang='lat' dir='ltr'>a</span> <span class='ocrx_word' id='word_1_827' title='bbox 3131 5133 3505 5194; x_wconf 89' lang='lat' dir='ltr'>Montanistie</span> <span class='ocrx_word' id='word_1_828' title='bbox 3554 5131 3853 5195; x_wconf 88' lang='lat' dir='ltr'>dissentit,</span> 
     </span>
    </p>
   </div>
   <div class='ocr_carea' id='block_1_112' title="bbox 2207 5220 3851 5303">
    <p class='ocr_par' dir='ltr' id='par_1_112' title="bbox 2207 5220 3851 5303">
     <span class='ocr_line' id='line_1_112' title="bbox 2207 5220 3851 5303; baseline -0.01 -16"><span class='ocrx_word' id='word_1_829' title='bbox 2207 5234 2363 5303; x_wconf 92' lang='lat' dir='ltr'>quod</span> <span class='ocrx_word' id='word_1_830' title='bbox 2432 5248 2589 5298; x_wconf 92' lang='lat' dir='ltr'>cum,</span> <span class='ocrx_word' id='word_1_831' title='bbox 2640 5233 2789 5285; x_wconf 90' lang='lat' dir='ltr'>teste</span> <span class='ocrx_word' id='word_1_832' title='bbox 2837 5234 2899 5284; x_wconf 90' lang='lat' dir='ltr'>B.</span> <span class='ocrx_word' id='word_1_833' title='bbox 2953 5227 3189 5282; x_wconf 89' lang='lat' dir='ltr'>Hieron.</span> <span class='ocrx_word' id='word_1_834' title='bbox 3242 5225 3422 5296; x_wconf 80' lang='lat' dir='ltr'>Epist.</span> <span class='ocrx_word' id='word_1_835' title='bbox 3475 5220 3851 5292; x_wconf 85' lang='lat' dir='ltr'>supracitata,</span> 
     </span>
    </p>
   </div>
   <div class='ocr_carea' id='block_1_113' title="bbox 2204 5305 3854 5385">
    <p class='ocr_par' dir='ltr' id='par_1_113' title="bbox 2204 5305 3854 5385">
     <span class='ocr_line' id='line_1_113' title="bbox 2204 5305 3854 5385; baseline -0.008 -11"><span class='ocrx_word' id='word_1_836' title='bbox 2204 5325 2514 5376; x_wconf 85' lang='lat' dir='ltr'>Montanus</span> <span class='ocrx_word' id='word_1_837' title='bbox 2546 5319 2828 5375; x_wconf 88' lang='lat' dir='ltr'>sensisset</span> <span class='ocrx_word' id='word_1_838' title='bbox 2874 5333 2990 5371; x_wconf 89' lang='lat' dir='ltr'>non</span> <span class='ocrx_word' id='word_1_839' title='bbox 3024 5330 3193 5385; x_wconf 91' lang='lat' dir='ltr'>posse</span> <span class='ocrx_word' id='word_1_840' title='bbox 3243 5312 3505 5369; x_wconf 88' lang='lat' dir='ltr'>renovari</span> <span class='ocrx_word' id='word_1_841' title='bbox 3540 5326 3640 5381; x_wconf 90' lang='lat' dir='ltr'>per</span> <span class='ocrx_word' id='word_1_842' title='bbox 3670 5305 3854 5380; x_wconf 71' lang='lat' dir='ltr'>pmni-</span> 
     </span>
    </p>
   </div>
   <div class='ocr_carea' id='block_1_114' title="bbox 2206 5397 3855 5480">
    <p class='ocr_par' dir='ltr' id='par_1_114' title="bbox 2206 5397 3855 5480">
     <span class='ocr_line' id='line_1_114' title="bbox 2206 5397 3855 5480; baseline -0.01 -16"><span class='ocrx_word' id='word_1_843' title='bbox 2206 5411 2449 5470; x_wconf 60' lang='lat' dir='ltr'>tenthm</span> <span class='ocrx_word' id='word_1_844' title='bbox 2484 5409 2701 5480; x_wconf 89' lang='lat' dir='ltr'>lapsos,</span> <span class='ocrx_word' id='word_1_845' title='bbox 2734 5411 2911 5476; x_wconf 87' lang='lat' dir='ltr'>atque</span> <span class='ocrx_word' id='word_1_846' title='bbox 2950 5405 3092 5458; x_wconf 88' lang='lat' dir='ltr'>adeo</span> <span class='ocrx_word' id='word_1_847' title='bbox 3150 5402 3318 5459; x_wconf 91' lang='lat' dir='ltr'>illum</span> <span class='ocrx_word' id='word_1_848' title='bbox 3368 5418 3499 5457; x_wconf 92' lang='lat' dir='ltr'>cum</span> <span class='ocrx_word' id='word_1_849' title='bbox 3532 5397 3855 5455; x_wconf 79' lang='lat' dir='ltr'>Novatiano</span> 
     </span>
    </p>
   </div>
   <div class='ocr_carea' id='block_1_115' title="bbox 2208 5487 3853 5569">
    <p class='ocr_par' dir='ltr' id='par_1_115' title="bbox 2208 5487 3853 5569">
     <span class='ocr_line' id='line_1_115' title="bbox 2208 5487 3853 5569; baseline -0.009 -15"><span class='ocrx_word' id='word_1_850' title='bbox 2208 5500 2559 5569; x_wconf 89' lang='lat' dir='ltr'>conjungat;</span> <span class='ocrx_word' id='word_1_851' title='bbox 2595 5501 2796 5552; x_wconf 91' lang='lat' dir='ltr'>auctor</span> <span class='ocrx_word' id='word_1_852' title='bbox 2848 5494 3134 5549; x_wconf 86' lang='lat' dir='ltr'>duntaxat</span> <span class='ocrx_word' id='word_1_853' title='bbox 3163 5491 3407 5548; x_wconf 65' lang='lat' dir='ltr'>moechis</span> <span class='ocrx_word' id='word_1_854' title='bbox 3437 5494 3494 5546; x_wconf 91' lang='lat' dir='ltr'>et</span> <span class='ocrx_word' id='word_1_855' title='bbox 3540 5487 3853 5544; x_wconf 84' lang='lat' dir='ltr'>fornicato-</span> 
     </span>
    </p>
   </div>
   <div class='ocr_carea' id='block_1_116' title="bbox 2207 5576 3857 5659">
    <p class='ocr_par' dir='ltr' id='par_1_116' title="bbox 2207 5576 3857 5659">
     <span class='ocr_line' id='line_1_116' title="bbox 2207 5576 3857 5659; baseline -0.007 -17"><span class='ocrx_word' id='word_1_856' title='bbox 2207 5588 2372 5643; x_wconf 87' lang='lat' dir='ltr'>rihus</span> <span class='ocrx_word' id='word_1_857' title='bbox 2402 5586 2527 5659; x_wconf 79' lang='lat' dir='ltr'>(etsi</span> <span class='ocrx_word' id='word_1_858' title='bbox 2558 5600 2884 5657; x_wconf 87' lang='lat' dir='ltr'>perperam,</span> <span class='ocrx_word' id='word_1_859' title='bbox 2903 5587 2960 5639; x_wconf 90' lang='lat' dir='ltr'>et</span> <span class='ocrx_word' id='word_1_860' title='bbox 2989 5588 3370 5656; x_wconf 86' lang='lat' dir='ltr'>contraquam</span> <span class='ocrx_word' id='word_1_861' title='bbox 3401 5584 3573 5636; x_wconf 84' lang='lat' dir='ltr'>antea</span> <span class='ocrx_word' id='word_1_862' title='bbox 3603 5576 3857 5646; x_wconf 83' lang='lat' dir='ltr'>scripse-</span> 
     </span>
    </p>
   </div>
   <div class='ocr_carea' id='block_1_117' title="bbox 2207 5670 3855 5747">
    <p class='ocr_par' dir='ltr' id='par_1_117' title="bbox 2207 5670 3855 5747">
     <span class='ocr_line' id='line_1_117' title="bbox 2207 5670 3855 5747; baseline -0.008 -16"><span class='ocrx_word' id='word_1_863' title='bbox 2207 5681 2298 5732; x_wconf 87' lang='lat' dir='ltr'>rat</span> <span class='ocrx_word' id='word_1_864' title='bbox 2326 5675 2472 5732; x_wconf 89' lang='lat' dir='ltr'>libro</span> <span class='ocrx_word' id='word_1_865' title='bbox 2514 5674 2580 5731; x_wconf 81' lang='lat' dir='ltr'>de</span> <span class='ocrx_word' id='word_1_866' title='bbox 2626 5673 2849 5747; x_wconf 65' lang='lat' dir='ltr'>Posuit.)</span> <span class='ocrx_word' id='word_1_867' title='bbox 2875 5688 3080 5747; x_wconf 88' lang='lat' dir='ltr'>pacem</span> <span class='ocrx_word' id='word_1_868' title='bbox 3126 5670 3395 5730; x_wconf 64' lang='lat' dir='ltr'>Ecclesia</span> <span class='ocrx_word' id='word_1_869' title='bbox 3437 5670 3630 5741; x_wconf 88' lang='lat' dir='ltr'>neget,</span> <span class='ocrx_word' id='word_1_870' title='bbox 3661 5680 3855 5737; x_wconf 88' lang='lat' dir='ltr'>oppu-</span> 
     </span>
    </p>
   </div>
  </div>
