4148 6188
324 343 434 401 121

1638 335 2172 399 TERTULLIANI
2216 336 2421 395 Vl'l‘A.

3625 342 3741 400 122

324 490 517 547 gnans
564 487 630 527 ex
676 472 982 544 proposito
1031 470 1175 527 illud
1223 470 1517 544 Zepbirini
1563 472 1759 543 (quem
1794 470 1984 527 Ponti-
2016 470 2070 536 Α
2099 469 2157 524 S.
2190 468 2497 541 Zephyrini
2531 469 2695 541 Papae
2726 469 3089 524 Romanix1x
3109 470 3387 525 Antonini
3406 472 3738 543 vu,utrius-

326 563 494 617 ﬁcezu
526 560 849 616 Maximum
884 561 1060 617 etiam
1085 562 1209 631 jam
1242 560 1549 617 haereticus
1575 565 1631 616 et
1660 562 1983 632 Episc0pum

326 654 704 722 episcoporum
754 648 1030 722 appellat)
1069 667 1081 706 :
1116 653 1233 718 Ego
1282 660 1333 706 et
1378 651 1625 707 mmchiae
1653 659 1701 705 et
1731 652 1981 720 fornica-

324 741 498 794 tionis
540 740 740 794 delicta
770 740 1092 809 plenitcntia
1128 740 1333 809 functis
1375 738 1591 794 dimitto
1622 738 1743 804 (lib.
1777 739 1847 792 de
1876 742 1980 791 Pu-

326 829 460 895 dic.,
492 846 543 884 ο.
594 830 667 898 1).
713 831 901 899 Atque
932 828 1039 883 hoc
1066 832 1174 896 est,
1224 845 1353 883 mea
1382 829 1619 899 quidem
1670 826 1980 892 sententia,

327 919 485 989 quod
538 918 610 973 de
659 917 759 973 illo
811 917 1015 972 scribit
1065 919 1125 972 Β.
1178 921 1426 990 August.
1477 917 1579 973 lib.
1631 918 1701 972 de
1744 918 1984 983 llisres.,

326 1008 707 1079 postmodum
735 1008 840 1062 abs
894 1007 1359 1079 Catapbrygibus
1409 1008 1661 1061 divisum
1713 1024 1820 1060 sua
1853 1022 1985 1061 con-

327 1096 625 1153 venticula
654 1114 1030 1170 propagasse,
1059 1097 1328 1153 fortassis
1354 1098 1508 1169 quod
1535 1098 1658 1167 jam
1695 1094 1983 1151 defunctis

326 1186 447 1242 illis
482 1188 582 1259 qui
632 1186 767 1240 κατᾶ
814 1188 1067 1243 Proetum
1117 1189 1314 1259 (cujus
1353 1188 1477 1260 ipse
1524 1187 1797 1259 sectator)
1829 1185 1981 1240 dice-

324 1277 566 1345 bantur,
601 1277 931 1332 obtinerent
963 1276 1219 1349 palmam
1252 1277 1335 1331 illi
1367 1278 1465 1348 qui
1507 1278 1829 1332 secundum
1864 1280 1982 1329 zEs-

324 1365 586 1420 chinem.
637 1365 847 1437 Utpote
897 1370 1099 1421 contra
1147 1383 1295 1438 quos
1342 1366 1517 1422 tacite
1564 1364 1866 1437 scripserit
1916 1365 1981 1418 li-

324 1455 504 1509 brum
562 1455 843 1510 adversus
898 1456 1173 1511 Praxeam
1232 1456 1301 1512 de
1350 1456 1517 1511 Patre
1565 1461 1622 1511 et
1670 1454 1811 1509 Filio
1868 1471 1983 1509 non

324 1543 576 1598 eisdem.
630 1544 989 1600 Dissensisse
1035 1546 1212 1600 etiam
1243 1544 1409 1600 illum
1462 1544 1874 1600 annotavimus
1914 1544 1985 1598 de

327 1633 564 1687 duabus
596 1632 879 1688 duntaxat
926 1634 1423 1707 Quadragesimis.
1458 1637 1645 1700 Quare
1677 1632 1983 1699 falluntur,

330 1722 431 1792 qui
464 1738 531 1776 ex
563 1738 628 1777 eo
660 1721 784 1777 loco
830 1723 1113 1793 colligunt
1141 1741 1273 1778 eum
1308 1725 1379 1778 ad
1414 1723 1759 1778 catholicam
1793 1721 1984 1777 Eccle-

2093 576 2205 629 que
2238 559 2465 625 ultimo,
2498 577 2721 615 BRUTTO
2769 578 3076 615 pamssms
3106 578 3172 614 ET
3202 578 3404 615 MESSIO
3436 579 3736 616 sx'rmcx'ro

2092 667 2246 705 coss.
2274 667 2379 704 nos
2404 650 2578 705 etiam
2605 650 2861 705 historiae
2886 656 3094 705 nostris
3114 650 3541 706 Tcrtullianicae
3567 651 3740 706 ﬁdem

2093 738 2473 811 imponimus.
2517 740 2639 794 Non
2693 741 2842 811 quod
2881 745 3033 795 certo
3078 739 3325 794 velimus
3357 757 3616 795 asserere
3650 758 3744 811 po-

2094 834 2219 884 stea
2253 847 2363 884 non
2394 830 2788 901 supervixisse
2817 847 3278 897 TERTULLIANUM,
3311 846 3484 902 quem
3518 829 3743 885 Trithe-

2094 918 2229 973 nius
2261 918 2463 974 scribit
2489 919 2697 974 vixisse
2729 936 2915 990 usque
2967 920 3035 973 ad
3072 924 3367 974 senectam
3401 925 3457 974 et
3487 918 3740 987 senium,

2093 1011 2191 1064 sed
2229 1010 2377 1078 quod
2413 1009 2618 1064 saltem
2656 1026 2689 1064 a
2737 1009 3047 1064 scribendo
3088 1009 3394 1064 destiterit.
3443 1008 3740 1064 Sentieba-

2094 1116 2227 1154 mus
2255 1098 2590 1170 aliquando,
2625 1115 2757 1153 cum
2793 1098 2850 1152 in
2882 1098 3046 1152 illum
3080 1098 3485 1154 adnotationes
3518 1098 3740 1153 scribe-

2094 1207 2312 1252 remus,
2346 1187 2446 1244 lib.
2480 1190 2547 1244 de
2574 1189 2832 1257 Jejuniis,
2865 1187 2973 1243 sub
3003 1189 3057 1242 S.
3084 1187 3301 1242 Calixto
3334 1204 3483 1259 papa
3513 1188 3739 1243 editum

2093 1281 2295 1349 fuisse,
2331 1279 2481 1350 quod
2530 1279 2869 1348 Jajunz’orum
2918 1278 3251 1331 meminerit
3296 1279 3435 1331 citra
3464 1276 3593 1331 illos
3623 1276 3742 1332 dies

2093 1371 2292 1443 quibus
2346 1370 2565 1424 ablatus
2613 1376 2692 1422 est
2736 1383 2965 1437 sponsus
3014 1366 3133 1437 (lib.
3183 1366 3247 1420 de
3291 1367 3499 1437 Jejun.,
3549 1384 3599 1421 c.
3653 1367 3739 1436 13,

2094 1476 2151 1515 n.
2185 1462 2296 1527 78;
2348 1458 2505 1527 ibid.,
2540 1474 2588 1512 c.
2642 1458 2717 1525 4),
2768 1456 2823 1510 id
2858 1460 2947 1510 est
2996 1460 3155 1510 extra
3205 1455 3741 1527 quadragesimum,

2093 1559 2493 1615 existimantes
2526 1555 2708 1611 alludi
2741 1555 2811 1609 ad
2829 1554 3057 1625 jejunis
3080 1553 3148 1609 IV
3175 1555 3525 1623 Temporum
3551 1554 3623 1607 ab
3646 1553 3743 1609 illo

2094 1648 2386 1703 instituta.
2420 1646 2529 1701 Sed
2567 1645 2663 1699 ubi
2716 1643 2947 1715 penitus
2996 1644 3382 1714 inspeximus,
3434 1647 3624 1714 potest
3654 1660 3741 1698 re-

2096 1737 2232 1793 ferri
2268 1740 2367 1790 aut
2398 1736 2467 1789 ad
2495 1734 2551 1787 id
2587 1734 2739 1804 quod
2792 1733 3101 1804 sequitur:
3136 1734 3199 1787 Et
3245 1735 3549 1787 stationum
3578 1733 3743 1787 semi-

328 1809 483 1911 ξίθω
533 1810 801 1878 rediisse;
853 1812 1107 1868 maXime
1147 1830 1281 1867 cum
1334 1818 1395 1868 B-
1446 1817 1690 1885 Αυὲυθίι
1745 1827 1983 1867 causam
2020 1826 2301 1911 Bjejunia
2333 1826 2738 1894 interponentes
2772 1828 2999 1893 (nempe
3040 1822 3191 1875 ierim
3222 1826 3441 1892 quartae
3472 1826 3527 1877 et
3568 1825 3741 1876 sextae

329 1898 539 1954 haras.
589 1900 881 1972 duplicem
937 1902 1223 1973 assignat,
1250 1907 1377 1957 tum
1423 1903 1561 1974 quia
1591 1902 1883 1957 transiens
1916 1901 1985 1954 ad

328 1990 731 2061 Cataphrygas
762 1989 935 2062 ccepit
958 1992 1244 2047 secundas
1271 1993 1508 2063 nuptias
1533 1994 1838 2058 damnare,
1861 1995 1984 2045 tum

328 2078 475 2148 quia
503 2094 613 2134 sua
642 2078 1050 2135 conventicula
1078 2081 1436 2152 propagavit.

846 2229 1001 2268 ANNO
1032 2230 1237 2269 DOMINI
1267 2230 1473 2269 CCXVII.

400 2328 494 2381 36.
527 2326 725 2382 Sancti
754 2328 1049 2399 Zephirini
1099 2329 1263 2401 Papa:
1314 2329 1558 2385 Romani
1588 2346 1746 2392 xvm,
1780 2333 1837 2384 et
1864 2334 1982 2383 An-

326 2416 521 2471 tonini
554 2432 629 2485 v1,
677 2434 711 2479 ο
763 2434 995 2480 AQUILIO
1044 2436 1246 2474 sanmo
1276 2437 1315 2473 11
1364 2420 1457 2491 (ad
1491 2436 1665 2491 quem
1700 2419 1984 2491 Ulpianus

327 2506 516 2560 libros
574 2507 637 2559 51
706 2507 1043 2578 Digestorum
1101 2509 1357 2580 scripsit)
1410 2527 1475 2564 ετ
1532 2526 1684 2564 ssx'r.
1739 2524 1983 2563 auaauo

328 2595 431 2650 82
466 2612 519 2649 p.
552 2612 607 2648 Ρ.
640 2612 929 2651 ANULLINO
959 2614 1113 2653 coss.
1138 2615 1443 2654 censemus
1476 2599 1726 2669 scriptos
1747 2615 1986 2653 maror.-

330 2700 485 2736 LIANI
519 2700 719 2738 LIBROS
770 2702 872 2740 SEX
901 2703 972 2740 DE
1018 2703 1266 2754 EXSTASI,
1298 2692 1355 2742 Bt
1397 2704 1693 2742 ADVERSUS
1742 2704 1983 2742 APOLLO-

330 2788 479 2826 NIUM
512 2789 812 2829 SEPTIMUM
849 2777 1019 2841 (Inter
1062 2777 1424 2847 fragmenta),
1481 2794 1627 2848 quos
1676 2775 1847 2830 etiam
1883 2775 1983 2829 ad-

330 2878 541 2915 versus
572 2863 888 2918 Ecclesiam
913 2864 1163 2935 scriptos
1180 2870 1474 2921 testantur
1499 2871 1554 2919 Β.
1578 2865 1986 2936 Hieronymus,

331 2949 628 3020 Sophron.
663 2957 721 3005 et
750 2952 1057 3024 Nicephor.
1082 2954 1195 3009 Nec
1216 2954 1409 3009 obstat
1432 2955 1583 3025 quod
1608 2954 1989 3025 Appothnium

331 3039 580 3094 collocat
633 3041 840 3096 beatus
887 3042 1276 3115 Hieronymus
1329 3043 1501 3100 Catal.
1550 3046 1741 3115 script.
1800 3044 1984 3099 eccles.

325 3133 468 3182 ante
506 3133 840 3197 Auctorem,
877 3131 1033 3202 quia,
1069 3135 1223 3205 quod
1259 3133 1400 3188 alias
1432 3137 1619 3189 facere
1651 3132 1818 3201 solet,
1842 3132 1985 3186 inul-

322 3216 446 3271 lius
498 3216 873 3289 imperatoris
906 3222 1147 3277 ascribit
1191 3228 1474 3295 tempora.
1508 3224 1718 3278 Euseb.
1754 3238 1984 3293 quoque
2015 3221 2057 3286 C

324 3308 529 3363 Eccles.
564 3310 763 3365 Hister.
790 3310 892 3366 lib.
924 3328 982 3377 v,
1015 3329 1142 3384 cap.
1178 3314 1264 3379 17,
1290 3319 1346 3368 et
1377 3321 1509 3385 post
1534 3331 1667 3369 eum
1698 3313 1981 3384 Nicepho-

320 3413 453 3464 rus,
504 3413 638 3451 sum
687 3399 842 3453 inter
889 3416 989 3455 eos
1036 3401 1274 3472 quidem
1323 3407 1587 3458 recenset
1635 3402 1733 3472 qui
1783 3402 1985 3456 adver-

326 3503 434 3541 sus
467 3486 816 3543 Montanum
862 3489 1244 3561 scripserunt,
1279 3492 1380 3547 sed
1413 3491 1751 3563 aliquandiu
1785 3495 1988 3563 postea

328 3576 736 3645 conscriptum
793 3579 933 3633 satis
988 3579 1250 3635 indicant
1297 3580 1399 3636 illa
1438 3582 1613 3637 verba
1663 3599 1675 3637 :
1730 3604 1759 3632 ‹‹
1810 3580 1987 3636 Porro

329 3666 656 3735 Apollonius
710 3668 962 3739 scriptor
1015 3668 1469 3737 ecclesiasticus,
1531 3688 1665 3726 cum
1724 3686 1791 3725 ea
1858 3686 1986 3741 quis

330 3755 767 3827 Cataphrygum
795 3756 1032 3813 haaresis
1063 3759 1365 3815 nominata
1394 3765 1482 3815 est
1509 3761 1701 3815 adhuc
1725 3759 1783 3815 in
1808 3759 1990 3831 Phry-

327 3843 430 3914 gia
460 3843 656 3914 vigere
703 3846 1023 3913 videretur,
1070 3847 1287 3903 librum
1338 3849 1654 3920 separatim
1687 3850 1759 3904 ad
1793 3852 1990 3920 patro-

330 3949 442 3987 nos
476 3932 741 4002 ejusdem
788 3937 1174 3991 confutandos
1196 3939 1568 4010 conscripsit.
1602 3938 1823 3993 Deinde
1852 3954 1991 3992 con-

328 4022 517 4077 vincit
546 4021 693 4077 illud
745 4025 1011 4094 ejusdem
1040 4040 1054 4080 :
1089 4027 1248 4081 Idem
1283 4027 1392 4081 iste
1444 4027 1761 4098 Apollonius
1802 4027 1858 4081 in
1892 4044 1992 4082 eo-

331 4109 469 4164 dem
506 4110 656 4166 libro
688 4118 1133 4182 commemorat,
1167 4116 1319 4185 quod
1351 4117 1840 4188 quadragesimus
1862 4116 1990 4187 jam

331 4216 555 4265 annus,
588 4200 647 4255 in
681 4218 797 4272 quo
827 4202 1062 4273 quidem
1094 4204 1163 4259 ad
1200 4204 1306 4259 boo
1343 4222 1491 4276 opus
1523 4206 1898 4261 scribendum
1931 4221 1992 4260 se

328 4288 607 4355 contulit,
642 4291 941 4361 agebatur,
992 4310 1057 4348 ex
1089 4310 1203 4364 quo
1252 4294 1567 4351 Montanus
1600 4294 1904 4351 conﬁctam
1939 4297 1993 4349 et

330 4380 805 4435 commentitiam
856 4382 1225 4453 prophetiam
1270 4382 1570 4454 inceperit.
1621 4406 1648 4434 »
1696 4383 1872 4455 Atqui
1921 4382 1993 4437 ab

332 4467 511 4521 initio
540 4470 923 4539 pontiﬁcatus
955 4471 1145 4527 sancti
1176 4472 1515 4540 Eleutherii,
1540 4490 1654 4544 quo
1687 4477 1994 4529 Montanus

330 4556 610 4612 haeresim
662 4560 883 4630 sparsit
930 4577 1117 4627 suam,
1148 4562 1231 4616 uti
1285 4579 1462 4633 supra
1511 4562 1733 4617 dictum
1779 4566 1887 4627 est,
1922 4562 1993 4617 ad

330 4644 501 4700 hunc
531 4663 719 4718 usque
746 4646 1118 4704 intercedunt
1140 4651 1277 4705 anni
1310 4668 1443 4705 xm.
1472 4651 1630 4707 Sedit
1650 4651 1805 4707 enim
1830 4650 1995 4706 Eleu-

330 4732 569 4790 therius
614 4741 748 4806 post
797 4737 1167 4793 consulatum
1219 4739 1453 4811 Cethegi
1506 4745 1564 4796 et
1592 4740 1741 4797 Clari
1771 4744 1994 4812 (utpote

327 4828 571 4878 creatus
603 4825 791 4896 pridie
842 4828 977 4882 Idus
1027 4827 1189 4898 Maii,
1223 4846 1352 4884 cum
1402 4835 1590 4885 exstet
1636 4830 1752 4886 illis
1781 4846 1992 4887 consu-

326 4910 495 4967 libus
540 4913 802 4984 Epistola
837 4915 1147 4971 Decretalis
1196 4918 1383 4973 sancti
1417 4919 1634 4975 Soteris
1665 4920 1827 4991 Papae
1856 4921 1994 4976 data

328 5017 367 5054 ι
399 4999 527 5055 Kal.
561 5001 742 5071 Junii)
777 5020 966 5075 usque
988 5006 1059 5059 ad
1096 5005 1428 5062 Maternum
1460 5012 1517 5063 et
1549 5008 1835 5064 Praduam
1860 5025 1993 5064 con-

334 5089 524 5156 sules,
554 5092 867 5148 defunctus
897 5110 976 5148 v11
1016 5094 1140 5149 Kal.
1172 5096 1354 5162 Junii,
1385 5097 1443 5151 id
1474 5102 1563 5153 est
1592 5098 1665 5152 ab
1696 5116 1848 5154 anno
1882 5101 1989 5154 Do-

335 5181 485 5235 mini
519 5180 771 5250 CLXXII,
804 5199 992 5254 usque
1023 5185 1096 5239 ad
1127 5202 1351 5241 annum
1382 5186 1722 5256 CLXXXVI,
1756 5205 1857 5259 per
1886 5205 1989 5245 an-

331 5286 445 5325 nos
478 5270 568 5329 14.
604 5269 729 5325 dies
762 5270 868 5338 13;
903 5278 1144 5329 sanctus
1196 5274 1413 5340 Victor,
1446 5282 1511 5331 ut
1559 5294 1738 5349 supra
1768 5277 1989 5332 dictum

330 5362 445 5425 est,
500 5374 687 5413 annos
732 5360 820 5426 12,
853 5376 1115 5416 mensem
1152 5364 1201 5430 1,
1251 5365 1375 5420 dies
1404 5365 1511 5433 28;
1566 5366 1657 5421 his
1702 5367 1994 5422 addantur

329 5446 476 5500 anui
517 5446 583 5499 18
614 5446 811 5502 Sancti
841 5450 1172 5521 Zephyrini,
1199 5452 1339 5507 ﬁent
1370 5455 1507 5509 anni
1539 5456 1626 5510 44.

846 5582 998 5621 ANNO
1030 5582 1239 5623 DOMINI
1268 5585 1490 5626 CCXVIII.

408 5677 439 5750 §
469 5676 647 5735 XVII.
680 5678 923 5747 Quonam
972 5682 1176 5740 ultimo
1216 5688 1455 5759 tempore
1500 5687 1775 5759 ﬂoruerit.
1806 5718 1874 5728 —-
1900 5687 1988 5744 37.

2099 1916 2168 1970 ad
2203 1915 2407 1969 horam
2442 1928 2629 1983 usque
2674 1912 2910 1981 nonam)
2940 1915 2991 1964 et
3022 1911 3303 1965 interdum
3342 1926 3486 1981 pane
3516 1919 3567 1965 et
3594 1926 3745 1981 aqua

2096 2007 2430 2069 victitantes,
2468 2009 2563 2057 aut
2594 2002 2665 2056 ad
2710 1999 3004 2071 jejunium
3054 2000 3313 2064 Sabbati,
3365 2001 3517 2072 quod
3551 2000 3744 2054 Romis

2097 2093 2500 2149 celebrabatur
2529 2108 2597 2146 ex
2629 2094 2870 2157 statuto,
2902 2106 3015 2145 non
3044 2089 3102 2144 in
3129 2089 3325 2144 Africa
3353 2093 3543 2159 (cujus
3571 2089 3746 2145 etiam

2095 2182 2267 2255 paulo
2298 2186 2431 2255 post
2478 2180 2789 2251 meminit),
2823 2184 2923 2234 aut
2953 2180 3023 2233 ad
3065 2179 3294 2250 jejunia
3336 2178 3744 2250 pmnitentium

2095 2273 2270 2328 etiam
2321 2270 2898 2337 catechumenorum,
2959 2270 3029 2323 de
3081 2268 3298 2339 quibus
3355 2268 3479 2339 ipse
3521 2267 3579 2322 in
3620 2268 3741 2323 base

2094 2363 2270 2417 verba
2297 2362 2449 2431 :ante
2491 2358 2758 2414 haeresim
2795 2375 2806 2412 :
2842 2359 3193 2430 lngressuros
3240 2359 3592 2429 baptismum,
3625 2373 3745 2412 ora-

2094 2451 2333 2507 tionibus
2363 2450 2589 2516 crebris,
2624 2447 2864 2520 jejuniis
2893 2454 2946 2502 et
2993 2448 3499 2518 geniculationibus
3544 2450 3593 2501 et
3620 2462 3743 2517 per-

2092 2541 2305 2612 vigiliis
2353 2555 2513 2595 orare
2563 2542 2765 2609 oportet
2815 2536 2939 2603 (lib.
2990 2537 3059 2592 de
3115 2538 3322 2607 Baptis.
3377 2553 3426 2591 c.
3476 2535 3589 2606 20),
3641 2538 3745 2590 aut

2096 2630 2350 2700 denique
2391 2629 2460 2683 ad
2505 2627 2732 2698 jejunia
2764 2627 2820 2680 in
2854 2626 3078 2696 Vigiliis
3127 2625 3509 2681 festivitatum
3560 2624 3741 2679 eccle-

2095 2718 2487 2775 siasticarum.
2533 2721 2723 2786 Atque
2754 2716 2895 2771 adeo
2928 2716 3116 2787 placet
3164 2716 3227 2769 B.
3265 2714 3615 2786 Hieronymi,
3649 2714 3747 2769 So-

2095 2808 2328 2880 phronii
2360 2812 2414 2860 et
2436 2805 2742 2877 Nicephori
2767 2805 3055 2860 sententia
3076 2804 3173 2875 qui
3208 2821 3322 2858 non
3355 2804 3466 2858 sub
3488 2802 3744 2857 Macrino

2098 2902 2199 2953 aut
2251 2895 2646 2971 Heliogabato,
2680 2894 2779 2948 sed
2832 2894 2941 2948 sub
2990 2893 3197 2947 Severo
3240 2892 3502 2963 principe
3555 2892 3656 2946 83
3689 2896 3744 2946 et

2096 2994 2387 3049 Antonino
2420 2990 2715 3047 Caracalla
2745 2990 3012 3045 ﬂoruisse
3041 2994 3098 3045 et
3126 2990 3432 3061 scripsisse
3454 2994 3746 3044 testantur

2096 3083 2251 3139 hune
2284 3088 2581 3138 auctorem
2616 3086 2921 3147 nostrum;
2966 3079 3218 3135 maxime
3249 3095 3381 3134 cum
3417 3078 3526 3133 sub
3558 3078 3613 3133 S.
3649 3079 3742 3132 Ze-

2099 3173 2351 3246 phirimo
2385 3170 2659 3243 pontifice
2690 3186 2895 3225 omnes
2944 3168 3111 3224 illum
3144 3168 3429 3223 claruisse
3458 3167 3741 3232 scribant,

2100 3281 2215 3319 non
2260 3263 2370 3318 sub
2416 3261 2675 3330 Calixto;
2722 3263 2931 3330 praeter
2961 3275 3145 3313 unum
3195 3258 3446 3328 aliquem
3497 3256 3745 3312 neoteri-

2096 3369 2251 3419 cum,
2284 3351 2383 3423 qui
2416 3355 2611 3405 tamen
2664 3364 2797 3404 eum
2825 3349 2947 3419 jam
2997 3352 3171 3403 antea
3201 3348 3310 3402 sub
3344 3346 3600 3401 Adriano
3631 3349 3746 3400 Ca3-

2098 3458 2226 3497 sare
2256 3440 2530 3495 eumdem
2562 3439 2774 3493 fecerat
2803 3454 2935 3492 cum
2962 3436 3292 3508 Tertyliano
3323 3435 3417 3490 JC.
3454 3434 3630 3490 Porro
3654 3451 3750 3506 po-

2096 3537 2383 3587 stremum
2414 3529 2610 3599 fuisse
2660 3528 2818 3583 hunc
2862 3544 3084 3583 annum
3115 3525 3391 3581 Antonini
3442 3525 3747 3580 Caracallaa

2095 3620 2267 3692 Imp.,
2299 3636 2414 3674 non
2445 3621 2786 3689 sequentem
2818 3617 2927 3685 (uti
2976 3616 3360 3672 Cassiodorus
3401 3614 3619 3684 habet),
3652 3631 3751 3685 pa-

2098 3715 2180 3765 tet
2208 3726 2277 3764 ex
2308 3708 2498 3764 Fastis
2527 3706 2946 3762 Consularibus
2978 3704 3502 3771 emendatioribus,
3522 3704 3583 3759 in
3613 3704 3747 3775 qui-

2099 3800 2212 3854 bus
2261 3798 2345 3854 sic
2394 3796 2669 3852 scribitur
2720 3812 2733 3850 :
2782 3795 2961 3851 «Hoc
2993 3812 3144 3852 anno
3194 3796 3266 3850 ad
3318 3795 3353 3849 6
3397 3794 3534 3849 Idus
3563 3792 3747 3859 April.

2102 3915 2223 3953 1MP.
2257 3913 2395 3951 cans.
2431 3895 2505 3949 M.
2538 3892 2810 3949 Aurelius
2843 3894 2965 3947 Divi
3007 3892 3198 3948 Severi
3231 3892 3389 3947 ﬁlius
3420 3890 3751 3946 Antoninus

2100 3988 2407 4058 Augustus
2431 3982 2804 4039 Britannicus
2825 3982 3207 4038 Germanicus
3230 3982 3459 4037 occisus
3478 3986 3570 4036 est
3593 3982 3753 4051 (Apo-

2103 4078 2230 4145 log.,
2264 4091 2391 4145 cap.
2432 4074 2536 4140 15).
2571 4074 2716 4128 Cum
2748 4074 2903 4127 enim
2947 4072 3157 4142 (inquit
3183 4069 3548 4142 Spartianus)
3579 4068 3753 4123 vellet

2100 4166 2314 4220 iterum
2373 4162 2606 4216 Parthis
2663 4161 2882 4217 bellum
2936 4161 3149 4216 inferre
3206 4164 3378 4227 atque
3441 4158 3752 4213 hibernare

2104 4254 2358 4322 Edessie,
2400 4255 2573 4323 atque
2632 4250 2767 4305 inde
2818 4254 3023 4305 Carras
3083 4250 3229 4304 Luni
3284 4246 3385 4303 Dei
3414 4246 3614 4318 ’gratia
3658 4245 3753 4316 (de

2105 4360 2245 4413 quo,
2278 4341 2432 4413 quod
2473 4340 2717 4411 insuper
2765 4338 2948 4405 addit,
2982 4340 3051 4393 ad
3082 4337 3441 4393 intellectum
3478 4335 3616 4390 facit
3645 4340 3752 4389 Au-

2106 4431 2306 4496 ctoris,
2332 4430 2431 4501 qui
2461 4429 2677 4485 alicubi
2698 4429 3005 4483 masculum
3030 4428 3255 4482 Lunam
3279 4426 3447 4496 ridet)
3470 4424 3751 4493 venisset,

2106 4521 2199 4575 die
2232 4518 2453 4577 Natalis
2492 4519 2585 4574 sui
2634 4517 2779 4589 ipsis
2829 4516 3279 4588 Megalensibus,
3312 4515 3545 4571 insidiis
3576 4531 3609 4569 a
3638 4515 3755 4571 Ma-

2025 4597 2071 4662 D
2106 4610 2266 4665 crino
2318 4608 2477 4680 praef.
2532 4612 2694 4680 praet.
2750 4606 2977 4679 positis,
3028 4607 3129 4677 qui
3178 4611 3311 4678 post
3356 4620 3491 4661 eum
3540 4603 3755 4659 invasit

2104 4697 2439 4769 imperium,
2474 4697 2864 4767 interemptus
2913 4699 3022 4761 est,
3073 4699 3144 4749 ab
3196 4696 3398 4751 eodem
3446 4698 3645 4749 tamen
3692 4692 3753 4747 in

2107 4788 2245 4843 deos
2286 4787 2526 4855 relatus,
2560 4790 2619 4840 et
2664 4784 2880 4856 templo
2911 4784 2961 4838 ei
3013 4784 3317 4851 aediﬁcato,
3352 4787 3407 4839 et
3451 4782 3626 4838 Saliis
3657 4782 3757 4837 ad-

2106 4877 2262 4932 ditis.
2288 4896 2315 4929 11
2352 4877 2741 4931 Conﬁrmatur
2762 4873 2881 4929 haec
2908 4890 3037 4928 mea
3067 4873 3377 4941 sententia,
3402 4873 3557 4944 quod
3581 4870 3755 4926 nullm

2105 4970 2335 5023 exstent
2363 4965 2524 5036 leges
2553 4964 2847 5018 Antonino
2871 4967 2927 5017 et
2953 4964 3213 5018 Advento
3246 4967 3430 5030 Coss.,
3456 4963 3555 5017 sed
3579 4963 3755 5015 Anto-

2106 5055 2229 5110 nini
2261 5057 2413 5128 Aug.
2448 5052 2616 5107 titulo
2649 5054 2797 5121 duae,
2848 5053 3136 5107 Prassente
3166 5056 3219 5107 et
3251 5052 3536 5106 Extricato
3567 5052 3754 5121 Coss.,

2105 5145 2287 5200 altera
2316 5142 2422 5198 lib.
2458 5160 2511 5197 1x
2531 5143 2696 5207 Cod.,
2721 5142 2855 5196 data
2877 5142 2909 5195 8
2934 5141 3056 5196 Kal.
3083 5142 3273 5210 Mart.,
3299 5141 3482 5197 altera
3505 5140 3606 5195 lib.
3630 5156 3757 5207 vm,

2102 5234 2194 5290 tit.
2228 5235 2317 5304 38,
2350 5234 2452 5288 lib.
2491 5249 2573 5303 111,
2597 5248 2665 5287 ex
2695 5230 2817 5286 Kal.
2854 5231 3099 5295 Martiis,
3138 5231 3306 5303 paulo
3338 5235 3472 5286 ante
3505 5230 3756 5286 obitum.

2104 5332 2421 5403 Imperavit
2453 5330 2694 5402 proinde
2735 5347 2768 5385 a
2812 5330 2999 5400 pridie
3031 5330 3227 5386 Nonas
3274 5330 3439 5386 Febr.
3475 5330 3613 5385 anni
3644 5330 3755 5384 Do-

2102 5422 2251 5475 mini
2278 5437 2451 5486 ccx11,
2484 5436 2670 5490 usque
2701 5420 2771 5474 ad
2803 5419 3027 5474 dictum
3061 5420 3236 5486 diem,
3269 5437 3450 5476 annos
3473 5437 3573 5487 v11,
3600 5436 3759 5473 men-

2102 5525 2196 5566 ses
2229 5528 2293 5577 11,
2324 5509 2448 5565 dies
2480 5527 2556 5567 1v.
2603 5510 2780 5579 Atqui
2810 5513 2865 5563 S.
2899 5508 3224 5581 Zephyrino
3274 5510 3458 5581 Papa,
3493 5524 3662 5581 quem
3699 5512 3756 5561 et

2099 5604 2157 5655 S.
2205 5600 2496 5655 Damasus
2546 5604 2605 5654 et
2651 5596 2750 5654 alii
2799 5613 3003 5655 omnes
3050 5598 3143 5654 his
3183 5599 3525 5655 consulibus
3573 5596 3752 5648 vitam

2098 5687 2325 5746 ﬁniisse
2379 5688 2667 5759 scribunt,
2702 5703 2817 5745 non
2866 5690 3117 5758 possunt
3145 5686 3346 5758 plures
3394 5682 3532 5741 anni
3570 5679 3751 5737 tribui
