4148 6188
402 377 518 437 123
1708 377 2040 439 TERTUL]

2168 378 2239 439 Nl
2284 378 2495 443 VITA.
3688 376 3806 435 124

398 525 577 580 quam
614 508 678 563 19
708 514 763 563 et
793 508 918 563 dies
965 510 1049 576 16,
1087 510 1240 580 quod
1293 526 1324 564 a
1356 526 1412 565 1v
1443 510 1581 565 ldus
1635 512 1878 581 Augusti
1908 509 2046 564 anni
2076 511 2131 576 Α
2163 528 2274 583 que
2310 516 2367 567 et
2409 512 2716 583 scripturis
2765 511 2890 567 suis
2940 510 3231 565 diceretur
3262 526 3274 564 :
3304 508 3365 564 Si
3411 508 3714 563 surrexerit
3744 510 3809 563 in

399 598 631 653 Domini
663 597 986 664 CLXXXIX,
1025 615 1211 669 usque
1255 600 1325 653 ad
1358 601 1389 651 7
1422 600 1546 654 Kal.
1579 600 1896 671 Septemb.,
1932 618 2046 673 quo
2156 601 2332 656 medio
2365 604 2446 656 tui
2472 603 2760 672 prepheta,
2795 606 2926 669 etc.,
2958 617 3068 655 non
3101 600 3289 655 audies
3336 598 3498 653 verba
3522 599 3807 670 praphetae

400 687 707 743 defunctus
754 694 861 757 est,
914 689 1157 743 totidem
1210 694 1643 760 computentur.
1696 693 1875 754 Quem
1913 707 2047 745 cum
2158 692 2330 745 illius.
2368 692 2593 758 Quare?
2624 694 2785 760 Quia,
2818 690 3027 761 inquit,
3056 698 3228 744 leniat
3257 704 3347 743 vos
3376 689 3636 743 Dominus
3664 690 3809 742 Deus

403 777 658 832 Ecclesia
706 777 858 833 inter
905 784 1187 849 martyres
1236 779 1507 844 celebret,
1558 784 1803 850 oportet,
1838 784 1902 834 ut
1944 780 2047 834 ab-
2156 786 2346 847 vester,
2384 791 2568 835 utrum
2616 780 2871 849 diligatis
2917 796 3062 846 eum,
3095 797 3168 833 an
3197 794 3326 833 non.
3376 777 3475 833 llis
3508 776 3689 849 igitur
3720 780 3808 832 tot

401 871 563 921 sente
588 868 712 935 jam
764 870 1083 932 Antonino,
1116 867 1328 922 iterum
1385 885 1487 939 per
1535 870 1839 939 pontiﬁces
1872 868 2051 923 idolo-
2159 885 2224 924 ac
2293 870 2474 924 tantis
2531 871 2871 941 casterisque
2926 868 3215 940 ejusmodi
3272 867 3803 922 ecclesiasticarum

401 973 532 1011 rum
564 958 810 1010 excitata
859 957 1033 1011 fuerit
1079 962 1292 1025 Romae,
1322 961 1380 1012 et
1410 957 1677 1013 fortassis
1710 976 1742 1014 a
1791 958 2048 1012 Macrino
2160 958 2557 1029 exemplorum
2614 958 2888 1026 molibus,
2921 958 3218 1014 evidenter
3266 957 3586 1025 advertere,
3616 971 3681 1010 ac
3713 972 3807 1011 se-

400 1045 743 1100 continuata
764 1045 901 1117 ,(qui
955 1046 1199 1117 proinde
1240 1046 1416 1102 etiam
1449 1052 1579 1118 post
1608 1064 1852 1113 annum,
1887 1063 2048 1101 men-
2160 1050 2420 1102 cundum
2466 1047 2900 1104 Deuteronomii
2932 1047 3089 1118 leges
3118 1046 3247 1101 luce
3276 1044 3490 1101 clarius
3520 1043 3808 1116 intellige-

407 1150 530 1188 sem
568 1136 616 1199 1,
652 1134 776 1189 dies
808 1134 1049 1205 aliquot,
1084 1154 1117 1190 a
1145 1141 1257 1191 Deo
1289 1138 1441 1191 cede
1474 1137 1716 1208 punitus
1747 1137 1856 1207 est)
1887 1135 2049 1192 Chri-
2161 1153 2220 1192 re
2252 1137 2552 1203 debemus,
2587 1136 2741 1208 quod
2782 1136 2831 1191 si
2864 1137 3096 1207 quando
3129 1135 3343 1205 aliquis
3373 1133 3805 1189 ecclesiasticus

404 1224 729 1278 stianorum
783 1224 1127 1295 persecutio,
1176 1226 1275 1280 sed
1326 1226 1466 1297 quia
1513 1224 1715 1280 localis
1746 1226 2047 1292 duntaxat,
2161 1226 2441 1297 magister
2489 1226 2862 1293 aberraverit,
2897 1226 2967 1281 ad
3016 1226 3401 1280 tentationem
3454 1228 3713 1278 nostram
3747 1223 3805 1277 id

404 1328 521 1365 non
552 1318 888 1383 computata
918 1313 988 1367 ab
1021 1314 1337 1370 historicis.
2159 1314 2282 1369 ﬁeri
2317 1316 2682 1386 providentia
2711 1315 2907 1370 divina
2946 1314 3225 1387 patiatur,
3259 1318 3455 1368 utrum
3488 1311 3806 1383 diligamus

476 1410 558 1454 Ac
586 1402 813 1470 ﬁnierit.
846 1432 914 1442 —
961 1403 1047 1457 38.
1081 1404 1362 1458 Castorum
1408 1404 1583 1458 etiam
1632 1404 1726 1459 hic
1767 1403 2047 1474 adjicien-
2161 1408 2364 1472 Deum,
2415 1421 2489 1459 an
2541 1422 2676 1475 non,
2710 1404 2770 1459 in
2816 1408 2937 1460 toto
2994 1405 3166 1475 corde
3218 1408 3274 1459 et
3325 1401 3383 1456 in
3430 1405 3551 1457 tota
3608 1400 3807 1455 anima

402 1489 543 1543 dum
579 1506 678 1559 pro
711 1490 965 1547 historiae
998 1493 1261 1560 veritate,
1293 1495 1508 1549 frustra
1556 1495 1843 1565 quosdam
1880 1492 2046 1547 illum
2158 1497 2379 1548 nostra.
2416 1518 2438 1545 ι

401 1577 593 1633 denuo
624 1580 696 1634 ad
744 1581 1089 1636 catholicam
1144 1583 1316 1637 ﬁdem
1351 1584 1571 1638 redisse
1619 1582 1865 1654 Opinari.
1899 1582 2047 1637 Nam
2230 1583 2491 1656 §XVIIL
2530 1585 2601 1639 De
2650 1582 3100 1640 Tertullianistis.
3155 1613 3224 1622 —
3271 1582 3359 1635 39.
3410 1578 3671 1649 Denique
3707 1594 3805 1632 co-

403 1668 695 1739 imprimis
729 1670 782 1724 id
815 1687 882 1725 ex
922 1676 977 1725 S.
1023 1673 1350 1742 Augustino
1399 1673 1587 1743 colligi
1621 1690 1735 1727 non
1777 1689 1947 1743 posse
1976 1672 2047 1725 ad
2158 1672 2379 1727 ronidis
2410 1672 2551 1741 vice,
2596 1690 2709 1728 non
2760 1673 3248 1745 prastereundum,
3299 1670 3456 1742 quod
3497 1684 3565 1723 ex
3600 1669 3657 1722 Β.
3690 1668 3804 1721 Au-

403 1774 623 1811 annum
656 1758 870 1814 abhinc
893 1762 1218 1815 secundum
1242 1764 1629 1817 ostendimus.
1651 1762 1869 1817 Deinde
1900 1763 2051 1818 inter
2158 1766 2314 1833 gust.
2348 1762 2687 1829 didicimus,
2711 1762 2957 1817 durasse
2988 1762 3179 1816 adhuc
3212 1760 3283 1815 ad
3316 1777 3422 1814 sua
3454 1774 3638 1827 usque
3660 1762 3807 1811 tem-

405 1853 691 1919 martyres
753 1849 994 1904 minime
1055 1852 1520 1921 computandum
1583 1869 2048 1922 TERTULLIANUM,
2081 1892 2128 1955 B
2160 1868 2296 1922 pora
2326 1868 2838 1907 TERTULLIANISTAS
2872 1851 3193 1917 haereticos,
3219 1858 3272 1905 et
3299 1854 3422 1904 tum
3459 1848 3715 1919 primum
3748 1845 3807 1900 in

410 1936 791 1955 ,,,,,,,.,.
892 1954 931 1955 η
1213 1940 1222 1950 .
1321 1941 1426 1950 ..
1858 1942 1871 1955 .
1964 1947 1972 1955 ,
2235 1940 2269 1955 ,.
2337 1939 2371 1955 ..
2570 1942 2610 1955 ,η
2682 1940 2784 1955 ..
2951 1946 2959 1955 .
3116 1940 3149 1951 ..
3339 1939 3378 1955 η
3432 1938 3551 1955 ..η
3636 1936 3798 1955 ,ΠΨ

403 1937 505 1993 sed
552 1936 965 2007 Tertullinum,
999 1956 1178 2010 supra
1209 1940 1268 1994 in
1319 1941 1462 2011 ipsis
1493 1940 1773 2011 auspiciis
1803 1942 2051 1996 adnota-
2082 1936 2128 1955 "
2160 1939 2508 1996 catholicam
2569 1940 2887 1997 Ecclesiam
2947 1940 3272 1996 transiisse.
3338 1938 3562 2001 Quibus
3627 1936 3805 1991 etiam

402 2027 596 2081 vimus
643 2026 768 2097 (lib.
817 2028 881 2082 de
930 2029 1123 2084 Pa'nit.
1176 2031 1236 2083 in
1279 2031 1428 2085 calce
1475 2031 1795 2101 Argumenti
1841 2035 1893 2087 et
1939 2032 2053 2085 suis
2162 2030 2372 2101 magis,
2406 2048 2582 2101 quam
2615 2030 2725 2102 ipsi
2756 2029 3129 2097 Tertulliano,
3172 2043 3481 2083 censemus
3510 2026 3805 2096 imputan-

403 2116 709 2186 quibusqne
740 2116 915 2186 locis).
970 2116 1233 2189 Denique
1262 2122 1316 2172 8.
1355 2119 1638 2174 Pacianus
1671 2120 1741 2173 ad
1775 2119 2051 2190 Sympro-
2164 2118 2300 2173 dam
2333 2119 2825 2175 absurdissimam
2873 2118 3032 2173 illam
3082 2117 3355 2172 haeresim
3388 2132 3500 2186 qua
3535 2113 3807 2169 dicebant

406 2203 647 2258 nianum
707 2209 911 2260 contra
962 2205 1315 2262 Novatianos
1365 2208 1511 2262 nihil
1564 2224 1667 2279 pro
1725 2207 1808 2263 eis
1866 2208 2049 2264 facit:
2162 2207 2390 2262 animas
2423 2207 2729 2263 hominum
2765 2207 3049 2277 pessimas
3080 2212 3213 2277 post
3242 2202 3571 2260 mortemin
3592 2202 3808 2256 daemo-

410 2314 430 2341 α
470 2292 888 2363 Tertullianus,
922 2294 1131 2366 inquit,
1167 2301 1297 2368 post
1344 2297 1589 2353 haaresin
1622 2298 1811 2368 (etiam
1841 2298 2056 2353 adden-
2164 2312 2269 2351 nas
2315 2297 2592 2362 converti,
2626 2297 2877 2352 maxime
2927 2312 3059 2352 cum
3093 2300 3259 2350 aetate
3308 2293 3561 2365 primum
3611 2294 3805 2361 Augu-

407 2382 548 2436 dum
583 2382 941 2454 censuimus)
967 2389 1157 2439 vester
1178 2392 1267 2441 est
1301 2404 1313 2441 :
1352 2404 1482 2442 nam
1508 2386 1694 2442 multa
1724 2387 1858 2442 inde
1889 2404 2051 2442 sum-
2165 2384 2301 2439 stini
2333 2390 2465 2456 post
2514 2385 2849 2441 Donatistas
2898 2390 2953 2439 et
2980 2384 3403 2439 Jovinianistas
3451 2379 3810 2436 collocentur

406 2472 632 2543 psistis.
671 2473 862 2541 ipsum
897 2474 1153 2545 Epistola
1183 2480 1386 2541 sua,et
1413 2494 1481 2532 ea
1510 2477 1635 2547 ipsa
1660 2493 1837 2547 quam
1861 2477 2057 2532 catho-
2163 2474 2633 2542 Tertullianistae,
2665 2474 2765 2545 qui
2798 2474 2853 2529 id
2887 2473 3198 2541 senserint,
3230 2478 3356 2527 tum
3389 2472 3461 2528 ab
3494 2471 3641 2542 ipso,
3677 2474 3805 2523 tum

406 2559 557 2615 licus
587 2561 791 2629 edidit,
846 2562 1046 2618 audies
1091 2566 1486 2632 conﬁtentem,
1520 2582 1689 2636 posse
1736 2564 2052 2621 Ecclesiam
2163 2580 2196 2618 a
2227 2564 2283 2619 S.
2340 2564 2582 2631 Isidoro,
2631 2564 2884 2619 Honorio
2932 2562 3471 2633 Augustodunensi,
3526 2558 3806 2614 Rhabauo

407 2654 643 2720 peccata
692 2650 1004 2707 dimittere.
1042 2676 1069 2702 »
1115 2653 1311 2725 Neque
1340 2655 1497 2709 enim
1542 2654 1804 2726 loquitur
1833 2656 1903 2710 de
1933 2655 2052 2727 epi-
2163 2658 2220 2708 et
2262 2654 2537 2709 Gratiano
2590 2654 2644 2707 in
2696 2652 2983 2723 Catalogis
3034 2652 3433 2707 haereticorum
3468 2666 3482 2704 :
3518 2671 3546 2700 «
3578 2646 3806 2703 Tertul-

410 2738 581 2805 stola,
601 2738 702 2793 84
734 2756 909 2811 quam
945 2746 1075 2813 post
1105 2742 1393 2811 hmresim,
1416 2746 1516 2799 sed
1551 2762 1728 2816 quam
1760 2750 1931 2801 antea
1956 2746 2054 2800 ad-
2162 2742 2409 2798 lienistaa
2443 2742 2657 2814 (inquit
2686 2742 2781 2797 ille
2825 2743 2893 2797 ad
2927 2741 3415 2809 Quodvultdsum,
3448 2739 3549 2794 lib.
3582 2738 3647 2794 de
3680 2742 3807 2793 Hae-

408 2826 523 2881 huc
555 2828 877 2885 catholicus
918 2832 1197 2897 ediderat,
1238 2849 1446 2905 nempe
1476 2834 1577 2890 lib.
1602 2835 1666 2890 de
1695 2838 2052 2903 Pcenitentia,
2165 2834 2293 2903 res.)
2324 2850 2356 2887 a
2383 2831 2760 2899 Tertulliano,
2792 2832 2962 2902 cujus
3003 2830 3278 2903 leguntur
3308 2827 3592 2901 opuscula
3621 2825 3811 2881 multa

408 2931 477 2970 ex
508 2932 623 2985 quo
642 2916 1035 2990 multaipsum
1054 2921 1437 2993 descripsisse
1462 2922 1601 2978 alibi
1622 2924 2051 2979 adnotavimus.
2164 2922 2644 2992 eloquentissime
2672 2920 2910 2991 scripta,
2954 2936 3140 2990 usque
3170 2920 3241 2974 ad
3274 2923 3539 2973 nostrum
3572 2921 3807 2986 tempus

406 3007 567 3058 Certe
598 3005 647 3059 si
681 3007 761 3060 ita
790 3007 1077 3063 creditum
1132 3010 1357 3077 fuisset,
1395 3029 1509 3066 non
1545 3017 1843 3084 tantopere
1873 3013 2052 3068 hmre-
2164 3010 2445 3083 paulatim
2492 3011 2847 3077 deficientes,
2876 3008 2933 3063 in
2978 3007 3253 3064 extremis
3302 3006 3566 3078 reliquiis
3594 3005 3807 3059 durare

408 3092 518 3148 siin
551 3093 730 3165 hujus
779 3096 915 3151 boni
950 3097 1056 3152 viri
1103 3099 1468 3170 deplorasset
1496 3105 1553 3156 S.
1585 3102 1927 3157 Vincentius
1959 3103 2055 3156 Li-
2164 3117 2278 3156 non
2315 3104 2627 3171 potuerunt
2656 3100 2763 3171 (sic
2794 3098 2950 3154 enim
2982 3096 3365 3169 castigamus)
3399 3096 3457 3151 in
3492 3095 3632 3151 urbe
3663 3092 3804 3149 Car-

408 3181 679 3249 rinensis,
704 3185 874 3255 cujus
908 3188 1136 3242 interim
1167 3190 1338 3243 verba
1367 3190 1612 3246 antidoti
1643 3191 1790 3255 loco,
1824 3208 1895 3246 ne
1923 3192 2054 3261 quis
2162 3188 2538 3261 thaginiensi.
2573 3188 2661 3243 Ms
2690 3187 2843 3242 enim
2866 3186 2945 3242 ibi
2977 3186 3164 3258 posito
3188 3191 3320 3241 ante
3349 3184 3567 3256 aliquot
3596 3199 3803 3251 annos,

410 3272 552 3326 forte
601 3288 669 3327 ex
716 3291 781 3328 eo
838 3276 1287 3343 scandalizetur,
1343 3280 1613 3334 addenda
1670 3282 2003 3351 putavimus
2037 3298 2049 3336 :
2083 3270 2125 3331 Ο
2164 3278 2316 3349 quod
2352 3278 2526 3332 etiam
2560 3283 2615 3331 te
2661 3276 2999 3332 meminisse
3048 3276 3319 3341 arbitror,
3353 3274 3512 3330 omni
3544 3289 3612 3328 ex
3643 3276 3806 3344 parte

414 3382 433 3409 σι
472 3360 601 3414 Fuit
631 3362 739 3415 iste
769 3378 1004 3432 quoque
1034 3364 1325 3433 (alludens
1358 3367 1428 3421 ad
1461 3368 1785 3439 Origenem,
1819 3369 1888 3423 de
1935 3385 2049 3439 quo
2160 3366 2489 3438 consumpti
2551 3370 2707 3421 sunt.
2764 3366 3111 3420 Paucissimi
3176 3364 3353 3419 etiam
3413 3362 3513 3435 qui
3569 3378 3804 3417 reman-

409 3446 626 3503 similia
657 3450 986 3522 scripserat,
1012 3452 1109 3522 qui
1142 3470 1175 3508 a
1205 3454 1316 3509 ﬁne
1348 3455 1579 3527 imperii
1613 3457 1806 3512 Severi
1839 3459 1909 3512 ad
1947 3464 2051 3513 De-
2162 3461 2388 3526 serunt,
2415 3456 2474 3510 in
2520 3455 2866 3511 catholicam
2899 3454 3298 3521 transierunt;
3332 3468 3616 3524 suamque
3646 3450 3807 3505 basi-

409 3537 564 3592 cium
590 3555 775 3610 usque
803 3541 1143 3611 supervixit)
1168 3543 1225 3597 in
1258 3544 1515 3601 Ecclesia
1540 3563 1755 3619 magna
1784 3547 2049 3603 tentatio.
2160 3544 2358 3611 licam,
2393 3562 2518 3618 quas
2569 3561 2724 3602 nunc
2775 3545 2953 3601 etiam
3003 3544 3311 3599 notissima
3359 3550 3464 3613 est,
3510 3540 3810 3596 catholica:

411 3625 521 3681 Sed
554 3627 625 3681 de
654 3627 762 3682 hoc
794 3628 925 3684 nolo
957 3629 1127 3701 plura
1156 3632 1379 3689 dicere:
1406 3635 1513 3691 hoc
1544 3640 1773 3692 tantum
1807 3653 2054 3693 comme-
2163 3634 2555 3690 tradiderunt.
2591 3660 2613 3688 ι
2651 3636 2812 3699 Quod
2845 3634 3070 3690 utinam
3104 3632 3336 3688 illorum
3370 3628 3655 3702 exemplo,
3683 3629 3808 3699 jam

411 3716 671 3779 morabo,
706 3718 859 3788 quod
894 3726 1093 3775 contra
1120 3722 1293 3778 Mosis
1326 3730 1701 3797 praeceptum,
1733 3742 2055 3798 exsurgen-
2168 3743 2401 3798 quoque
2452 3726 2513 3781 in
2566 3730 2765 3781 nostro
2827 3723 3021 3797 Belgio
3070 3723 3179 3795 (10)
3214 3722 3547 3778 fatiscentes
3596 3724 3810 3775 nostras

409 3807 499 3859 tes
528 3803 588 3859 in
638 3805 890 3863 Ecclesia
940 3810 1197 3868 novellas
1250 3813 1507 3870 Montani
1540 3816 1721 3871 furias
1753 3822 1810 3871 et
1850 3816 2059 3871 insana
2166 3816 2537 3888 tempestatis
2584 3814 2860 3884 haeretici,
2912 3813 3249 3885 propediem
3300 3810 3536 3877 faciant,
3570 3813 3683 3864 Deo
3716 3825 3815 3864 au-

411 3892 515 3949 illa
539 3893 878 3952 insanarum
922 3898 1234 3957 mulierum
1268 3904 1468 3959 novitii
1507 3905 1799 3977 dogmatis
1830 3906 2062 3962 somnia
2166 3905 2429 3973 xiliante,
2478 3905 2571 3961 cui
2601 3904 2807 3973 honor,
2860 3906 3118 3975 potestas
3163 3905 3217 3958 et
3263 3900 3466 3972 gloria,
3498 3899 3557 3956 in
3603 3898 3818 3956 saecula

411 3998 576 4039 veras
603 3985 944 4059 prophetiae
971 3993 1381 4061 asseverando,
1416 3994 1629 4051 meruit
1660 3998 1723 4051 ut
1749 3995 1821 4051 de
1843 4011 1906 4052 se
1926 4011 2063 4067 quo-
2172 3994 2539 4051 saeculorum.
2571 3996 2777 4050 Amen.

489 4126 602 4200 (10)
631 4128 763 4185 Haec
811 4131 881 4187 de
933 4133 1137 4191 cozevis
1168 4138 1226 4191 et
1270 4136 1606 4194 conoivibus
1654 4138 1788 4211 pius
1831 4139 2058 4211 praesul.

422 4284 3187 4317 .____.__.______________________________________________

1291 4444 2054 4609 TEBTYLIANI
2174 4445 2340 4554 JC.
2465 4443 2956 4553 ROMANI

906 4633 1391 4711 BESPONSA
1443 4640 1665 4726 QUz’E
1717 4642 1816 4715 IN
1870 4640 2180 4717 LIBRIS
2235 4637 2853 4716 DIGESTORUM
2904 4634 3364 4710 EXSTANT.

1571 4823 1663 4879 EX
1706 4823 1841 4880 LIB.
1885 4825 1907 4880 Ι
1946 4822 2435 4890 QUESTIONUM
2476 4822 2683 4880 OCTO.

429 5085 493 5140 D.
525 5088 644 5141 Lib.
679 5104 718 5155 ι,
768 5094 857 5144 tif.
907 5092 960 5161 3,
1012 5095 1086 5149 De
1140 5096 1261 5167 Leg.
1311 5099 1653 5173 Senatusque
1697 5118 1842 5159 cons.
1895 5104 1933 5158 ι.
1981 5105 2071 5158 27.
2186 5103 2547 5169 instituatur,
2579 5105 2637 5157 et
2680 5102 2997 5169 antequam
3040 5096 3212 5167 jussu
3246 5092 3467 5149 domini
3500 5090 3671 5147 adeat
3713 5088 3834 5145 ha:-

500 5175 655 5242 ldeo,
690 5178 826 5249 quia
855 5177 1215 5253 antiquiores
1238 5188 1393 5257 leges
1425 5189 1493 5243 ad
1515 5191 1866 5260 posteriores
1898 5190 2072 5258 trahi,
2185 5193 2517 5255 reditatem,
2550 5188 2952 5246 manumissus
2996 5184 3402 5254 alienatusque
3448 5181 3543 5247 sit,
3577 5184 3633 5236 et
3680 5179 3829 5234 nihil

428 5262 710 5320 usitatum
767 5274 857 5324 est
912 5288 1163 5344 semper,
1223 5277 1388 5346 quasi
1442 5277 1549 5332 hoc
1598 5278 1826 5350 legibus
1883 5279 2075 5335 inesse
2185 5281 2243 5335 in
2295 5281 2559 5335 fraudem
2608 5277 2748 5348 legis
2804 5276 3021 5330 factum
3074 5272 3171 5337 sit,
3205 5272 3329 5343 ipse
3386 5269 3724 5326 admittitur
3760 5268 3833 5323 ad

429 5354 587 5407 credi
635 5362 880 5427 oportet,
916 5366 981 5415 ut
1036 5363 1107 5416 ad
1168 5380 1265 5419 eas
1298 5381 1531 5435 quoque
1588 5384 1867 5438 personas
1916 5373 1971 5422 et
2002 5368 2075 5423 ad
2186 5369 2607 5424 hereditatem.
2668 5366 2778 5420 Sed
2837 5368 2894 5418 et
2950 5361 3000 5416 si
3059 5365 3283 5431 partem
3339 5375 3544 5431 capere
3598 5362 3833 5412 tantum

429 5456 525 5496 eas
556 5459 647 5497 res
679 5447 1024 5517 pertineant,
1060 5467 1185 5521 qua:
1217 5454 1571 5524 quandoque
1625 5455 1849 5511 similes
1882 5462 2072 5512 erunt.
2187 5456 2373 5529 possit
2444 5455 2721 5511 dominus
2780 5453 2929 5522 ejus,
2985 5450 3185 5505 eadem
3258 5448 3505 5504 dicenda
3562 5451 3703 5502 sunt
3762 5446 3835 5501 de

434 5550 532 5612 85
564 5551 624 5606 ι).
657 5552 778 5607 Lib.
1068 5557 1133 5637 .3,
1166 5558 1489 5637 Deaequir.
1518 5561 1597 5637 vel
1627 5564 1808 5637 agniti.
1842 5564 2072 5637 haud"

2192 5551 2350 5617 parte
2392 5560 2567 5615 quam
2624 5542 2722 5597 ille
2779 5556 2985 5611 capere
3034 5556 3149 5594 non
3210 5543 3418 5610 potest.
3471 5536 3626 5592 Nihil
3674 5534 3830 5591 enim

806 5625 903 5681 lib.
936 5626 1025 5682 82.
1048 5629 1225 5699 juxta
1252 5625 1360 5687 MS'.
1391 5630 1508 5688 cod.
1540 5633 1704 5690 Bald.
2055 5625 2072 5637 ’
2185 5635 2449 5700 interest,
2482 5633 2554 5689 de
2601 5631 2872 5687 universo
2916 5632 3211 5703 queratur
3256 5626 3413 5699 quod
3461 5641 3668 5698 capere
3715 5639 3833 5679 non

505 5722 564 5779 Si
614 5734 816 5778 servus
865 5717 994 5789 ejus
1049 5716 1151 5788 qui
1208 5733 1413 5793 capere
1468 5738 1585 5780 non
1641 5726 1849 5796 potest,
1891 5724 2077 5784 haeres
2185 5723 2392 5796 possit,
2423 5739 2497 5781 an
2522 5722 2593 5781 de
2621 5722 2907 5795 portione.
