4148 6188
308 380 427 438 ηδ

674 378 1188 440 DISSERTATIO
1234 379 1333 438 DE
1378 380 1657 440 lE'l‘A'l‘E
1702 381 1802 439 AC
1843 382 2234 473 DOC'l‘lthA
2280 379 2782 441 SCRIPTOllUM
2825 378 3350 439 TERTULLIANI

3607 376 3721 436 126

304 512 370 566 D.
406 512 526 565 Lib.
559 512 651 577 41,
684 513 767 567 lit.
797 513 854 579 2,
886 512 952 567 de
982 514 1199 583 arquir.
1256 512 1337 567 vel
1390 514 1543 569 amit.
1574 529 1783 582 posses.
1819 518 1837 566 ι
1866 514 1958 569 28.
1991 515 2041 580 Α
2078 514 2307 569 videtur
2336 530 2481 569 suus
2508 512 2693 568 haeres
2734 512 2993 585 agnosci,
3014 528 3078 566 ac
3111 528 3181 565 ne
3221 526 3323 564 avo
3350 509 3585 580 quidem
3611 524 3717 564 suo

376 602 433 654 Si
468 600 730 672 aliquam
781 617 903 657 rem
959 601 1308 672 possideam,
1352 608 1407 657 et
1458 603 1725 658 eamdem
1764 610 1965 675 postea

303 692 658 756 conducam,
708 708 781 747 an
850 691 1116 746 amittam
1171 692 1658 763 possessionem?
1715 693 1962 748 Multum

300 780 485 834 refert
536 780 594 834 in
643 779 735 834 bis
794 780 934 851 quid
969 786 1194 852 agatur.
1252 780 1506 836 Primum
1551 782 1708 837 enim
1767 784 1961 853 refert,

300 874 510 923 utrum
545 868 727 923 sciam
760 886 852 923 me
882 870 1202 941 possidere,
1237 889 1309 925 an
1361 871 1647 943 ignorem,
1679 876 1734 927 et
1764 878 1961 928 utrum

302 959 479 1029 quasi
512 975 627 1013 non
662 974 851 1013 meam
896 976 1016 1014 rem
1059 961 1404 1029 conducam,
1440 978 1511 1016 an
1545 962 1711 1033 quasi
1746 979 1959 1017 meam.

298 1050 370 1104 Et
422 1050 620 1105 sciens
682 1066 868 1105 meam
914 1067 1063 1118 esse,
1117 1058 1314 1107 utrum
1365 1053 1531 1123 quasi
1584 1055 1962 1125 proprietatis

296 1146 598 1210 respectu,
646 1156 720 1195 an
766 1140 1161 1211 possessionis
1203 1145 1456 1197 tantum.
1492 1142 1636 1197 Nam
1668 1149 1723 1197 et
1754 1144 1803 1199 si
1837 1160 1958 1198 rem

298 1245 497 1284 meam
550 1234 612 1283 tu
660 1228 986 1300 possideas,
1023 1234 1078 1284 et
1120 1246 1223 1302 ego
1258 1247 1447 1285 emam
1480 1248 1514 1286 a
1543 1236 1598 1286 te
1630 1232 1957 1303 possessio-

294 1334 433 1372 nem
472 1320 599 1388 ejus
631 1318 736 1383 rei,
783 1317 871 1373 vel
925 1318 1191 1391 stipuler,
1240 1319 1401 1376 utilis
1431 1320 1540 1375 erit
1569 1326 1625 1377 et
1653 1322 1870 1391 emptio
1902 1328 1959 1377 et

303 1406 633 1478 stipulatio,
667 1412 724 1461 et
768 1408 1035 1479 sequitur
1066 1413 1133 1464 ut
1175 1414 1233 1464 et
1265 1410 1611 1480 precarium,
1645 1415 1701 1465 et
1730 1412 1953 1466 condu-

300 1497 450 1563 ctio,
483 1494 818 1566 specialiter
866 1497 1259 1567 possessionis
1301 1498 1491 1553 solius
1538 1500 1950 1567 conducendte,

308 1584 397 1638 vel
432 1585 695 1655 precario
728 1586 998 1655 roganda:
1030 1585 1264 1642 animus
1294 1586 1663 1643 interveniat.

294 1724 383 1781 EX
416 1726 630 1781 LIBRO
663 1727 1044 1784 SINGULARI
1090 1730 1177 1784 DE
1215 1730 1605 1786 CASTRENSI
1651 1730 1948 1787 PECULIO

492 1838 562 1889 D.
598 1836 715 1891 Lib.
748 1836 839 1898 29,
872 1838 955 1891 tit.
990 1853 1029 1903 1,
1063 1837 1137 1892 De
1168 1837 1392 1893 Testem.
1424 1840 1546 1894 mil.
1586 1838 1627 1894 ι.
1660 1840 1749 1896 23.

374 1940 537 1997 Idem
593 1943 701 1998 etsi
756 1943 1198 2014 paterfamillias
1232 1944 1400 2000 miles
1449 1947 1518 2000 de
1559 1948 1957 2004 castrensibus

309 2032 492 2086 rebus
524 2032 811 2086 duntaxat
841 2037 1089 2087 testatus
1138 2035 1534 2105 arrogandum
1579 2051 1640 2090 se
1689 2037 1915 2092 dederit
1950 2040 1962 2077 ἒ

308 2121 362 2176 si
393 2138 531 2176 vero
565 2120 788 2177 missus
828 2122 955 2193 jam
999 2122 1109 2178 hoc
1159 2123 1382 2192 fecerit,
1428 2140 1544 2179 non
1591 2125 1742 2182 valet
1787 2132 1965 2184 testa-

308 2216 607 2266 mentum.

898 2300 1119 2370 Ibidem,
1154 2302 1257 2372 leg.
1290 2302 1379 2358 33.

377 2389 437 2442 Si
496 2387 659 2443 ﬁlius
715 2388 967 2445 familias
1024 2389 1195 2447 miles
1254 2392 1484 2447 fecisset
1545 2396 1966 2450 testamentum

310 2493 475 2531 more
518 2476 769 2547 militiae,
799 2478 1010 2533 deinde
1049 2486 1182 2551 post
1228 2485 1473 2538 mortem
1507 2485 1691 2554 patris
1723 2485 1967 2555 posthu-

306 2582 442 2620 mus
476 2565 527 2619 ei
564 2572 921 2635 nasceretur,
946 2568 1149 2641 utique
1172 2571 1463 2643 rumpitur
1494 2573 1622 2643 ejus
1652 2578 1964 2629 testamen-

306 2658 461 2707 tum.
495 2653 714 2709 Verum
748 2656 797 2710 si
845 2664 1277 2728 perseverasset
1325 2661 1382 2715 in
1423 2678 1489 2716 ea
1539 2661 1853 2731 voluntate,
1908 2670 1970 2719 ut

306 2742 487 2798 vellet
515 2743 711 2799 adhuc
763 2744 905 2800 illud
956 2750 1373 2804 testamentum
1412 2750 1623 2820 valere,
1656 2751 1968 2808 valiturum

310 2831 484 2903 illud,
512 2833 683 2904 quasi
714 2851 950 2890 rursum
983 2835 1139 2890 aliud
1194 2838 1407 2893 factum
1443 2855 1455 2893 :
1491 2841 1540 2894 si
1586 2841 1759 2895 modo
1809 2842 1962 2896 mili-

309 2926 465 2977 taret
534 2922 727 2977 adhuc
800 2940 866 2979 eo
942 2929 1200 2997 tempore
1280 2944 1393 2998 quo
1466 2935 1810 2985 nasceretur
1880 2930 1964 2985 illi

313 3009 695 3082 posthumus.
723 3012 833 3067 Sed
867 3015 916 3069 si
946 3014 1104 3070 filius
1137 3015 1391 3073 familias
1413 3018 1513 3073 86
1539 3016 1707 3075 miles
1731 3019 1966 3075 fecisset

310 3106 764 3170 testamentum,
821 3102 1029 3159 deinde
1078 3110 1279 3177 postea
1324 3107 1448 3162 vivo
1520 3126 1607 3176 eo,
1666 3114 1722 3165 et
1775 3111 1965 3166 adhuc

310 3205 418 3243 avo
451 3206 685 3261 quoque
730 3192 1061 3263 superstite,
1111 3186 1445 3251 nasceretur
1485 3198 1534 3253 ei
1587 3198 1960 3270 posthumus.

1990 1894 2036 1958 B
2071 1860 2120 1914 si
2152 1860 2277 1913 vivo
2310 1874 2415 1913 avo
2467 1860 2767 1919 nascatur,
2792 1854 3165 1926 posthumus,
3216 1850 3309 1905 hic
3342 1866 3456 1904 non
3490 1861 3696 1917 rumpe

2075 603 2229 659 hunc
2265 609 2529 675 nepotem
2585 604 2988 675 posthumuni,
3022 617 3154 656 cum
3205 599 3325 653 viro
3358 598 3475 653 lilio
3518 614 3719 652 nasce-

2074 699 2252 759 retur,
2288 711 2459 748 suum
2512 693 2800 747 bacredem
2857 691 3123 763 protinus
3174 688 3432 743 adnasci.
3476 688 3543 741 Et
3591 686 3718 741 ideo

2074 798 2179 837 nec
2231 783 2321 837 avi
2371 787 2792 837 testamentum
2858 779 3072 849 rumpi,
3145 778 3421 849 quoniam
3478 775 3611 830 licet
3660 775 3719 828 in

2074 879 2358 947 potestate
2380 874 2469 928 avi
2512 874 2779 944 protinus
2828 886 2955 925 esse
2989 868 3288 940 inciperet,
3324 872 3516 921 tamen
3551 870 3722 920 ante-

2072 966 2302 1020 cederet
2342 981 2475 1019 eum
2529 962 2735 1027 ﬁlius.‘
2755 960 3082 1016 Secundum
3114 975 3241 1029 quae
3282 957 3331 1012 si
3363 956 3517 1011 ﬁlius
3551 954 3722 1009 fami-

2070 1054 2180 1109 lias
2213 1053 2379 1109 miles
2408 1058 2825 1108 testamentum
2859 1048 3077 1117 fecerit,
3101 1052 3157 1103 et
3188 1045 3447 1101 omiserit
3478 1044 3720 1117 posthu-

2070 1161 2235 1198 mum
2271 1160 2371 1215 per
2400 1157 2675 1206 errorem,
2727 1156 2899 1211 quem
2952 1155 3065 1193 non
3118 1136 3344 1192 volebat
3391 1134 3723 1189 abbirreda-

2067 1237 2217 1299 tum,
2272 1232 2482 1286 deinde
2542 1230 2895 1302 posthumus
2954 1231 3083 1299 post
3140 1230 3386 1280 mortem
3447 1224 3535 1278 avi
3592 1222 3717 1277 vivo

2067 1323 2259 1377 adhuc
2295 1321 2429 1385 (ilio,
2481 1321 2535 1374 id
2590 1323 2677 1373 est
2719 1324 2880 1390 patre
2909 1334 3035 1383 suo,
3072 1320 3242 1371 natus
3288 1314 3499 1379 fuerit;
3556 1311 3716 1367 omni

2073 1412 2247 1465 modo
2279 1413 2512 1481 rumpet
2536 1408 2695 1463 illius
2730 1410 3167 1462 testamentum.
3218 1404 3329 1459 Sed
3389 1403 3437 1457 si
3480 1401 3718 1473 quidem

2064 1518 2288 1572 pagano
2312 1500 2436 1570 jam
2498 1499 2596 1553 illo
2647 1500 2795 1553 facto
2838 1502 3012 1551 natus
3060 1496 3159 1561 sit,
3206 1509 3310 1549 nec
3356 1492 3722 1548 convalescet

2064 1596 2324 1661 ruptum.
2386 1590 2442 1644 Si
2517 1606 2650 1643 vero
2698 1587 2988 1643 militante
3050 1584 3241 1639 adhuc
3294 1587 3467 1637 natus
3522 1579 3717 1645 fuerit,

2063 1685 2391 1750 rumpetur.
2459 1679 2671 1733 Deinde
2733 1678 2781 1732 si
2846 1675 3093 1730 voluerit
3139 1679 3331 1727 ratum
3389 1670 3534 1725 illud
3594 1684 3723 1750 esse

2059 1744 2245 1842 pater,
2282 1768 2647 1824 convalescet
2678 1767 2783 1831 sic,
2817 1765 2985 1869 quasi
3022 1764 3228 1869 denuo‘
3246 1762 3485 1861 factum.
3520 1758 3628 1812 Sed
3663 1744 3725 1869 et

2078 1948 2353 2003 continuo
2389 1946 2571 2018 patris
2602 1948 3041 1999 testamentum.
3075 1940 3131 1994 Si
3180 1936 3565 2010 supervixerit
3594 1936 3726 2006 post

2079 2044 2323 2093 mortem
2384 2035 2495 2101 avi,
2554 2036 2678 2090 vivo
2737 2033 2928 2089 adhuc
2986 2036 3170 2102 patre,
3230 2031 3508 2099 rumpet;
3568 2024 3723 2095 quod

2078 2145 2261 2183 novus
2320 2126 2403 2180 illi
2460 2141 2615 2180 nunc
2661 2124 2917 2195 primum
2983 2121 3168 2176 haeres
3222 2116 3580 2174 adnascitur.
3644 2113 3728 2168 lta

2076 2222 2295 2283 tamen,
2331 2220 2393 2270 ut
2441 2230 2742 2285 nunquam
2798 2216 2996 2284 posset
3044 2211 3296 2265 duorum
3337 2204 3512 2262 simul
3546 2206 3725 2259 testa-

2076 2310 2276 2362 menta
2310 2321 2603 2377 rumpere,
2633 2307 2691 2357 et
2720 2302 2829 2368 avi,
2862 2305 2919 2356 et
2949 2299 3152 2372 patris.

2308 2396 2369 2449 D.
2404 2397 2462 2450 L.
2496 2395 2586 2463 49,
2616 2394 2701 2449 tit.
2737 2393 2823 2459 17,
2858 2396 2935 2447 De
2964 2396 3133 2446 castr.
3164 2386 3336 2459 pecul.
3366 2386 3403 2440 ι.
3439 2385 3489 2438 li.

2149 2484 2315 2540 Miles
2350 2483 2640 2555 praecipua
2694 2481 2907 2536 habere
2938 2480 3111 2534 debet
3144 2494 3270 2549 quas
3294 2473 3490 2530 intulit
3522 2486 3721 2527 secum

2076 2574 2135 2629 in
2169 2578 2361 2629 castra
2391 2574 2742 2628 concedente
2790 2575 2972 2642 patre.
3026 2567 3324 2622 Actionem
3367 2560 3724 2637 persecutio-

2079 2680 2332 2734 nemque
2364 2662 2751 2717 castrensium
2795 2674 2990 2715 rerum
3053 2672 3284 2727 semper
3337 2653 3490 2708 illius
3548 2650 3723 2706 etiam

2078 2752 2258 2809 invito
2314 2756 2475 2823 patre
2522 2750 2717 2805 habet.
2763 2748 2819 2802 Si
2888 2744 3307 2818 paterfamilias
3360 2740 3577 2797 militiae
3638 2736 3725 2794 vel

2076 2846 2208 2910 post
2240 2839 2579 2895 missionem
2614 2837 3006 2909 arrogandum
3048 2852 3106 2889 se
3158 2832 3493 2905 praebuerit,
3524 2828 3725 2883 viden-

2075 2933 2214 2987 dum
2270 2930 2402 2995 erit,
2445 2944 2517 2983 ne
2565 2927 2700 2982 huic
2748 2940 2981 2997 quoque
3024 2924 3311 2995 permissa
3369 2917 3729 2987 intelligatur

2073 3037 2274 3077 earum
2318 3035 2511 3074 rerum
2562 3014 3013 3079 administratio,
3047 3030 3192 3083 quas
3231 3015 3365 3065 ante
3410 3006 3722 3076 arrogatio-

2076 3126 2207 3165 nem
2256 3109 2315 3163 in
2367 3107 2573 3163 castris
2622 3104 2961 3177 acquisierit
2992 3118 3005 3158 :
3040 3100 3309 3173 quamvis
3348 3095 3719 3153 constitutio-

2076 3216 2179 3255 nes
2236 3196 2587 3270 principales
2642 3195 2712 3249 de
2768 3192 2859 3248 his
2905 3192 3240 3263 loquantur,
3299 3186 3394 3258 qui
3436 3186 3506 3241 ab
3554 3181 3722 3238 initio

309 3294 430 3332 non
466 3280 765 3349 rumpitur
784 3282 912 3351 ejus
936 3286 1380 3350 testamentum,
1406 3287 1543 3357 quia
1563 3304 1697 3342 cum
1732 3288 1787 3342 id
1812 3288 1962 3359 quod
2000 3284 2041 3352 C
2082 3305 2214 3343 cum
2248 3291 2441 3343 essent
2490 3285 2593 3340 lilii
2642 3282 2921 3351 familias,
2968 3278 3365 3347 militaverint,
3416 3274 3569 3347 quod
3624 3272 3722 3327 ad-

310 3372 679 3435 nasceretur,
712 3369 769 3423 in
813 3375 1095 3442 potestate
1144 3375 1273 3445 ejus
1301 3391 1412 3429 non
1448 3376 1812 3447 perveniret;
1856 3395 1969 3433 non

2083 3377 2432 3433 mittendum
2464 3379 2569 3432 est.

307 3516 3727 3567 Μ

1366 3719 2688 3846 DISSERTATIO

693 3954 1219 4064 DE‘VERA
1291 3955 1696 4066 ᾸΕΤΑΤΕ
1765 3957 1907 4067 AC
1986 3955 2562 4070 DOCTllINA
2628 3951 3350 4069 SCBlPl‘ORUM

1121 4153 1303 4225 QUAE
1346 4156 1814 4220 SUPERSUNT
1858 4158 1931 4229 ο.
1978 4157 2199 4218 ssp'r.
2244 4154 2771 4218 TERTULLIANI
2816 4152 2926 4232 (ι).

901 4491 1806 4584 CONSPECTUS

903 4836 1311 4893 ARTICULUS
1346 4837 1391 4892 Ι.

389 4924 475 4980 De
504 4924 842 4981 Tertulliani
875 4926 1132 4998 ingenio.
1162 4926 1311 4998 stylo
1341 4931 1398 4982 et
1426 4925 1878 4983 existimatione.
1901 4927 1973 4981 89

901 5014 1297 5071 ARTICULUS
1339 5017 1409 5071 II.

390 5103 473 5157 De
504 5102 669 5160 libris
697 5103 1066 5171 Tertulliani,
1099 5121 1350 5177 quorum
1392 5110 1451 5161 et
1490 5109 1651 5174 aetas,
1683 5109 1740 5162 et
1772 5106 1971 5162 ortho-

465 5190 633 5246 doxia
662 5196 951 5247 constant.
1903 5196 1973 5250 96

388 5279 421 5351 §
453 5280 504 5334 l.
537 5310 605 5320 —
631 5281 796 5335 Ratio
829 5280 1085 5337 instituti
1835 5284 1969 5340 Ibid.

386 5422 774 5500 (1)“Auctore
833 5428 894 5478 P.
935 5425 1275 5500 _G_ottcfrido
1344 5432 1613 5500 Lumper,
1690 5427 1973 5484 monacho

314 5492 1073 5572 benediﬁinqimperialis
1102 5501 1443 5572 monasterii
1478 5492 1548 5555 ad
1582 5492 1637 5556 S.
1660 5500 1972 5572 Georgium

316 5564 850 5645 Hercynizesilwe,
875 5584 929 5639 p.
966 5576 1006 5624 t.
1036 5568 1297 5645 Villingas
1328 5572 1538 5645 priore.
1586 5574 1712 5627 Haec
1750 5564 1975 5645 disser-

320 5587 850 5650 nercyniaapiivaa,
875 5587 929 5639 p.
966 5587 1006 5624 ι.
1043 5587 1297 5696 “iungas
1328 5589 1538 5645 priore.
1586 5587 1712 5627 Haec
1750 5587 1975 5627 disser-

320 5642 814 5728 EEP.".--3°°‘.P‘.‘,‘!¥‘
866 5656 937 5723 .6!
998 5646 1143 5728 19.09-
1254 5644 1275 5728 !
1358 5646 1552 5728 oneris
1623 5644 1734 5728 (ξιτ).
1762 5644 1975 5728 “tam

316 5708 578 5767 Historia
634 5708 1173 5785 Malagma-critica
1228 5719 1300 5773 de
1352 5708 1495 5788 vita,
1534 5716 1759 5788 scripti:
1814 5716 1976 5787 atque

1912 4486 3150 4585 DISSERTATIONIS.

2006 4842 2051 4906 D
2152 4838 2182 4911 §
2211 4839 2267 4892 2.
2298 4867 2367 4878 —
2387 4837 2744 4900 Quaestiones
2774 4835 3041 4907 quaedam
3074 4832 3341 4889 universe
3374 4846 3588 4904 propo-

2222 4930 2465 4981 nuntur.
3661 4919 3731 4974 97

2151 5016 2179 5088 ἓ
2210 5016 2261 5069 3.
2295 5046 2363 5055 —-
2384 5018 2647 5079 Quonam
2680 5030 2833 5069 anno
2848 5012 3240 5069 Tertullianus
3264 5012 3334 5067 ad
3358 5015 3588 5067 monta-

2223 5105 2409 5160 nistas
2466 5102 2785 5159 defecerit?
2834 5102 3060 5171 Utrum,
3112 5102 3204 5157 his
3252 5101 3492 5167 relictis,
3527 5117 3589 5156 se

2224 5196 2412 5251 denuo
2440 5195 2509 5251 ad
2543 5193 2892 5249 orthodoxos
2922 5192 3245 5263 receperit?
3662 5190 3733 5244 98

2156 5283 2185 5357 §
2212 5285 2263 5339 4.
2297 5282 2668 5348 —Quomodo
2700 5281 3091 5337 Tertullianus
3128 5281 3533 5338 montanizans
3561 5299 3595 5337 θ.

2081 5427 2328 5483 doctrina
2372 5430 2685 5482 sanctorum
2733 5430 2985 5492 Patrum,
3019 5427 3363 5498 aliorumque
3404 5428 3735 5497 scriptorum

2082 5500 2569 5555 ecclesiasticarum
2598 5502 2771 5554 trium
2796 5500 3052 5571 priorum
3093 5500 3420 5554 saeculorum
3467 5516 3539 5553 ex
3586 5501 3735 5571 viro-

2086 5588 2212 5697 rl'um
2291 5571 2728 5628 doctissimorum
2797 5569 3092 5627 litterariis
3166 5573 3534 5627 monumenti:
3611 5569 3724 5623 col-

2112 5659 2171 5697 ec
2196 5660 2249 5697 α.

2112 5659 2249 5698 εοια.
