4148 6188
426 372 537 431 127
1504 358 2026 426 DISSERTATIO
2072 354 2175 415 DE
2221 355 2427 416 VERA
2479 356 2762 417 ETATE
3719 351 3841 411 128

564 502 927 557 montanista
951 501 1203 557 discerni
1228 499 1510 572 possit.Et
1531 498 1710 567 hujus
1730 492 1941 571 discrij

564 590 745 645 minis
778 591 1041 645 vindicis:
1074 592 1353 646 adversus
1384 587 1823 643 Hot‘fmannum.
2005 579 2074 633 99

495 672 589 727 87
621 674 647 740 §
676 674 728 726 5.
761 703 831 712 —
862 672 1055 726 Prima
1098 670 1303 726 classis
1347 669 1626 725 librorum
1660 666 1757 737 qui
1793 666 1933 718 sunt

563 766 826 832 tempore
860 760 1067 832 prioris
1096 760 1416 815 vexationis
1465 756 1929 813 Christianorum

566 852 677 905 sub
710 852 915 906 Severo
948 853 1205 919 Augusto
1235 849 1456 918 scripti.
1974 840 2069 894 101

494 943 519 1005 §
546 941 580 994 6
610 972 675 982 ——
700 940 779 995 De
801 941 929 1011 ipsa
950 940 1059 994 hac
1082 939 1382 994 vexatione
1404 933 1846 1008 disputatur,ita
1869 934 1933 986 ut

563 1031 1019 1097 demonstretur,
1052 1028 1227 1084 talem
1259 1026 1552 1083 exstitisse
1582 1030 1712 1081 ante
1745 1019 1937 1078 Severi

565 1118 841 1188 edictum,
865 1135 1041 1188 quam
1072 1119 1129 1172 in
1158 1134 1277 1172 rem
1307 1115 1619 1187 propositis
1644 1108 1937 1169 Mosbemii

565 1208 926 1279 argumentis
947 1207 1061 1261 alia
1083 1223 1228 1261 nova
1249 1201 1936 1276 adjiciuntur,etinitium

564 1296 787 1366 cepisse
817 1301 884 1349 Α.
920 1296 980 1350 Ρ.
1016 1295 1079 1350 c.
1112 1295 1178 1349 N.
1214 1294 1466 1350 cxcvu.
1939 1287 2080 1344 Ibid-

490 1387 517 1453 §
541 1386 575 1437 7
597 1416 661 1425 -
687 1387 825 1449 Quae
849 1402 1035 1439 causes
1073 1384 1249 1454 hujus
1279 1383 1489 1455 prioris
1520 1381 1864 1437 vexationis.
1978 1379 2080 1433 104

493 1474 523 1545 §
553 1474 605 1528 8.
644 1504 709 1514 —-
741 1472 980 1527 Initium
1014 1472 1335 1528 vexationis
1385 1472 1707 1527 Christian.
1743 1487 1811 1525 ex
1842 1486 1935 1524 an.

566 1579 681 1633 quo
731 1562 904 1634 periit
953 1562 1198 1618 Albinus
1246 1564 1736 1627 demonstratur;
1782 1559 1938 1614 hunc

566 1668 696 1707 vero
748 1669 843 1707 an.
893 1652 1126 1707 CXCVII
1180 1653 1551 1707 interfectum
1620 1666 1746 1706 esse
1802 1665 1936 1721 pro-

568 1741 746 1795 batur
775 1742 964 1811 primo
995 1758 1063 1795 ex
1105 1742 1310 1795 ordine
1342 1739 1475 1795 belli
1510 1740 1662 1811 quod
1693 1743 1939 1793 Severus

566 1846 699 1884 cum
732 1830 1047 1885 Pescennio
1099 1830 1275 1901 Nigro
1323 1829 1523 1902 gessit.
1557 1828 1755 1885 Obiter
1787 1844 1937 1898 quas-

566 1921 700 1973 dam
734 1924 882 1974 notae
912 1919 969 1973 in
1000 1920 1265 1975 nummis
1312 1919 1501 1973 Severi
1544 1917 1929 1989 explicantur,

564 2013 622 2063 et
653 2008 961 2064 Mosbemii
993 2010 1245 2064 rationes
1274 2009 1683 2064 emendantur.
1973 2004 2076 2058 105

494 2097 605 2170 §9.
636 2126 709 2141 —
746 2098 1036 2153 Albinum
1072 2116 1225 2154 anno
1273 2098 1512 2153 CXCVII
1558 2096 1929 2151 interfectum

567 2188 751 2243 fuisse
790 2188 1069 2258 probatur
1095 2189 1351 2244 secundo
1401 2204 1434 2242 a
1464 2190 1723 2258 tempore
1753 2201 1930 2256 expu-

566 2277 729 2350 gnati
759 2278 1038 2349 Byzantii.
1338 2332 1341 2335 ,
1972 2272 2073 2328 108

499 2368 527 2435 §
558 2367 643 2421 10.
675 2398 743 2407 —
775 2367 1061 2422 Probatur
1094 2366 1283 2437 tertio,
1307 2382 1374 2421 ex
1404 2382 1577 2432 anno,
1611 2381 1725 2435 quo
1758 2366 1929 2419 Cara-

568 2454 754 2511 callus
776 2455 1038 2511 Caesariis
1056 2456 1402 2528 dignitatem
1433 2460 1490 2510 et
1517 2456 1656 2509 SCto
1688 2452 1929 2525 accepit.
1974 2452 2076 2506 109

498 2546 636 2612 §11.
660 2576 728 2585 -—
751 2546 791 2600 E
811 2544 935 2601 loco
967 2547 1223 2617 quodam
1256 2543 1598 2599 Tertulliani
1627 2543 1695 2598 ad
1715 2547 1932 2613 Scapu-

566 2633 704 2705 lam,
764 2634 867 2706 qui
922 2651 1056 2690 cum
1113 2634 1225 2690 alio
1279 2634 1572 2705 Spartiani
1616 2633 1931 2698 confertur,

567 2724 897 2780 ostenditur
937 2741 1089 2780 anno
1139 2723 1369 2781 CXCVII
1423 2723 1655 2778 initium
1688 2722 1931 2793 cepisse.

566 2814 820 2885 priorem
854 2814 1004 2869 hanc
1032 2816 1395 2870 vexationem
1443 2811 1903 2869 Christianorum
1933 2809 2072 2866 Ibid.

495 2903 525 2975 §
559 2905 645 2957 12..
666 2933 732 2943 —
756 2904 916 2957 Idem
940 2903 1379 2958 demonstratur
1405 2901 1648 2957 ulterius
1670 2918 1738 2957 ex
1767 2904 1935 2956 aetate

565 2992 925 3064 Apologetici
951 2992 1316 3059 Tertulliani,
1350 2998 1810 3063 caterorumque
1858 2990 1931 3045 li-

564 3082 806 3137 brorum
838 3081 935 3154 qui
966 3097 1099 3137 eum
1131 3086 1585 3137 antecesserunt.
1977 3080 2078 3135 110

499 3169 718 3242 §13.-
737 3176 899 3226 zEtas
923 3171 1053 3243 ipsa
1072 3171 1354 3226 librorum
1381 3170 1560 3240 hujus
1582 3168 1812 3240 generis
1834 3173 1935 3222 de-

570 3258 793 3324 finitur,
865 3259 945 3313 ita
1013 3264 1075 3313 ut
1136 3259 1283 3313 liber
1355 3260 1427 3312 ad
1498 3259 1780 3329 Martyres
1838 3274 1933 3311 an.

566 3346 809 3401 CXCVII
860 3347 944 3409 sit
993 3352 1310 3414 exaratus;
1371 3346 1704 3402 Hoﬂ‘manni
1748 3347 1937 3417 conje-

569 3440 745 3490 cturas
779 3435 1192 3507 exploduntur.
1978 3435 2075 3489 111

496 3525 640 3592 §14.
675 3556 760 3568 -τ
790 3524 957 3580 Liber
999 3527 1069 3581 de
1117 3524 1478 3596 Spectaculis
1522 3542 1614 3580 an.
1669 3524 1937 3581 CXCVIII

572 3615 963 3685 conscriptus.
1046 3614 1453 3670 Dubitationes
1534 3613 1936 3680 Tillemontii,

571 3702 904 3758 Hoﬂ‘manni
935 3708 993 3759 et
1026 3704 1257 3775 Dupinii
1293 3703 1620 3759 solvuntur.
1980 3702 2080 3758 113

501 3792 529 3865 ἕ
559 3792 646 3847 15.
673 3823 738 3833 -
762 3792 924 3848 Liber
943 3793 1014 3848 de
1041 3792 1373 3848 Idololatria
1394 3794 1582 3850 eidem
1607 3810 1760 3849 anno
1781 3810 1940 3849 asse-

573 3883 739 3937 ritur.
790 3882 1148 3939 Tillemontii
1187 3889 1243 3939 et
1289 3884 1937 3955 Hoﬂ'manniconjectu-

572 3988 648 4026 ras
675 3970 1091 4043 dispelluntur.
1982 3971 2084 4026 115

501 4060 529 4133 Ξ
566 4061 649 4117 16.
682 4092 751 4103 -
779 4061 1197 4135 Apologeticus
1220 4080 1315 4119 an.
1347 4062 1556 4119 CXCIX
1585 4061 1943 4135 compositus

578 4151 1030 4208 demonstratur.
1984 4151 2085 4206 117

506 4238 535 4312 ἒ
568 4240 653 4295 17.
684 4272 754 4282 —
786 4240 942 4297 Libri
974 4242 1089 4298 duo
1135 4242 1206 4297 ad
1257 4242 1521 4299 nationes
1553 4259 1705 4298 anno
1738 4240 1945 4298 CXCIX

579 4329 801 4401 scripti.
1987 4328 2090 4385 120

508 4417 655 4491 £18.
700 4451 754 4460 —
806 4420 976 4477 Liber
1022 4421 1093 4477 de
1138 4420 1475 4477 testimonio
1515 4420 1724 4476 animae
1755 4420 1943 4476 eidem

578 4525 732 4565 anno
756 4510 1055 4567 asseritur.
1985 4509 2083 4564 121

988 4671 1395 4728 ARTICULUS
1436 4673 1534 4729 III.

508 4814 589 4870 De
617 4814 785 4872 libris
814 4814 1156 4871 Tertulliani
1181 4831 1430 4888 quorum
1454 4819 1511 4872 et
1538 4820 1676 4873 satas
1707 4821 1763 4873 et
1792 4822 1946 4873 Mon-

580 4904 874 4960 tanismus
905 4908 1153 4960 constat.
1982 4906 2087 4961 122

509 4996 535 5061 §
572 4994 617 5047 1.
636 5024 704 5033 -
732 4994 897 5048 Liber
926 4994 997 5048 de
1026 4993 1251 5051 Corona
1279 5012 1373 5052 an.
1397 4999 1504 5051 CCI
1533 4997 1776 5053 docetur
1805 5014 1945 5053 con-

583 5081 859 5152 scriptus.
1949 5086 2085 5141 Ibid.

516 5172 543 5238 §
577 5173 631 5227 2.
664 5202 732 5210 —
761 5175 938 5227 Secus
962 5172 1341 5229 sentientium
1385 5175 1687 5247 opiniones
1732 5175 1947 5231 exami-

585 5263 822 5327 nantur,
856 5266 915 5317 et
945 5261 1004 5317 in
1040 5262 1245 5335 primis
1294 5263 1627 5319 IIotfmanni
1671 5269 1728 5318 et
1773 5264 1945 5331 Orsii,

585 5347 685 5417 qui
737 5349 901 5405 illum
960 5368 1113 5407 anno
1170 5352 1421 5408 CXCVIII
1481 5352 1834 5424 tribuerunt,
1893 5358 1950 5409 et

586 5436 770 5510 Pagii,
802 5440 901 5510 qui
933 5457 1067 5495 eum
1100 5442 1502 5512 assignaverat
1532 5459 1623 5495 an.
1651 5442 1803 5497 CCII.
1990 5443 2092 5498 126

518 5526 546 5594 §
573 5526 625 5582 3.
661 5558 729 5567 —-
757 5528 989 5583 Baronii
1021 5534 1371 5601 argumenta
1412 5528 1817 5587 convellantur
1846 5548 1949 5604 pro

586 5632 737 5673 anno
769 5617 1001 5674 CXCIX.
1992 5623 2093 5679 129

512 5704 543 5777 §
563 5705 616 5760 4.
639 5737 708 5747 —-
730 5706 990 5779 Denique
1019 5704 1262 5764 Pamelii
1287 5711 1344 5765 et
1358 5705 1579 5780 Allixii,
1612 5708 1714 5781 qui
1734 5708 1952 5767 librum

2100 496 2154 560 A

2108 1872 2155 1938 Β

2327 488 2484 544 hunc
2518 491 2891 561 conjecerant
2920 488 2979 543 in
3014 501 3235 544 annum
3257 484 3440 555 CCIX,
3472 484 3703 540 decreta

2327 578 2739 649 exploduntur.
3508 614 3513 621 .
3737 572 3840 627 130

2256 668 2355 724 88
2388 671 2414 735 §
2442 669 2744 725 5—Liber
2765 673 3010 741 uterque
3041 669 3110 722 de
3142 666 3311 722 Cultu
3344 664 3694 721 feminarum

2327 757 2504 812 simul
2530 759 2724 815 editus
2769 759 3099 815 ostenditur
3128 761 3330 813 contra
3370 752 3693 810 Pamelium

2327 854 2383 902 et
2414 848 2879 904 Tillemontium.
3735 841 3840 895 130

2256 938 2283 1004 §
2311 937 2364 990 6.
2403 968 2465 978 -—
2497 940 2662 993 Anno
2693 938 2929 1010 quidem
2962 937 3093 1007 CCI,
3126 941 3226 992 aut
3255 936 3411 993 CCII.
3740 930 3843 985 132

2192 1102 2199 1111 ι
2261 1024 2290 1098 §
2320 1026 2375 1079 7.
2407 1058 2474 1067 —-
2506 1027 2675 1083 Liber
2704 1030 2775 1083 de
2806 1028 2962 1097 Fuga
2992 1027 3050 1082 in
3082 1026 3485 1099 persecutione
3514 1021 3698 1077 vindi-

2332 1119 2500 1170 catur
2530 1133 2682 1171 anno
2713 1117 2865 1171 CCII.
3705 1108 3842 1165 Ibid.

2263 1202 2365 1276 §8.
2401 1236 2467 1245 —
2509 1205 2890 1262 Examinatur
2938 1205 3239 1279 popularis
3292 1202 3585 1260 sententia
3630 1201 3701 1256 de

2330 1292 2478 1349 libro
2508 1295 2812 1367 Scorpiace
2864 1294 3031 1351 libris
3060 1293 3403 1351 Tertulliani
3444 1292 3515 1347 ad
3549 1290 3701 1345 Mar-
3731 1349 3737 1354 η

2332 1381 2557 1439 cionem
2618 1384 2957 1456 posteriore,
2999 1384 3189 1455 deque
3238 1385 3367 1454 ejus
3424 1381 3702 1437 adversus

2331 1471 2489 1528 hunc
2518 1472 2683 1529 libris
2713 1473 3032 1547 deperditis
3066 1473 3425 1545 disputatur.
3750 1468 3849 1523 133

2259 1559 2289 1633 §
2315 1561 2368 1615 9.
2402 1591 2469 1603 —
2501 1564 2870 1635 Scorpiacem
2893 1581 3046 1619 anno
3078 1563 3239 1620 CCIV
3263 1562 3542 1633 scriptam
3576 1574 3705 1615 esse

2334 1650 2659 1707 conficitur.
3744 1646 3849 1701 135

2262 1740 2289 1807 §
2323 1739 2410 1793 10.
2430 1771 2498 1780 --
2526 1740 2682 1795 Libri
2704 1740 2753 1794 V
2776 1741 2873 1813 qui
2898 1743 3221 1812 supersunt
3250 1740 3534 1795 adversus
3563 1741 3706 1792 Mar-

2331 1845 2555 1885 cionem
2607 1847 2855 1902 quorum
2908 1830 3133 1903 primus
3186 1830 3436 1885 refertur
3466 1828 3536 1882 ad
3599 1844 3705 1882 an-

2328 1936 2469 1974 num
2532 1922 2709 1977 CCVII
2768 1924 2870 1975 aut
2931 1920 3168 1989 CCVIII,
3230 1926 3465 1974 caeteros
3518 1918 3709 1973 dubizs

2326 2008 2511 2064 aetatis
2541 2025 2670 2064 esse
2699 2010 2958 2065 docetur.
3734 2004 3838 2059 136

2253 2099 2281 2166 §
2329 2099 2414 2152 11.
2474 2129 2543 2137 ——
2591 2098 2949 2155 Tillemontii
3001 2098 3294 2155 contraria
3337 2096 3533 2171 opinio
3582 2095 3838 2167 castiga-

2328 2190 2443 2242 tur.
3736 2184 3838 2238 137

2255 2275 2284 2348 §
2316 2277 2400 2331 12.
2435 2306 2501 2318 -
2534 2276 2707 2333 Liber
2736 2278 2807 2333 de
2847 2277 3047 2333 Pallio.
3082 2277 3430 2349 Disputatur
3472 2276 3543 2330 de
3590 2274 3694 2329 tri-

2326 2365 2462 2437 plici
2498 2366 2799 2437 praesentis
2833 2366 3062 2439 imperii
3095 2368 3328 2434 virtute,
3362 2371 3420 2421 et
3449 2364 3695 2437 inquiri-

2323 2460 2420 2510 tur
2451 2456 2510 2510 in
2534 2474 2755 2511 annum
2790 2474 2905 2528 quo
2932 2460 3073 2513 Geta
3104 2456 3446 2528 dignitatem
3466 2458 3695 2525 Augus-

2327 2544 2370 2599 ti
2409 2546 2691 2617 suscepit,
3734 2539 3839 2595 139

2256 2636 2283 2703 §
2316 2634 2399 2688 13.
2432 2666 2499 2674 —
2532 2634 2721 2689 Dubia
2750 2635 3017 2690 redditur
3059 2634 3326 2706 Basnagii
3358 2639 3415 2691 et
3448 2631 3695 2688 Walchii

2328 2723 2639 2794 sententia,
2672 2725 2768 2794 qui
2799 2741 2892 2779 an.
2929 2726 3088 2780 CCXI
3137 2724 3293 2780 hunc
3325 2724 3539 2778 librum
3572 2720 3693 2777 edi-

2326 2817 2452 2867 tum
2482 2829 2611 2868 esse
2642 2813 2970 2881 voluerunt,
3003 2817 3061 2870 et
3091 2832 3185 2870 an.
3218 2814 3428 2869 CCVIII
3458 2809 3692 2867 libellus

2326 2902 2631 2957 asseritur.
3737 2898 3840 2952 144

2255 2992 2283 3059 §
2315 2990 2399 3044 14.
2435 3024 2501 3030 —
2533 2992 2767 3047 Librum
2804 2994 2873 3048 ad
2927 2991 3237 3064 Scapulam
3288 2991 3395 3048 sub
3454 2989 3689 3045 initium

2327 3080 2555 3152 imperii
2588 3082 2865 3137 Antonini
2918 3081 3217 3150 Caracalli,
3248 3099 3321 3137 an
3369 3082 3530 3137 CCXI
3563 3096 3693 3152 pro-

2328 3168 2508 3225 diisse
2540 3170 2843 3242 probatur.
3737 3165 3843 3220 143

2755 3332 3149 3389 ARTICULUS
3176 3331 3271 3393 IV.

2258 3454 2339 3511 De
2369 3454 2533 3511 libris
2588 3457 2958 3524 Tertulliani,
3008 3475 3259 3531 quorum
3290 3457 3379 3515 vel
3413 3462 3574 3525 astas,
3609 3456 3697 3512 vel

2330 3544 2613 3613 doctrina,
2649 3544 2734 3602 vel
2768 3552 3015 3619 utraque
3049 3548 3209 3603 latet.
3739 3545 3841 3600 144

2261 3634 2288 3706 ἕ
2321 3634 2370 3687 1.
2403 3664 2472 3674 -—
2510 3636 2702 3691 Tertia
2751 3635 2961 3692 classis
3014 3636 3299 3693 librorum
3330 3635 3696 3702 Tertulliani,

2335 3740 2501 3794 quos,
2537 3725 2808 3796 quamvis
2852 3725 3081 3780 incertae
3113 3726 3299 3782 atatis
3328 3726 3469 3796 sint,
3501 3730 3697 3780 tamen

2333 3816 2566 3868 constat
2629 3814 2879 3886 scriptos
2938 3819 3073 3871 ante
3128 3816 3255 3886 ejus
3316 3815 3697 3871 defectionem

2335 3901 2537 3958 fuisse.
3703 3901 3840 3959 Ibid.

2262 3991 2371 4059 §2.
2399 4021 2468 4031 -—-
2493 3991 2665 4047 Liber
2706 3992 2777 4048 de
2821 3992 3092 4050 Oratione
3141 3996 3274 4049 ante
3315 3992 3698 4049 defectionem

2336 4079 2611 4152 scriptus.
3705 4079 3843 4135 Ibid.

2266 4168 2370 4236 §3.
2402 4200 2471 4209 ——
2503 4168 2671 4225 Liber
2701 4171 2771 4225 de
2803 4171 3098 4243 Baptismo
3130 4189 3163 4227 a
3211 4170 3566 4227 Tertulliano
3607 4187 3701 4226 ca-

2337 4256 2553 4313 tholico
2584 4265 2874 4315 exaratus.
2918 4262 3307 4318 Confutantur
3357 4265 3705 4333 argumenta

2335 4345 2829 4403 dissentientium.
3744 4348 3847 4403 148

2267 4436 2375 4504 §4.
2406 4465 2476 4475 ——
2508 4436 2805 4493 Pamelius
2866 4443 2924 4493 et
2981 4439 3269 4512 Dupinius
3318 4439 3702 4512 castigantur.

2336 4524 2569 4581 Puritas
2624 4524 2830 4582 libris.
2884 4528 3277 4585 Montanismo
3338 4530 3705 4585 demonstra—

2336 4618 2451 4670 tur.
3746 4615 3851 4671 152

2263 4704 2294 4777 §
2322 4703 2377 4757 5.
2410 4734 2479 4746 —-
2508 4704 2664 4759 Libri
2691 4706 2741 4761 II
2770 4706 2842 4763 ad
2874 4724 3114 4764 uxorem
3142 4711 3275 4764 ante
3304 4706 3540 4780 lapsum
3569 4706 3705 4763 Ter-

2335 4792 2569 4849 tulliani
2599 4795 2839 4851 exarati.
3747 4794 3853 4849 156

2763 4957 3166 5015 ARTICULUS
3202 4958 3270 5013 V.

2270 5083 2486 5148 Quarta
2541 5082 2750 5141 classis
2804 5085 3111 5155 librorum,
3169 5101 3424 5157 quorum
3474 5083 3709 5141 nonnisi

2348 5174 2771 5230 Montanismus
2804 5180 2981 5245 patet.
3753 5174 3858 5227 157

2271 5260 2301 5332 §
2333 5261 2384 5315 1.
2409 5291 2479 5301 —
2502 5262 2667 5318 Liber
2696 5265 2765 5319 de
2788 5265 3095 5319 Patientia.
3710 5261 3852 5319 Ibid.

2272 5348 2377 5416 §2.
2418 5380 2472 5390 —
2505 5350 2671 5406 Liber
2700 5353 2772 5407 de
2799 5352 3060 5407 velandis
3091 5352 3453 5424 Virginibus,
3489 5352 3590 5424 qui
3622 5358 3711 5408 est

2362 5442 2528 5498 facile
2559 5440 2841 5496 librorum
2876 5440 3424 5497 montanisticorum
3454 5443 3701 5513 primus.
3753 5442 3859 5496 159

2275 5536 2302 5603 §
2334 5533 2367 5587 3
2395 5561 2463 5571 —
2494 5530 2666 5585 Liber
2696 5530 2765 5585 de
2795 5529 3167 5585 Exortatione
3200 5531 3510 5586 castitatis.
3756 5531 3860 5585 160

2275 5622 2304 5695 ἓ
2333 5622 2384 5676 4.
2420 5650 2487 5661 -
2522 5617 2686 5675 Liber
2714 5618 2785 5675 de
2816 5618 3208 5694 Monogamia,
3239 5618 3491 5691 Jejuniis
3521 5623 3579 5676 et
3608 5618 3714 5675 Pu-

2347 5706 2565 5765 dicitia.
3756 5707 3856 5763 161
