4148 6188
318 337 440 397 129

348 468 455 542 §5.
492 496 557 507 »η-
587 464 740 521 Libri
773 464 1053 519 adversus
1080 463 1528 535 Hermogenem,
1560 463 1834 519 Praxeam

457 562 511 611 et
540 557 610 610 de
645 555 874 609 Anima.

342 649 443 715 §6.
477 676 547 686 —
587 645 744 699 Libri
806 644 1087 698 adversus
1135 642 1593 709 Valentinianos,
1646 648 1703 699 et
1753 643 1823 697 de

418 733 994 807 Praescriptionihus,
1024 736 1204 787 Carne
1230 734 1465 800 Christi,
1494 738 1552 787 et
1610 733 1822 788 Resur-

419 828 700 881 rectione.

1862 552 1966 607 462

1866 821 1966 875 1³4

813 931 911 986 89
948 926 1343 984 ARTICULUS
1384 924 1470 981 VI.

308 1050 531 1117 Quinta
565 1047 796 1114 classis,
820 1046 1106 1101 librorum
1136 1061 1389 1115 quorum
1422 1059 1527 1100 nec
1558 1048 1719 1111 aetas,
1752 1059 1855 1099 nec

490 1138 762 1193 doctrina
792 1142 951 1191 certa
974 1142 1080 1190 est.

341 1228 371 1301 §
398 1227 457 1284 4.
489 1258 559 1269 -
590 1226 762 1281 Liber
788 1228 858 1282 de
886 1222 1259 1279 Pmnitentia.

1863 1133 1965 1189 168

1822 1225 1961 1282 Ibid.

886 1571 1292 1628 ARTICULUS
1338 1572 1379 1625 Ι.

378 1665 456 1719 De
486 1663 819 1717 Tertulliani
841 1662 1084 1732 ingenio,
1118 1662 1259 1731 ston
1280 1669 1332 1714 et
1376 1660 1815 1714 existimatione.

378 1752 635 1807 Multum
666 1740 924 1806 valuisse
954 1747 1613 1805 Tertullianumlitteris
1645 1764 1963 1817 earumque

308 1840 585 1907 scientia,
624 1839 1171 1902 commentationes,
1213 1854 1362 1908 quas
1403 1836 1605 1904 edidit,
1642 1836 1971 1891 luculenter

308 1929 632 1997 declarant,
671 1929 879 1984 Judice
936 1927 1210 1997 Dupinio,
1265 1945 1286 1972 ι
1333 1924 1485 1979 aeris
1534 1929 1590 1979 et
1638 1926 1795 1979 acuti
1844 1931 1969 1980 erat

314 2018 559 2089 ingenii,
584 2022 644 2072 at
674 2034 790 2072 non
824 2017 971 2071 satis
994 2014 1249 2070 accurati
1283 2019 1339 2069 et
1360 2013 1527 2068 recti.
1580 2012 1716 2068 Plus
1764 2012 1965 2085 splen-

304 2108 471 2162 doris
496 2124 650 2177 saepe
681 2108 812 2175 eius
833 2106 986 2160 inest
1001 2102 1323 2158 ratiociniis
1345 2119 1521 2173 quam
1548 2102 1743 2157 solidi.
1780 2102 1969 2157 Al‘ﬁcit

312 2203 369 2250 et
400 2195 745 2268 perstringit
786 2194 981 2265 potius
1012 2192 1178 2248 novis
1226 2197 1283 2246 et
1330 2191 1635 2246 inusitatis
1691 2190 1967 2247 elocutio-

311 2286 512 2351 nibus,
534 2301 711 2355 quam
735 2284 790 2337 vi
822 2284 1119 2338 rationum
1173 2281 1483 2336 convincit.
1519 2282 1627 2336 Res
1686 2282 1965 2336 ali‘ectataa

320 2378 490 2439 sunt,
521 2380 581 2427 et
617 2372 914 2427 interdum
950 2371 1251 2442 aliquanto
1285 2369 1518 2425 inﬂatae.
1576 2375 1792 2440 Lepore
1839 2370 1967 2441 qui-

310 2462 451 2517 dem
485 2462 716 2533 grandi,
752 2467 812 2516 at
858 2477 1066 2532 parum
1089 2461 1344 2531 genuino
1372 2475 1471 2513 eas
1501 2458 1793 2529 exprimit.
1826 2458 1972 2514 Prte-

312 2557 402 2607 tsr
432 2551 677 2605 modum
712 2548 1176 2620 saapeloquitur:
1210 2548 1269 2602 in
1289 2547 1563 2601 omnibus
1626 2547 1740 2602 fere
1797 2548 1969 2603 etfcr-

312 2640 497 2695 vescit
539 2644 597 2693 et
651 2638 912 2693 eti'ertur.
986 2637 1215 2708 Figuris
1270 2639 1327 2690 et
1381 2634 1714 2705 hyperbolis
1764 2640 1967 2691 scatet.

318 2728 508 2783 Multa
538 2728 783 2783 scientia
801 2725 1193 2782 eteruditione
1224 2723 1479 2795 repletus
1494 2728 1762 2794 erat,qua
1792 2741 1971 2795 appo-

319 2818 433 2873 site
502 2817 825 2871 admodum
908 2815 1203 2869 utebatur.
1252 2814 1313 2867 In
1374 2820 1569 2883 satyro.
1619 2812 1969 2870 excellebat:

318 2907 451 2976 cjus
481 2905 690 2960 urbani
723 2905 877 2960 sales
908 2910 966 2959 et
1007 2902 1311 2957 mordaces
1354 2906 1542 2956 erant.
1594 2903 1973 2958 Adversarios

321 2996 529 3049 dextro
560 2994 967 3066 impugnabat,
990 2998 1048 3047 et
1077 3008 1173 3047 eos
1208 2991 1505 3045 rationum
1565 2990 1717 3045 inter
1764 3008 1826 3046 se
1880 3008 1975 3047 co-

316 3084 674 3139 haerentium
748 3081 1124 3137 multitudine
1195 3080 1494 3134 obruebat.
1582 3081 1838 3151 Denique
1916 3080 1975 3135 ni

1171 332 1269 394 AC
1312 332 1707 393 DOCTRINA
1753 330 2254 393 SCRIPTORUM
2299 333 2829 398 TERTULLIANI

2000 462 2055 529 Α
2119 462 2222 535 §2.
2249 496 2317 505 —
2348 466 2519 522 Liber
2540 467 2821 521 adversus
2849 465 3105 521 Iudaeos.

3607 336 3725 395 130

2119 468 2222 535 §2.
2249 496 2317 505 —
2348 468 2519 522 Liber
2540 468 2821 521 adversus
2849 468 3105 521 Judaeos.
3624 468 3726 521 170

2114 557 2141 623 §
2170 555 2221 609 3.
2247 588 2271 595 -
2292 587 2315 595 -
2346 556 2426 610 De
2460 554 2620 610 Actis
2650 556 2943 626 Perpetua:
2977 560 3033 610 et
3056 553 3391 621 Felicitatis,
3422 554 3529 609 ho-

2219 662 2467 717 rumque
2496 645 2907 700 Montanismo.

2111 734 2213 789 90
2244 737 2345 803 §t.
2374 768 2440 774 —
2476 740 2550 789 De
2580 733 2951 789 Montanistis
2978 732 3336 800 Artotyritis.

2112 826 2211 891 §5.
2249 857 2312 866 -—-
2345 824 2641 879 Whistoni
2673 828 3022 893 argumenta
3053 839 3155 893 pro
3187 820 3547 876 Tertulliano

3620 643 3714 699 l7l

3621 732 3724 787 174

2196 920 2430 970 auctore
2460 914 2671 969 horum
2704 917 2966 966 actorum
3000 911 3435 982 expenduntur.
3624 910 3729 964 476

2108 1004 2218 1072 §6.
2252 1036 2317 1044 —
2352 1004 2504 1059 Usus
2536 1003 2820 1058 universae
2868 1001 3047 1071 hujus
3121 998 3543 1070 Disputationis

2182 1091 2464 1164 exemplis
2496 1108 2564 1147 ex
2595 1090 2837 1147 historia
2854 1089 3183 1145 Christiana
3215 1087 3409 1142 ductis
3446 1088 3542 1142 de-

2198 1185 2583 1238 monstratur.
3615 1177 3718 1231 177

2070 1569 2238 1624 Habet
2270 1577 2453 1623 tamen
2503 1565 2839 1621 Tertulliani
2896 1565 3073 1635 stylu:
3129 1562 3475 1634 majestatem
3534 1580 3728 1635 quam-

2073 1659 2199 1713 dam
2229 1659 2339 1711 sibi
2385 1658 2691 1727 prapriam,
2751 1659 2802 1710 et
2860 1653 3123 1723 grandem
3170 1653 3561 1725 eloquentiam,
3611 1654 3727 1709 sale

2072 1756 2125 1803 et
2146 1749 2403 1801 acumine
2433 1746 2745 1817 plurimum
2777 1744 3086 1809 conditam,
3110 1757 3236 1813 quae
3264 1744 3429 1797 simul
3489 1744 3725 1811 legenti:

2073 1838 2369 1908 ingenium
2390 1840 2624 1902 exercet,
2655 1844 2707 1889 et
2738 1835 2985 1888 animam
3005 1834 3248 1887 suaviter
3276 1831 3507 1885 delectat
3538 1832 3725 1902 (Cave,

2079 1927 2211 1981 Hist.
2248 1927 2487 1980 litterar.
2513 1929 2654 1978 tom.
2681 1922 2722 1990 Ι,
2751 1940 2882 1994 pag.
2915 1923 3006 1991 92,
3041 1921 3175 1977 edit.
3226 1920 3623 1992 Basileensis).

2150 2015 2226 2069 Ex
2251 2030 2430 2085 supra
2461 2013 2635 2067 dictis
2664 2011 3065 2084 (prosequitur
3122 2009 3431 2081 Dupinius)
3490 2027 3604 2064 non
3641 2014 3731 2067 est

2076 2103 2315 2159 difficile
2337 2102 2626 2173 judicare,
2654 2102 2785 2172 quis
2818 2101 2993 2156 fuerit
3022 2099 3367 2155 Tertulliani
3408 2098 3724 2155 character.

2076 2193 2291 2247 Verum
2315 2208 2477 2262 inque
2502 2208 2613 2246 non
2647 2197 2736 2245 est
2763 2188 2929 2245 facile
2960 2204 3239 2255 asserere,
3289 2192 3485 2242 utrum
3532 2188 3726 2257 laude,

2080 2299 2256 2352 quam
2279 2280 2565 2352 vituperio
2598 2280 2674 2335 sit
2723 2280 2984 2350 dignior;
3021 2295 3155 2333 nam
3206 2277 3393 2349 primo
3441 2277 3488 2331 si
3530 2278 3599 2333 de
3658 2296 3724 2335 eo

2072 2367 2877 2442 judicatur,proutEcclesize
2920 2365 3205 2430 inserviit,
3266 2364 3503 2421 difﬁcile
3560 2367 3721 2423 dictu

2080 2466 2188 2525 est,
2224 2477 2296 2514 an
2320 2460 2370 2513 ei
2404 2459 2593 2529 magis
2660 2458 2943 2522 nocuerit,
2999 2473 3173 2526 quam
3226 2456 3525 2526 profuerit.
3585 2458 3726 2513 Inde

2080 2549 2238 2603 enim
2262 2550 2386 2618 ejus
2409 2546 2733 2602 doctrinam
2769 2550 2971 2600 contra
2994 2544 3191 2616 plures
3251 2543 3549 2599 haereticos
3608 2545 3714 2599 for-

2082 2638 2217 2691 titer
2247 2636 2656 2708 pr0pugnavit,
2692 2636 2749 2689 in
2783 2634 3140 2705 quibusdam
3204 2632 3479 2703 operibus
3538 2634 3730 2705 capita

2083 2744 2198 2782 non
2230 2726 2376 2782 levia
2407 2727 2534 2796 ejus
2582 2723 2905 2795 disciplinis
2960 2723 3145 2777 tuitus
3203 2726 3312 2791 est,
3370 2727 3428 2777 et
3476 2723 3729 2795 denique

2085 2833 2277 2872 mores
2310 2815 2548 2886 pulchre
2567 2815 2785 2885 passim
2818 2812 3050 2877 docuit;
3078 2816 3136 2866 at
3169 2811 3303 2865 hinc
3337 2818 3726 2883 praeterquam

2084 2906 2239 2977 quod
2272 2903 2717 2974 sempermultis
2748 2902 2994 2956 infectus
3013 2899 3728 2957 fuiterroribus.Ecclesiie

2084 2994 2459 3065 disciplinam
2491 2993 2707 3047 diserte
2738 2988 3127 3062 impugnavit,
3181 2993 3492 3059 postquam
3543 2990 3614 3043 ab
3659 3006 3727 3045 ea

2085 3082 2345 3138 descivit.
2379 3082 2438 3136 Si
2471 3080 2680 3136 deinde
2712 3080 2781 3133 de
2804 3096 2869 3133 eo
2889 3078 3192 3149 judicatur
3220 3093 3287 3131 ex
3307 3078 3434 3146 ejus
3467 3077 3723 3148 ingenio,

317 3173 651 3228 ratiociniis
683 3172 1018 3244 persuadet,
1042 3185 1395 3225 consensum
1426 3168 1633 3223 saltem
1666 3174 1973 3241 extorquet
2004 3187 2045 3252 ρ
2084 3177 2246 3227 tanto
2280 3171 2458 3243 pollet
2488 3174 2545 3225 et
2568 3171 2717 3223 bono
2747 3173 2804 3223 et
2837 3166 3010 3233 malo,
3074 3170 3137 3221 ut
3185 3166 3339 3236 quod
3394 3166 3723 3236 praevaleat,

316 3261 631 3332 splendida
656 3262 893 3331 ,ratione
943 3259 1195 3315 dicendi.
1248 3259 1385 3327 Ejus
1443 3257 1629 3312 oratio
1686 3257 1971 3327 laconica,

312 3351 610 3406 dictiones
629 3350 860 3415 validas,
891 3354 948 3404 et
982 3350 1038 3403 in
1070 3349 1197 3419 ejus
1229 3346 1464 3417 scriptis
1487 3347 1731 3401 totidem
1772 3349 1969 3415 verba,

308 3439 564 3493 totidem
599 3440 717 3493 fere
776 3436 1099 3492 sententiis.
1140 3436 1265 3490 Non
1317 3434 1611 3490 immerito
1670 3440 1866 3491 tamen
1909 3436 1967 3491 in

305 3528 380 3581 iis
413 3527 528 3581 tria
574 3528 763 3598 carpit
813 3528 1127 3581 Lactantius
1158 3524 1297 3579 vitia
1347 3541 1462 3578 non
1519 3526 1963 3581 contemnenda.

308 3615 742 3684 Tertullianus,
790 3614 1003 3680 inquit,
1041 3612 1290 3685 plurima
1329 3622 1453 3667 erat
1502 3613 1814 3668 litteratura
1867 3630 1967 3684 pe-

315 3704 487 3770 ritus,
536 3720 738 3759 verum
793 3705 847 3757 in
910 3704 1169 3773 loquendo
1251 3718 1455 3773 parum
1510 3704 1713 3772 facitis,
1770 3719 1969 3774 parum

308 3796 586 3863 comptus,
618 3798 670 3847 et
700 3794 940 3847 multum
979 3792 1236 3847 obscurus
1268 3792 1549 3863 (Lactant.
1606 3790 1707 3846 lib.
1786 3808 1821 3846 ν
1877 3794 1968 3847 In-

307 3884 492 3935 stitut.
534 3881 806 3947 divinar.,
860 3898 987 3953 cap.
1035 3881 1109 3951 l).
1157 3880 1291 3935 Tria
1336 3880 1459 3935 haec
1551 3880 1788 3951 quidem
1834 3880 1967 3953 styli

306 3970 454 4025 vitia
508 3972 665 4042 apud
714 3970 1025 4041 plerosque
1086 3976 1353 4025 auctores
1412 3969 1717 4024 Africanos
1777 3987 1971 4025 occur-

309 4066 477 4125 runt,
510 4062 770 4132 exceptis
824 4067 1020 4115 tamen
1056 4060 1331 4128 Minucio,
1374 4060 1666 4131 Gypriano
1726 4065 1781 4116 et
1828 4066 1968 4116 Lao-

306 4151 524 4213 tantio,
603 4150 698 4220 qui
760 4150 831 4204 ab
888 4148 1296 4203 Africanorum
1344 4148 1492 4219 stylo
1564 4152 1967 4205 recesserant:

305 4238 602 4310 Cypriane
626 4244 821 4292 tamen
857 4237 1049 4291 adhuc
1072 4236 1295 4307 aliquid
1346 4242 1434 4291 est
1470 4236 1699 4309 reliqui.
1750 4238 1967 4293 Verum

302 4343 546 4382 summo
578 4327 761 4397 gradu
793 4328 946 4398 apud
971 4325 1396 4381 Tertullianum
1425 4333 1500 4393 ;et
1532 4326 1756 4382 nullius
1779 4328 1967 4399 scrip-

304 4417 455 4470 toris
481 4415 669 4486 stylus
698 4414 860 4471 illius
881 4416 1141 4471 auctoris
1173 4414 1323 4487 stylo
1370 4416 1570 4469 durior
1617 4421 1725 4481 est,
1771 4417 1969 4472 minus

304 4509 584 4574 comptus
631 4509 687 4558 et
748 4504 1072 4560 obscurior.
1140 4503 1383 4574 Singula
1440 4505 1569 4575 ejus
1626 4522 1802 4577 opera
1849 4506 1967 4560 illis

296 4592 578 4647 laborant
603 4592 778 4657 vitiis,
812 4593 928 4648 alia
983 4594 1145 4664 plus,
1202 4592 1318 4647 alia
1365 4592 1585 4648 minus.
1645 4594 1863 4649 Clarior
1918 4578 2048 4651 etD

298 4680 592 4751 liquidior
619 4682 839 4748 est,sed
868 4682 1066 4736 minus
1097 4681 1335 4752 elegans
1365 4682 1608 4736 inlibris
1644 4683 1965 4753 polemicis,

302 4769 621 4825 obscurior
658 4774 716 4824 et
772 4770 974 4825 durior
1005 4770 1063 4824 in
1116 4770 1260 4825 locis
1312 4771 1751 4838 communibus,
1800 4778 1862 4827 ut
1907 4773 1966 4828 in

303 4858 455 4913 libro
490 4859 561 4913 de
618 4858 824 4927 Pallio,
886 4860 1041 4930 quod
1089 4876 1273 4914 unum
1336 4865 1425 4915 est
1476 4876 1543 4915 ex
1595 4860 1968 4932 antiquitatis

304 4948 586 5018 operibus
618 4948 1083 5004 obscurissimis.
1128 4948 1299 5003 Liber
1337 4949 1402 5003 de
1452 4950 1789 5006 Paznitcntia
1846 4969 1967 5007 om-

304 5035 476 5090 nium
507 5041 599 5090 est
628 5035 1137 5108 elegantissimus.
1165 5037 1301 5107 Ejus
1347 5053 1523 5108 Opera
1570 5038 1967 5110 pulcherrima

303 5129 359 5178 et
384 5123 714 5179 utilissima
730 5132 871 5181 sunt
906 5126 1310 5197 Apologeticus,
1336 5127 1965 5199 Praescriptioneglibri

301 5212 367 5267 de
396 5215 763 5278 Pcenitentia,
828 5215 1127 5285 Baptismo,
1172 5218 1463 5286 Oratione,
1516 5223 1571 5272 et
1613 5219 1964 5275 llortationes

299 5304 372 5355 ad
406 5306 747 5357 Patientiam
777 5313 827 5358 et
851 5303 1198 5375 Martyrium.
1225 5327 1253 5354 »
1294 5310 1424 5360 Uaac
1482 5305 1775 5377 Dupinius
1834 5308 1958 5379 (Eli.

300 5390 503 5461 Dupin
540 5391 805 5446 Biblioth.
837 5392 928 5448 de:
961 5395 1225 5460 Auteurs,
1261 5400 1381 5449 tom
1418 5400 1459 5459 l,
1518 5412 1573 5466 p.
1640 5397 1760 5461 165,
1810 5415 1958 5454 vers.

304 5479 477 5533 latin.
558 5479 830 5547 Coloniae,
918 5482 1087 5550 i703).
1150 5482 1259 5537 Sed
1342 5484 1672 5540 audiendus
1730 5503 1963 5558 quoque

306 5570 471 5623 Joan.
509 5570 744 5637 Caveas,
808 5570 909 5641 qui
952 5588 1086 5627 cum
1141 5571 1416 5643 praedicta
1462 5574 1738 5630 Lactantii
1785 5578 1962 5633 verba

298 5659 637 5725 recitasset,
672 5676 807 5715 mox
856 5676 961 5717 sua
1009 5660 1161 5719 hanc
1210 5660 1270 5717 in
1316 5663 1669 5722 sententiam
1718 5666 1957 5737 subdit;

2083 3261 2321 3317 difficile
2352 3260 2507 3314 dictu
2542 3258 2637 3313 sit.
2671 3259 2931 3313 Tandem
2966 3256 3015 3310 si
3047 3273 3115 3310 ex
3145 3257 3271 3326 ejus
3306 3254 3475 3326 style,
3538 3255 3725 3310 nesci-

2080 3356 2178 3405 tur
2206 3368 2280 3404 an
2314 3348 2644 3403 laudandus
2678 3344 3088 3418 grandiloquio
3130 3348 3185 3398 et
3215 3344 3561 3414 stupendus,
3625 3348 3727 3399 aut

2078 3439 2235 3494 vitiis
2259 3438 2703 3509 vituperandus.
2732 3436 2819 3489 Ita
2848 3433 3153 3489 sententiis
3197 3448 3429 3504 semper
3476 3432 3725 3488 disside-

2080 3534 2233 3593 runt,
2273 3532 2329 3582 et
2364 3528 2689 3581 etiamnum
2740 3541 2855 3579 non
2918 3522 3290 3578 mediocriter
3342 3521 3447 3577 viri
3500 3522 3729 3577 variant

2077 3616 2429 3687 injudiciis,
2464 3632 2590 3686 quas
2623 3614 2693 3669 de
2732 3614 2841 3669 hoc
2900 3616 3133 3668 auctore
3186 3612 3415 3667 ferunt:
3480 3628 3593 3683 quo
3653 3612 3723 3667 ad

2079 3706 2436 3761 credendum
2468 3704 2715 3758 inducor
2748 3704 2806 3757 in
2832 3720 2921 3768 eo,
2960 3702 3113 3773 quod
3145 3701 3364 3755 bonum
3426 3707 3533 3767 est,
3594 3700 3725 3756 lau-

2079 3796 2216 3850 dare
2245 3794 2432 3849 satius
2464 3809 2613 3861 esse,
2648 3796 2703 3846 et
2733 3792 2886 3863 quod
2921 3790 3142 3845 malum
3186 3790 3319 3858 fuit,
3372 3791 3719 3861 vituperare,

2079 3900 2256 3955 quam
2290 3884 2361 3937 de
2383 3900 2448 3938 eo
2480 3880 2814 3937 absolutum
2850 3882 2997 3935 ferre
3039 3879 3353 3951 judicium,
3388 3881 3543 3951 quod
3580 3898 3724 3935 nun-

2079 3989 2255 4044 quam
2290 3989 2403 4026 non
2438 3970 2597 4025 mille
2619 3969 3144 4041 disceptationibus
3175 3974 3331 4024 esset
3382 3968 3720 4025 obnoxium.

2149 4067 2230 4115 En
2262 4060 2365 4116 tibi
2396 4060 2664 4131 quaedam
2714 4066 2837 4113 tum
2894 4059 3294 4130 antiquorum.
3342 4063 3467 4113 tum
3519 4075 3722 4113 recen-

2076 4152 2293 4206 tiorum
2326 4150 2395 4205 de
2426 4149 2787 4204 Tertulliano
2811 4148 3055 4220 judicia.
3099 4147 3441 4218 Cyprianus,
3489 4150 3725 4203 auctore

2079 4240 2449 4311 Hieronymo,
2483 4237 2583 4310 qui
2636 4238 2693 4292 id
2744 4240 3046 4309 acceperat
3096 4253 3128 4290 a
3182 4235 3519 4307 presbytere
3577 4252 3726 4305 quo-

2080 4331 2236 4396 dam,
2271 4327 2369 4400 qui
2401 4328 2457 4381 id
2493 4346 2525 4383 a
2554 4326 2826 4399 Cypriani
2879 4326 3071 4381 scriba
3101 4324 3399 4393 didicerat,
3462 4321 3730 4379 nonnihil

2079 4419 2206 4488 ejus
2238 4433 2478 4488 operum
2512 4416 2772 4487 quotidie
2800 4414 2988 4487 legero
3046 4413 3253 4469 solitus
3285 4417 3429 4476 erat.
3486 4418 3542 4468 et
3598 4414 3727 4485 ejus

2079 4508 2337 4578 rogando
2370 4506 2609 4572 librum,
2662 4506 2885 4559 aiebat:
2945 4506 3082 4559 Date
3134 4503 3280 4558 mihi
3334 4508 3728 4575 praeceptorem

2079 4612 2261 4650 meum
2292 4595 2647 4667 (Hieronym.
2692 4595 2755 4649 de
2816 4594 3083 4665 Scriptor.
3136 4596 3370 4658 Eccles.,
3429 4609 3556 4664 cap.
3609 4593 3722 4663 53).

2078 4690 2295 4740 Revera
2326 4685 2479 4739 enim
2508 4701 2639 4739 eum
2671 4682 2940 4738 imitatus
2973 4689 3082 4748 est,
3108 4688 3165 4736 et
3198 4682 3267 4736 ab
3296 4698 3360 4736 eo
3394 4698 3507 4735 non
3543 4698 3729 4752 pauca

2078 4772 2423 4843 desumpsit.
2444 4771 2732 4842 Pluraque
2763 4772 2936 4827 etiam
2967 4788 3207 4826 suorum
3237 4786 3475 4842 operum
3498 4770 3725 4837 eodem,

2077 4878 2192 4933 quo
2226 4861 2641 4927 'l‘ortullianus,
2698 4861 2967 4916 instituto
3016 4860 3368 4931 composuit,
3428 4852 3513 4913 ut
3549 4876 3725 4915 suum

2076 4952 2147 5006 de
2167 4949 2489 5006 ldotolatria
2523 4949 2737 5003 librum
2780 4951 2849 5004 ad
2884 4950 3071 5005 instar
3098 4950 3466 5019 Apologetici;
3516 4949 3719 5011 libros.

2075 5040 2141 5095 de
2172 5041 2499 5111 Disciplina,
2533 5044 2589 5093 et
2619 5040 2818 5094 Habitu
2842 5040 3128 5109 muliebri,
3162 5038 3225 5093 tle
3246 5040 3367 5094 Zeto
3398 5040 3467 5107 {et
3516 5040 3725 5105 Liuore,

2074 5131 2139 5185 de
2172 5129 2440 5185 Oratione
2468 5130 2776 5199 Domznica,
2810 5129 2880 5185 de
2907 5130 3077 5201 Opere
3105 5132 3155 5184 et
3206 5129 3594 5199 Eleemosynis,
3638 5127 3711 5182 ad

2075 5218 2461 5273 imitationem
2493 5218 2859 5273 Tertulliani.
2896 5219 3179 5273 Eusebius
3220 5218 3399 5273 tradit
3454 5217 3523 5273 de
3580 5217 3716 5272 Ter-

2074 5308 2343 5378 tulliano,
2377 5326 2511 5363 eum
2545 5326 2728 5364 unum
2761 5327 2828 5364 ex
2860 5308 3274 5364 eruditissimis
3314 5305 3513 5362 latinis
3544 5306 3725 5378 scrip-

2073 5398 2300 5453 toribus
2333 5397 2534 5464 fuissc,
2560 5404 2616 5453 et
2647 5398 2704 5451 in
2739 5399 2991 5471 singulis
3026 5397 3297 5453 Ecclesiis
3328 5396 3722 5453 clarissimum

2072 5488 2304 5558 (Euseb.
2339 5488 2480 5542 llist.
2515 5489 2658 5543 Eccl.
2718 5489 2759 5543 Ι.
2797 5508 2855 5554 u,
2890 5506 2937 5544 c.
2971 5490 3047 5561 2).
3080 5490 3160 5545 De
3193 5506 3258 5544 eo
3284 5488 3577 5558 judicium
3618 5488 3726 5540 fert

2073 5577 2411 5633 Lactantius
2441 5595 2473 5633 a
2507 5579 2674 5635 nobis
2704 5578 2972 5647 allatum,
3002 5579 3158 5652 quod
3194 5579 3322 5649 ejus
3355 5593 3469 5630 non
3519 5574 3723 5627 admo-

2069 5668 2211 5724 dum
2238 5666 2391 5724 eedit
2422 5666 2651 5740 honori,
2686 5668 2939 5726 Hilarius
2979 5668 3040 5726 in
3094 5684 3200 5725 suo
3257 5666 3315 5720 in
3376 5660 3716 5719 Matthzeum
