4148 6188
437 333 547 392 131

1495 331 2017 393 DISSERTATIO
2060 331 2162 391 DE
2206 332 2417 395 VERA
2465 335 2748 397 ETATE

3721 345 3840 405 132

435 465 871 523 Commentario
892 464 1116 535 scribit,
1150 479 1406 519 errorem
1436 464 1498 519 in
1531 479 1701 537 quem
1732 463 1935 536 lapsus
1964 467 2074 534 est,
2104 467 2158 533 Α
2193 468 2385 521 Verum
2450 469 2565 536 iam
2626 469 2723 525 diu
2779 477 2878 539 est,
2932 470 3075 541 quod
3128 487 3254 529 eum
3308 476 3503 544 magni
3553 477 3721 549 facio,
3782 485 3839 537 et

436 557 562 627 ejus
605 554 892 609 librorum
952 554 1358 609 auctoritatem
1416 552 1691 622 elevasse,
1752 552 1850 625 qui
1913 558 2078 608 erant

437 646 628 717 aliqua
667 643 1090 715 approbatione
1142 643 1325 715 digni.
1391 647 1465 698 De
1524 659 1590 697 eo
1648 659 2073 714 nonnunquam

430 733 747 789 honoriﬁce
785 732 1043 804 loquitur
1088 733 1499 805 Hieronymus,
1535 736 1599 787 ut
1658 732 1716 786 in
1780 732 2071 804 Catalogo,

436 823 534 877 ubi
578 822 687 877 loci
739 839 871 877 eum
932 823 1074 877 dicit
1133 823 1283 877 acris
1326 828 1381 876 et
1433 822 1797 878 vehementis
1852 822 2071 893 ingenii

433 915 648 977 virum,
682 916 737 966 et
768 912 826 966 in
858 929 965 967 sua
997 912 1065 966 ad
1098 912 1351 983 Magnum
1382 910 1660 983 Epistula,
1702 911 1880 966 tradit
1937 928 2069 966 eru-

433 1002 652 1056 ditione
682 1007 737 1056 et
764 1000 1087 1056 subtilitate
1120 1018 1321 1056 omnes
1352 1001 1399 1056 ei
1448 1007 1713 1056 auctores
1771 1001 2075 1057 inferiores

433 1107 598 1145 esse:
626 1091 723 1144 sed
759 1090 893 1145 alibi
928 1092 1291 1160 ejuserrores
1326 1091 1587 1162 increpat
1618 1095 1672 1145 et
1704 1090 1932 1144 vitia.In
1967 1107 2074 1145 sua

429 1185 628 1236 contra
663 1180 962 1234 Ruffinum
998 1178 1274 1251 Apologia
1294 1181 1388 1234 9|
1430 1180 1541 1234 ait:
1596 1180 1730 1248 Ejus
1785 1181 2074 1250 ingenium

429 1270 621 1337 tando,
641 1271 870 1324 haereses
902 1268 1134 1323 damno:
1165 1275 1222 1323 et
1253 1272 1452 1323 contra
1469 1268 1817 1336 Helvidium,
1840 1284 2074 1340 respon-

430 1361 527 1415 det
556 1360 825 1414 hieretico
856 1357 1199 1413 Tertulliani
1250 1358 1655 1413 auctoritatem
1716 1358 2069 1429 apponenti:

430 1451 502 1503 De
532 1448 873 1503 Tertulliano
922 1448 1059 1513 dico,
1123 1448 1389 1503 Ecclesia:
1446 1447 1719 1502 hominem
1775 1463 1883 1501 non
1940 1464 2070 1503 esse.

431 1537 769 1593 Tertulliani
804 1536 1019 1609 stylum
1056 1536 1256 1590 laudat
1287 1537 1673 1609 Augustinus,
1694 1540 1749 1591 et
1780 1537 1907 1607 ejus
1939 1536 2071 1590 ubi-

433 1644 545 1699 que
577 1629 819 1682 damnat
847 1643 1090 1683 errores.
1127 1631 1187 1679 In
1221 1626 1370 1681 libro
1397 1626 1462 1680 de
1495 1629 1691 1682 Genesi
1722 1626 1791 1681 ad
1831 1625 2071 1681 litteram

428 1717 605 1773 tradit
635 1716 1063 1771 Tertullianum
1098 1715 1211 1769 acri
1245 1714 1477 1788 ingenio
1512 1732 1939 1786 nonnunquam
1974 1731 2071 1770 ve-

2183 558 2433 628 quamvis
2457 560 2635 629 spinis
2664 563 2733 615 sit
2761 562 2973 617 obsitus
3001 564 3052 617 et
3081 564 3281 631 tristis,
3311 565 3453 621 mihi
3505 582 3615 622 non
3676 570 3827 625 vide-

2183 654 2274 701 tur
2311 649 2662 718 injucundus.
2718 652 2778 705 In
2812 652 2931 723 ejus
2988 654 3209 723 scriptis
3258 656 3481 725 nigrum
3537 655 3703 728 illud,
3766 660 3830 717 de

2180 750 2283 805 quo
2306 744 2457 791 vetus
2483 746 2638 808 poeta
2659 741 2826 807 canit,
2877 740 3019 793 mihi
3068 742 3302 795 occurrit
3348 742 3550 809 lumen,
3610 754 3663 799 et
3714 747 3833 817 ejus

2177 839 2327 895 aeque
2348 840 2431 879 me
2434 828 2467 896 j
2473 833 2601 881 ucat
2615 829 2923 883 obscuritas
2934 845 3013 892 ,ac
3024 831 3251 884 nitentis
3264 833 3421 885 ebeni
3444 835 3495 885 et
3503 832 3753 904 fabrefac
3769 838 3830 891 ti.

2176 914 2256 967 Ita
2287 930 2498 986 semper
2527 918 2692 985 sensi,
2728 925 2786 971 ut
2812 917 3090 988 Africanae
3109 921 3328 989 formw,
3363 920 3490 975 licet
3530 938 3567 976 a
3622 928 3829 979 nostris

2183 1001 2475 1069 abluda'nt,
2509 1008 2689 1061 tamen
2721 1023 2824 1061 sua
2852 1023 2961 1061 non
2998 1011 3189 1062 curent
3246 1011 3608 1078 amabilitate,
3660 1019 3715 1067 et
3772 1022 3833 1069 ut

2184 1108 2291 1147 non
2320 1110 2525 1164 paucas
2566 1096 2737 1149 Italas
2795 1096 3104 1151 obscuravit
3148 1098 3500 1168 Sephonisbe,
3551 1102 3632 1154 sic
3678 1105 3832 1166 eius-

2182 1181 2307 1236 dem
2340 1185 2575 1254 regionis
2607 1187 2831 1255 ingenia
2877 1202 3001 1241 cum
3048 1202 3147 1241 sua
3200 1194 3390 1243 extera
3440 1189 3659 1259 placent
3713 1193 3831 1247 elo-

2184 1275 2507 1343 quentia,et
2533 1276 2663 1329 huic
2682 1273 2874 1346 plures
2924 1274 3202 1331 Ciceronis
3250 1278 3564 1334 imitatores
3609 1290 3830 1351 postpo-

2182 1378 2332 1415 nam.
2367 1362 2790 1418 Delicatissimis
2808 1366 3107 1435 fateamur,
3135 1370 3185 1419 et
3216 1366 3433 1437 quidem
3461 1368 3665 1438 stylum
3711 1386 3828 1426 esse

2180 1453 2443 1521 ferreum,
2466 1456 2519 1505 at
2546 1452 2703 1507 nobis
2726 1469 2936 1524 quoque
2953 1456 3248 1524 fateantur,
3282 1472 3355 1509 es:
3384 1454 3481 1510 hoc
3506 1459 3654 1528 ferro
3701 1460 3825 1513 exi-

2182 1542 2299 1594 mia
2331 1556 2454 1595 eum
2475 1558 2638 1597 arma
2668 1542 3014 1613 cudzsse,92
3046 1560 3115 1599 ac
3147 1543 3481 1601 Christianae
3532 1546 3823 1618 religionis

2180 1644 2305 1681 cum
2335 1628 2618 1699 honorem,
2673 1635 2789 1685 tum
2846 1632 3221 1688 innocentiam
3265 1650 3655 1705 propugnasse,
3719 1639 3824 1693 Va-

2184 1718 2518 1774 lentiniano:
2547 1722 2753 1775 acriter
2769 1725 3113 1791 persecutum
3133 1724 3322 1793 fuisse,
3381 1731 3432 1778 et
3491 1726 3827 1781 Marcionem

429 1808 670 1861 ritatcm
704 1806 1092 1878 perspexisse,
1128 1820 1231 1859 nec
1264 1805 1525 1877 potuisse
1582 1806 1719 1876 quin
1780 1822 1907 1859 eam
1968 1804 2070 1859 ali-
2101 1854 2148 1918 B
2177 1810 2397 1878 penitus
2428 1809 2751 1879 confodisse.
2789 1810 3075 1865 Posterior
3106 1817 3194 1866 est
3245 1817 3288 1866 P
3356 1813 3823 1882 Malebranchius,

433 1897 656 1918 ____-_J_
693 1895 777 1918 ---ἶ
817 1900 1006 1918 -_-_l_-
1048 1899 1296 1918 ...Α-ΛΑ...
1336 1911 1498 1918 -.-ρ-Α
1536 1910 1773 1918 ..Α--..Α-
1842 1894 2040 1918 m-_s._1
2185 1897 2649 1918 1..---_1!~_L!___._
2709 1898 2960 1918 ___,,SA-A!,
3018 1907 3208 1918 _,,A‘,,
3294 1900 3356 1918 I'I
3459 1904 3492 1918 Α
3757 1905 3789 1918 η

429 1897 661 1967 quando
693 1895 780 1951 vel
813 1900 1013 1950 contra
1048 1899 1299 1949 mentem
1334 1911 1500 1949 suam
1536 1910 1794 1965 poneret.
1842 1894 2071 1950 Tertul-

428 1985 646 2040 lianum
664 1985 745 2039 ita
758 1985 884 2039 suis
898 1984 1085 2056 pingit
1103 1984 1396 2039 coloribus
1426 1986 1734 2039 Vincentius
1750 1986 2074 2050 Lirinensis;

429 2076 761 2130 Tertulliani
787 2090 1020 2146 quoque,
1066 2073 1278 2145 inquit,
1329 2074 1517 2129 eadem
1574 2083 1653 2129 est
1712 2076 1893 2137 ratio;
1940 2092 2072 2129 nam

426 2166 571 2220 sicut
605 2163 965 2234 ille(nempe
1025 2163 1307 2235 Origenes)
1370 2162 1516 2234 apud
1564 2162 1793 2234 Graecos,
1852 2168 1927 2219 ita
1983 2166 2073 2220 hic

424 2254 571 2326 apud
622 2255 856 2323 Latinos,
917 2258 1228 2308 nostrorum
1296 2256 1547 2308 omnium
1604 2254 1768 2323 facile
1818 2256 2071 2325 princeps

428 2342 755 2414 iudicandus
788 2352 887 2398 est.
925 2342 1063 2410 Quid
1110 2344 1258 2397 enim
1293 2343 1389 2397 hoc
1448 2345 1564 2397 viro
1620 2343 1887 2399 doctius?
1941 2344 2073 2414 quid

426 2436 486 2489 in
516 2434 726 2488 divinis
756 2436 917 2505 atque
948 2432 1205 2487 humanis
1234 2434 1400 2486 rebus
1429 2434 1788 2486 exercitatius
1810 2436 1834 2485 .9
1879 2449 2075 2503 nempe

422 2540 632 2578 omnem
664 2521 1171 2594 philosophiam,et
1203 2525 1420 2576 cunctas
1454 2520 1905 2592 philosophorum
1962 2538 2073 2577 sec-

431 2620 533 2679 tas,
578 2620 844 2679 auctores,
896 2611 1381 2681 adversatoresque
1434 2615 1724 2677 sectarum,
1786 2626 2075 2683 omnesque

432 2718 621 2757 eorum
652 2702 992 2771 disciplinas,
1025 2716 1237 2756 omnem
1268 2701 1644 2769 historiarum,
1676 2710 1727 2755 et
1762 2700 2073 2756 studiorum

429 2793 772 2859 varietatem,
824 2793 969 2845 mira
1020 2790 1255 2862 quadam
1310 2792 1509 2845 mentis
1568 2791 1872 2861 capacitate
1926 2806 2069 2845 com-

426 2881 623 2953 plexus
651 2886 751 2935 est.
786 2882 1005 2951 Ingenio
1036 2896 1160 2934 vero
1190 2895 1371 2933 nonne
1413 2884 1526 2934 tam
1573 2881 1751 2947 gravi,
1808 2896 1875 2933 ac
1915 2880 2068 2934 vehe-

428 2971 599 3025 menti
622 2971 902 3038 excelluit,
937 2973 995 3024 ut
1017 2969 1162 3023 nihil
1192 2970 1301 3024 sibi
1324 2984 1465 3041 pene
1514 2968 1582 3022 ad
1636 2968 2070 3040 expugnandum

427 3061 788 3131 proposuerit,
821 3059 962 3131 quod
991 3075 1099 3114 non
1132 3060 1389 3113 acumine
1419 3059 1715 3129 irruperit,
1776 3063 1876 3113 aut
1928 3076 2066 3130 pon-

428 3150 558 3204 dere
586 3151 973 3205 eliseritNam
1000 3164 1167 3220 porro
1206 3149 1472 3203 orationis
1504 3163 1621 3204 suae
1687 3148 1898 3216 laudes,
1947 3151 2070 3219 quis

2185 1897 2652 1969 lnvestigationis
2708 1898 2970 1954 veritatis
3013 1907 3234 1955 auctor.
3294 1900 3401 1955 lib.
3459 1904 3513 1973 2,
3569 1919 3695 1975 cap.
3757 1905 3827 1961 3:

2181 1986 2571 2054 Tertullianus,
2599 1986 2811 2059 inquit,
2840 1990 3036 2059 procul
3066 1989 3250 2057 dubio,
3270 1992 3357 2044 vir
3384 1993 3537 2046 omni
3567 1993 3830 2051 doctrina

2180 2077 2426 2131 excultus
2454 2080 2596 2141 erat,
2627 2081 2685 2131 at
2714 2078 2836 2148 plus
2856 2079 3149 2148 memoria,
3184 2095 3346 2149 quam
3387 2080 3586 2151 judcio
3645 2081 3823 2153 polle-

2182 2165 2287 2220 bat.
2323 2166 2450 2219 Acri
2477 2167 2650 2236 magis
2680 2172 2729 2221 et
2762 2170 2911 2222 vasto
2950 2169 3197 2241 Ingenio,
3231 2184 3399 2239 quam
3427 2171 3549 2223 acri
3579 2174 3629 2223 et
3676 2180 3832 2225 vasta

2179 2263 2381 2309 mente.
2414 2256 2658 2326 Denique
2678 2255 2930 2309 dubitari
2958 2258 3167 2327 nequit,
3194 2258 3332 2328 quin
3360 2259 3641 2328 fanaticus
3660 2260 3835 2330 fuerit

2186 2360 2243 2399 eo
2272 2360 2434 2399 sensu
2466 2360 2567 2416 quo
2598 2361 2767 2415 supra
2796 2346 3060 2415 explicui,
3104 2349 3157 2399 et
3212 2347 3346 2417 quin
3404 2348 3593 2403 omnia
3642 2364 3839 2421 pr0pe-

2185 2433 2401 2488 modum
2427 2435 2689 2504 fenaticis
2717 2435 2943 2505 propria
2973 2435 3030 2489 ei
3072 2436 3305 2505 fuerint.
3368 2439 3441 2491 Bo
3492 2437 3642 2507 quod
3696 2436 3837 2492 Mon-

2184 2525 2303 2577 tani
2339 2524 2562 2594 ejusque
2593 2530 2777 2577 vatum
2809 2524 3044 2577 visiones
3074 2528 3366 2580 veneratus
3396 2526 3589 2595 fuerit,
3620 2527 3829 2581 evinci-

2183 2617 2297 2681 tur,
2330 2612 2467 2682 quod
2497 2611 2669 2666 debili
2714 2612 2927 2682 jubzcio
2975 2614 3174 2682 fuerit.
3217 2614 3371 2670 Acies
3447 2614 3545 2668 illa
3594 2616 3833 2685 ingenii,

2186 2702 2416 2771 impetus
2444 2700 2507 2756 de
2538 2700 2751 2755 levibus
2780 2701 3001 2773 affatus,
3035 2710 3273 2757 mentem
3331 2703 3661 2773 effrenatam
3719 2718 3830 2758 non

2185 2788 2407 2844 obscure
2434 2788 2728 2850 denotant;
2760 2798 2887 2860 quot
2919 2790 2979 2843 in
3009 2790 3131 2861 ejus
3152 2790 3469 2862 hyperbatis
3526 2798 3575 2845 et
3618 2792 3817 2861 ﬁguris

2184 2887 2361 2934 motus
2390 2878 2703 2933 abnormes.
2742 2879 2875 2945 Quot
2923 2880 3169 2934 rationes
3222 2878 3532 2950 splendidae
3587 2896 3650 2934 ac
3706 2898 3825 2936 ma-

2184 2970 2425 3038 gnificae,
2475 2984 2591 3038 quae
2648 2983 2745 3023 suo
2800 2967 3073 3023 duntaxat
3119 2968 3403 3040 splendore
3456 2970 3714 3041 probant,
3772 2976 3828 3025 et

2182 3058 2515 3127 persuadent
2538 3060 2715 3111 solum
2746 3067 2985 3112 mentem
3034 3059 3449 3129 stupefacicndo
3508 3068 3669 3129 atque
3702 3076 3830 3130 per-

2178 3147 2514 3218 stringenda.
2551 3148 2767 3202 Deinde
2798 3148 3201 3203 demonstrare
3232 3154 3475 3203 conatur
3532 3148 3684 3204 hanc
3738 3168 3831 3206 ve-

426 3242 650 3309 exsequi
680 3240 859 3294 valeat
880 3238 906 3291 ‘t
936 3253 1061 3309 quae
1092 3240 1259 3305 tanto,
1291 3238 1472 3291 nescio
1504 3253 1611 3307 qua
1642 3240 1920 3292 rationum
1967 3254 2065 3291 ne-
2096 3235 2138 3303 C
2178 3254 2300 3292 ram
2335 3236 2494 3290 illius
2524 3252 2653 3291 esse
2684 3236 3022 3307 imaginem,
3048 3238 3312 3309 quaedam
3348 3238 3726 3293 exscribendo
3759 3256 3829 3294 ex

426 3329 674 3382 cessitate
704 3330 950 3398 conferta
1004 3336 1101 3393 est,
1162 3334 1221 3381 ut
1263 3326 1336 3379 ad
1382 3342 1710 3381 consensum
1768 3328 1877 3393 sui,
1936 3342 2068 3398 quos

422 3418 653 3473 suadere
696 3433 801 3472 non
857 3419 1121 3489 potuerit,
1171 3417 1467 3488 impellat:
1524 3418 1677 3489 cujus
1733 3425 1863 3489 quot
1929 3433 2068 3488 pene

424 3509 603 3576 verba,
639 3513 713 3563 tot
740 3508 1022 3562 sententia;
1041 3511 1190 3575 sunt,
1236 3511 1369 3578 quot
1403 3521 1612 3573 sensus,
1668 3510 1740 3561 tot
1795 3508 2062 3563 victoria.

423 3595 613 3651 Sciunt
649 3598 765 3653 haec
824 3598 1159 3662 Marciones,
1210 3596 1482 3667 Appelles,
1540 3598 1785 3666 Praxeze,
1840 3598 2065 3653 Hermo-

421 3702 600 3755 genes,
649 3685 850 3751 Judmi,
896 3684 1153 3752 Gentiles,
1218 3684 1478 3753 Gnrostici,
1540 3688 1869 3758 ceterique;
1930 3703 2064 3757 quo-

421 3792 549 3830 rum
568 3776 662 3831 ille
695 3775 1062 3846 blasphemias
1101 3775 1313 3841 multis,
1345 3792 1409 3831 ac
1450 3777 1663 3846 magnis
1720 3776 2064 3831 voluminum

417 3882 639 3921 suorum
668 3865 915 3931 molibus,
953 3867 1099 3920 velut
1126 3866 1453 3936 quibusdam
1483 3865 1825 3939 fulminibus
1854 3867 2062 3920 evertit.

426 3955 487 4009 Et
520 3964 701 4010 tamen
736 3954 824 4009 hic
853 3970 1059 4027 quoque
1088 3963 1204 4026 post
1233 3954 1350 4011 haec
1405 3956 1611 4024 omnia,
1656 3956 1765 4025 hic,
1814 3956 2062 4025 inquam.

422 4045 812 4116 Tertullianus,
844 4044 1101 4100 catholici
1128 4044 1423 4117 dogmatis,
1457 4045 1514 4099 id
1563 4050 1667 4111 est,
1728 4042 2064 4099 universalis

418 4138 737 4192 acvelustae
792 4133 921 4206 fidei
973 4150 1173 4205 parum
1230 4141 1414 4200 tenax,
1457 4149 1523 4187 ac
1578 4132 1838 4188 disertior
1890 4132 2063 4186 multo

418 4240 584 4295 quam
612 4224 854 4294 felicior,
886 4232 1101 4278 mutata
1152 4222 1409 4294 deinceps
1463 4223 1759 4291 sententia,
1813 4221 1942 4291 fecit
1996 4219 2066 4274 ad

417 4317 724 4369 extremum
782 4316 925 4383 quod
979 4313 1043 4367 de
1096 4328 1158 4367 eo
1217 4312 1399 4367 beatus
1476 4316 1751 4380 confessor
1816 4310 2065 4365 Hilarius

417 4404 652 4471 quodam
685 4402 800 4457 loco
858 4402 1089 4456 scribit:
1148 4402 1429 4472 Sequenti,
1482 4402 1682 4467 inquit,
1742 4414 1931 4454 errore
1978 4398 2065 4453 de-

416 4494 595 4545 traxit
623 4493 849 4560 scriptis
877 4490 1247 4561 probabilibus
1278 4492 1664 4544 auctoritatem
1695 4488 1791 4559 (2).
1855 4488 2060 4542 Trithe-

417 4581 541 4645 mii,
576 4581 849 4645 Rhenani,
882 4580 1173 4648 Politiani,
1194 4580 1445 4639 Pamelii.
1466 4578 1717 4647 Rigaltii,
1752 4582 1806 4631 et
1837 4581 2061 4631 caetero-
2096 4610 2139 4673 Β

418 4686 547 4723 rum
582 4669 967 4724 recentiorum
995 4668 1222 4738 judicia
1252 4667 1485 4722 silentio
1518 4665 1916 4737 praetermitto,
1959 4665 2061 4735 qui

415 4774 446 4811 a
482 4757 733 4828 singulis
764 4756 993 4811 consuli
1026 4761 1294 4827 possunt,
1327 4762 1382 4810 et
1414 4756 1662 4811 duorum
1712 4754 2061 4809 nostratium

418 4846 717 4901 Gallorum
752 4850 1058 4900 auctorum
1084 4845 1309 4915 judicio
1345 4845 1518 4899 finem
1554 4844 1719 4909 facio,
1754 4842 1851 4914 qui
1912 4847 2064 4896 uter-

418 4952 529 5006 que
563 4936 985 4997 Tertullianum,
1022 4935 1123 4988 sed
1157 4934 1311 4989 varie
1336 4933 1542 5004 pinxit.
1579 4933 1742 4987 Prior
1797 4937 1887 4987 est
1940 4931 2061 4985 ela-

414 5041 516 5079 rus
548 5026 839 5080 Balzacius
870 5026 925 5079 in
961 5022 1220 5093 Epistola
1245 5024 1315 5077 ad
1349 5023 1662 5095 Rigaltium
1713 5024 1767 5089 2,
1826 5020 1925 5074 lib.
1986 5022 2058 5075 5:

418 5113 1053 5185 Tertullianum,inquit,
1070 5121 1341 5182 exspecto,
1358 5128 1513 5183 quem
1544 5114 1601 5167 in
1626 5112 1800 5167 lucem
1828 5110 2059 5176 emittis,

416 5214 477 5260 ut
506 5220 593 5259 me
647 5205 999 5274 patientiam,
1065 5218 1230 5272 quam
1286 5202 1479 5267 tradit,
1530 5201 1863 5256 edoceat.....
1926 5198 2064 5253 Cum

415 5309 476 5349 eo
506 5301 723 5348 auctore
762 5295 824 5347 in
861 5293 1099 5363 gratiam
1156 5292 1414 5347 redissem
1472 5299 1568 5344 tua
1616 5292 1964 5359 praefatione,
2015 5288 2063 5341 si

412 5398 538 5438 eum
562 5385 794 5452 fuissem
827 5383 947 5437 odio
980 5384 1297 5452 prosecutus
1327 5388 1378 5433 et
1409 5381 1460 5432 si
1489 5380 1607 5445 eius
1629 5378 1867 5431 dictione
1895 5376 2058 5442 dura,

413 5480 465 5527 et
492 5473 609 5545 ejus
639 5472 832 5528 saeculi
860 5471 1014 5525 vitiis
1038 5470 1107 5522 ab
1136 5484 1196 5523 eo
1228 5468 1459 5535 legendo
1489 5466 1716 5534 luissem
1742 5465 2059 5519 deterritus.

492 5597 571 5668 (2)
601 5596 841 5668 Vincent
868 5593 1168 5668 _Lir_in_ens.
1193 5589 1638 5668 _Com_r_nonit_or,-,
1671 5603 1795 5668 cap.
1824 5587 1905 5668 l8_.

2177 3326 2325 3381 libro
2356 3326 2420 3380 de
2448 3327 2649 3397 Pallio,
2683 3342 2796 3397 quo
2830 3326 3183 3382 exisiimavit
3212 3343 3383 3399 opere
3423 3327 3501 3395 id,
3562 3329 3829 3401 apposite

2176 3416 2361 3475 evinci
2385 3432 2577 3489 posse.

2246 3507 2304 3561 Si
2338 3506 2511 3576 hanc,
2546 3522 2720 3577 quam
2749 3522 2817 3560 ex
2840 3505 2980 3560 viris
3030 3506 3220 3562 doctis
3279 3506 3549 3563 dedimus
3603 3509 3811 3564 Tertul-

2175 3598 2319 3661 ιίαηί
2348 3596 2666 3668 imaginem
2701 3600 3077 3668 spectemus;
3110 3597 3290 3668 quaeri
3324 3613 3458 3651 eum
3520 3599 3823 3655 nonnullis

2174 3694 2385 3761 potest,
2449 3688 2657 3759 plusne
2706 3688 2990 3759 profuerit
3043 3688 3381 3744 nocueritne
3438 3688 3703 3759 religioni
3761 3696 3821 3746 et

2176 3777 2489 3835 Ecclesiae?
2520 3780 2818 3849 majorane
2850 3778 3067 3833 damna
3107 3777 3372 3834 intulerit
3423 3779 3712 3847 Ecclesia,
3747 3799 3819 3836 an

2176 3884 2309 3923 vero
2341 3867 2693 3923 commoda?
2724 3866 2933 3938 plusne
2964 3866 3273 3938 vituperio,
3298 3884 3370 3921 an
3403 3866 3575 3923 laude
3606 3870 3824 3942 dignus

2178 3958 2255 4013 sit
2284 3956 2612 4013 censendus
2637 3954 3078 4010 Tertullianus?
3126 3955 3199 4010 Ut
3254 3954 3412 4011 varia
3470 3955 3577 4012 hac
3636 3958 3707 4012 de
3762 3973 3826 4012 re

2177 4047 2477 4103 doctorum
2516 4044 2738 4115 judicia
2769 4048 2929 4111 sunt,
2962 4044 3043 4099 ita
3074 4042 3377 4116 quidpiam
3435 4045 3826 4102 determinare

2176 4134 2388 4207 oppido
2420 4132 2656 4188 difficile
2715 4137 2804 4189 est
2861 4150 2924 4188 ac
2971 4132 3308 4188 delicatum.
3367 4133 3572 4189 Judice
3626 4139 3825 4191 tamen

2175 4224 2614 4296 elegantissimo
2644 4222 3017 4279 Schrmckhio
3048 4223 3147 4293 (3),
3182 4223 3229 4277 si
3272 4224 3402 4293 ejus
3454 4224 3829 4295 (Tertulliani

2175 4312 2417 4383 scilicet)
2440 4312 2657 4382 scripta
2687 4312 3141 4383 interrogemus,
3166 4312 3226 4365 in
3259 4313 3387 4382 ejus
3422 4314 3538 4368 fere
3571 4313 3828 4369 favorem

2174 4401 2308 4456 licet
2339 4400 2708 4472 respondere.
2747 4400 3004 4457 Montani
3047 4400 3204 4455 enim
3262 4417 3509 4467 errores,
3569 4418 3823 4473 quorum

2175 4495 2486 4562 patronum
2520 4490 2749 4561 agebat,
2774 4506 2887 4545 non
2916 4489 3235 4544 admodum
3269 4488 3589 4545 Ecclesium
3624 4507 3810 4562 oppu-

2172 4578 2452 4651 gnabant,
2487 4578 2673 4632 multo
2698 4578 2895 4633 minus
2943 4577 3289 4632 Christianas
3343 4577 3641 4650 religionis
3692 4580 3832 4633 fun-

2173 4667 2449 4721 damenta
2482 4666 2838 4734 avertebant,
2884 4666 2982 4720 aed
3048 4683 3117 4720 ex
3175 4666 3394 4720 fervore
3445 4667 3641 4737 potius
3691 4684 3832 4739 quo-

2173 4756 2307 4809 dam
2328 4755 2776 4827 pietatisnimio,
2811 4753 3055 4808 rationis
3096 4754 3527 4809 discussionem
3563 4756 3821 4827 plerum-

2173 4861 2285 4915 que
2304 4844 3012 4916 abjicisnte,oriebantur;
3038 4843 3156 4898 imo
3171 4842 3294 4898 etin
3315 4842 3407 4897 his
3438 4844 3824 4901 defendendis

2172 4948 2206 4985 a
2263 4932 2375 4987 (ide
2460 4932 2766 4997 catholica,
2842 4931 3233 5004 Symboloque
3276 4932 3594 5003 apostolico
3652 4933 3824 5001 nihil,

2173 5024 2274 5076 aut
2306 5026 2457 5076 certe
2482 5038 2595 5075 non
2629 5021 2881 5076 multum
2905 5022 3257 5077 discedebat.
3284 5022 3432 5084 Quid
3463 5037 3600 5093 ergo
3661 5022 3825 5077 Mon-

2170 5110 2399 5164 tanistaa
2436 5109 2746 5181 appellatio
2779 5110 2910 5181 plus
2942 5109 3101 5164 illius
3148 5110 3313 5164 famae
3363 5115 3588 5175 noceat,
3645 5127 3823 5181 quam

2175 5197 2287 5253 alia
2311 5204 2577 5253 veterum
2606 5203 2845 5252 Patrum
2878 5204 3070 5251 errata
3101 5197 3436 5254 auctoribus
3467 5200 3591 5255 suis
3611 5200 3638 5253 ‘t
3671 5200 3829 5254 Inter

2174 5287 2453 5340 sectarios
2486 5285 2786 5341 meliorem
2824 5286 3067 5355 quidem
3098 5285 3226 5341 vitaa
3259 5304 3382 5341 suae
3403 5294 3623 5359 partem
3684 5289 3825 5360 egit,

2172 5389 2285 5427 non
2321 5372 2495 5427 habet
2526 5378 2725 5427 tamen
2758 5372 3014 5427 Ecclesia
3035 5389 3103 5429 ea.
3153 5381 3318 5429 aetate
3364 5379 3584 5444 virum,
3646 5394 3825 5448 quem

2171 5461 2308 5514 huic
2368 5461 2698 5516 eruditione
2755 5465 2813 5515 et
2871 5461 3097 5517 meritis
3160 5470 3479 5537 comparet.
3528 5471 3649 5521 lmo
3706 5483 3824 5521 non

489 5654 570 5738 (‘3)
592 5668 685 5723 Jo.
721 5666 922 5721 Matth.
956 5662 1288 5718 Schroeckh.
1328 5662 1462 5717 Hist.
1506 5654 1699 5715 Eccles.
1735 5654 2003 5715 Theotisce
2020 5657 2208 5729 script.
2222 5657 2403 5729 ,tom.
2429 5654 2524 5724 ΙΙΙ,
2561 5671 2616 5730 p.
2649 5655 2793 5712 mihi
2828 5656 2951 5711 321.
