4148 6188
302 318 422 378 133

1182 311 1281 373 AC
1323 310 1721 372 DOC’I‘RINA
1767 308 2275 370 SCRIPTORUM
2316 309 2845 371 TERTULLIANI

3605 316 3719 374 134

300 463 509 522 parum
562 445 854 520 profuisse
919 443 1218 500 catholicis
1276 442 1703 499 Tertullianum
1764 441 1940 496 etiam
1978 442 2029 510 Α
2060 441 2398 496 earumdem
2430 441 2738 513 interpres,
2757 442 2857 498 sed
2891 460 3097 515 parum
3126 444 3704 515 ingenuus,suarum

301 537 719 595 Montanistam
752 536 1019 599 arbitror,
1054 551 1167 589 non
1200 532 1387 589 solum
1416 533 1568 603 quod
1605 532 1728 586 suis
1759 530 1953 585 invec-

302 629 441 683 tivis
469 644 675 683 eorum
709 627 766 680 in
827 626 1050 697 agendo
1109 623 1476 696 prudentiam
1545 610 1796 685 acueret,
1856 620 1955 675 sed

302 718 460 790 quod
523 733 622 771 eos
682 713 1111 770 commendatis
1166 716 1329 767 tanto
1387 711 1595 766 ardore
1655 708 1959 765 severioris

302 807 529 863 ethices
560 804 865 877 principiis
897 803 968 858 ah
1001 802 1227 858 lucibus
1284 800 1613 873 allegorieis
1671 801 1728 854 in
1789 815 1963 870 expo-

303 896 499 952 nenda
554 895 854 964 Scriptura
912 909 1101 959 sacra,
1162 896 1218 946 et
1249 891 1569 963 ingeniosis
1603 889 1755 945 circa
1786 888 1961 943 fidem

302 982 735 1057 quaestionibus
765 982 918 1036 inter
946 997 1045 1036 eos
1080 980 1213 1034 hinc
1265 980 1401 1035 inde
1451 980 1682 1049 agitatis
1740 978 1812 1033 ad
1873 994 1964 1032 res

303 1075 481 1146 longe
543 1071 806 1127 utiliores
866 1076 1152 1125 avocaret.
1189 1074 1300 1124 Nec
1333 1086 1466 1123 vero
1500 1086 1626 1140 quas
1658 1066 1963 1138 scriptoris

302 1164 491 1233 hujus
524 1166 665 1216 sunt
692 1160 833 1215 vitia
856 1162 1009 1233 (haec
1041 1160 1191 1214 enim
1247 1176 1362 1213 non
1415 1157 1603 1230 potuit
1655 1174 1770 1211 non
1834 1174 1965 1226 pro-

305 1254 467 1315 dere,
500 1250 603 1321 qui
633 1249 693 1304 in
730 1249 935 1304 alienis
968 1249 1306 1318 detegendis
1341 1248 1784 1319 refutandisque
1804 1250 1969 1300 tanta

307 1342 419 1396 fuit
450 1338 829 1395 inclementia
858 1338 1143 1407 versatus)
1167 1339 1413 1392 virtutes
1443 1338 1573 1407 ejus
1632 1336 1774 1390 adeo
1833 1352 1967 1389 con-

306 1431 555 1503 spicuas
602 1429 939 1483 obscurant.
1008 1427 1237 1498 Scripta
1303 1426 1434 1497 ejus
1498 1426 1670 1497 plena
1735 1423 1970 1479 iudiciis

310 1518 517 1573 fervidi
578 1516 975 1588 profundique
1025 1514 1228 1578 animi,
1286 1531 1394 1570 suo
1447 1530 1509 1569 se
1558 1513 1727 1585 genio
1760 1511 1970 1567 distin-

308 1607 582 1679 guentis;
615 1606 789 1659 modo
819 1605 1053 1659 animus
1084 1603 1457 1659 vehementer
1486 1602 1766 1673 assurgit,
1800 1601 1973 1656 modo

310 1697 577 1768 quadam
610 1694 768 1750 velut
793 1693 1138 1764 aegritudine
1161 1693 1487 1747 demittitur
1508 1700 1559 1746 et
1582 1692 1749 1746 anxie
1772 1691 1972 1762 serpit,

2068 534 2270 601 utpote
2327 531 2669 602 opinionum
2732 548 2799 586 ex
2858 531 3065 588 iisdem
3118 533 3531 589 eliciendarum
3585 535 3718 607 plus

2070 637 2233 691 aequo
2257 621 2581 675 studiosus.
2618 621 2679 675 In
2711 621 2875 676 falsis
2906 622 3246 678 doctoribus
3276 627 3333 678 et
3375 623 3717 680 Christianas

2070 710 2352 765 doctrina;
2435 710 2875 782 corruptoribus
2942 698 3334 783 reprimendis
3400 713 3722 770 acerrimus

2073 808 2308 869 athleta.
2342 809 2442 880 qui
2474 810 2706 865 eosdem
2738 810 2939 864 innato
2972 810 3153 865 animi
3184 811 3427 882 impetu,
3464 812 3726 884 {capitali

2073 898 2228 967 odio,
2290 898 2552 953 dicteriis
2610 903 2667 952 et
2715 899 3042 970 opprobriis
3093 899 3329 955 homine
3363 900 3583 955 liberali
3618 918 3728 973 pa-

2074 1004 2206 1042 rum
2239 988 2451 1058 dignis,
2485 994 2828 1059 persecutus
2857 994 2963 1043 est.
2995 990 3077 1043 Ad
3110 1006 3208 1044 eos
3269 989 3494 1045 fortiter
3551 994 3726 1060 atque

2076 1077 2232 1132 omni
2298 1092 2363 1130 ex
2421 1083 2582 1149 parte
2642 1077 3016 1133 debellandos
3054 1078 3302 1134 insuetis
3336 1080 3521 1134 utitur
3552 1097 3725 1153 argu-

2077 1168 2373 1221 mentandi
2410 1167 2704 1238 telis,quaa
2735 1173 2932 1222 tamen
2966 1167 3244 1241 pleraque
3275 1186 3388 1225 non
3424 1169 3726 1226 incassum

2078 1255 2311 1322 emissa,
2347 1256 2597 1327 graviter
2627 1257 2956 1312 vulnerant.
3015 1257 3207 1330 Stylus
3265 1260 3393 1330 ejus
3451 1259 3726 1315 duritiem

2080 1344 2395 1417 plusquam
2457 1344 2814 1415 Africanam,
2876 1351 2931 1400 et
2961 1347 3009 1400 si
3043 1351 3310 1401 accurate
3338 1346 3479 1402 velis
3513 1349 3730 1417 dicere,

2078 1433 2531 1489 Tertullianeam
2563 1435 2800 1491 redolet.
2838 1437 2896 1490 In
2928 1436 3116 1491 verbis
3150 1436 3527 1508 amplitudini
3560 1442 3616 1493 et
3670 1438 3725 1492 vi

2083 1523 2440 1595 cogitatuum
2480 1525 2972 1596 respondentibus
3004 1526 3223 1596 ubique
3252 1527 3505 1581 auctoris
3537 1526 3739 1601 singu-

2084 1611 2203 1667 lare
2231 1610 2491 1667 studium
2527 1617 2785 1685 apparet.
2822 1614 2965 1669 Idem.
3006 1614 3175 1683 ideis,
3224 1615 3506 1670 vocabula
3562 1633 3730 1672 voca-

2084 1701 2236 1756 bulis
2270 1703 2725 1769 condensantur,
2763 1707 2827 1758 ut
2857 1721 2887 1758 e
2918 1704 3191 1759 dictionis
3224 1705 3579 1761 obscuritate
3615 1723 3733 1762 non

314 1794 573 1867 propriis
596 1792 849 1849 inventis
871 1796 925 1847 et
947 1791 1299 1861 cogitatibus
1322 1791 1789 1855 abundans,raro
1810 1790 1973 1844 seda-
2009 1822 2055 1886 Β
2087 1792 2199 1844 nisi
2262 1808 2389 1846 raro
2449 1792 2857 1863 perspicuitas,
2892 1797 2948 1847 et
2978 1794 3265 1848 duntaxat
3295 1793 3452 1849 velut
3483 1795 3678 1866 fulgur
3706 1812 3737 1851 e

312 1885 503 1951 tus,in
536 1884 640 1939 98
665 1881 1011 1937 exsultando
1036 1898 1267 1953 quoque
1290 1879 1980 1950 substristis.Apparatus

313 1972 696 2042 eruditionis,
729 1987 905 2043 quam
940 1969 1191 2026 ubertim
1224 1974 1473 2041 apteque
1526 1969 1650 2024 suis
1699 1968 1983 2039 inspersit

315 2063 484 2129 locis,
543 2058 850 2132 multiplex
893 2076 1005 2115 non
1061 2058 1185 2114 sine
1218 2058 1536 2131 legentium
1571 2074 1775 2129 sapore
1807 2063 1982 2130 atque

316 2151 721 2207 emolumento
754 2148 1115 2221 imaginandi
1150 2146 1460 2220 vis,ampla
1489 2152 1662 2218 atque
1695 2152 1982 2219 prognata

316 2242 455 2297 inde
504 2239 721 2308 ingenii
755 2240 994 2294 ubertas
1053 2254 1113 2293 se
1174 2237 1434 2308 undique
1494 2253 1595 2308 per
1653 2237 1981 2309 exquisitas

316 2330 729 2401 cogitationes,
783 2332 988 2384 acutas
1037 2326 1379 2393 sententias,
1415 2326 1703 2398 imagines
1734 2325 1979 2381 vivacis-

315 2422 524 2487 simas,
560 2436 663 2491 per
695 2416 937 2474 festivos
985 2416 1137 2473 sales
1192 2420 1249 2472 et
1308 2416 1613 2472 mordaces
1668 2415 1982 2471 cavillatio-

317 2527 446 2580 nes,
507 2524 799 2580 omneque
858 2506 1131 2562 dictionis
1192 2521 1375 2577 genus
1436 2504 1831 2573 diﬂ‘undunt;
1887 2503 1982 2561 his

318 2598 707 2655 facultatibus
737 2598 953 2669 raptim
987 2600 1043 2651 et
1092 2596 1325 2651 turbate
1384 2594 1684 2650 multoties
1746 2594 1981 2667 agitatis

306 2689 612 2760 judicium
644 2703 761 2742 non
794 2685 973 2741 semel
996 2685 1264 2757 cespitat;
1291 2685 1448 2740 unde
1477 2685 1604 2755 ejus
1635 2687 1983 2757 argumenta

318 2776 659 2848 splendoris
692 2791 756 2829 ac
787 2774 1038 2846 speciosi
1072 2775 1348 2842 multum,
1409 2773 1679 2846 ponderis
1739 2790 1869 2828 vero
1927 2777 1983 2828 et

320 2865 499 2919 solidi
533 2880 686 2936 saepe
717 2880 921 2935 parum
956 2864 1264 2919 habent.ln
1299 2864 1474 2919 rebus
1509 2862 1682 2919 etiam
1720 2862 1981 2917 minimis

317 2954 671 3010 exardescit.
732 2958 947 3009 Praeter
1003 2953 1332 3009 facilitatem
1384 2953 1718 3025 quibusque
1775 2969 1981 3007 narra-

316 3043 608 3099 tiunculis
690 3043 1103 3106 assentiendi,
1194 3042 1349 3097 haud
1427 3043 1825 3114 infrequenter
1888 3057 1981 3098 res

317 3142 567 3198 veritate
599 3142 856 3212 majores
884 3139 1316 3211 contemplatur
1347 3144 1449 3195 aut
1480 3140 1665 3212 ﬁngit,
1700 3139 1979 3195 lectorem

316 3233 525 3305 potius
558 3232 684 3303 ipse
714 3232 992 3303 abreptus
1026 3246 1225 3286 secum
1285 3230 1458 3303 rapit,
1518 3245 1695 3301 quam
1756 3229 1980 3285 ratione

318 3322 381 3375 in
440 3338 584 3377 suas
638 3325 834 3388 partes
890 3320 1113 3375 invitat.
1176 3319 1397 3391 Saepius
1454 3335 1632 3390 quam
1687 3334 1779 3374 res
1828 3318 1982 3374 nude

316 3411 589 3466 docenda
642 3414 745 3465 aut
804 3409 1103 3480 probanda
1164 3408 1453 3480 postulat,
1516 3408 1868 3464 calamistris
1926 3411 1983 3463 et

317 3500 617 3555 cincinnis
646 3498 990 3554 delectatur.
1022 3497 1200 3553 Multa
1228 3501 1403 3554 etiam
1433 3498 1639 3553 durius
1670 3502 1725 3553 et
1756 3496 1982 3569 signiﬁ-

319 3590 583 3651 cantius,
625 3605 802 3660 quam
858 3587 1107 3660 intelligi
1167 3588 1435 3655 voluerit,
1491 3588 1655 3642 dicit.
1724 3587 1982 3642 Graecam

320 3678 764 3751 philosOphiam
792 3678 1058 3751 apprime
1088 3677 1355 3745 callebat;
1383 3678 1455 3733 ab
1486 3678 1615 3747 ejus
1647 3681 1839 3732 tamen
1873 3691 1983 3731 usu

320 3786 439 3823 non
474 3774 710 3823 tantum
742 3769 895 3835 odio,
932 3784 1046 3841 qno
1067 3784 1193 3823 eam
1227 3768 1385 3823 velut
1415 3767 1705 3822 haeresum
1740 3770 1984 3821 matrem

320 3858 483 3912 inter
544 3857 908 3913 Christianos
976 3857 1444 3924 condemnabat,
1524 3857 1624 3911 sed
1679 3861 1736 3911 et
1790 3853 1985 3910 indole

322 3947 533 4017 animi,
585 3946 809 4001 tardam
843 3950 900 4001 et
928 3946 1000 4000 ab
1033 3945 1325 4001 adamatis
1356 3945 1804 4017 evagationibus
1834 3945 1982 4000 libe-

323 4054 453 4092 ram
488 4036 904 4108 cogitationem
964 4035 1353 4102 abhorrentis,
1386 4035 1692 4104 abstinuit,
1726 4034 1880 4091 unde
1928 4038 1985 4090 et

325 4125 527 4180 minus
588 4125 921 4197 frequenter
976 4124 1290 4194 minusque
1351 4124 1613 4195 feliciter,
1647 4141 1821 4196 quam
1854 4124 1982 4195 ejus

321 4215 624 4287 capacitas
693 4214 957 4283 ferebat,
1029 4213 1523 4286 philosOphatur.
1599 4213 1696 4269 llis
1781 4218 1981 4270 tamen

321 4303 833 4374 haud'impeditus
865 4303 1113 4373 fuit,quo
1148 4302 1343 4358 minus
1373 4302 1687 4359 Christiani
1724 4302 1978 4358 nominis

318 4400 377 4449 et
408 4392 717 4464 religionis
777 4392 1029 4447 eximius
1079 4393 1362 4447 adversus
1413 4396 1615 4463 gentes
1674 4391 1979 4464 apologeta

318 4483 611 4538 evaderet.
672 4484 731 4534 In
783 4480 909 4536 suis
959 4480 1184 4553 criptis,
1219 4480 1266 4536 si
1298 4496 1511 4551 paucas
1543 4480 1828 4552 quasdam
1864 4481 1975 4535 sibi

2090 1880 2349 1935 tenebris
2390 1880 2778 1952 resplendeat.
2839 1882 3020 1937 Voces
3079 1882 3372 1949 obsoletis,
3433 1888 3533 1938 aut
3591 1901 3737 1941 nove

2090 1970 2369 2040 confictae,
2429 1973 2530 2024 aut
2584 1970 2880 2041 affectatae,
2932 1972 3395 2028 constructiones
3424 1974 3735 2031 verborum

2090 2075 2325 2131 asperae,
2361 2059 2674 2115 abusiones
2705 2061 3091 2133 variae,stylus
3127 2061 3497 2133 inaequaliter
3527 2063 3736 2135 ﬂuens,

2089 2159 2382 2214 condensa
2431 2158 2726 2227 brevitas,
2784 2160 3037 2215 audaces
3096 2160 3485 2233 metaphorae,
3522 2162 3741 2236 frigidm

2090 2248 2415 2315 sententiae,
2450 2253 2505 2303 et
2553 2248 2870 2305 antitheses
2925 2250 3148 2305 94-ac
3208 2250 3375 2306 lusus
3430 2253 3739 2310 verborum

2089 2337 2294 2393 inanes
2327 2337 2753 2393 Tertullianum
2789 2338 3002 2411 ubique
3035 2340 3309 2412 produnt.
3363 2342 3493 2405 Qua:
3545 2344 3744 2399 sedeat

2090 2426 2380 2483 sententia
2438 2427 2494 2481 in
2559 2432 2751 2483 mente
2806 2428 3189 2499 Tertulliani,
3248 2429 3442 2485 verbis
3502 2430 3738 2502 quidem

2090 2516 2382 2589 exprimit,
2444 2516 2542 2573 sed
2604 2518 2870 2574 obscuris
2928 2519 3072 2574 adeo
3130 2523 3194 2573 ut
3220 2519 3600 2589 conjectando
3634 2538 3740 2593 po-

2090 2606 2231 2677 tius,
2282 2623 2459 2678 quam
2514 2608 2690 2678 probe
2746 2607 3149 2680 perspiciendo
3207 2614 3482 2678 eruatur;
3545 2611 3738 2667 rarius

2092 2695 2302 2765 dubiae,
2338 2713 2484 2767 quas
2517 2698 2587 2751 ad
2624 2713 2683 2752 se
2706 2698 3203 2753 manifestandum
3237 2698 3459 2771 selegit,
3495 2700 3741 2771 phrases

2090 2784 2261 2855 plane
2293 2790 2706 2856 penetrantur;
2742 2802 2856 2841 non
2890 2787 3185 2841 immerito
3217 2787 3275 2841 in
3336 2789 3443 2843 hoc
3502 2806 3743 2861 carpen-

2090 2875 2222 2943 dus,
2283 2876 2435 2944 quod
2493 2876 2758 2930 studiose
2816 2876 3107 2947 cogitatus
3161 2892 3300 2931 suos
3360 2878 3615 2933 tenebris
3674 2896 3741 2935 ac

2088 2963 2398 3018 verborum
2456 2963 2772 3019 involucris
2832 2965 3182 3020 contexerit.
3243 2969 3459 3019 Verum
3534 2966 3741 3038 OEdipi

2087 3052 2319 3107 labores
2352 3052 2510 3107 haud
2544 3070 2684 3109 sane
2716 3053 2921 3108 inanes
2951 3062 3142 3123 erunt,
3177 3054 3273 3125 qui
3305 3053 3574 3110 solertius
3606 3055 3739 3128 styli

2092 3140 2270 3211 hujus
2330 3142 2639 3213 aenigmata
2692 3143 3135 3214 pervestigarit.
3198 3143 3485 3212 Dubiam,
3557 3161 3736 3215 quam

2094 3229 2218 3285 suis
2273 3229 2505 3301 scriptis
2558 3230 2815 3302 aspergit
2868 3235 3091 3297 auctor,
3152 3231 3341 3287 lucem
3399 3237 3745 3305 compensat

2089 3319 2255 3391 copia
2287 3324 2343 3374 et
2375 3320 2639 3375 ubertate
2669 3320 2977 3375 veritatum
3008 3337 3155 3392 quas
3205 3320 3454 3377 sollicito
3511 3326 3742 3379 scruta-

2090 3410 2199 3465 tori
2232 3408 2465 3479 detegit.
2499 3412 2543 3462 0
2574 3425 2749 3480 quam
2774 3410 3076 3479 jucundus
3124 3411 3231 3465 erit
3292 3415 3533 3466 conatus
3592 3412 3743 3466 anti-

2093 3498 2334 3569 quitatis
2365 3497 2790 3564 studioso,heec
2823 3498 3039 3570 scripta
3072 3499 3473 3570 meditanti,ex
3504 3501 3742 3557 cumulo

2091 3589 2402 3642 verborum
2450 3603 2691 3658 operose
2749 3591 2949 3642 coacto
3006 3587 3077 3642 ad
3142 3589 3483 3658 penitiorem
3545 3606 3741 3645 rerum

2094 3676 2483 3748 cognitionem
2519 3677 2861 3748 pertingere,
2886 3681 2942 3731 et
2973 3694 3084 3731 non
3121 3694 3246 3732 raro
3279 3678 3337 3732 in
3360 3679 3533 3735 unico
3565 3695 3745 3751 prope

2093 3765 2330 3821 verbulo
2390 3766 2619 3821 acutius
2674 3765 3021 3837 investigato
3100 3767 3411 3838 praeclaras
3465 3769 3743 3824 veritates

2097 3855 2387 3928 retegere!
2449 3857 2813 3927 Quantopere
2845 3855 3073 3910 abludit
3102 3856 3501 3912 Tertullianus
3534 3874 3563 3911 a
3596 3857 3743 3912 scri-

2098 3946 2362 4018 ptoribus
2424 3961 2539 3999 non
2598 3945 2836 4015 paucis,
2896 3945 2995 4015 qui
3054 3946 3289 4017 turgida
3345 3963 3452 4001 sua
3509 3946 3743 4002 dicendi

2095 4035 2369 4091 methodo
2398 4035 2706 4090 verborum
2742 4034 2975 4090 nonnisi
3009 4034 3290 4106 profluvia
3348 4036 3625 4104 fundunt,
3686 4040 3745 4093 et

2094 4150 2293 4189 cassas
2320 4150 2497 4188 nuces
2531 4132 2848 4189 lectoribus
2879 4132 2950 4187 ad
2984 4132 3288 4188 fastidium
3322 4150 3510 4204 usque
3565 4134 3744 4205 porri-

2093 4228 2256 4293 gunt.
2317 4225 2467 4289 Quot
2521 4222 2743 4277 interea
2801 4226 3004 4277 auctor
3062 4227 3262 4277 noster
3292 4221 3743 4279 difficultatibus

2092 4316 2294 4378 scatet,
2329 4310 2768 4382 cultoribusque
2794 4310 2917 4367 suis
2949 4310 3255 4367 lectionem
3312 4311 3500 4366 reddit
3556 4311 3744 4383 impe-

2091 4403 2296 4471 ditam,
2332 4405 2418 4457 tot
2448 4400 2889 4457 ammnitatibus
2930 4417 2977 4456 ei
3015 4404 3218 4456 contra
3279 4404 3418 4457 sunt
3476 4402 3741 4472 ejusdem

2090 4492 2223 4547 libri
2282 4491 2497 4557 referti,
2559 4495 2614 4546 et
2662 4491 2937 4546 varietate
2970 4507 3033 4545 ac
3066 4490 3282 4546 selectu
3312 4490 3742 4548 sententiarum

320 4570 652 4644 Ρθουιίειΐεε
682 4570 1030 4641 sententias,
1091 4586 1281 4642 neque
1337 4569 1623 4642 8P8Vi01‘i3
1674 4570 1978 4638 momenti,
2014 4572 2058 4637 D
2092 4599 2158 4637 ac
2189 4580 2499 4636 veritatum
2533 4578 2705 4635 utiles
2732 4581 2921 4652 magis
2971 4586 3147 4652 atque
3196 4581 3471 4651 jucundi.
3532 4582 3746 4638 Praeter

319 4690 384 4728 ac
422 4672 753 4744 praesertim
786 4672 1095 4726 decantata
1124 4670 1385 4727 Montani
1409 4670 1685 4741 dogmata
1701 4670 1977 4742 excipias,

322 4778 533 4833 puram
568 4760 788 4833 passim
848 4777 981 4816 cum
1039 4762 1319 4831 gravitate
1376 4759 1550 4814 ﬁdem
1609 4758 1979 4825 catholicam,

322 4852 550 4922 absque
577 4849 916 4905 artiﬁciosis
947 4848 1454 4922 explicationibus,
1497 4854 1554 4904 et
1602 4849 1983 4921 comparandi

324 4940 617 5007 formulis,
656 4957 805 5012 quas
840 4939 1109 4994 nonnulli
1141 4939 1445 4996 doctorum
1480 4930 1785 5011 hucusque
1815 4940 1983 4993 adhi-

322 5029 456 5085 bere
492 5029 681 5084 conati
714 5030 893 5095 fuere,
929 5029 1215 5100 proponit.
1279 5030 1341 5083 In
1402 5044 1632 5083 morum
1693 5028 1978 5095 doctrina,

326 5118 423 5173 ubi
482 5123 601 5172 tam
671 5118 1008 5189 frequenter
1065 5117 1122 5171 in
1180 5118 1430 5189 rigorem
1456 5117 1727 5184 deﬂectit,
1761 5120 1981 5188 quanto

328 5206 627 5273 severior,
690 5211 853 5262 tanto
913 5224 1064 5278 saepe
1112 5206 1496 5278 praestantior.
1557 5208 1670 5262 Suo
1729 5223 1981 5278 namque

324 5296 626 5367 religionis
659 5297 1067 5368 promovenda:
1101 5296 1305 5351 ardore
1365 5295 1686 5366 legentium
1750 5296 1979 5352 animos

323 5384 675 5455 succendit,
739 5390 795 5441 et
861 5401 1173 5457 generosos
1241 5385 1300 5440 in
1368 5390 1535 5440 actus
1611 5384 1977 5441 inflammat.

321 5483 682 5547 Quastiones
715 5489 932 5553 autem,
993 5488 1049 5538 et
1100 5482 1454 5539 assertiones
1512 5483 1764 5538 moratos
1819 5488 1980 5539 tanta

318 5572 371 5625 vi
402 5588 467 5626 ac
522 5572 709 5644 gratia
759 5575 1077 5644 pertractat
1136 5576 1201 5627 ut
1229 5572 1448 5628 erranti
1479 5570 1647 5628 facile
1681 5573 1972 5644 ignoscas,

323 5662 596 5735 frequens
631 5661 687 5717 in
721 5678 1023 5719 sacrarum
1054 5661 1402 5720 Litterarum
1428 5679 1674 5734 usu,nec
1697 5662 1978 5720 inductus

2091 4672 2246 4727 enim
2279 4670 2625 4726 eruditionis
2658 4672 3064 4727 reconditioris
3096 4672 3428 4738 thesauros,
3479 4672 3743 4729 invenies

2091 4762 2148 4815 in
2208 4760 2334 4831 ejus
2378 4760 2610 4830 scriptis
2644 4760 2775 4815 ﬁdei
2810 4760 3172 4827 Christianae,
3207 4761 3529 4833 disciplinae
3560 4762 3742 4818 eccle-

2092 4849 2364 4919 siasticae,
2398 4847 2871 4904 caeremoniarum
2906 4849 2964 4903 in
3023 4850 3182 4905 cultu
3235 4850 3433 4907 divino
3495 4851 3742 4907 usitata-

2093 4937 2694 5009 rum,impetuumque
2725 4955 2757 4992 a
2789 4939 2963 4994 sectis
2992 4938 3278 4995 haereticis
3311 4940 3369 4995 in
3414 4941 3742 4996 doctrinam

2090 5028 2435 5083 catholicam
2469 5029 2775 5096 factorum,
2811 5044 2875 5083 ac
2906 5027 3305 5085 haareticorum
3340 5030 3429 5085 sui
3462 5030 3563 5085 aevi
3612 5032 3742 5104 Opi-

2092 5118 2333 5172 nionum
2365 5116 2794 5173 enarrationem
2828 5117 2969 5174 adeo
2993 5117 3739 5193 ingenuam,pcrspicuam,

2090 5206 2513 5276 etjucundam,
2548 5205 2783 5277 qualem
2817 5206 3035 5263 frustra
3092 5207 3192 5263 illa
3250 5214 3416 5266 aetate
3474 5211 3544 5266 ab
3609 5210 3742 5269 aliis

2089 5296 2530 5366 exspectaveris.
2582 5296 2695 5351 Nec
2746 5300 2855 5366 est,
2889 5298 3043 5369 quod
3077 5298 3482 5356 confusionem
3515 5300 3742 5359 Monta-

2091 5385 2268 5440 nismi
2304 5384 2568 5458 (proprie
2594 5404 2708 5442 suo:
2742 5386 3059 5460 opinionis)
3091 5393 3148 5444 et
3206 5389 3625 5459 Catholicismi,
3680 5396 3744 5448 ut

2089 5474 2169 5528 ita
2218 5473 2433 5545 dicam,
2485 5480 2734 5548 metuas,
2769 5477 2868 5549 qui
2902 5478 3225 5535 multorum
3260 5486 3349 5536 est
3383 5481 3736 5554 scrupulus;

2087 5589 2221 5628 nam
2252 5572 2419 5629 illum
2448 5573 2507 5629 in
2536 5576 2737 5647 paucis
2768 5576 3062 5649 rebusque
3092 5576 3410 5638 levioribus
3439 5579 3741 5652 professus

2086 5666 2193 5736 est,
2240 5679 2346 5721 nec
2400 5680 2535 5723 sua:
2604 5665 2910 5738 opiniones
2979 5684 3013 5725 a
3078 5668 3379 5727 communi
3446 5665 3737 5725 sententia
