4148 6188
404 315 519 374 135

1477 282 2005 349 DISSERTATIO
2051 282 2155 343 DE
2198 282 2412 342 VERA
2454 280 2739 343 IETATE

3705 278 3826 341 136

403 438 771 504 discernendi
804 434 997 493 media
1022 449 1129 488 nos
1158 425 1678 485 deﬁciunt.Parum
1713 420 2042 475 accuratam
2076 424 2131 491 Α
2166 415 2497 487 Virginitas,
2527 414 2592 471 de
2617 417 2917 485 Patientia,
2971 419 3042 474 ad
3085 418 3376 491 Martyras,
3435 415 3514 473 ad
3572 417 3825 487 Uxorem,

407 552 536 593 esse
566 532 729 589 aiunt
762 522 1026 582 nonnulli
1057 522 1184 592 ejus
1216 520 1285 573 de
1316 514 1724 572 Gnosticorum
1766 505 2063 564 erroribus

405 628 476 683 ob
533 617 832 677 orientalis
890 609 1271 685 philos0phize
1334 602 1733 677 ignorantiam
1769 595 2063 652 recensio-

411 730 582 779 nem;
617 709 717 765 sed
753 707 808 761 id
851 684 963 757 non
998 700 1141 755 satis
1193 698 1445 767 ingenue
1475 690 1751 748 creditur.
1816 692 1893 756 Is,
1961 684 2065 755 qui

409 774 579 858 tanta
627 792 931 866 diligentia
961 795 1014 846 et
1047 786 1315 842 acumine
1346 786 1405 838 in
1427 783 1637 836 horum
1671 774 1907 848 scriptis
1943 776 2069 828 erat

412 893 709 951 versatus;
742 884 818 949 is,
852 898 966 954 quo
1017 894 1185 933 nemo
1242 875 1483 929 uberius
1543 869 1778 923 illorum
1836 878 2069 919 errores

405 980 786 1037 discusserat.
847 953 899 1027 Is
960 970 1171 1023 horum
1223 966 1525 1035 ignorasse
1557 958 1841 1029 originem
1870 953 2069 1009 creda-

405 1070 545 1141 tur?
579 1064 749 1137 Atqui
783 1059 1041 1117 absurda
1077 1055 1313 1110 illorum
1347 1051 1725 1123 opinamenta
1755 1061 1821 1099 ex
1881 1040 2071 1141 philo-

402 1133 606 1229 sOphia
660 1133 991 1207 Grzecanica
1051 1145 1222 1200 unice
1284 1141 1560 1201 derivat;
1620 1133 2068 1192 concedendum

402 1272 536 1327 ergo
586 1253 802 1325 potius,
863 1249 1020 1304 hunc
1080 1246 1299 1300 fontem
1362 1256 1476 1295 non
1540 1238 1723 1292 fuisse
1780 1234 2068 1289 duntaxat

406 1321 843 1417 philosOphiam
896 1333 1266 1393 orientalem.
1338 1333 1622 1384 Praeterea
1677 1321 2072 1417 Tertullianus

405 1410 725 1506 iatinitatis
757 1424 1168 1485 ecclesiastica:
1201 1438 1304 1477 seu
1362 1415 1650 1474 sermonis
1704 1414 1760 1468 in
1820 1410 2071 1484 publicis

408 1505 676 1579 Ecclesiae
733 1517 979 1592 negotiis
1041 1512 1247 1569 usitati
1302 1513 1504 1566 auctor
1538 1506 1666 1575 fuit,
1700 1505 1759 1558 in
1788 1519 1902 1574 quo
1938 1517 2072 1556 cum

402 1612 612 1667 veteris
682 1608 825 1664 Latii
906 1602 1209 1660 vocabulis
1282 1603 1338 1655 et
1402 1594 1709 1652 sententiis
1750 1608 1910 1647 nova:
1951 1595 2073 1645 ota

404 1699 756 1756 Christianis
789 1692 1180 1767 dogmatibus,
1223 1687 1494 1761 personis
1526 1690 1582 1740 et
1630 1680 2070 1738 consuetudini-

2174 504 2379 560 Habita
2408 521 2541 560 vero
2570 505 2791 563 ratione
2823 509 2891 562 ad
2929 509 3165 564 criticen
3195 525 3261 563 ac
3292 524 3357 562 ac
3388 504 3826 577 ehronologiam

2176 594 2435 666 quinque
2478 594 2729 665 Operam
2790 595 3007 653 classes
3058 598 3401 653 statuendus
3459 612 3587 650 esse
3639 595 3828 666 capite

2177 684 2445 755 sequenti
2514 685 2904 741 docebimus.
2974 688 3244 742 Notanda
3309 685 3562 757 denique
3631 684 3831 755 [etiam

2176 773 2417 827 veniunt
2448 773 2793 829 Tertulliani
2826 792 2999 847 opera
3030 780 3230 831 contra
3261 774 3577 830 Ecclesiam
3610 774 3830 844 scripta

2179 879 2281 934 pro
2311 862 2698 917 Montanistis.
2739 865 2923 934 Hujus
2982 866 3213 937 generis
3270 880 3515 918 numero
3575 866 3832 933 quatuor

2183 950 2488 1017 habentur,
2552 952 2833 1007 nimirum
2886 953 3033 1008 liber
3052 954 3116 1008 de
3149 953 3456 1018 Pudicitia,
3488 953 3552 1007 de
3583 952 3833 1019 Monoga-

2179 1042 2314 1110 mia,
2351 1040 2665 1097 Exhortatio
2696 1041 2765 1096 ad
2788 1044 3120 1111 castitatem,
3151 1048 3208 1099 et
3235 1043 3540 1097 Tractatus
3570 1041 3634 1097 de
3681 1042 3829 1112 Jeju-

2179 1145 2313 1185 nm.

2252 1219 2331 1275 De
2362 1223 2624 1292 tempore
2653 1224 2827 1293 atque
2858 1220 3205 1292 ordine,quo
3237 1220 3297 1275 in
3327 1220 3638 1276 exarandis
3668 1237 3829 1275 com-

2182 1309 2642 1365 mentationibus
2675 1310 2798 1365 suis
2830 1328 2975 1367 usus
3005 1315 3095 1366 est
3124 1308 3737 1380 Tertullianus,multa
3759 1310 3831 1366 ab

2181 1398 2599 1454 eruditissimis
2654 1399 2793 1455 viris
2834 1400 3248 1471 disputantur;
3319 1414 3423 1453 nec
3488 1397 3621 1453 licet
3688 1397 3833 1453 item

2184 1490 2331 1544 hanc
2369 1489 2451 1543 ita
2496 1488 2779 1558 decidere,
2831 1493 2895 1543 ut
2941 1488 3140 1543 omnia
3205 1489 3348 1543 ﬁant
3414 1486 3587 1558 plana
3652 1490 3832 1557 atque

2183 1581 2469 1633 accurata.
2506 1577 2716 1633 Praeter
2748 1578 2916 1643 alios,
2950 1594 3155 1647 Operas
3187 1593 3326 1632 suas
3358 1576 3427 1631 ad
3462 1575 3518 1630 id
3571 1574 3832 1631 contule-

2184 1673 2341 1738 runt,
2401 1671 2466 1721 ut
2512 1667 2817 1734 librorum,
2880 1683 3027 1737 quos
3075 1665 3474 1721 Tertullianus
3506 1665 3838 1737 composuit

553 1754 1178 1856 desumptaaunoliones
1201 1754 1553 1851 junguntur.
1573 1773 1724 1828 Licet
1756 1772 1826 1826 ab
1859 1769 2059 1824 ortho-

2184 1762 2239 1812 et
2268 1756 2524 1828 reliquit,
2559 1760 2755 1810 intates
2811 1756 3180 1827 indagarent,
3239 1772 3306 1811 ex
3367 1754 3835 1811 Protestantibus

2179 1847 2395 1868 η-..----ι
2432 1845 2752 1868 n--_-_!---
2785 1846 2799 1868 Ι
2824 1846 3031 1868 Δμ---1.“ι
3081 1846 3297 1868 ..-1-ι.⁶,.Α
3340 1844 3613 1868 ---l-...'_-n
3680 1849 3796 1868 Α-..

408 1879 573 1935 doxis
605 1894 722 1932 suae
754 1869 1154 1930 communioni
1216 1885 1329 1923 non
1387 1864 1561 1920 fuerit
1613 1864 2057 1927 adnumeratus,

409 1970 535 2040 ejus
564 1971 758 2021 tamen
785 1963 1084 2035 ingenium
1119 1956 1454 2029 stylumque
1486 1951 1708 2025 passim
1769 1964 2061 2004 commen-

410 2039 646 2123 dabant,
684 2068 971 2126 quemque
1004 2051 1152 2103 inter
1182 2042 1586 2101 Occidentales
1620 2039 1702 2094 illi
1734 2041 2056 2110 aequarent,

410 2146 708 2201 habebant
740 2141 1056 2197 neminem.
1100 2141 1224 2191 Non
1283 2132 1467 2187 multo
1527 2136 1659 2202 post
1712 2127 2057 2200 Cyprianus,

410 2236 563 2289 inter
583 2233 889 2304 episcopos
913 2225 1417 2293 celeberrimus,se
1430 2236 1715 2290 suamque
1739 2216 2058 2272 orationem

408 2303 643 2395 penitus
664 2322 730 2375 ad
753 2319 931 2389 hujus
963 2314 1275 2371 dictionem
1307 2307 1753 2377 ef.iunxit,quod
1786 2310 1841 2361 et
1869 2303 2060 2360 caeteri

411 2394 607 2465 minus
640 2413 837 2480 aperte
870 2408 1187 2461 tentarunt.
1233 2397 1495 2456 Montani
1552 2401 1747 2452 autem
1808 2394 2059 2449 factione

411 2506 693 2582 paulatim
756 2504 1081 2565 deficiente,
1153 2498 1481 2573 periculum
1535 2511 1769 2569 quoque
1802 2511 1868 2548 ex
1900 2492 2060 2548 illius

410 2596 657 2651 lectione
689 2593 909 2650 sensim
941 2606 1276 2647 evanescere
1309 2588 1406 2644 95
1442 2585 1637 2657 cmpit,
1689 2583 1936 2638 maxime
1988 2582 2059 2636 ob

411 2684 718 2740 commoda
771 2700 898 2753 quae
932 2681 1065 2735 inde
1097 2677 1319 2734 hauriri
1352 2679 1619 2747 poterant
1652 2672 1821 2744 plane
1852 2672 2061 2743 singu-

411 2774 574 2829 laria.
608 2770 1139 2828 Commentationes
1171 2773 1226 2823 et
1257 2763 1765 2837 interpretationes
1823 2762 1950 2833 ejus
2003 2761 2059 2813 in

411 2880 610 2919 sacras
646 2862 888 2916 Litteras
919 2858 1171 2915 illustria
1201 2860 1339 2912 sunt
1371 2858 1750 2909 monumenta
1784 2850 1855 2905 ad
1887 2849 2063 2904 histo-

413 2953 559 3008 riam
594 2950 898 3023 theologia:
934 2948 1177 3017 biblicaa,
1211 2944 1598 3016 exegcsinque
1648 2957 1904 3007 sacram;
1958 2939 2059 2993 sed

414 3060 531 3098 non
592 3042 718 3096 siue
770 3038 1115 3094 difﬁcultate
1147 3035 1443 3091 dirimitur
1474 3032 1738 3105 quaestio,
1773 3034 2059 3100 quantum

412 3131 509 3187 ille
543 3148 685 3186 usus
716 3130 793 3185 sit
848 3126 1326 3198 interpretatione
1385 3122 1589 3177 Latina
1642 3119 1739 3174 illo
1797 3126 2059 3188 tempore

405 3222 529 3291 jam
582 3218 918 3273 exsistentc.
972 3218 1261 3271 Numerus
1295 3218 1351 3268 et
1380 3212 1626 3266 varietas
1649 3224 1885 3280 operum
1918 3208 2056 3261 Ter-

412 3307 646 3365 tulliani
677 3323 817 3362 sane
850 3305 1127 3377 postulat,
1163 3308 1226 3358 ut
1259 3302 1359 3356 illa
1406 3305 1629 3355 certum
1681 3299 1737 3351 in
1797 3296 2062 3351 ordinem

414 3403 517 3453 aut
571 3396 789 3452 classes
848 3396 1080 3450 redacta
1138 3391 1608 3464 perpendantur;
1663 3388 1745 3442 sic
1778 3386 1957 3441 relate
1988 3385 2059 3439 ad

417 3504 506 3542 res
532 3503 680 3557 quas
711 3483 1032 3549 continent,
1076 3498 1179 3537 seu
1239 3479 1462 3534 ratione
1515 3473 1844 3549 argumenti
1907 3473 2060 3545 quod

416 3578 796 3648 pertractant,
858 3571 1016 3627 illius
1048 3570 1270 3638 scripta
1296 3569 1352 3623 in
1384 3574 1498 3623 tres
1531 3566 1749 3623 classes
1780 3561 2061 3634 distingui

417 3666 684 3736 possunt.
748 3661 935 3717 Prima
988 3658 1395 3731 complectitur
1451 3674 1536 3723 ea,
1600 3672 1725 3727 quos
1784 3654 2062 3709 adversus

416 3753 683 3809 ethnicos
740 3755 798 3806 et
853 3750 1126 3819 Judaeos,
1178 3749 1410 3817 juratos
1468 3743 1767 3816 religionis
1818 3742 2060 3808 hostes,

417 3850 634 3922 scripta
667 3849 891 3916 ffuere,
950 3846 1148 3918 qualia
1205 3850 1381 3911 sunt,
1441 3860 1489 3899 e.
1555 3859 1630 3907 c.,
1690 3842 2066 3911 Apologelicus

418 3940 551 3995 libri
607 3941 656 3995 Il
716 3938 785 3993 ad
841 3939 1102 3993 Nationes
1160 3934 1304 3989 liber
1362 3932 1428 3987 dc
1482 3934 1682 3986 animae
1715 3931 2061 3999 Testimonio,

419 4030 490 4085 ad
523 4029 843 4101 Scapulam,
895 4032 952 4082 et
1005 4026 1263 4080 adversus
1318 4024 1552 4079 Iudaeos.
1613 4020 1882 4076 Secunda
1938 4037 2065 4092 quas

418 4123 620 4174 contra
676 4116 999 4185 haareticos,
1057 4120 1197 4184 puta
1226 4112 1373 4167 liber
1400 4112 1467 4166 de
1497 4112 1924 4180 Prwscriptione
1954 4109 2066 4163 hae-

410 4212 725 4273 reticorum,
759 4209 1023 4262 adversus
1063 4205 1357 4268 Praxeam,
1411 4202 1817 4269 Hermogenem,
1876 4199 2065 4253 Valen-

410 4300 680 4365 tinianos,
744 4297 1109 4357 Marcionem,
1139 4294 1207 4346 de
1235 4306 1400 4346 carne
1430 4290 1641 4344 Christi
1671 4292 1876 4341 contra
1906 4288 2063 4358 Apel-

413 4387 539 4449 lem,
576 4387 917 4442 Marcionem
948 4392 999 4439 et
1037 4383 1419 4443 Valentinum,
1454 4379 1519 4432 de
1553 4377 1749 4432 Carnis
1805 4378 2065 4431 Resurre-

410 4477 591 4530 ctione
622 4480 821 4528 contra
853 4472 1173 4527 Sadducaos
1206 4475 1262 4523 et
1323 4468 1623 4522 haereticos
1685 4466 2064 4521 resurrectio-

415 4579 548 4617 nem
580 4568 883 4633 negantes.
916 4562 1205 4630 Seorpiacc
1233 4562 1435 4611 contra
1468 4554 1761 4621 Gnosticos,
1811 4554 1957 4609 liber
2004 4554 2068 4609 de
2098 4548 2142 4612 Ι)

412 4651 617 4706 Anima
696 4654 897 4705 contra
986 4645 1466 4719 philosophorum
1537 4648 1593 4697 et
1659 4643 2064 4698 haereticorum

414 4738 756 4795 sententias.
798 4738 994 4793 Tertia
1026 4752 1181 4801 vero,
1218 4751 1342 4805 quas
1375 4750 1509 4787 cum
1538 4733 2065 4803 disciplinam,tum

414 4854 604 4892 mores
672 4841 988 4908 spectant;
1063 4834 1117 4888 in
1188 4833 1296 4886 hac
1361 4830 1547 4885 classe
1615 4830 1841 4901 primus
1908 4829 2067 4884 locus

414 4928 661 4981 debetur
691 4925 837 4979 libro
869 4926 932 4979 de
967 4925 1270 4995 Baptismo,
1302 4921 1474 4990 cujus
1504 4935 1639 4990 pars
1671 4919 1825 4990 prior
1858 4919 2069 4989 dogma

414 5016 698 5070 adversus
759 5015 1047 5085 Gajanitas
1100 5013 1171 5067 de
1241 5009 1519 5081 baptismi
1601 5007 1943 5063 necessitate
2004 5023 2070 5061 ac

413 5105 673 5159 efﬁcacia
703 5105 1103 5170 demonstrat;
1139 5100 1426 5173 posterior
1455 5096 1825 5167 disciplinam
1859 5098 2071 5151 deseri-

418 5193 521 5248 bit.
561 5194 723 5248 Liber
768 5193 830 5248 de
890 5190 1219 5247 Pirni'tenlia
1280 5188 1506 5260 primus
1563 5192 1653 5241 est
1707 5202 1908 5240 eorum
1970 5187 2069 5257 qui

414 5298 572 5336 mere
604 5283 673 5336 ad
709 5282 1165 5337 ecclesiasticam
1199 5276 1568 5348 disciplinam
1605 5275 2072 5345 spectant.Liber

416 5371 481 5426 de
514 5370 772 5426 Oratione
804 5372 1015 5442 partim
1050 5371 1119 5424 de
1157 5366 1445 5429 moribus,
1496 5362 1707 5433 partim
1769 5364 1839 5417 de
1894 5366 2072 5421 disci-

413 5460 578 5534 plina
608 5461 747 5531 agit.
785 5460 928 5515 Hinc
960 5461 1224 5530 spectant
1255 5455 1431 5508 etiam
1467 5452 1771 5506 Tractatus
1802 5452 1864 5507 de
1905 5454 2075 5509 Idolo-

414 5551 605 5618 latria,
640 5548 703 5604 dc
737 5549 963 5617 Corona,
998 5547 1061 5601 de
1090 5547 1259 5613 Fuga,
1290 5542 1353 5596 de
1411 5539 1611 5607 Pallio,
1669 5539 1732 5594 de
1789 5542 2077 5612 Spectacu-

418 5641 508 5708 lis,
569 5640 637 5694 de
698 5638 860 5694 Cultu
916 5648 966 5693 et
1023 5636 1216 5691 habitu
1274 5632 1653 5698 Feminarum,
1703 5630 1774 5685 de
1831 5633 2079 5688 l'elandis

2166 1847 2397 1901 Samuel
2432 1845 2755 1916 Basnagius
2784 1846 3051 1917 (Annalit.
3074 1844 3658 1915 politico-ecclesiast.,
3680 1849 3830 1899 tom.

2171 1936 2241 2004 Il,
2301 1954 2356 2007 p.
2415 1934 2542 2006 215)
2600 1939 2654 1989 et
2684 1934 2887 1988 Petrus
2919 1932 3165 1988 Allixius
3198 1934 3503 2003 (Dissertal.
3534 1932 3600 1987 de
3632 1934 3744 1987 rita
3775 1937 3831 1988 et

2166 2026 2384 2097 scriptis
2422 2025 2764 2089 Tertulliani,
2798 2039 2923 2095 cap.
2967 2023 2996 2076 4
3055 2038 3223 2094 scqq.,
3288 2038 3420 2093 pag.
3477 2023 3589 2093 28),
3649 2023 3819 2091 cujus

2168 2112 2603 2185 chronologiam
2682 2113 2942 2183 proxime
3016 2112 3085 2166 ad
3164 2111 3466 2167 veritatem
3549 2112 3819 2166 accedere

2162 2203 2391 2274 judicat
2420 2202 2571 2257 Guil.
2604 2207 2821 2257 Caveus
2854 2202 3014 2271 (Hist.
3048 2201 3313 2265 litterar.,
3343 2206 3485 2255 tom.
3522 2202 3565 2268 Ι,
3600 2217 3655 2272 p.
3704 2201 3817 2269 92),

2169 2298 2225 2348 et
2281 2294 2406 2364 ipse
2463 2290 2750 2361 ordinem,
2812 2290 2882 2345 ab
2940 2306 3006 2345 eo
3057 2290 3451 2359 designatum,
3484 2290 3541 2344 in
3576 2305 3823 2345 enumev

2170 2382 2369 2436 randis
2402 2381 2495 2435 his
2528 2379 2694 2434 libris
2726 2378 3017 2451 praecipue
3049 2378 3339 2450 sequitur,
3374 2378 3451 2433 ita
3483 2382 3699 2447 tamen,
3758 2382 3824 2432 ut

2170 2472 2229 2526 in
2264 2469 2567 2527 nonnullis
2597 2469 2667 2523 ab
2702 2468 2799 2523 illo
2832 2467 3161 2523 dissentiat.
3194 2469 3275 2523 Ex
3302 2467 3618 2523 Catholicis
3648 2467 3822 2522 Seba-

2170 2560 2394 2616 stianus
2424 2559 2477 2615 le
2508 2558 2677 2627 Nain,
2708 2557 3096 2612 tillemontius
3156 2558 3493 2628 (Mémoires,
3528 2561 3671 2611 tom.
3721 2558 3819 2624 llI,

2171 2650 2365 2723 p.300
2423 2652 2478 2704 et
2534 2648 2682 2702 suiv.
2742 2646 2879 2701 edit.
2934 2646 3005 2700 de
3062 2645 3340 2711 Bruxell.,
3399 2646 3580 2716 4732),
3644 2645 3820 2701 Ellies

2173 2740 2439 2811 Dupinus
2509 2735 2914 2807 (Bibliolhéque
2980 2735 3074 2790 des
3141 2743 3391 2801 auteurs,
3458 2738 3599 2788 tom.
3665 2734 3703 2804 Ι)
3765 2738 3821 2788 et

2172 2828 2333 2883 Remi
2395 2826 2624 2883 Ceillier
2670 2827 2833 2895 (Hist.
2887 2828 3008 2895 gen.
3043 2824 3134 2880 des
3164 2832 3403 2887 auteurs,
3435 2823 3536 2877 06
3570 2827 3712 2877 tom.
3748 2823 3816 2878 II.

2172 2920 2338 2991 chap.
2370 2919 2462 2990 28)
2496 2919 2563 2973 ad
2600 2918 3065 2989 investigandum
3098 2915 3224 2985 ejus
3274 2914 3557 2970 librorum
3588 2918 3819 2968 aetatem

2170 3010 2321 3064 vires
2350 3026 2489 3063 suas
2549 3012 2605 3061 et
2658 3006 2921 3062 studium
2981 3006 3417 3076 impenderunt.
3479 3004 3590 3058 Sed
3650 3018 3819 3057 nemo

2173 3097 2418 3163 felicius,
2475 3096 2673 3167 judice
2730 3096 2812 3151 Cl.
2870 3095 2957 3150 Jo.
3018 3094 3221 3149 Matth.
3282 3091 3673 3158 Schrmckhio,
3711 3090 3821 3145 hoc

2092 3176 2133 3242 C
2173 3205 2415 3243 numero
2448 3188 2681 3241 functus
2713 3191 2820 3255 est,
2855 3202 3030 3257 quam
3063 3184 3144 3239 Cl.
3178 3184 3263 3239 J0.
3300 3186 3601 3256 Augustus
3659 3186 3822 3239 Naes-

2170 3279 2296 3347 selt,
2342 3275 2669 3348 Theologiae
2718 3275 2919 3331 doctor
2949 3278 3006 3329 et
3034 3272 3328 3345 prolessor
3359 3271 3631 3345 publicus
3665 3271 3820 3325 ordi-

2174 3367 2374 3422 narius
2406 3366 2462 3419 in
2496 3364 2793 3420 academia
2818 3364 3225 3435 Halensi,edita
3255 3362 3651 3435 disputatione
3668 3377 3823 3415 anno

2176 3456 2331 3526 1757,
2364 3457 2436 3509 De
2494 3471 2621 3510 vera
2675 3458 2841 3511 aetate
2896 3470 2960 3508 ac
3015 3453 3261 3507 doctrina
3315 3453 3646 3523 scriptorum
3703 3466 3824 3520 qum

2172 3551 2465 3617 supersunt
2523 3545 2583 3612 Q.
2642 3544 2903 3613 Septimii
2952 3542 3303 3606 Tertulliani,
3339 3544 3517 3612 atque
3546 3540 3822 3594 emenda-

2172 3635 2289 3689 tius
2320 3634 2669 3705 reimprcssa
2718 3631 2868 3687 Halm
2929 3631 3391 3703 Magdcburgicae
3451 3647 3601 3685 anno
3662 3628 3820 3694 ~l768,

2174 3741 2349 3796 quam
2373 3728 2499 3777 tum
2524 3724 2592 3778 ob
2619 3739 2783 3777 suam
2810 3720 3230 3792 praestantiam,
3262 3724 3386 3774 tum
3430 3720 3501 3773 ob
3524 3718 3820 3773 raritatem

2174 3813 2418 3885 (integro
2458 3813 2611 3867 enim
2649 3812 2762 3867 fere
2792 3828 2944 3866 anno
2977 3809 3326 3882 bibliopolae
3359 3808 3579 3881 passim
3612 3806 3824 3861 litteris

2178 3919 2275 3975 pro
2342 3920 2406 3957 ea
2471 3902 2613 3956 mihi
2684 3901 3075 3972 comporanda
3142 3899 3515 3965 adhortatus,
3584 3896 3821 3952 tandem

2177 3990 2361 4046 multa
2390 3991 2683 4045 industria
2713 3988 3008 4060 exemplar
3035 3994 3241 4043 nactus
3259 3987 3823 4059 sum)litteratorum

2176 4080 2331 4135 haud
2366 4080 2636 4152 ingratiis
2669 4079 2760 4135 hic
2792 4077 3220 4149 subjiciendum
3253 4075 3452 4131 statui.

2743 4237 3151 4293 ABTICULUS
3187 4239 3252 4291 ll.

2178 4334 2261 4384 De
2290 4329 2447 4383 libris
2481 4326 2832 4393 Tertulliani,
2865 4336 3179 4452 quartumtet
3222 4330 3357 4379 mtas
3405 4327 3454 4379 et
3502 4318 3830 4377 orthodoxia

2865 4413 2989 4452 cons
3015 4415 3088 4450 an
3121 4439 3133 4452 .

2865 4413 3133 4452 constant.

2660 4532 2687 4597 §
2720 4531 2768 4584 1.
2800 4561 2870 4571 -
2903 4531 3058 4585 Ratio
3087 4531 3353 4585 instituti.

2248 4646 2853 4719 Postquam,depulsis
2884 4647 3204 4717 superioris
3234 4643 3523 4701 barbarici
3548 4640 3828 4707 tenebris,

2176 4738 2347 4793 bonis
2378 4737 2602 4791 artibus
2635 4740 2810 4805 atque
2850 4735 3180 4806 disciplinis
3238 4731 3486 4804 pristina
3539 4728 3834 4800 elegantia

2180 4828 2447 4884 restituta
2500 4824 2645 4893 fuit,
2705 4828 3117 4896 coeperuntque
3177 4820 3599 4894 prodeuntibus
3657 4819 3831 4872 annis

2179 4916 2377 4972 omnia
2406 4914 2732 4969 litterarum
2767 4930 2981 4985 genera
3011 4914 3215 4983 majori
3238 4912 3459 4967 lumine
3478 4906 3835 4974 collustrari,

2182 5024 2295 5063 non
2325 5006 2638 5059 defuerunt
2668 5021 2879 5075 magno
2937 5008 2993 5058 et
3051 5004 3348 5059 excellenti
3410 5000 3642 5073 ingenio
3703 4995 3834 5063 viri,

2182 5096 2280 5167 qui
2316 5111 2420 5149 nec
2452 5098 2572 5149 arte
2602 5092 2791 5163 longa,
2828 5109 2930 5147 nec
2960 5092 3230 5148 maximis
3262 5089 3711 5147 difﬁcultatibus
3742 5086 3839 5141 de-

2182 5185 2389 5249 territi,
2445 5182 2727 5254 quidquid
2790 5181 3094 5237 industriac
3145 5187 3370 5253 poterat
3429 5176 3708 5250 impendi,
3764 5175 3833 5228 ad

2186 5273 2593 5329 illustrandam
2630 5275 2815 5325 coetus
2846 5270 3161 5325 Christiani
3220 5270 3527 5325 historiam
3577 5265 3837 5321 contule-

2186 5368 2344 5418 runt.
2375 5364 2639 5429 Namque
2672 5358 2752 5423 hi,
2790 5364 2851 5413 ut
2882 5365 3043 5413 erant
3069 5360 3123 5413 in
3162 5378 3229 5415 ea
3260 5360 3570 5425 sententia,
3617 5354 3843 5424 absque

2184 5456 2445 5507 veterum
2477 5449 2829 5517 scriptorum
2863 5464 3064 5503 severa
3112 5450 3380 5519 lectione,
3440 5462 3628 5518 neque
3680 5442 3841 5497 litte-

2189 5554 2383 5595 rarum
2444 5534 2784 5607 elegantize,
2834 5554 3020 5609 neque
3072 5541 3177 5595 arti
3240 5542 3387 5595 bene
3451 5539 3840 5603 accurateque

2189 5625 2502 5698 sentiendi,
2568 5639 2759 5698 neque
2824 5626 2968 5701 ipsis
3002 5629 3431 5705 hsanctioribus
3506 5621 3839 5696 disciplinis
