4148 6188
112 73 637 269 Ι-Ιι

414 244 465 267 -τ

414 244 465 267 -r

263 376 387 435 137

1126 371 1225 432 AC
1265 369 1659 431 DOCTRINA
1712 367 2215 429 SCRIPTORUM
2259 368 2817 431 TERTULLIANI.

3559 374 3677 434 I38

264 508 416 565 satis
442 522 610 578 posse
641 505 912 573 consuli;
942 504 1027 560 ita
1069 504 1319 560 maxime
1360 502 1739 559 excutiendas
1789 516 1914 557 cre-
1944 503 1992 569 Α
2029 500 2237 557 horum
2286 500 2455 573 alios,
2505 517 2723 573 eosque
2779 502 3297 574 prmstantissimos
3345 504 3521 571 viros,
3556 522 3675 562 non

263 580 483 653 debent
512 612 630 661 eos,
665 611 921 667 quorum
953 593 1197 650 lectione
1255 596 1671 665 perspexerant
1727 591 1915 662 ipsius

264 686 544 742 doctrinae
592 684 1009 755 diciplinaaque
1067 683 1533 737 Christianorum
1584 680 1916 751 intelligen-

259 776 406 830 tiam
440 774 759 846 plurimum
792 772 1060 843 adjuravi
1112 788 1305 843 posse.
1359 771 1490 840 Sed,
1534 774 1600 825 ut
1651 770 1917 841 ipsorum

260 864 721 935 temporum,ita
751 862 926 917 etiam
952 860 1295 933 Opinionum
1328 868 1413 916 est
1446 862 1711 931 quaedam
1744 858 1917 913 vicis-

261 955 462 1010 situdo
497 970 511 1009 :
543 952 660 1007 haec
685 968 756 1007 ex
776 952 1129 1023 antiquitate
1162 950 1427 1022 sapiendi
1460 949 1607 1004 ratio
1630 947 1914 1020 paulatim

260 1044 418 1115 apud
450 1058 559 1097 nos
606 1040 820 1096 adduci
869 1039 1041 1112 coepit
1073 1040 1133 1095 in
1185 1044 1614 1111 contemptum,
1663 1037 1915 1092 maxime

259 1149 399 1189 cum
445 1132 795 1199 exstiterint,
846 1129 948 1200 qui
999 1133 1308 1200 propterea
1357 1128 1511 1199 quod
1559 1126 1681 1182 solo
1733 1140 1911 1181 sensu

259 1220 590 1286 communi,
644 1237 677 1274 a
737 1218 1003 1290 patribus
1066 1217 1223 1272 velut
1288 1216 1626 1272 haereditate
1693 1214 1911 1281 relicto,

265 1312 467 1365 virum
519 1312 757 1364 doctum
804 1307 1121 1361 credebant
1176 1307 1349 1373 effici,
1421 1306 1592 1361 modo
1661 1304 1711 1360 is
1760 1306 1916 1359 esset

261 1399 545 1455 astrictus
595 1395 943 1453 subtilitatis
991 1395 1358 1465 geometrica:
1426 1394 1677 1465 legibus,
1748 1392 1915 1447 insti-

261 1492 509 1544 tuerunt
531 1485 835 1557 theologia:
866 1484 1139 1539 tirocinia
1169 1484 1297 1555 ipsa
1345 1500 1446 1555 pro
1494 1482 1785 1555 theologia
1817 1482 1915 1537 ha-

263 1578 424 1643 bere,
478 1580 557 1641 et,
611 1573 873 1628 contenti
924 1572 1171 1628 scientia
1216 1588 1323 1628 sua
1370 1576 1488 1625 tam
1542 1588 1737 1641 parva,
1782 1587 1918 1625 con-

263 1672 531 1721 temnere
562 1680 681 1730 eos,
727 1679 975 1733 quorum
1028 1661 1227 1717 studia
1277 1664 1377 1715 aut
1431 1660 1653 1715 nullam
1702 1659 1923 1714 habent

264 1754 550 1810 novitatis
581 1753 849 1817 formam,
879 1755 981 1806 aut
1011 1750 1357 1805 acerrimam
1409 1749 1625 1821 ingenii
1675 1752 1919 1804 conten-

2026 590 2141 645 nisi
2193 608 2377 646 unum
2429 591 2751 647 alterumve
2822 591 3087 647 libellum
3153 593 3482 664 sumpsisse
3536 594 3673 664 sibi,

2027 680 2172 735 alios
2206 680 2405 735 leviter
2435 698 2582 753 opus
2613 686 2951 753 susceptum
3001 687 3307 749 tractasse,
3352 682 3497 738 alios
3530 700 3678 754 prae-

2022 770 2299 839 judicatis
2330 771 2707 841 opinionibus
2738 789 2771 826 a
2801 788 2931 827 vero
2961 771 3287 839 aberrasse,
3310 772 3468 842 quod
3504 773 3676 827 credo

2026 865 2444 914 consecuturos
2498 860 2702 927 fuisse,
2763 860 2812 915 si
2888 861 3105 916 nudam
3165 862 3467 916 veritatem
3529 862 3674 916 nudi

2025 948 2397 1019 expeditique
2429 948 2673 1004 fuissent
2705 949 3108 1016 secuti.Quare
3139 966 3273 1005 cum
3306 950 3672 1037 relegissem,

2027 1042 2083 1093 et
2112 1039 2507 1105 observarem,
2535 1054 2663 1094 esse
2696 1038 2887 1094 adhuc
2929 1040 2986 1094 in
3019 1040 3345 1111 iis,quae,ad
3378 1040 3671 1096 librorum

2026 1131 2253 1182 aetatem
2288 1128 2708 1199 scriptorisque
2730 1128 3051 1184 doctrinam
3087 1130 3672 1202 pertinentia,dispu-

2026 1218 2134 1273 tari
2174 1217 2390 1272 utiliter
2420 1224 2681 1288 possent,
2728 1218 2799 1272 ab
2850 1217 2980 1273 aliis
3030 1236 3146 1274 non
3196 1224 3670 1292 commemorata,

2027 1323 2093 1362 ac
2127 1306 2541 1378 plerorumque
2574 1306 2857 1362 librorum
2891 1310 3117 1363 mtatem
3143 1309 3472 1365 accuratius
3504 1327 3675 1382 posse

2028 1396 2307 1451 constitui
2340 1413 2352 1449 :
2388 1395 2699 1450 consilium
2732 1397 2856 1467 cepi
2888 1396 3164 1451 benevolo
3195 1398 3497 1453 doctorum
3529 1400 3677 1454 viro-

2028 1501 2157 1539 rum
2183 1484 2410 1554 judicio
2460 1482 2807 1554 subjiciendi
2858 1500 2926 1539 ea
2970 1500 3096 1554 qua
3149 1490 3388 1557 sumpta
3435 1504 3466 1541 e
3511 1485 3678 1541 libris

2029 1572 2375 1628 Tertulliani
2409 1573 2572 1643 ipsis,
2609 1590 2741 1628 cum
2801 1572 3149 1644 scriptorem
3197 1580 3461 1630 veterum
3510 1575 3679 1631 libris

2031 1662 2279 1734 aliisque
2311 1661 2726 1733 antiquitatum
2762 1662 3159 1718 monumentis
3203 1665 3415 1719 collata
3461 1666 3532 1719 ad
3582 1666 3681 1719 de-

2030 1752 2476 1807 monstrandam
2510 1766 2638 1805 eam
2673 1752 2857 1806 facere
2889 1768 3062 1823 posse
3091 1751 3462 1808 videbantur.
3496 1756 3681 1817 Quam

263 1845 489 1899 tionem
540 1840 922 1912 laboremque
972 1839 1281 1910 requirunt
1355 1854 1691 1910 operosum.
1762 1837 1921 1894 Unde
1955 1874 2002 1940 Β
2030 1841 2264 1913 quidem
2298 1840 2755 1912 disputationem
2787 1840 2871 1895 ita
2901 1840 3306 1911 instituemus,
3330 1842 3684 1914 ut,praamis-

268 1935 496 1989 factum
532 1936 641 1997 est,
676 1935 742 1985 ut
784 1930 959 1984 hodie
1006 1927 1305 2000 plerisque
1354 1929 1589 1983 sordeat
1636 1943 1810 1983 omne
1840 1927 1922 1991 id,

270 2022 430 2095 quod
466 2021 647 2075 habet
679 2018 935 2090 aliquam
971 2022 1165 2073 notam
1200 2016 1584 2089 antiquitatis,
1618 2020 1674 2072 et
1703 2034 1828 2088 qum
1851 2015 1924 2070 ad

268 2126 579 2168 sacrarum
613 2109 959 2174 litterarum,
992 2112 1250 2163 veterum
1306 2105 1537 2160 familiae
1585 2105 1925 2161 Christianae

262 2204 581 2257 doctorum
627 2203 686 2252 et
748 2197 1006 2251 historia:
1072 2194 1413 2251 Christiana:
1478 2195 1923 2266 intelligentiam

261 2291 593 2364 pertinent,
626 2303 695 2341 es
726 2284 1065 2341 doctoribus
1114 2284 1483 2353 umbraticis,
1532 2301 1709 2355 quam
1759 2300 1924 2355 saga-

260 2380 530 2435 cioribus
560 2377 893 2445 videantur,
927 2374 1211 2445 digniora.

337 2469 473 2523 Haec
505 2466 723 2536 saepius
753 2468 949 2519 mente
980 2461 1341 2534 agitantibus
1364 2461 1926 2528 nobis,dolentibus-

265 2574 384 2630 que
415 2572 554 2610 cum
589 2554 686 2621 iis,
716 2554 815 2622 qui
866 2552 1077 2607 bonam
1129 2555 1392 2607 mentem
1443 2555 1663 2620 amant,
1707 2556 1929 2624 tempo-

264 2662 403 2702 rum
450 2647 727 2699 nostrum
778 2641 1203 2707 infelicitatem,
1272 2640 1464 2695 visum
1528 2645 1638 2708 est,
1716 2640 1928 2695 borum

263 2734 543 2793 mmulari
577 2731 943 2803 diligentiam
979 2731 1193 2801 potius,
1228 2746 1406 2801 quam
1449 2734 1788 2784 ceterorum
1825 2731 1929 2785 ob-

268 2840 515 2882 scuram
548 2821 924 2893 sapientiam.
958 2820 1038 2873 Ex
1066 2837 1181 2891 quo
1230 2820 1411 2891 igitur
1456 2820 1741 2891 ccepimus
1773 2819 1928 2891 cogi-

269 2920 400 2969 tare
433 2914 507 2967 de
557 2928 644 2978 eo,
707 2927 821 2982 quo
882 2924 1193 2981 possemus
1249 2908 1549 2978 consequi,
1597 2912 1661 2962 ut
1707 2908 1925 2980 aliquid

271 3017 697 3059 consecremus
721 3000 791 3054 ad
825 2998 1074 3053 aliorum
1110 2998 1443 3059 utilitatem;
1470 2996 1739 3069 religioni
1764 2999 1930 3053 nobis

271 3092 585 3157 duximus,
615 3089 793 3143 vitam
827 3087 993 3158 sequi
1024 3086 1387 3157 popularem,
1419 3086 1514 3140 91
1554 3102 1677 3156 qua;
1710 3086 1929 3141 sensim

270 3185 453 3236 ducet
494 3183 726 3233 nostros
772 3176 1042 3230 homines
1089 3175 1162 3229 ad
1214 3174 1543 3230 barbariem
1598 3174 1929 3246 pristinam,

272 3268 720 3341 repetendaque
752 3264 1088 3336 putavimus
1130 3263 1503 3334 antiquitatis
1555 3265 1772 3329 studia,
1806 3282 1931 3336 quae
1965 3246 2006 3312 C

270 3375 413 3413 cum
448 3355 719 3427 opera,in
753 3353 969 3408 divinis
1003 3352 1215 3407 litteris
1246 3352 1589 3424 diligentius
1622 3353 1881 3408 colendis
1904 3370 1936 3409 a

272 3447 451 3502 nobis
484 3443 784 3512 collocata,
812 3443 1093 3512 majorem
1119 3440 1373 3512 aliquam
1400 3441 1653 3496 habeant
1683 3444 1934 3513 conjun-

270 3536 558 3591 ctionem.
614 3536 942 3603 Propterea,
988 3547 1145 3598 cum,
1215 3530 1405 3601 quoad
1461 3530 1706 3602 licebat,
1757 3532 1933 3587 etiam

275 3626 350 3680 ad
384 3623 789 3693 antiquiorum
824 3618 1089 3675 Ecclesiae
1122 3620 1427 3674 doctorum
1474 3619 1654 3675 libros
1699 3621 1935 3675 assidue

277 3714 622 3769 tractandos
667 3709 932 3763 animum
988 3708 1391 3778 adjunxissem
1448 3725 1642 3763 meum
1674 3726 1687 3763 :
1722 3709 1936 3781 dignus

280 3802 427 3857 mihi
464 3802 525 3855 in
548 3798 756 3871 primis
781 3796 1180 3852 Tertullianus
1203 3797 1705 3867 videbatur,cuius
1719 3798 1938 3869 scripta

281 3895 562 3947 accurata
598 3887 846 3942 lectione
877 3885 1547 3959 persequerer.Namque
1579 3886 1780 3942 dubito
1802 3888 1936 3954 fere,

282 3999 354 4035 an
390 3979 526 4050 quis
556 3979 613 4032 in
648 3976 998 4048 antiquitate
1031 3975 1303 4030 universa
1353 3976 1428 4030 sit
1472 3992 1695 4039 eorum,
1745 3993 1774 4030 e
1806 3976 1938 4047 qui-

282 4071 397 4125 bus
453 4067 728 4123 doctrina
777 4081 1086 4136 moresque
1152 4068 1414 4119 veterum
1474 4064 1941 4120 Christianorum

284 4163 539 4229 possunt
564 4154 943 4226 intelligi,qui
967 4170 1099 4209 cum
1125 4154 1379 4209 maxime
1400 4154 1635 4225 ingenio
1660 4158 1941 4226 majorem

290 4244 665 4317 conjunxerit
737 4260 934 4298 rerum
1022 4243 1354 4298 divinarum
1433 4243 1946 4317 humanarumque

288 4334 1045 4403 seientiam,majoremque
1078 4332 1135 4385 in
1170 4334 1618 4388 commentando
1651 4334 1943 4389 subtilita-

290 4435 405 4481 tem
439 4426 539 4497 (4).
574 4425 683 4479 Sed
718 4426 845 4493 ejus
877 4423 1115 4494 quidem
1149 4425 1454 4495 scriptoris
1498 4442 1671 4479 usum
1704 4425 1763 4479 in
1794 4431 1947 4481 vete-

299 4532 427 4570 rum
446 4513 923 4569 Cbristianorum
945 4513 1231 4566 institutis
1250 4514 1669 4585 cognoscendis
1698 4515 1950 4569 maxime

2036 1932 2118 1986 sis
2150 1929 2529 2002 quibusdam,
2563 1946 2688 2001 quae
2721 1930 2991 1985 universe
3037 1930 3283 1985 dicenda
3341 1937 3500 1997 sunt,
3556 1934 3680 2002 pri-

2038 2037 2184 2074 mum
2216 2022 2684 2075 commentemur
2716 2019 2785 2074 de
2817 2018 2982 2073 libris
3014 2017 3108 2086 iis,
3163 2035 3415 2090 quorum
3458 2024 3513 2074 et
3542 2024 3681 2075 setas

2036 2113 2267 2164 constat
2338 2112 2394 2163 et
2458 2108 2758 2178 scriptoris
2809 2107 3096 2172 doctrina,
3171 2107 3377 2165 deinde
3450 2108 3510 2163 in
3585 2126 3684 2165 eos

2036 2197 2429 2269 inquiramus,
2461 2196 2559 2267 qui
2592 2196 2827 2267 quidem
2860 2212 2976 2250 non
3009 2196 3229 2251 habent
3279 2202 3466 2252 certas
3494 2199 3684 2253 aetatis

2037 2291 2228 2355 notas,
2263 2287 2363 2341 sed
2406 2284 2778 2339 Montanismi
2838 2289 3031 2339 tamen
3089 2285 3353 2340 convinci
3414 2292 3685 2357 possunt,

2036 2376 2122 2431 vel
2155 2376 2228 2430 ab
2259 2374 2371 2430 ista
2398 2374 2729 2445 suspicione
2762 2372 2995 2427 liberari
3025 2390 3038 2441 ;
3071 2373 3302 2444 denique
3356 2390 3479 2439 eos,
3538 2391 3683 2445 quo-

2039 2483 2169 2520 rum
2250 2468 2389 2519 tetas
2481 2480 2595 2518 non
2692 2464 2975 2533 majorem
3067 2462 3243 2517 habet
3335 2462 3684 2531 claritatem,

2038 2571 2211 2625 quam
2270 2550 2499 2607 indoles
2556 2552 2858 2622 doctrinae,
2922 2552 3169 2607 candide
3256 2552 3685 2625 diligenterque

2038 2645 2428 2701 excutiamus.
3730 2629 3736 2636 ’

2040 2788 2151 2861 §2,
2185 2818 2254 2829 —-
2293 2788 2630 2855 Quaestione:
2677 2785 2930 2855 quaedam
2981 2786 3239 2841 universe
3282 2794 3686 2858 proponuntur.

2110 2913 2237 2968 Haec
2265 2927 2398 2967 vero
2430 2910 2751 2981 disputatio
2784 2910 3053 2965 universa
3086 2915 3147 2965 ut
3170 2915 3493 2981 occupatur
3540 2912 3691 2965 dua-

2041 3001 2153 3057 bus
2186 3002 2553 3067 rebus,aetate
2584 2999 2866 3053 librorum
2898 3015 2963 3054 ac
2995 2998 3385 3054 Montanismo
3419 3017 3431 3054 :
3467 2999 3552 3054 sic
3577 3000 3689 3054 du-

2042 3091 2249 3164 plicem
2282 3090 2456 3145 habet
2487 3088 2899 3143 difﬁcultatem
2933 3105 3045 3143 non
3076 3104 3335 3160 parvam,
3360 3093 3685 3160 propterea,

2043 3182 2196 3254 quod
2231 3196 2335 3235 nec
2367 3179 2555 3233 ubivis
2580 3178 2859 3233 doctrinae
2894 3179 3103 3232 modus
3122 3182 3280 3233 certa
3310 3178 3567 3249 quadam
3594 3178 3689 3233 via

2043 3288 2108 3326 ac
2157 3270 2380 3324 ratione
2424 3268 2526 3322 98
2578 3266 2819 3338 reperiri
2862 3271 3073 3338 potest,
3128 3282 3233 3321 nee
3279 3272 3418 3321 sunt
3473 3266 3692 3338 ubique

2045 3359 2234 3414 zetatis
2266 3358 2547 3413 librorum
2579 3356 2908 3411 certissima
2944 3355 3178 3411 indicia.
3226 3360 3373 3410 Nam
3404 3355 3453 3410 si
3488 3355 3691 3426 dispu-

2042 3454 2203 3504 tatur
2233 3448 2303 3501 de
2334 3463 2420 3512 eo,
2455 3450 2654 3500 utrum
2688 3444 2764 3499 sit
2797 3443 3013 3513 aliquis
3074 3443 3425 3498 Tertulliani
3458 3444 3694 3499 libellus

2046 3542 2179 3592 ante
2210 3535 2486 3606 scriptus,
2521 3550 2699 3605 quam
2732 3532 3009 3588 defecerit
3066 3534 3136 3587 ad
3198 3533 3693 3589 Montanistarum

2046 3624 2354 3689 familiam,
2376 3640 2448 3677 an
2482 3627 2684 3693 postea
2717 3638 2730 3676 :
2765 3638 2959 3678 eares
2990 3623 3220 3676 duobus
3253 3622 3444 3677 modis
3477 3621 3697 3677 intelli-

2045 3717 2197 3785 gitur
2230 3731 2242 3769 :
2276 3712 2363 3768 vel
2396 3729 2463 3767 ex
2492 3711 2622 3783 ipsa
2652 3710 2785 3766 libri
2831 3716 3021 3778 aetate,
3052 3710 3137 3765 vel
3171 3728 3239 3766 ex
3299 3712 3391 3777 iis,
3449 3729 3575 3783 quae
3638 3712 3695 3766 in

2048 3803 2254 3877 quovis
2287 3802 2432 3856 libro
2463 3801 3351 3864 continentur,Montanistarum
3393 3801 3695 3856 doctrinis.

2045 3894 2154 3949 Sed
2186 3894 2300 3947 ista
2332 3891 2600 3963 superior
2630 3890 2775 3944 ratio
2804 3889 3093 3960 triplicem
3146 3888 3321 3945 habet
3376 3890 3696 3945 dubitatio-

2050 3981 2355 4039 nem.Nam
2387 3980 2597 4035 horum
2630 3978 2914 4033 librorum
2939 3977 3035 4032 alii
3072 3982 3193 4032 tam
3226 3995 3341 4033 non
3374 3980 3697 4033 ostendunt

2053 4073 2319 4145 quaedam
2353 4070 2530 4140 hujus
2564 4069 2644 4123 rei
2674 4067 2936 4140 vestigia,
2971 4071 3036 4122 ut
3065 4073 3204 4121 aetas
3264 4083 3464 4122 eorum
3525 4067 3700 4138 plane

2054 4164 2130 4217 sit
2161 4159 2525 4231 desperanda
2563 4183 2576 4223 ;
2607 4157 2707 4213 alii
2740 4156 2821 4211 nil
2864 4156 3035 4211 nobis
3076 4156 3431 4227 relinquant,
3465 4156 3608 4211 nisit
3640 4161 3705 4211 ut

2057 4251 2486 4305 descendemus
2505 4248 2575 4303 ad
2610 4248 2892 4302 rationem
2917 4244 3368 4315 conjecturalem
3404 4262 3416 4312 ;
3453 4245 3705 4316 denique

2058 4340 2152 4394 alii
2198 4341 2339 4393 dant
2398 4338 2639 4409 quidem
2691 4335 3089 4407 suspicionem
3144 4339 3363 4388 certam
3412 4335 3540 4404 ejus
3571 4333 3707 4389 libri

2060 4432 2289 4484 etatem
2320 4425 2707 4497 intelligendi,
2739 4425 2838 4479 sed
2872 4424 2981 4479 hoc
3013 4422 3293 4477 nimirum
3335 4428 3423 4478 est
3456 4424 3708 4479 dubium

2063 4524 2261 4573 utrum
2291 4515 2406 4571 ista
2434 4513 2928 4586 tempestatejam
2963 4511 3364 4567 Tertullianus
3414 4512 3612 4567 fecerit
3640 4513 3712 4567 ab

298 4605 548 4677 impedit
576 4602 891 4667 dubitatio,
926 4602 1079 4656 sitne
1112 4602 1246 4673 quis
1278 4604 1405 4672 ejus
1452 4602 1600 4659 liber
1654 4610 1775 4659 tum
1811 4606 1949 4659 scri-
1988 4622 2031 4685 ι)
2065 4606 2322 4662 Ecclesia
2349 4604 2761 4670 secessionem,
2795 4608 2897 4656 aut
2927 4602 3317 4668 eodem,unde
3343 4602 3715 4669 discesserat,

301 4700 455 4764 ptus,
491 4710 624 4746 cum
671 4692 729 4745 in
778 4692 1268 4746 Montanistarum
1319 4697 1515 4762 partes
1563 4694 1952 4762 discessisset,

304 4783 391 4837 vel
421 4789 556 4837 ante
587 4781 739 4836 hanc
770 4781 1152 4835 defectionem
1186 4798 1219 4834 a
1248 4781 1470 4851 puriori
1502 4782 1798 4837 Ecclesia?
1828 4800 1956 4856 quae

310 4872 541 4942 quidem
604 4872 850 4942 quaestio
909 4870 1286 4925 vehementer
1334 4872 1594 4926 exercuit
1651 4873 1958 4929 doctorum

312 4959 612 5015 hominum
642 4959 905 5032 ingenia,
941 4958 1238 5030 movitque
1270 4976 1367 5014 eos
1410 4961 1481 5013 ad
1515 4960 1960 5033 intelligendam

316 5049 594 5103 libroruin
627 5050 755 5119 ejus
786 5053 1040 5116 aetatem,
1075 5053 1138 5101 ut
1166 5048 1520 5105 haberemus
1552 5055 1770 5105 certam
1806 5051 1960 5107 viam

308 5154 339 5191 e
367 5138 729 5194 Tertulliano
760 5137 1152 5208 intelligendi,
1186 5137 1324 5207 quid
1372 5143 1595 5193 veteres
1646 5139 1965 5196 Christiani

315 5227 627 5295 senserint,
660 5227 874 5299 quidve
905 5225 1149 5281 minus?
1180 5227 1291 5281 Sed
1330 5226 1647 5283 dolendum
1676 5234 1767 5285 est
1799 5248 1962 5303 sane,

390 5424 464 5495 (4)
494 5424 572 5499 Ne
603 5426 746 5499 quid
780 5427 926 5499 forte
955 5423 1260 5499 videamur
1289 5426 1522 5499 dedisse
1553 5428 1806 5499 partium
1843 5432 1970 5483 stu-

314 5496 435 5558 dio,
466 5496 640 5553 unius
670 5498 763 5572 Jo.
799 5496 992 5572 Dallazi
1021 5496 1427 5572 testimonium
1472 5496 1970 5572 adjicimus,quod

318 5575 552 5644 propter
582 5570 828 5644 nimiam
864 5568 1180 5644 hujus_v_iri
1215 5570 1273 5623 in
1305 5568 1571 5626 doctores
1621 5568 1974 5644 antiquioris

322 5638 585 5717 Ecclesiae
616 5638 1149 5717 acerbitatem,‘_hic
1182 5657 1298 5696 non
1344 5648 1535 5713 potest
1586 5660 1715 5699 esse
1761 5638 1974 5717 suspe-

328 5716 505 5767 ctum.
551 5713 605 5770 Is
649 5730 786 5771 vero
834 5710 1267 5768 Tertullianum
1320 5710 1487 5770 vocat
1527 5710 1977 5789 scriptorum-ad

648 5844 916 5904 PATROL.
968 5842 1019 5901 Ι.

2069 4694 2323 4751 redierit.
2375 4694 2589 4749 Contra
2647 4691 2830 4747 altera
2886 4694 3117 4745 aetatem
3175 4690 3491 4745 deﬁniendi
3548 4691 3720 4761 ratio,

2070 4790 2349 4858 praeterea
2378 4783 2529 4854 quod
2562 4799 2675 4837 non
2709 4780 2962 4836 occurrit
2991 4779 3205 4845 ubivis,
3258 4780 3599 4835 dubitantes
3632 4797 3720 4836 re-

2070 4876 2283 4947 linquit
2310 4875 2578 4942 lectores,
2612 4873 2905 4942 sitnejam
2941 4872 3091 4925 facta
3121 4870 3462 4926 Tertulliani
3495 4871 3723 4941 disjun-

2072 4968 2187 5023 ctio
2220 4966 2320 5031 ita,
2356 4970 2418 5019 ut
2450 4981 2511 5019 se
2567 4962 2846 5034 receperit
2879 4962 2949 5016 ad
3010 4960 3384 5031 disciplinam
3443 4961 3722 5028 Montani,

2075 5076 2146 5113 an
2180 5061 2400 5125 minus,
2434 5056 2532 5110 sed
2565 5054 2622 5109 in
2647 5071 2763 5109 uno
2793 5052 3044 5108 alterove
3076 5069 3208 5107 cum
3240 5068 3307 5107 ea
3334 5052 3727 5107 communiter

2077 5146 2373 5215 erraverit,
2407 5162 2511 5200 nec
2542 5148 2738 5199 tamen
2765 5144 2891 5213 jam
2940 5149 3066 5196 tum
3119 5141 3345 5197 miserit
3393 5142 3726 5197 orthodoxae

2077 5236 2346 5293 Ecclesiae
2391 5234 2715 5291 nuntium?
2746 5232 3072 5302 Enimvero,
3123 5231 3275 5286 sicut
3327 5232 3386 5286 in
3436 5232 3732 5303 ejusmodi

2082 5434 2414 5487 miraculum
2445 5430 2741 5496 eruditum,
2775 5437 3021 5494 acutum,
3062 5428 3387 5497 diligentem
3433 5432 3729 5500 copiosum,

2081 5514 2265 5559 testem
2295 5503 2530 5574 denique
2555 5520 2741 5557 rerum
2767 5505 2857 5556 sui
2885 5504 2997 5557 azvi
3028 5503 3533 5557 Ecclesiastz‘camm
3556 5504 3731 5574 jecu-

2078 5571 2571 5720 Eéeéisicilmzémgé)?
2588 5577 2825 5630 cultibus
2856 5575 3144 5645 religionis
3176 5575 3521 5641 Latinorum,
3554 5571 3654 5623 lib.
3684 5586 3724 5635 ι,

2200 5690 2210 5702 .
2315 5691 2329 5717 ,
2406 5688 2418 5703 .
2450 5682 2481 5702 υ
2528 5692 2537 5703 .

2086 5666 2210 5721 cap.
2242 5664 2329 5717 11,
2364 5664 2418 5720 p.
2450 5664 2537 5703 eu.
