4148 6188
460 351 580 414 139

1539 336 2061 399 DISSERTATIO
2107 335 2210 395 DE
2254 336 2466 396 VERA
2508 338 2796 399 ETATE

3763 346 3881 406 MO

456 484 607 551 loco,
638 480 740 537 ubi
770 478 855 535 vel
888 476 1052 532 nulla
1081 478 1170 531 est
1197 474 1284 530 vel
1317 473 1497 529 dubia
1528 473 1654 543 ejus
1684 471 1869 527 aetatis
1901 469 2104 543 suspi-
2136 470 2191 537 Α
2222 469 2422 543 quisse
2455 470 2811 545 palaestram,
2846 472 2905 527 in
2938 489 3055 545 qua
3081 473 3317 531 videbat
3344 492 3582 549 operam
3614 494 3676 534 se
3707 494 3880 550 posse

460 574 570 643 cio,
630 570 797 638 alias,
854 567 1112 623 indicata
1168 564 1391 621 ratione
1449 561 1783 629 dubitandi,
1841 565 2106 619 veterum

457 663 603 719 illud
639 677 650 716 :
686 662 809 715 Non
833 659 1027 729 liquet,
1061 656 1537 727 interponemus,
1568 653 1713 708 alias
1744 653 2111 722 conjectura-

460 769 591 809 rum
625 753 961 806 nostrarum
990 745 1279 802 rationem
1325 745 1641 800 reddemus
1695 740 2056 814 probabilem
2095 757 2111 795 :

462 843 566 911 sic,
599 846 662 895 ut
692 841 761 894 de
792 838 936 893 locis
968 836 1209 906 reliquis
1243 833 1493 906 singulis
1526 834 1815 889 universae
1846 831 2111 887 dicamus

464 933 579 988 tria
610 929 971 999 attingemus
1003 922 1367 980 brevissime.
1402 926 1652 979 Primum
1676 920 2112 994 disputabimus

464 1022 533 1076 de
564 1035 738 1084 anno,
775 1032 888 1088 quo
942 1013 1015 1069 ad
1064 1012 1447 1070 Montanistas
1499 1011 1901 1069 Tertullianus
1952 1012 2109 1067 defe-

460 1110 603 1166 cerit
632 1109 763 1177 (erit
806 1106 962 1161 enim
1014 1105 1145 1171 hoc,
1207 1105 1361 1159 unde
1411 1104 1689 1160 constitui
1735 1104 1922 1175 possit
1969 1108 2111 1159 mtas

458 1216 659 1255 eorum
693 1198 1001 1265 librorum,
1055 1210 1308 1266 quorum
1365 1210 1481 1248 non
1533 1193 1799 1249 doctrina
1850 1193 2107 1265 quidem,

455 1287 557 1342 sed
590 1293 726 1340 aetas
760 1282 973 1355 patet);
1009 1281 1207 1337 deinde
1247 1281 1600 1351 videbimus,
1635 1286 1833 1336 utrum
1892 1280 2113 1337 Tertul-

453 1374 646 1429 lianus
680 1388 983 1443 nunquam
1016 1371 1086 1426 ad
1121 1371 1415 1426 saniorem
1453 1376 1709 1427 mentem
1742 1371 2108 1440 redierit,scd

455 1462 741 1519 manserit
798 1459 1063 1532 partibus
1123 1459 1377 1515 Montani
1451 1465 1731 1532 perpetuo
1788 1460 2106 1517 addictus:

452 1556 721 1626 postremo
756 1549 1191 1606 admonitiones
1224 1550 1513 1620 quasdam
1558 1550 1867 1605 universas
1899 1568 2107 1623 propo-

456 1658 686 1709 nemus,
722 1658 751 1695 e
783 1640 1001 1711 quibus
1031 1637 1161 1710 quis
1195 1638 1521 1711 intelligere
1554 1639 1759 1711 possit,
1788 1656 1861 1695 an
1913 1640 2032 1695 sint
2078 1658 2109 1695 e

457 1730 802 1787 Tertulliani
853 1727 1023 1783 libris
1075 1726 1303 1784 nonulli
1356 1728 1715 1785 Tertulliano
1781 1729 2105 1786 orthodoxo

2226 560 2503 617 omnibus
2528 562 2657 633 ejus
2689 562 2920 634 generis
2954 562 3471 622 exercitationibus
3503 567 3668 623 dare.
3707 572 3881 624 Acce-

2224 650 2311 705 dit
2341 650 2412 706 ad
2445 651 2553 707 hoc
2586 669 2702 707 non
2752 654 3019 709 omnium
3071 655 3268 722 modo,
3301 655 3401 727 qui
3460 656 3530 711 de
3588 657 3763 713 rebus
3806 659 3878 715 ad

2224 756 2359 795 eum
2393 742 2827 813 pertinentibus
2859 744 3236 801 commentati
3269 749 3431 814 sunt,
3469 746 3770 803 silentium
3804 750 3876 806 de

2225 846 2310 899 eo,
2346 833 2502 903 quod
2535 834 2604 889 ad
2644 833 2979 907 religionem
3013 835 3321 908 pristinam
3355 836 3874 910 redierit,sedipsa

2222 920 2401 977 etiam
2433 924 2749 995 Augustini
2785 925 3069 995 professio
3116 927 3213 998 (De
3263 928 3586 995 haresibus,
3621 944 3748 999 cap.
3781 929 3873 997 86)

2224 1014 2606 1086 omniumque
2654 1031 3001 1082 consensus,
3053 1015 3155 1087 qui
3204 1016 3335 1084 ejus
3374 1016 3781 1072 auctoritatem
3811 1017 3872 1072 in

2223 1102 2506 1158 doctrinis
2538 1104 2857 1175 probandis
2889 1105 3198 1161 admittere
3230 1107 3563 1176 noluerunt,
3596 1108 3870 1178 quoniam

2223 1191 2293 1246 ad
2354 1208 2624 1263 perverse
2682 1193 3055 1249 sentientium
3113 1199 3309 1267 partes
3395 1213 3458 1251 se
3499 1196 3870 1255 contulisset.

2222 1280 2422 1351 Neque
2453 1298 2585 1338 cum
2622 1284 2911 1339 sententia
2943 1288 3142 1339 nostra
3175 1290 3439 1357 pugnant
3467 1285 3601 1340 libri
3655 1286 3693 1341 ii
3727 1303 3875 1358 quos

2222 1384 2356 1424 eum
2391 1370 2599 1426 ultimo
2636 1373 2750 1427 fere
2782 1373 2906 1429 loco
2937 1374 3247 1445 scripsisse
3310 1376 3719 1442 ostendemus,
3775 1377 3877 1447 qui

2220 1475 2368 1528 pene
2399 1476 2599 1514 omnes
2623 1459 2854 1531 aliquas
2873 1461 3091 1517 habent
3111 1463 3373 1518 maculas
3407 1479 3670 1518 errorum
3706 1464 3877 1519 Mon-

2218 1546 2627 1604 tanisticorum
2665 1551 3055 1621 aspersas.Sit
3089 1552 3265 1624 igitur
3294 1553 3416 1607 haec
3448 1569 3515 1607 ea
3546 1553 3603 1607 in
3640 1570 3698 1608 re
3731 1570 3877 1625 prs:—

2219 1637 2431 1707 ceptio,
2485 1642 2547 1692 ut
2591 1655 2795 1693 omnes
2843 1638 2939 1693 isti
2987 1639 3122 1694 libri
3173 1640 3580 1696 existimentur
3626 1642 3698 1696 ab
3748 1642 3876 1713 ipso

2219 1729 2350 1795 post
2378 1727 2799 1783 discessionem
2851 1745 3019 1783 suam
3070 1729 3370 1795 elaborati,
3425 1748 3571 1801 quos
3620 1735 3864 1803 apparet

457 1820 716 1893 quidem,
752 1819 853 1875 sed
886 1819 958 1873 ad
990 1817 1452 1874 Montanismum
1503 1818 1831 1886 inclinanti,
1878 1823 1979 1874 aut
2010 1818 2107 1874 isti
2137 1841 2184 1907 Β
2218 1820 2350 1887 post
2382 1816 2529 1873 alios
2564 1817 2744 1873 fuisse
2770 1820 3152 1891 compositos,
3187 1822 3287 1892 qui
3317 1821 3567 1877 istorum
3602 1837 3867 1877 errorum

456 1925 683 1976 omnes,
716 1908 818 1981 qui
843 1924 1045 1964 eorum
1070 1923 1336 1962 errorum
1369 1907 1512 1962 dant
1543 1907 2103 1979 suspicionem,Ter-

454 1998 703 2055 tulliano
728 1998 853 2069 jam
884 1996 1057 2068 plane
1087 1994 1340 2052 alienato
1371 1996 1773 2067 adjudicandi.

455 2132 565 2205 §3ﬁ.
598 2162 667 2173 —-
701 2132 954 2205 Quonam
1003 2145 1165 2205 anno
1203 2129 1577 2205 Tertullianus
1625 2130 1695 2205 _ad
1740 2133 2104 2205 Montanistus

523 2204 783 2273 defecerit
810 2205 831 2257 Ρ
862 2203 1073 2271 Utrum,
1105 2202 1191 2257 his
1220 2201 1449 2267 relictis,
1499 2217 1558 2257 se
1603 2201 1779 2257 denuo
1823 2203 1892 2258 ad
1921 2204 2103 2259 ortho-

525 2279 694 2333 doxos
727 2274 1006 2346 receperit.

526 2396 791 2459 Quonam
836 2406 970 2447 vero
1020 2406 1173 2445 anno
1233 2389 1549 2461 contigisse
1608 2390 1877 2445 dicamus
1924 2390 2099 2446 istam

453 2480 797 2538 Tertulliani
838 2478 1267 2535 defectionem?
1322 2479 1438 2533 Hoc
1487 2480 1727 2549 quidem
1781 2496 1885 2534 nec
1918 2485 2107 2551 potest

456 2587 526 2625 ex
559 2570 747 2639 ipsius
780 2584 885 2623 nec
928 2585 996 2623 ex
1024 2566 1175 2623 alius
1229 2567 1538 2638 cujusdam
1589 2566 1891 2638 scriptoris
1938 2568 2103 2623 testi-

2218 1911 2470 1977 possunt
2498 1905 2654 1961 haud
2688 1906 2862 1963 dubie
2893 1908 3180 1964 convinci.

2213 2040 2429 2107 §/1.-—-
2477 2040 2752 2108 Quomodo
2798 2041 3169 2097 Tertullianus
3217 2044 3600 2098 Montamzans
3645 2059 3679 2098 a
3728 2044 3871 2099 Mon-

2284 2112 2800 2186 tanistasdiscemi
2824 2115 3039 2186 possit?
3067 2117 3131 2168 Et
3161 2114 3325 2186 hujus
3356 2115 3703 2171 discriminis
3737 2117 3861 2171 vin-

2284 2183 2443 2239 dicia:
2474 2184 2735 2239 adversus
2764 2183 3192 2257 lle/fmannum.

2286 2303 2364 2353 At
2395 2304 2535 2354 sunt
2583 2299 2861 2371 permulti
2912 2316 2943 2355 e
2990 2300 3334 2357 Tertulliani
3372 2300 3560 2369 libris,
3619 2279 3866 2372 quorum

2214 2392 2356 2443 aetas
2388 2404 2522 2442 cum
2553 2389 2921 2443 curiosorum
2957 2406 3204 2445 acumen
3255 2390 3665 2461 subterfugiat,
3699 2390 3867 2445 nulla

2215 2476 2458 2545 habent,
2501 2477 2614 2532 nisi
2664 2479 2932 2549 quadam
2990 2495 3255 2534 errorum
3318 2479 3871 2535 Montanisticorum

2214 2566 2461 2636 vestigia
2493 2566 2602 2620 sibi
2628 2566 2939 2638 impressa,
2973 2584 3003 2623 e
3035 2567 3251 2638 quibus
3294 2568 3387 2622 vix
3437 2575 3630 2623 tamen
3681 2574 3874 2640 potest

458 2658 653 2714 monio
696 2656 959 2729 percipi;
992 2672 1181 2727 neque
1227 2656 1615 2725 Hieronymus
1662 2673 1728 2712 eo
1778 2657 1933 2727 quod
1967 2656 2107 2711 dicit
2206 2655 2485 2724 judicari,
2519 2672 2804 2726 quosnam
2837 2654 3017 2711 libros
3048 2662 3204 2721 ante,
3236 2673 3525 2728 quosnam
3564 2658 3874 2729 postdefe-

459 2748 541 2820 (in
578 2748 728 2802 libro
759 2746 825 2801 de
858 2747 999 2802 Viris
1030 2746 1366 2812 illustribus,
1428 2762 1555 2817 cap.
1590 2746 1683 2811 53,
1713 2745 1773 2800 in
1829 2745 1917 2801 Jo.
1975 2745 2103 2800 Alb.

459 2836 707 2893 Fabricii
738 2833 1075 2890 Bibliotheca
1104 2835 1486 2903 ecclesiastica,
1519 2851 1577 2905 p.
1625 2834 1769 2905 125).
1826 2835 2108 2889 Tertullia-

456 2943 591 2981 num
620 2942 789 2997 usque
816 2925 887 2981 ad
918 2924 1156 2980 medium
1184 2928 1425 2995 aetatem,
1452 2924 1705 2979 Ecclesiae
1730 2924 2108 2995 presbyterum

452 3016 1003 3086 mansisse,justam
1061 3014 1161 3069 dat
1187 3016 1341 3068 viam
1401 3013 1529 3083 ejus
1588 3012 1669 3068 rei
1725 3012 2105 3081 inveniendis,

457 3105 1003 3177 quoniam,quando
1023 3108 1196 3158 natus
1221 3108 1557 3158 mortuusve
1580 3102 1656 3157 sit
1686 3100 2104 3169 Tertullianus,

2215 2744 2467 2799 ctionem
2502 2760 2670 2799 suam
2703 2745 2775 2799 ad
2807 2745 3195 2801 Montanistas
3228 2746 3662 2816 conscripserit.
3698 2747 3867 2802 Unde

2216 2831 2436 2888 factum
2468 2838 2575 2901 est,
2611 2838 2692 2900 ut,
2729 2834 2831 2905 qui
2862 2834 2973 2889 ista
3004 2834 3314 2890 substilius
3336 2835 3871 2905 quaerunt,Tertul-

2216 2921 2441 2977 lianum
2475 2922 2858 2977 Montanistam
2890 2940 2922 2978 a
2942 2924 3355 2979 Montanizanle
3381 2922 3872 2995 distinguendum

2218 3027 2346 3066 esse
2396 3012 2551 3066 haud
2599 3012 2794 3083 inepte
2832 3011 3110 3067 dicerent.
3166 3012 3277 3067 Sed
3325 3011 3490 3067 aliter
3538 3012 3727 3066 visum
3779 3017 3874 3069 est

2216 3100 2305 3156 Jo.
2338 3100 2491 3156 Guil.
2531 3101 2895 3169 Hotl'rr.anno,
2932 3100 3275 3157 doctissimo
3307 3100 3446 3155 olim
3474 3100 3532 3155 in
3562 3101 3814 3156 Academ
3838 3117 3875 3157 ι

459 3210 708 3264 quamve
740 3198 969 3247 aetatem
1001 3191 1277 3262 attigerit,
1312 3207 1427 3245 non
1488 3190 1629 3244 satis
1684 3195 1932 3245 constat.
1995 3191 2105 3245 Sed
2138 3208 2181 3274 ο
2220 3189 2623 3259 Vitebergensi
2683 3188 2949 3244 Historiae
3008 3189 3250 3256 doctori,
3315 3189 3437 3260 qui,
3499 3205 3631 3244 eum
3693 3190 3751 3243 in
3805 3206 3879 3246 ea.

456 3290 541 3337 est
573 3282 766 3351 aliqua
794 3280 976 3351 hujus
1008 3280 1089 3335 rei
1122 3278 1475 3349 reperiendae
1507 3279 1654 3333 ratio
1687 3279 1799 3333 sita
1848 3279 1905 3332 in
1940 3277 2107 3333 libris

460 3370 554 3438 iis,
587 3386 863 3441 quorum,
897 3367 997 3439 qui
1021 3384 1083 3422 se
1113 3366 1411 3437 excipiunt
1436 3367 1719 3437 temporis
1751 3367 1977 3434 ordine,
2009 3366 2108 3422 alii

467 3458 631 3514 nulla
657 3458 875 3513 habent
904 3455 1283 3511 Montanismi
1314 3454 1686 3526 vestigia,alii
1711 3454 1863 3510 haud
1898 3473 2107 3527 pauca.

464 3547 643 3619 Atqui
676 3564 780 3601 nos
811 3545 1190 3602 ostendemus
1222 3560 1328 3598 suo
1359 3544 1504 3599 loco.
1531 3543 1724 3598 nullos
1756 3560 1883 3599 esse
1905 3562 2106 3601 eorum

464 3638 561 3708 qui
595 3637 811 3691 librum
843 3636 907 3691 de
936 3634 1143 3690 Corona
1170 3633 1393 3688 millitis
1424 3633 1948 3701 antecesserunt,in
1978 3636 2109 3705 qui-

464 3728 576 3782 bus
609 3727 719 3781 iste
748 3725 812 3779 de
841 3726 1055 3781 Animae
1084 3722 1410 3779 Testimonio
1444 3721 1687 3777 ultimus
1719 3729 1864 3791 est,e
1895 3724 2109 3794 quibus

471 3816 739 3887 quaedam
762 3812 1135 3869 Montanismi
1165 3811 1514 3884 signiﬁcatio
1567 3811 1814 3880 eluceat,
1864 3814 1964 3867 99
2010 3814 2111 3869 sed

469 3906 597 3974 ejus
629 3904 709 3959 rei
744 3904 936 3976 prima
965 3919 1092 3958 esse
1131 3901 1378 3972 vestigia
1426 3902 1484 3955 in
1537 3900 1733 3956 libello
1778 3903 1851 3956 De
1900 3902 2113 3959 Corona

467 3995 683 4050 militis.
720 3994 896 4048 Porro
928 3991 1168 4064 planum
1200 3990 1678 4056 faciemus,'hunc
1706 3992 1770 4045 A.
1805 3990 1916 4045 CCI
1949 4009 2112 4047 man-

469 4084 671 4140 datum
719 4082 899 4137 fuisse
954 4080 1187 4146 litteris,
1239 4096 1373 4134 cum
1436 4078 1583 4134 liber
1648 4079 1717 4134 de
1788 4081 2112 4137 Testimonio

467 4176 679 4231 anima?
709 4172 786 4228 sit
816 4172 931 4227 fere
951 4187 1157 4226 versus
1188 4168 1361 4224 finem
1393 4171 1458 4223 A.
1484 4168 1689 4222 CXCIX
1724 4171 2110 4239 compositus;

468 4265 625 4319 unde
664 4262 821 4317 haud
882 4258 1119 4316 difficile
1164 4257 1275 4314 erit
1320 4256 1638 4326 intellectu,
1686 4257 2110 4315 Tertullianum

469 4368 623 4408 anno
657 4352 773 4406 fere
802 4356 864 4405 P.
899 4352 957 4405 C.
991 4350 1059 4404 N.
1094 4348 1195 4403 CC.
1231 4364 1291 4403 se
1322 4347 1812 4402 Montanistarum
1847 4348 2112 4418 partibus

467 4441 826 4510 adjunxisse.
858 4440 929 4494 At
958 4436 1168 4509 majori
1200 4452 1339 4492 sane
1371 4434 1699 4490 difﬁcultati
1745 4436 1995 4491 obnoxia
2026 4441 2115 4493 est

468 4529 650 4583 altera
680 4528 923 4599 quaestio
958 4545 973 4582 :
1006 4532 1226 4595 utrum,
1258 4523 1548 4595 susceptis
1582 4523 1762 4578 semel
1797 4525 2112 4581 Montanis-

2222 3282 2376 3332 esset
2407 3276 2718 3341 sententia,
2754 3282 2817 3331 ut
2848 3279 3108 3334 crederet
3139 3278 3339 3333 omnia
3367 3277 3880 3349 Tertulliani,que

2220 3371 2561 3437 supersunt,
2597 3367 2655 3419 in
2686 3365 3077 3421 Montanismo
3120 3368 3338 3438 scripta
3388 3367 3589 3434 fuisse,
3622 3366 3728 3422 hoc
3759 3367 3878 3422 sibi

2220 3453 2748 3509 demonstrandum
2782 3453 3195 3509 dissertatione
3224 3454 3510 3526 singulari
3536 3460 3880 3524 sumpserat

2219 3544 2588 3613 (Vitebergae,
2624 3544 2804 3613 1739).
2839 3544 2893 3596 Is
2923 3542 3159 3612 quidem
3192 3542 3432 3613 pulchre
3480 3543 3870 3615 perspiciens,

2221 3632 2271 3688 ei
2321 3632 2434 3686 ista
2480 3630 2779 3686 subtilitas
2828 3631 3255 3698 admitteretur,
3305 3631 3871 3688 demonstrationem

2221 3736 2388 3775 suam
2420 3718 2641 3790 aliquid
2696 3736 2824 3774 esse
2867 3719 3202 3774 detrimenti
3249 3726 3580 3791 capturam,
3634 3721 3873 3792 negavit

2222 3810 2329 3865 hoc
2364 3808 2594 3863 admitti
2632 3808 2948 3863 discrimen
3001 3826 3190 3879 posse.
3226 3832 3252 3858 ‹‹
3303 3811 3508 3865 Carere
3539 3809 3696 3865 enim
3730 3810 3863 3878 hoc,

2221 3898 2300 3954 ait
2329 3902 2375 3969 (ξ
2406 3899 2458 3966 4,
2495 3914 2547 3968 p.
2576 3898 2685 3966 l7),
2718 3897 2934 3952 finibus
2965 3898 3489 3963 certis,necminus
3517 3898 3869 3971 ambiguum

2220 4004 2348 4043 esse
2381 3986 2602 4041 vultum
2644 3986 3095 4041 Montanizantis
3144 3992 3201 4041 et
3245 3986 3631 4057 Montanistae,
3681 4004 3868 4058 quam

2220 4077 2368 4146 ejus,
2404 4074 2503 4146 qui
2536 4081 2815 4145 aegrotare
2863 4074 3087 4145 incipit,
3138 4080 3195 4129 et
3240 4076 3593 4145 aegrotantis.
3630 4099 3658 4125 ››
3702 4077 3869 4131 I00

2221 4165 2337 4235 Ego
2370 4180 2501 4219 vero
2532 4163 2901 4218 vehementer
2924 4163 3149 4233 dubito,
3183 4165 3357 4234 quod,
3386 4164 3527 4235 quid
3548 4163 3659 4218 sibi
3688 4164 3873 4220 velint

2222 4254 2321 4325 qui
2354 4254 2434 4307 ita
2464 4252 2805 4322 loquuntur,
2838 4252 3222 4307 Hoil‘mannus
3253 4252 3623 4318 intellexerit,
3655 4258 3755 4307 aut
3776 4254 3868 4308 in-

2220 4341 2481 4413 telligere
2510 4339 2773 4395 voluerit.
2809 4362 2835 4389 ‹‹
2867 4341 3064 4395 Libros
3114 4341 3269 4395 enim
3310 4342 3649 4397 Tertulliani
3702 4342 3871 4398 Mon-

2220 4429 2557 4499 tanizantis,
2590 4429 2791 4498 adjicit
2823 4430 2899 4499 (p.
2938 4430 3045 4494 18),
3080 4430 3223 4484 forte
3263 4446 3391 4486 esse
3421 4448 3520 4486 eos
3578 4431 3679 4503 qui
3732 4432 3868 4503 qui-

2221 4520 2351 4575 dem
2399 4518 2657 4573 Montani
2704 4518 3079 4589 dogmatibus
3128 4520 3326 4574 infecti
3372 4525 3531 4586 sunt,
3575 4521 3675 4575 sed
3711 4526 3873 4579 recte

465 4620 659 4671 tarum
685 4577 1009 4682 erroribus,
1035 4629 1339 4684 nunquam
1374 4612 1770 4667 Tertullianus
1802 4630 1863 4668 se
1890 4614 1959 4668 ad
1993 4615 2107 4684 pri-
2142 4577 2188 4640 D
2220 4610 2539 4664 sentientes
2583 4624 2697 4661 non
2748 4607 3085 4677 exagitans;
3139 4607 3505 4663 Montanistae
3555 4625 3709 4678 vero,
3759 4611 3865 4681 qui

468 4705 692 4761 stinum
724 4708 935 4758 coetum
969 4702 1247 4771 receperit
1276 4701 1303 4755 ?
1331 4702 1509 4773 Cujus
1550 4706 1744 4756 tamen
1772 4703 2107 4771 quaestionis

467 4793 825 4848 aflirmanda:
857 4790 1020 4846 nulla
1049 4795 1139 4845 est
1168 4790 1379 4845 idonea
1409 4787 1730 4844 ratio.Nam
1763 4806 1830 4844 ea
1858 4795 1981 4845 erat
2011 4792 2104 4847 isti

464 4882 689 4938 homini
721 4885 953 4937 austero
974 4885 1032 4936 et
1048 4897 1229 4952 supra
1251 4879 1489 4934 modum
1514 4878 1700 4950 rigido
1722 4878 1901 4935 insita
1924 4880 2106 4936 animi

454 4969 849 5040 imbecillitas,
912 4975 993 5039 ut,
1063 4986 1178 5040 quo
1264 4968 1491 5023 seviora
1548 4972 1764 5034 essent,
1854 4985 1980 5039 quae
2030 4970 2103 5025 ad

452 5060 633 5116 vitam
666 5074 977 5129 moresque
1018 5057 1393 5129 pertinerent,
1445 5071 1511 5111 eo
1562 5056 1749 5128 magis
1797 5056 1913 5112 ista
1966 5058 2101 5113 ada-

453 5154 662 5215 maret,
696 5149 1072 5218 crederetque
1106 5151 1265 5201 tanto
1325 5145 1514 5217 magis
1546 5147 1790 5216 probata
1837 5147 1955 5201 fore
1987 5146 2101 5202 Deo

454 5242 511 5293 et
548 5236 977 5293 consentientis
1023 5251 1157 5290 cum
1210 5234 1670 5289 Christianorum
1724 5234 2098 5305 perfectione.

451 5330 661 5399 Atque,
695 5332 759 5381 ut
788 5325 978 5381 solent
1007 5323 1048 5379 ii
1080 5324 1180 5395 qui
1214 5327 1340 5378 atra
1370 5322 1483 5377 bile
1516 5327 1815 5390 vexantur,
1843 5324 2097 5380 tenacio-

450 5433 544 5474 res
575 5432 705 5472 esse
752 5431 954 5472 eorum
1014 5413 1302 5477 omnium,
1362 5427 1487 5480 quae
1544 5411 1905 5468 nutrimento
1965 5422 2099 5468 sunt

444 5504 719 5572 tristitiae,
754 5519 1073 5573 eorumque
1104 5501 1410 5573 opiniones
1435 5516 1566 5554 cum
1623 5500 1794 5556 annis
1828 5518 1973 5557 nova
2002 5519 2095 5557 ca-

443 5611 581 5669 pere
614 5594 975 5650 incrementa
1004 5608 1017 5646 :
1052 5591 1134 5645 ita
1164 5594 1253 5645 est
1284 5604 1491 5661 parum
1525 5588 1827 5656 credibile,
1860 5589 2094 5646 Tertul-

441 5684 668 5744 lianum
701 5683 846 5741 istas
875 5680 1181 5755 opiniones
1212 5677 1579 5751 deposuisse,
1639 5678 1935 5749 istamque
1966 5680 2095 5735 reli-

2219 4697 2485 4752 hzeresim
2515 4712 2629 4750 non
2662 4694 2853 4750 solum
2876 4695 3200 4765 continent,
3217 4712 3422 4752 verum
3452 4698 3628 4753 etiam
3659 4704 3873 4756 contra

2216 4785 2545 4842 Catholicos
2589 4785 2930 4840 defendunt.
2968 4807 2995 4834 »
3028 4785 3139 4840 Sed
3190 4785 3359 4842 nobis
3408 4786 3600 4859 iisque
3649 4788 3749 4859 qui
3782 4789 3873 4844 ita

2216 4876 2567 4948 loquuntur,
2595 4875 2746 4945 quod
2780 4890 2884 4947 ego
2931 4874 3170 4946 quidem
3219 4874 3428 4947 sciam,
3483 4876 3781 4947 omnibus,
3815 4878 3873 4934 is

2214 4966 2430 5021 dicitur
2464 4964 2827 5035 μοντανίςειν,
2857 4964 2957 5035 qui
3010 4964 3248 5035 quidem
3280 4980 3503 5021 errores
3535 4981 3669 5021 eum
3699 4966 3871 5022 Mon-

2212 5054 2448 5111 tanistis
2475 5068 2820 5109 communes
2864 5052 2950 5109 vel
3001 5069 3204 5108 omnes
3254 5053 3429 5110 habet
3474 5054 3562 5110 vel
3608 5054 3866 5128 aliquos,

2212 5146 2313 5200 sed
2348 5146 2425 5198 ita
2453 5147 2670 5208 tamen,
2706 5148 2769 5197 ut
2801 5146 2998 5213 spreta
3027 5143 3366 5198 eorumdem
3399 5161 3700 5199 sacrorum
3723 5161 3868 5200 cum

2211 5250 2319 5289 sua
2348 5231 3050 5298 Ecclesiacommunione,
3072 5232 3331 5287 nondum
3362 5249 3424 5287 se
3451 5233 3766 5289 contulerit
3786 5234 3868 5289 ad

2208 5322 2473 5394 ejusdem
2507 5319 2808 5374 societatis
2839 5336 3026 5387 sacra,
3060 5336 3310 5391 quacum
3339 5321 3395 5375 in
3430 5322 3733 5378 nonnullis
3756 5322 3869 5377 do-

2206 5409 2410 5466 ctrinis
2442 5409 2749 5474 consentit,
2784 5423 2915 5461 cum
2965 5408 3323 5465 Montanista
3369 5411 3468 5479 sit,
3500 5412 3599 5483 qui
3635 5416 3874 5466 utrum—

2206 5516 2320 5570 que
2354 5496 2567 5553 fecerit.
2603 5500 2675 5549 At
2704 5495 2817 5551 ista
2847 5496 3083 5566 quidem
3130 5497 3517 5555 Holl‘mannus
3567 5501 3737 5556 certis
3769 5516 3879 5555 ca-

2205 5606 2327 5645 rere
2357 5587 2496 5642 dicit
2527 5585 2765 5641 finibus.
2798 5586 2885 5641 Sit
2916 5588 2997 5643 ita
3046 5604 3208 5645 sane.
3259 5588 3347 5644 Sit
3385 5590 3585 5645 vultus
3630 5589 3879 5645 Tertul-

2200 5678 2343 5737 lieni
2368 5674 2736 5735 Montanistae
2768 5692 2835 5734 ac
2871 5675 3279 5749 μοντανὶςοντο,
3312 5680 3631 5753 ambiguus
3659 5680 3880 5738 admo-
