  <div class='ocr_page' id='page_1' title='image "/cluster/home/n/w/nwhite01/storage/ocr_20150623/1/hvd.32044096580337/078.png"; bbox 0 0 4148 6188; ppageno 0'>
   <div class='ocr_carea' id='block_1_1' title="bbox 332 321 443 381">
    <p class='ocr_par' dir='ltr' id='par_1_1' title="bbox 332 321 443 381">
     <span class='ocr_line' id='line_1_1' title="bbox 332 321 443 381; baseline -0.018 0"><span class='ocrx_word' id='word_1_1' title='bbox 332 321 443 381; x_wconf 71' lang='lat' dir='ltr'><strong>Ml</strong></span> 
     </span>
    </p>
   </div>
   <div class='ocr_carea' id='block_1_2' title="bbox 1197 319 2883 384">
    <p class='ocr_par' dir='ltr' id='par_1_2' title="bbox 1197 319 2883 384">
     <span class='ocr_line' id='line_1_2' title="bbox 1197 319 2883 384; baseline -0.005 0"><span class='ocrx_word' id='word_1_2' title='bbox 1197 322 1297 384; x_wconf 83' lang='lat' dir='ltr'><strong>AC</strong></span> <span class='ocrx_word' id='word_1_3' title='bbox 1337 319 1730 383; x_wconf 80' lang='lat' dir='ltr'><strong>DOCTRINA</strong></span> <span class='ocrx_word' id='word_1_4' title='bbox 1774 319 2279 381; x_wconf 68' lang='lat' dir='ltr'><strong>SCRIPTORUM</strong></span> <span class='ocrx_word' id='word_1_5' title='bbox 2325 319 2883 381; x_wconf 75' lang='lat' dir='ltr'><strong>TERTULLIANI.</strong></span> 
     </span>
    </p>
   </div>
   <div class='ocr_carea' id='block_1_3' title="bbox 3636 317 3757 378">
    <p class='ocr_par' dir='ltr' id='par_1_3' title="bbox 3636 317 3757 378">
     <span class='ocr_line' id='line_1_3' title="bbox 3636 317 3757 378; baseline -0.017 0"><span class='ocrx_word' id='word_1_6' title='bbox 3636 317 3757 378; x_wconf 65' lang='lat'><strong>{42</strong></span> 
     </span>
    </p>
   </div>
   <div class='ocr_carea' id='block_1_4' title="bbox 326 447 3751 525">
    <p class='ocr_par' dir='ltr' id='par_1_4' title="bbox 326 447 3751 525">
     <span class='ocr_line' id='line_1_4' title="bbox 326 447 3751 525; baseline -0 -18"><span class='ocrx_word' id='word_1_7' title='bbox 326 453 654 516; x_wconf 88' lang='lat' dir='ltr'><strong>dum.Quid</strong></span> <span class='ocrx_word' id='word_1_8' title='bbox 686 470 824 525; x_wconf 87' lang='lat' dir='ltr'><strong>ergo</strong></span> <span class='ocrx_word' id='word_1_9' title='bbox 852 457 941 509; x_wconf 88' lang='lat' dir='ltr'><strong>est</strong></span> <span class='ocrx_word' id='word_1_10' title='bbox 964 452 992 507; x_wconf 85' lang='lat'><strong>?</strong></span> <span class='ocrx_word' id='word_1_11' title='bbox 1025 453 1312 509; x_wconf 84' lang='lat' dir='ltr'><strong>Nimirum</strong></span> <span class='ocrx_word' id='word_1_12' title='bbox 1347 470 1459 509; x_wconf 90' lang='lat' dir='ltr'><strong>non</strong></span> <span class='ocrx_word' id='word_1_13' title='bbox 1496 456 1685 524; x_wconf 77' lang='lat' dir='ltr'><strong>potest</strong></span> <span class='ocrx_word' id='word_1_14' title='bbox 1718 470 1784 507; x_wconf 84' lang='lat' dir='ltr'><strong>ex</strong></span> <span class='ocrx_word' id='word_1_15' title='bbox 1814 451 1982 508; x_wconf 88' lang='lat' dir='ltr'><strong>vultu</strong></span> <span class='ocrx_word' id='word_1_16' title='bbox 2017 454 2070 520; x_wconf 80' lang='grc' dir='ltr'><strong>Α</strong></span> <span class='ocrx_word' id='word_1_17' title='bbox 2101 452 2281 507; x_wconf 88' lang='lat' dir='ltr'><strong>libros</strong></span> <span class='ocrx_word' id='word_1_18' title='bbox 2331 450 2705 506; x_wconf 84' lang='lat' dir='ltr'><strong>Montanismi</strong></span> <span class='ocrx_word' id='word_1_19' title='bbox 2754 447 3077 504; x_wconf 83' lang='lat' dir='ltr'><strong>certissime</strong></span> <span class='ocrx_word' id='word_1_20' title='bbox 3125 450 3403 518; x_wconf 86' lang='lat' dir='ltr'><strong>arguunt,</strong></span> <span class='ocrx_word' id='word_1_21' title='bbox 3438 448 3631 519; x_wconf 82' lang='lat' dir='ltr'><strong>qualis</strong></span> <span class='ocrx_word' id='word_1_22' title='bbox 3660 453 3751 506; x_wconf 83' lang='lat' dir='ltr'><strong>est</strong></span> 
     </span>
    </p>
   </div>
   <div class='ocr_carea' id='block_1_5' title="bbox 324 540 1986 613">
    <p class='ocr_par' dir='ltr' id='par_1_5' title="bbox 324 540 1986 613">
     <span class='ocr_line' id='line_1_5' title="bbox 324 540 1986 613; baseline -0.001 -16"><span class='ocrx_word' id='word_1_23' title='bbox 324 540 671 597; x_wconf 82' lang='lat' dir='ltr'><strong>Tertulliani</strong></span> <span class='ocrx_word' id='word_1_24' title='bbox 710 541 986 612; x_wconf 89' lang='lat' dir='ltr'><strong>judicari,</strong></span> <span class='ocrx_word' id='word_1_25' title='bbox 1021 543 1271 598; x_wconf 77' lang='lat' dir='ltr'><strong>fueritne</strong></span> <span class='ocrx_word' id='word_1_26' title='bbox 1320 542 1371 598; x_wconf 90' lang='lat' dir='ltr'><strong>is</strong></span> <span class='ocrx_word' id='word_1_27' title='bbox 1404 543 1530 613; x_wconf 89' lang='lat' dir='ltr'><strong>jam</strong></span> <span class='ocrx_word' id='word_1_28' title='bbox 1581 542 1785 597; x_wconf 90' lang='lat' dir='ltr'><strong>morbo</strong></span> <span class='ocrx_word' id='word_1_29' title='bbox 1836 541 1986 596; x_wconf 89' lang='lat' dir='ltr'><strong>lecto</strong></span> 
     </span>
    </p>
   </div>
   <div class='ocr_carea' id='block_1_6' title="bbox 324 628 1989 701">
    <p class='ocr_par' dir='ltr' id='par_1_6' title="bbox 324 628 1989 701">
     <span class='ocr_line' id='line_1_6' title="bbox 324 628 1989 701; baseline 0 -18"><span class='ocrx_word' id='word_1_30' title='bbox 324 628 559 696; x_wconf 80' lang='lat' dir='ltr'><strong>afﬁxus,</strong></span> <span class='ocrx_word' id='word_1_31' title='bbox 595 646 668 683; x_wconf 91' lang='lat' dir='ltr'><strong>an</strong></span> <span class='ocrx_word' id='word_1_32' title='bbox 715 628 917 683; x_wconf 79' lang='lat' dir='ltr'><strong>leviter</strong></span> <span class='ocrx_word' id='word_1_33' title='bbox 947 634 1137 685; x_wconf 88' lang='lat' dir='ltr'><strong>tactus</strong></span> <span class='ocrx_word' id='word_1_34' title='bbox 1194 630 1449 701; x_wconf 90' lang='lat' dir='ltr'><strong>quodam</strong></span> <span class='ocrx_word' id='word_1_35' title='bbox 1481 630 1609 699; x_wconf 88' lang='lat' dir='ltr'><strong>ejus</strong></span> <span class='ocrx_word' id='word_1_36' title='bbox 1644 629 1887 701; x_wconf 87' lang='lat' dir='ltr'><strong>impetu.</strong></span> <span class='ocrx_word' id='word_1_37' title='bbox 1922 630 1989 683; x_wconf 77' lang='lat' dir='ltr'><strong>Et</strong></span> 
     </span>
    </p>
   </div>
   <div class='ocr_carea' id='block_1_7' title="bbox 327 716 1991 790">
    <p class='ocr_par' dir='ltr' id='par_1_7' title="bbox 327 716 1991 790">
     <span class='ocr_line' id='line_1_7' title="bbox 327 716 1991 790; baseline -0.001 -18"><span class='ocrx_word' id='word_1_38' title='bbox 327 718 383 772; x_wconf 91' lang='lat' dir='ltr'><strong>id</strong></span> <span class='ocrx_word' id='word_1_39' title='bbox 419 716 762 773; x_wconf 79' lang='lat' dir='ltr'><strong>volebamus</strong></span> <span class='ocrx_word' id='word_1_40' title='bbox 815 717 1072 787; x_wconf 87' lang='lat' dir='ltr'><strong>quidem,</strong></span> <span class='ocrx_word' id='word_1_41' title='bbox 1109 736 1223 774; x_wconf 92' lang='lat' dir='ltr'><strong>non</strong></span> <span class='ocrx_word' id='word_1_42' title='bbox 1258 735 1429 790; x_wconf 81' lang='lat' dir='ltr'><strong>posse</strong></span> <span class='ocrx_word' id='word_1_43' title='bbox 1478 735 1547 773; x_wconf 83' lang='lat' dir='ltr'><strong>ex</strong></span> <span class='ocrx_word' id='word_1_44' title='bbox 1594 718 1819 773; x_wconf 86' lang='lat' dir='ltr'><strong>levibus</strong></span> <span class='ocrx_word' id='word_1_45' title='bbox 1865 718 1991 789; x_wconf 87' lang='lat' dir='ltr'><strong>qui-</strong></span> 
     </span>
    </p>
   </div>
   <div class='ocr_carea' id='block_1_8' title="bbox 330 807 1987 879">
    <p class='ocr_par' dir='ltr' id='par_1_8' title="bbox 330 807 1987 879">
     <span class='ocr_line' id='line_1_8' title="bbox 330 807 1987 879; baseline 0 -18"><span class='ocrx_word' id='word_1_46' title='bbox 330 807 583 862; x_wconf 88' lang='lat' dir='ltr'><strong>busdam</strong></span> <span class='ocrx_word' id='word_1_47' title='bbox 637 807 821 879; x_wconf 85' lang='lat' dir='ltr'><strong>signis</strong></span> <span class='ocrx_word' id='word_1_48' title='bbox 872 824 1137 863; x_wconf 90' lang='lat' dir='ltr'><strong>errorum</strong></span> <span class='ocrx_word' id='word_1_49' title='bbox 1186 808 1548 864; x_wconf 88' lang='lat' dir='ltr'><strong>Tertulliano</strong></span> <span class='ocrx_word' id='word_1_50' title='bbox 1580 824 1713 863; x_wconf 88' lang='lat' dir='ltr'><strong>cum</strong></span> <span class='ocrx_word' id='word_1_51' title='bbox 1764 808 1987 863; x_wconf 87' lang='lat' dir='ltr'><strong>Monta-</strong></span> 
     </span>
    </p>
   </div>
   <div class='ocr_carea' id='block_1_9' title="bbox 331 896 1990 968">
    <p class='ocr_par' dir='ltr' id='par_1_9' title="bbox 331 896 1990 968">
     <span class='ocr_line' id='line_1_9' title="bbox 331 896 1990 968; baseline 0 -17"><span class='ocrx_word' id='word_1_52' title='bbox 331 896 512 951; x_wconf 87' lang='lat' dir='ltr'><strong>nistis</strong></span> <span class='ocrx_word' id='word_1_53' title='bbox 569 896 973 951; x_wconf 84' lang='lat' dir='ltr'><strong>communium</strong></span> <span class='ocrx_word' id='word_1_54' title='bbox 1032 903 1154 952; x_wconf 89' lang='lat' dir='ltr'><strong>tute</strong></span> <span class='ocrx_word' id='word_1_55' title='bbox 1202 897 1435 967; x_wconf 87' lang='lat' dir='ltr'><strong>conjici,</strong></span> <span class='ocrx_word' id='word_1_56' title='bbox 1469 898 1623 968; x_wconf 93' lang='lat' dir='ltr'><strong>quod</strong></span> <span class='ocrx_word' id='word_1_57' title='bbox 1682 898 1799 967; x_wconf 87' lang='lat' dir='ltr'><strong>jam</strong></span> <span class='ocrx_word' id='word_1_58' title='bbox 1860 896 1990 967; x_wconf 84' lang='lat' dir='ltr'><strong>ipsa</strong></span> 
     </span>
    </p>
   </div>
   <div class='ocr_carea' id='block_1_10' title="bbox 331 986 1985 1058">
    <p class='ocr_par' dir='ltr' id='par_1_10' title="bbox 331 986 1985 1058">
     <span class='ocr_line' id='line_1_10' title="bbox 331 986 1985 1058; baseline -0.001 -17"><span class='ocrx_word' id='word_1_59' title='bbox 331 986 830 1041; x_wconf 80' lang='lat' dir='ltr'><strong>Montanistarum</strong></span> <span class='ocrx_word' id='word_1_60' title='bbox 882 1002 1049 1041; x_wconf 86' lang='lat' dir='ltr'><strong>sacra</strong></span> <span class='ocrx_word' id='word_1_61' title='bbox 1078 987 1423 1058; x_wconf 79' lang='lat' dir='ltr'><strong>susceperit.</strong></span> <span class='ocrx_word' id='word_1_62' title='bbox 1455 987 1653 1058; x_wconf 85' lang='lat' dir='ltr'><strong>Neque</strong></span> <span class='ocrx_word' id='word_1_63' title='bbox 1702 991 1897 1041; x_wconf 86' lang='lat' dir='ltr'><strong>tamen</strong></span> <span class='ocrx_word' id='word_1_64' title='bbox 1930 987 1985 1040; x_wconf 93' lang='lat' dir='ltr'><strong>id</strong></span> 
     </span>
    </p>
   </div>
   <div class='ocr_carea' id='block_1_11' title="bbox 332 1074 1992 1148">
    <p class='ocr_par' dir='ltr' id='par_1_11' title="bbox 332 1074 1992 1148">
     <span class='ocr_line' id='line_1_11' title="bbox 332 1074 1992 1148; baseline 0 -19"><span class='ocrx_word' id='word_1_65' title='bbox 332 1076 417 1129; x_wconf 86' lang='lat' dir='ltr'><strong>ita</strong></span> <span class='ocrx_word' id='word_1_66' title='bbox 450 1074 814 1130; x_wconf 73' lang='lat' dir='ltr'><strong>intellectum</strong></span> <span class='ocrx_word' id='word_1_67' title='bbox 846 1074 1141 1141; x_wconf 89' lang='lat' dir='ltr'><strong>volumus,</strong></span> <span class='ocrx_word' id='word_1_68' title='bbox 1178 1076 1347 1148; x_wconf 91' lang='lat' dir='ltr'><strong>quasi</strong></span> <span class='ocrx_word' id='word_1_69' title='bbox 1380 1077 1648 1147; x_wconf 87' lang='lat' dir='ltr'><strong>spurium</strong></span> <span class='ocrx_word' id='word_1_70' title='bbox 1680 1084 1856 1144; x_wconf 86' lang='lat' dir='ltr'><strong>esset,</strong></span> <span class='ocrx_word' id='word_1_71' title='bbox 1890 1080 1992 1129; x_wconf 90' lang='lat' dir='ltr'><strong>aut</strong></span> 
     </span>
    </p>
   </div>
   <div class='ocr_carea' id='block_1_12' title="bbox 330 1165 1991 1239">
    <p class='ocr_par' dir='ltr' id='par_1_12' title="bbox 330 1165 1991 1239">
     <span class='ocr_line' id='line_1_12' title="bbox 330 1165 1991 1239; baseline -0.001 -18"><span class='ocrx_word' id='word_1_72' title='bbox 330 1169 677 1236; x_wconf 86' lang='lat' dir='ltr'><strong>suspectum</strong></span> <span class='ocrx_word' id='word_1_73' title='bbox 734 1181 906 1220; x_wconf 91' lang='lat' dir='ltr'><strong>omne</strong></span> <span class='ocrx_word' id='word_1_74' title='bbox 964 1171 1404 1239; x_wconf 80' lang='lat' dir='ltr'><strong>argumentum,</strong></span> <span class='ocrx_word' id='word_1_75' title='bbox 1475 1167 1626 1237; x_wconf 88' lang='lat' dir='ltr'><strong>quod</strong></span> <span class='ocrx_word' id='word_1_76' title='bbox 1687 1165 1901 1219; x_wconf 88' lang='lat' dir='ltr'><strong>dicitur</strong></span> <span class='ocrx_word' id='word_1_77' title='bbox 1959 1182 1991 1219; x_wconf 90' lang='lat' dir='ltr'><strong>a</strong></span> 
     </span>
    </p>
   </div>
   <div class='ocr_carea' id='block_1_13' title="bbox 328 1263 1987 1328">
    <p class='ocr_par' dir='ltr' id='par_1_13' title="bbox 328 1263 1987 1328">
     <span class='ocr_line' id='line_1_13' title="bbox 328 1263 1987 1328; baseline -0.001 -11"><span class='ocrx_word' id='word_1_78' title='bbox 328 1263 617 1318; x_wconf 81' lang='lat' dir='ltr'><strong>doctrinis</strong></span> <span class='ocrx_word' id='word_1_79' title='bbox 665 1263 1155 1319; x_wconf 85' lang='lat' dir='ltr'><strong>Montanistarum</strong></span> <span class='ocrx_word' id='word_1_80' title='bbox 1210 1264 1267 1318; x_wconf 90' lang='lat' dir='ltr'><strong>in</strong></span> <span class='ocrx_word' id='word_1_81' title='bbox 1300 1264 1427 1328; x_wconf 92' lang='lat' dir='ltr'><strong>hoc,</strong></span> <span class='ocrx_word' id='word_1_82' title='bbox 1459 1263 1627 1319; x_wconf 90' lang='lat' dir='ltr'><strong>illove</strong></span> <span class='ocrx_word' id='word_1_83' title='bbox 1678 1264 1822 1318; x_wconf 93' lang='lat' dir='ltr'><strong>libro</strong></span> <span class='ocrx_word' id='word_1_84' title='bbox 1852 1264 1987 1316; x_wconf 87' lang='lat' dir='ltr'><strong>&#39;l‘er-</strong></span> 
     </span>
    </p>
   </div>
   <div class='ocr_carea' id='block_1_14' title="bbox 327 1352 1990 1408">
    <p class='ocr_par' dir='ltr' id='par_1_14' title="bbox 327 1352 1990 1408">
     <span class='ocr_line' id='line_1_14' title="bbox 327 1352 1990 1408; baseline -0.001 -1"><span class='ocrx_word' id='word_1_85' title='bbox 327 1352 569 1407; x_wconf 87' lang='lat' dir='ltr'><strong>tulliani</strong></span> <span class='ocrx_word' id='word_1_86' title='bbox 602 1352 787 1407; x_wconf 89' lang='lat' dir='ltr'><strong>obviis</strong></span> <span class='ocrx_word' id='word_1_87' title='bbox 837 1355 905 1407; x_wconf 90' lang='lat' dir='ltr'><strong>ad</strong></span> <span class='ocrx_word' id='word_1_88' title='bbox 952 1354 1410 1408; x_wconf 87' lang='lat' dir='ltr'><strong>Montanismum</strong></span> <span class='ocrx_word' id='word_1_89' title='bbox 1458 1353 1588 1408; x_wconf 89' lang='lat' dir='ltr'><strong>istis</strong></span> <span class='ocrx_word' id='word_1_90' title='bbox 1618 1353 1783 1407; x_wconf 86' lang='lat' dir='ltr'><strong>libris</strong></span> <span class='ocrx_word' id='word_1_91' title='bbox 1838 1368 1990 1408; x_wconf 89' lang='lat' dir='ltr'><strong>asse-</strong></span> 
     </span>
    </p>
   </div>
   <div class='ocr_carea' id='block_1_15' title="bbox 333 1441 1989 1511">
    <p class='ocr_par' dir='ltr' id='par_1_15' title="bbox 333 1441 1989 1511">
     <span class='ocr_line' id='line_1_15' title="bbox 333 1441 1989 1511; baseline 0 -16"><span class='ocrx_word' id='word_1_92' title='bbox 333 1442 611 1495; x_wconf 87' lang='lat' dir='ltr'><strong>rcndum.</strong></span> <span class='ocrx_word' id='word_1_93' title='bbox 647 1441 795 1495; x_wconf 89' lang='lat' dir='ltr'><strong>Sunt</strong></span> <span class='ocrx_word' id='word_1_94' title='bbox 840 1441 996 1496; x_wconf 89' lang='lat' dir='ltr'><strong>enim</strong></span> <span class='ocrx_word' id='word_1_95' title='bbox 1049 1442 1162 1496; x_wconf 91' lang='lat' dir='ltr'><strong>ista</strong></span> <span class='ocrx_word' id='word_1_96' title='bbox 1194 1443 1251 1495; x_wconf 91' lang='lat' dir='ltr'><strong>in</strong></span> <span class='ocrx_word' id='word_1_97' title='bbox 1304 1458 1361 1495; x_wconf 90' lang='lat' dir='ltr'><strong>re</strong></span> <span class='ocrx_word' id='word_1_98' title='bbox 1395 1441 1540 1495; x_wconf 77' lang='lat' dir='ltr'><strong>ﬁnes</strong></span> <span class='ocrx_word' id='word_1_99' title='bbox 1569 1446 1626 1496; x_wconf 90' lang='lat' dir='ltr'><strong>et</strong></span> <span class='ocrx_word' id='word_1_100' title='bbox 1671 1441 1839 1511; x_wconf 89' lang='lat' dir='ltr'><strong>quasi</strong></span> <span class='ocrx_word' id='word_1_101' title='bbox 1871 1446 1989 1495; x_wconf 86' lang='lat' dir='ltr'><strong>ter-</strong></span> 
     </span>
    </p>
   </div>
   <div class='ocr_carea' id='block_1_16' title="bbox 332 1528 1988 1600">
    <p class='ocr_par' dir='ltr' id='par_1_16' title="bbox 332 1528 1988 1600">
     <span class='ocr_line' id='line_1_16' title="bbox 332 1528 1988 1600; baseline -0.001 -16"><span class='ocrx_word' id='word_1_102' title='bbox 332 1531 504 1597; x_wconf 88' lang='lat' dir='ltr'><strong>mini,</strong></span> <span class='ocrx_word' id='word_1_103' title='bbox 537 1531 751 1600; x_wconf 76' lang='lat' dir='ltr'><strong>quibus</strong></span> <span class='ocrx_word' id='word_1_104' title='bbox 803 1531 1085 1586; x_wconf 88' lang='lat' dir='ltr'><strong>utendum</strong></span> <span class='ocrx_word' id='word_1_105' title='bbox 1117 1531 1390 1597; x_wconf 83' lang='lat' dir='ltr'><strong>arbitror,</strong></span> <span class='ocrx_word' id='word_1_106' title='bbox 1427 1548 1498 1585; x_wconf 89' lang='lat' dir='ltr'><strong>ne</strong></span> <span class='ocrx_word' id='word_1_107' title='bbox 1529 1531 1599 1586; x_wconf 91' lang='lat' dir='ltr'><strong>de</strong></span> <span class='ocrx_word' id='word_1_108' title='bbox 1642 1528 1988 1585; x_wconf 76' lang='lat' dir='ltr'><strong>Tertulliani</strong></span> 
     </span>
    </p>
   </div>
   <div class='ocr_carea' id='block_1_17' title="bbox 332 1620 1989 1690">
    <p class='ocr_par' dir='ltr' id='par_1_17' title="bbox 332 1620 1989 1690">
     <span class='ocr_line' id='line_1_17' title="bbox 332 1620 1989 1690; baseline -0.001 -16"><span class='ocrx_word' id='word_1_109' title='bbox 332 1620 753 1684; x_wconf 77' lang='lat' dir='ltr'><strong>Montanismo,</strong></span> <span class='ocrx_word' id='word_1_110' title='bbox 802 1636 869 1675; x_wconf 85' lang='lat' dir='ltr'><strong>ex</strong></span> <span class='ocrx_word' id='word_1_111' title='bbox 919 1620 1047 1690; x_wconf 87' lang='lat' dir='ltr'><strong>ejus</strong></span> <span class='ocrx_word' id='word_1_112' title='bbox 1097 1620 1262 1675; x_wconf 86' lang='lat' dir='ltr'><strong>libris</strong></span> <span class='ocrx_word' id='word_1_113' title='bbox 1313 1620 1735 1690; x_wconf 84' lang='lat' dir='ltr'><strong>cognoscendo,</strong></span> <span class='ocrx_word' id='word_1_114' title='bbox 1786 1634 1989 1689; x_wconf 90' lang='lat' dir='ltr'><strong>parum</strong></span> 
     </span>
    </p>
   </div>
   <div class='ocr_carea' id='block_1_18' title="bbox 332 1706 1991 1779">
    <p class='ocr_par' dir='ltr' id='par_1_18' title="bbox 332 1706 1991 1779">
     <span class='ocr_line' id='line_1_18' title="bbox 332 1706 1991 1779; baseline -0.001 -17"><span class='ocrx_word' id='word_1_115' title='bbox 332 1716 435 1762; x_wconf 85' lang='lat' dir='ltr'><strong>aut</strong></span> <span class='ocrx_word' id='word_1_116' title='bbox 470 1709 719 1763; x_wconf 90' lang='lat' dir='ltr'><strong>nimium</strong></span> <span class='ocrx_word' id='word_1_117' title='bbox 751 1708 1150 1779; x_wconf 89' lang='lat' dir='ltr'><strong>philosophari</strong></span> <span class='ocrx_word' id='word_1_118' title='bbox 1183 1708 1509 1761; x_wconf 80' lang='lat' dir='ltr'><strong>videamur.</strong></span> <span class='ocrx_word' id='word_1_119' title='bbox 1534 1709 1783 1761; x_wconf 82' lang='lat' dir='ltr'><strong>Primam</strong></span> <span class='ocrx_word' id='word_1_120' title='bbox 1814 1706 1991 1777; x_wconf 78' lang='lat' dir='ltr'><strong>igitur</strong></span> 
     </span>
    </p>
   </div>
   <div class='ocr_carea' id='block_1_19' title="bbox 2098 536 3741 611">
    <p class='ocr_par' dir='ltr' id='par_1_19' title="bbox 2098 536 3741 611">
     <span class='ocr_line' id='line_1_19' title="bbox 2098 536 3741 611; baseline -0.001 -16"><span class='ocrx_word' id='word_1_121' title='bbox 2098 541 2317 596; x_wconf 87' lang='lat' dir='ltr'><strong>diserta</strong></span> <span class='ocrx_word' id='word_1_122' title='bbox 2348 540 2536 611; x_wconf 89' lang='lat' dir='ltr'><strong>ipsius</strong></span> <span class='ocrx_word' id='word_1_123' title='bbox 2567 536 2912 593; x_wconf 79' lang='lat' dir='ltr'><strong>Tertulliani</strong></span> <span class='ocrx_word' id='word_1_124' title='bbox 2962 536 3283 608; x_wconf 87' lang='lat' dir='ltr'><strong>professio;</strong></span> <span class='ocrx_word' id='word_1_125' title='bbox 3317 536 3418 590; x_wconf 92' lang='lat' dir='ltr'><strong>sed</strong></span> <span class='ocrx_word' id='word_1_126' title='bbox 3452 541 3590 591; x_wconf 89' lang='lat' dir='ltr'><strong>sunt</strong></span> <span class='ocrx_word' id='word_1_127' title='bbox 3619 538 3741 593; x_wconf 67' lang='lat' dir='ltr'><strong>ista:</strong></span> 
     </span>
    </p>
   </div>
   <div class='ocr_carea' id='block_1_20' title="bbox 2098 625 3748 700">
    <p class='ocr_par' dir='ltr' id='par_1_20' title="bbox 2098 625 3748 700">
     <span class='ocr_line' id='line_1_20' title="bbox 2098 625 3748 700; baseline -0.002 -17"><span class='ocrx_word' id='word_1_128' title='bbox 2098 630 2179 683; x_wconf 90' lang='lat' dir='ltr'><strong>ita</strong></span> <span class='ocrx_word' id='word_1_129' title='bbox 2231 630 2345 685; x_wconf 87' lang='lat' dir='ltr'><strong>fere</strong></span> <span class='ocrx_word' id='word_1_130' title='bbox 2394 632 2765 700; x_wconf 66' lang='lat' dir='ltr'><strong>comparataa,</strong></span> <span class='ocrx_word' id='word_1_131' title='bbox 2801 630 2865 681; x_wconf 91' lang='lat' dir='ltr'><strong>ut</strong></span> <span class='ocrx_word' id='word_1_132' title='bbox 2906 625 3308 696; x_wconf 85' lang='lat' dir='ltr'><strong>disputatione</strong></span> <span class='ocrx_word' id='word_1_133' title='bbox 3352 641 3468 679; x_wconf 92' lang='lat' dir='ltr'><strong>non</strong></span> <span class='ocrx_word' id='word_1_134' title='bbox 3517 631 3748 697; x_wconf 81' lang='lat' dir='ltr'><strong>egeant,</strong></span> 
     </span>
    </p>
   </div>
   <div class='ocr_carea' id='block_1_21' title="bbox 2100 713 3749 777">
    <p class='ocr_par' dir='ltr' id='par_1_21' title="bbox 2100 713 3749 777">
     <span class='ocr_line' id='line_1_21' title="bbox 2100 713 3749 777; baseline -0.002 -4"><span class='ocrx_word' id='word_1_135' title='bbox 2100 724 2199 774; x_wconf 88' lang='lat' dir='ltr'><strong>aut</strong></span> <span class='ocrx_word' id='word_1_136' title='bbox 2232 736 2344 773; x_wconf 92' lang='lat' dir='ltr'><strong>non</strong></span> <span class='ocrx_word' id='word_1_137' title='bbox 2396 718 2515 772; x_wconf 88' lang='lat' dir='ltr'><strong>sint</strong></span> <span class='ocrx_word' id='word_1_138' title='bbox 2553 716 2895 772; x_wconf 70' lang='lat' dir='ltr'><strong>certissimis</strong></span> <span class='ocrx_word' id='word_1_139' title='bbox 2929 713 3081 769; x_wconf 79' lang='lat' dir='ltr'><strong>fidei.</strong></span> <span class='ocrx_word' id='word_1_140' title='bbox 3116 714 3277 777; x_wconf 90' lang='lat' dir='ltr'><strong>Quod</strong></span> <span class='ocrx_word' id='word_1_141' title='bbox 3327 713 3375 768; x_wconf 93' lang='lat' dir='ltr'><strong>si</strong></span> <span class='ocrx_word' id='word_1_142' title='bbox 3409 730 3539 769; x_wconf 89' lang='lat' dir='ltr'><strong>vero</strong></span> <span class='ocrx_word' id='word_1_143' title='bbox 3573 716 3749 769; x_wconf 87' lang='lat' dir='ltr'><strong>exsti-</strong></span> 
     </span>
    </p>
   </div>
   <div class='ocr_carea' id='block_1_22' title="bbox 2099 802 3749 877">
    <p class='ocr_par' dir='ltr' id='par_1_22' title="bbox 2099 802 3749 877">
     <span class='ocr_line' id='line_1_22' title="bbox 2099 802 3749 877; baseline -0.002 -15"><span class='ocrx_word' id='word_1_144' title='bbox 2099 808 2235 863; x_wconf 86' lang='lat' dir='ltr'><strong>terit</strong></span> <span class='ocrx_word' id='word_1_145' title='bbox 2266 808 2381 863; x_wconf 83' lang='lat' dir='ltr'><strong>tale</strong></span> <span class='ocrx_word' id='word_1_146' title='bbox 2428 808 2566 877; x_wconf 90' lang='lat' dir='ltr'><strong>quid</strong></span> <span class='ocrx_word' id='word_1_147' title='bbox 2600 807 2657 861; x_wconf 92' lang='lat' dir='ltr'><strong>in</strong></span> <span class='ocrx_word' id='word_1_148' title='bbox 2709 805 2963 876; x_wconf 89' lang='lat' dir='ltr'><strong>quodam</strong></span> <span class='ocrx_word' id='word_1_149' title='bbox 3014 803 3163 857; x_wconf 89' lang='lat' dir='ltr'><strong>libro</strong></span> <span class='ocrx_word' id='word_1_150' title='bbox 3193 802 3558 870; x_wconf 84' lang='lat' dir='ltr'><strong>Tertulliani,</strong></span> <span class='ocrx_word' id='word_1_151' title='bbox 3594 806 3749 875; x_wconf 87' lang='lat' dir='ltr'><strong>quod</strong></span> 
     </span>
    </p>
   </div>
   <div class='ocr_carea' id='block_1_23' title="bbox 2100 892 3749 968">
    <p class='ocr_par' dir='ltr' id='par_1_23' title="bbox 2100 892 3749 968">
     <span class='ocr_line' id='line_1_23' title="bbox 2100 892 3749 968; baseline -0.001 -17"><span class='ocrx_word' id='word_1_152' title='bbox 2100 903 2296 968; x_wconf 88' lang='lat' dir='ltr'><strong>posset</strong></span> <span class='ocrx_word' id='word_1_153' title='bbox 2328 896 2527 951; x_wconf 86' lang='lat' dir='ltr'><strong>referri</strong></span> <span class='ocrx_word' id='word_1_154' title='bbox 2554 896 2620 950; x_wconf 90' lang='lat' dir='ltr'><strong>ad</strong></span> <span class='ocrx_word' id='word_1_155' title='bbox 2661 911 2836 949; x_wconf 90' lang='lat' dir='ltr'><strong>unam</strong></span> <span class='ocrx_word' id='word_1_156' title='bbox 2872 892 3209 964; x_wconf 90' lang='lat' dir='ltr'><strong>regularum</strong></span> <span class='ocrx_word' id='word_1_157' title='bbox 3244 892 3749 965; x_wconf 84' lang='lat' dir='ltr'><strong>istarum,absque</strong></span> 
     </span>
    </p>
   </div>
   <div class='ocr_carea' id='block_1_24' title="bbox 2099 982 3748 1057">
    <p class='ocr_par' dir='ltr' id='par_1_24' title="bbox 2099 982 3748 1057">
     <span class='ocr_line' id='line_1_24' title="bbox 2099 982 3748 1057; baseline -0.001 -17"><span class='ocrx_word' id='word_1_158' title='bbox 2099 987 2313 1041; x_wconf 89' lang='lat' dir='ltr'><strong>erroris</strong></span> <span class='ocrx_word' id='word_1_159' title='bbox 2345 986 2601 1057; x_wconf 85' lang='lat' dir='ltr'><strong>periculo</strong></span> <span class='ocrx_word' id='word_1_160' title='bbox 2651 984 2785 1039; x_wconf 89' lang='lat' dir='ltr'><strong>licet</strong></span> <span class='ocrx_word' id='word_1_161' title='bbox 2835 982 3187 1050; x_wconf 76' lang='lat' dir='ltr'><strong>existimare,</strong></span> <span class='ocrx_word' id='word_1_162' title='bbox 3223 998 3354 1035; x_wconf 89' lang='lat' dir='ltr'><strong>eum</strong></span> <span class='ocrx_word' id='word_1_163' title='bbox 3397 982 3577 1037; x_wconf 88' lang='lat' dir='ltr'><strong>fuisse</strong></span> <span class='ocrx_word' id='word_1_164' title='bbox 3623 988 3748 1039; x_wconf 89' lang='lat' dir='ltr'><strong>tum</strong></span> 
     </span>
    </p>
   </div>
   <div class='ocr_carea' id='block_1_25' title="bbox 2099 1070 3748 1144">
    <p class='ocr_par' dir='ltr' id='par_1_25' title="bbox 2099 1070 3748 1144">
     <span class='ocr_line' id='line_1_25' title="bbox 2099 1070 3748 1144; baseline -0.003 -13"><span class='ocrx_word' id='word_1_165' title='bbox 2099 1078 2347 1140; x_wconf 80' lang='lat' dir='ltr'><strong>editum,</strong></span> <span class='ocrx_word' id='word_1_166' title='bbox 2398 1092 2526 1129; x_wconf 91' lang='lat' dir='ltr'><strong>cum</strong></span> <span class='ocrx_word' id='word_1_167' title='bbox 2570 1076 2695 1144; x_wconf 86' lang='lat' dir='ltr'><strong>jam</strong></span> <span class='ocrx_word' id='word_1_168' title='bbox 2730 1071 3070 1126; x_wconf 88' lang='lat' dir='ltr'><strong>inimicitias</strong></span> <span class='ocrx_word' id='word_1_169' title='bbox 3102 1087 3235 1125; x_wconf 88' lang='lat' dir='ltr'><strong>eum</strong></span> <span class='ocrx_word' id='word_1_170' title='bbox 3286 1070 3605 1126; x_wconf 85' lang='lat' dir='ltr'><strong>orthodoxa</strong></span> <span class='ocrx_word' id='word_1_171' title='bbox 3648 1077 3748 1127; x_wconf 89' lang='lat' dir='ltr'><strong>Ec-</strong></span> 
     </span>
    </p>
   </div>
   <div class='ocr_carea' id='block_1_26' title="bbox 2099 1160 3749 1232">
    <p class='ocr_par' dir='ltr' id='par_1_26' title="bbox 2099 1160 3749 1232">
     <span class='ocr_line' id='line_1_26' title="bbox 2099 1160 3749 1232; baseline 0 -11"><span class='ocrx_word' id='word_1_172' title='bbox 2099 1166 2278 1221; x_wconf 90' lang='lat' dir='ltr'><strong>clesia</strong></span> <span class='ocrx_word' id='word_1_173' title='bbox 2308 1162 2702 1219; x_wconf 86' lang='lat' dir='ltr'><strong>Tertullianus</strong></span> <span class='ocrx_word' id='word_1_174' title='bbox 2736 1160 3113 1232; x_wconf 84' lang='lat' dir='ltr'><strong>suscepisset.</strong></span> <span class='ocrx_word' id='word_1_175' title='bbox 3150 1160 3255 1216; x_wconf 80' lang='lat' dir='ltr'><strong>Sed</strong></span> <span class='ocrx_word' id='word_1_176' title='bbox 3288 1161 3413 1231; x_wconf 81' lang='lat' dir='ltr'><strong>jam</strong></span> <span class='ocrx_word' id='word_1_177' title='bbox 3443 1162 3515 1216; x_wconf 90' lang='lat' dir='ltr'><strong>ad</strong></span> <span class='ocrx_word' id='word_1_178' title='bbox 3566 1160 3749 1221; x_wconf 87' lang='lat' dir='ltr'><strong>libros</strong></span> 
     </span>
    </p>
   </div>
   <div class='ocr_carea' id='block_1_27' title="bbox 2101 1255 2614 1326">
    <p class='ocr_par' dir='ltr' id='par_1_27' title="bbox 2101 1255 2614 1326">
     <span class='ocr_line' id='line_1_27' title="bbox 2101 1255 2614 1326; baseline -0.004 -17"><span class='ocrx_word' id='word_1_179' title='bbox 2101 1256 2260 1326; x_wconf 90' lang='lat' dir='ltr'><strong>ipsos</strong></span> <span class='ocrx_word' id='word_1_180' title='bbox 2292 1255 2614 1309; x_wconf 88' lang='lat' dir='ltr'><strong>veniamus.</strong></span> 
     </span>
    </p>
   </div>
   <div class='ocr_carea' id='block_1_28' title="bbox 2100 1387 3747 1461">
    <p class='ocr_par' dir='ltr' id='par_1_28' title="bbox 2100 1387 3747 1461">
     <span class='ocr_line' id='line_1_28' title="bbox 2100 1387 3747 1461; baseline 0.002 -19"><span class='ocrx_word' id='word_1_181' title='bbox 2100 1388 2211 1460; x_wconf 83' lang='lat'><strong>§5.</strong></span> <span class='ocrx_word' id='word_1_182' title='bbox 2257 1416 2304 1425; x_wconf 91' lang='lat'><strong>-—</strong></span> <span class='ocrx_word' id='word_1_183' title='bbox 2342 1387 2797 1461; x_wconf 8' lang='lat' dir='ltr'><strong>rPrimagclqssis</strong></span> <span class='ocrx_word' id='word_1_184' title='bbox 2850 1388 3136 1456; x_wconf 76' lang='lat' dir='ltr'><strong>librorum,</strong></span> <span class='ocrx_word' id='word_1_185' title='bbox 3186 1388 3295 1461; x_wconf 8' lang='lat' dir='ltr'><strong>qui,</strong></span> <span class='ocrx_word' id='word_1_186' title='bbox 3329 1392 3461 1461; x_wconf 80' lang='lat' dir='ltr'><strong>sunt</strong></span> <span class='ocrx_word' id='word_1_187' title='bbox 3503 1392 3747 1461; x_wconf 82' lang='lat' dir='ltr'><strong>tempore</strong></span> 
     </span>
    </p>
   </div>
   <div class='ocr_carea' id='block_1_29' title="bbox 2169 1458 3746 1585">
    <p class='ocr_par' dir='ltr' id='par_1_29' title="bbox 2169 1458 3746 1585">
     <span class='ocr_line' id='line_1_29' title="bbox 2169 1458 3746 1534; baseline 0.005 -24"><span class='ocrx_word' id='word_1_188' title='bbox 2169 1460 2372 1529; x_wconf 75' lang='lat' dir='ltr'><strong>prioris</strong></span> <span class='ocrx_word' id='word_1_189' title='bbox 2400 1459 2705 1513; x_wconf 63' lang='lat' dir='ltr'><strong>vexationis</strong></span> <span class='ocrx_word' id='word_1_190' title='bbox 2738 1458 3311 1515; x_wconf 76' lang='lat' dir='ltr'><strong>Clirislz&#39;anorumsub</strong></span> <span class='ocrx_word' id='word_1_191' title='bbox 3343 1460 3532 1517; x_wconf 72' lang='lat' dir='ltr'><strong>Severo</strong></span> <span class='ocrx_word' id='word_1_192' title='bbox 3561 1458 3746 1534; x_wconf 75' lang='lat' dir='ltr'><strong>Augu-</strong></span> 
     </span>
     <span class='ocr_line' id='line_1_30' title="bbox 2169 1530 2492 1585; baseline -0.009 0"><span class='ocrx_word' id='word_1_193' title='bbox 2169 1535 2253 1585; x_wconf 85' lang='lat' dir='ltr'><strong>sto</strong></span> <span class='ocrx_word' id='word_1_194' title='bbox 2281 1530 2492 1585; x_wconf 72' lang='lat' dir='ltr'><strong>scripti.</strong></span> 
     </span>
    </p>
   </div>
   <div class='ocr_carea' id='block_1_30' title="bbox 2390 1547 2492 1600">
    <p class='ocr_par' dir='ltr' id='par_1_30' title="bbox 2390 1547 2492 1600">
     <span class='ocr_line' id='line_1_31' title="bbox 2390 1547 2492 1600; baseline -0.02 -16"><span class='ocrx_word' id='word_1_195' title='bbox 2390 1547 2492 1600; x_wconf 80' lang='lat' dir='ltr'><strong>pu.</strong></span> 
     </span>
    </p>
   </div>
   <div class='ocr_carea' id='block_1_31' title="bbox 2173 1645 3751 1718">
    <p class='ocr_par' dir='ltr' id='par_1_31' title="bbox 2173 1645 3751 1718">
     <span class='ocr_line' id='line_1_32' title="bbox 2173 1645 3751 1718; baseline 0.004 -19"><span class='ocrx_word' id='word_1_196' title='bbox 2173 1646 2247 1699; x_wconf 81' lang='lat' dir='ltr'><strong>Ex</strong></span> <span class='ocrx_word' id='word_1_197' title='bbox 2282 1645 2373 1699; x_wconf 90' lang='lat' dir='ltr'><strong>his</strong></span> <span class='ocrx_word' id='word_1_198' title='bbox 2424 1645 2677 1716; x_wconf 87' lang='lat' dir='ltr'><strong>primum</strong></span> <span class='ocrx_word' id='word_1_199' title='bbox 2730 1648 3172 1717; x_wconf 82' lang='lat' dir='ltr'><strong>pertractandos</strong></span> <span class='ocrx_word' id='word_1_200' title='bbox 3222 1647 3606 1718; x_wconf 88' lang='lat' dir='ltr'><strong>promisimus</strong></span> <span class='ocrx_word' id='word_1_201' title='bbox 3651 1665 3751 1705; x_wconf 89' lang='lat' dir='ltr'><strong>eos</strong></span> 
     </span>
    </p>
   </div>
   <div class='ocr_carea' id='block_1_32' title="bbox 2101 1735 3749 1805">
    <p class='ocr_par' dir='ltr' id='par_1_32' title="bbox 2101 1735 3749 1805">
     <span class='ocr_line' id='line_1_33' title="bbox 2101 1735 3749 1805; baseline 0.004 -18"><span class='ocrx_word' id='word_1_202' title='bbox 2101 1751 2349 1805; x_wconf 90' lang='lat' dir='ltr'><strong>quorum</strong></span> <span class='ocrx_word' id='word_1_203' title='bbox 2403 1750 2506 1788; x_wconf 91' lang='lat' dir='ltr'><strong>nec</strong></span> <span class='ocrx_word' id='word_1_204' title='bbox 2553 1742 2691 1789; x_wconf 64' lang='lat' dir='ltr'><strong>retas</strong></span> <span class='ocrx_word' id='word_1_205' title='bbox 2741 1750 2846 1789; x_wconf 93' lang='lat' dir='ltr'><strong>nec</strong></span> <span class='ocrx_word' id='word_1_206' title='bbox 2895 1735 3157 1790; x_wconf 88' lang='lat' dir='ltr'><strong>doctrina</strong></span> <span class='ocrx_word' id='word_1_207' title='bbox 3200 1736 3379 1791; x_wconf 88' lang='lat' dir='ltr'><strong>dubia</strong></span> <span class='ocrx_word' id='word_1_208' title='bbox 3427 1738 3749 1793; x_wconf 89' lang='lat' dir='ltr'><strong>admodum</strong></span> 
     </span>
    </p>
   </div>
   <div class='ocr_carea' id='block_1_33' title="bbox 332 1796 3747 1898">
    <p class='ocr_par' dir='ltr' id='par_1_33' title="bbox 332 1796 3747 1898">
     <span class='ocr_line' id='line_1_34' title="bbox 332 1796 3747 1898; baseline -0.001 -13"><span class='ocrx_word' id='word_1_209' title='bbox 332 1799 523 1897; x_wconf 61' lang='grc' dir='ltr'><strong>ιίῗεθω</strong></span> <span class='ocrx_word' id='word_1_210' title='bbox 558 1799 813 1898; x_wconf 51' lang='lat' dir='ltr'><strong>eiPsmre‘</strong></span> <span class='ocrx_word' id='word_1_211' title='bbox 840 1797 1376 1898; x_wconf 42' lang='lat' dir='ltr'><strong>1,“d.i°“¥‘d59,h°“°</strong></span> <span class='ocrx_word' id='word_1_212' title='bbox 1427 1796 1695 1851; x_wconf 55' lang='lat' dir='ltr'><strong>mlum”</strong></span> <span class='ocrx_word' id='word_1_213' title='bbox 1744 1812 1892 1862; x_wconf 64' lang='lat'><strong>6339&#39;</strong></span> <span class='ocrx_word' id='word_1_214' title='bbox 1928 1800 1991 1849; x_wconf 59' lang='grc' dir='ltr'><strong>ιη</strong></span> <span class='ocrx_word' id='word_1_215' title='bbox 2024 1824 2070 1889; x_wconf 86' lang='grc' dir='ltr'><strong>Β</strong></span> <span class='ocrx_word' id='word_1_216' title='bbox 2104 1828 2295 1887; x_wconf 87' lang='lat' dir='ltr'><strong>esset;</strong></span> <span class='ocrx_word' id='word_1_217' title='bbox 2337 1821 2397 1876; x_wconf 92' lang='lat' dir='ltr'><strong>in</strong></span> <span class='ocrx_word' id='word_1_218' title='bbox 2451 1820 2667 1893; x_wconf 88' lang='lat' dir='ltr'><strong>quibus</strong></span> <span class='ocrx_word' id='word_1_219' title='bbox 2719 1827 2857 1877; x_wconf 90' lang='lat' dir='ltr'><strong>sunt</strong></span> <span class='ocrx_word' id='word_1_220' title='bbox 2893 1823 3077 1893; x_wconf 90' lang='lat' dir='ltr'><strong>primo</strong></span> <span class='ocrx_word' id='word_1_221' title='bbox 3109 1824 3234 1879; x_wconf 88' lang='lat' dir='ltr'><strong>loco</strong></span> <span class='ocrx_word' id='word_1_222' title='bbox 3267 1826 3540 1895; x_wconf 91' lang='lat' dir='ltr'><strong>ponendi,</strong></span> <span class='ocrx_word' id='word_1_223' title='bbox 3599 1842 3747 1898; x_wconf 90' lang='lat' dir='ltr'><strong>quos</strong></span> 
     </span>
    </p>
   </div>
   <div class='ocr_carea' id='block_1_34' title="bbox 333 1885 1988 1957">
    <p class='ocr_par' dir='ltr' id='par_1_34' title="bbox 333 1885 1988 1957">
     <span class='ocr_line' id='line_1_35' title="bbox 333 1885 1988 1957; baseline -0.002 -17"><span class='ocrx_word' id='word_1_224' title='bbox 333 1887 630 1957; x_wconf 82' lang='lat' dir='ltr'><strong>ejusmodi</strong></span> <span class='ocrx_word' id='word_1_225' title='bbox 682 1886 830 1941; x_wconf 89' lang='lat' dir='ltr'><strong>liber</strong></span> <span class='ocrx_word' id='word_1_226' title='bbox 864 1887 1143 1941; x_wconf 89' lang='lat' dir='ltr'><strong>habeatur</strong></span> <span class='ocrx_word' id='word_1_227' title='bbox 1190 1885 1247 1939; x_wconf 92' lang='lat' dir='ltr'><strong>in</strong></span> <span class='ocrx_word' id='word_1_228' title='bbox 1283 1902 1484 1941; x_wconf 91' lang='lat' dir='ltr'><strong>eorum</strong></span> <span class='ocrx_word' id='word_1_229' title='bbox 1519 1902 1785 1953; x_wconf 88' lang='lat' dir='ltr'><strong>numero,</strong></span> <span class='ocrx_word' id='word_1_230' title='bbox 1818 1902 1988 1955; x_wconf 89' lang='lat' dir='ltr'><strong>quos,</strong></span> 
     </span>
    </p>
   </div>
   <div class='ocr_carea' id='block_1_35' title="bbox 332 1975 1990 2045">
    <p class='ocr_par' dir='ltr' id='par_1_35' title="bbox 332 1975 1990 2045">
     <span class='ocr_line' id='line_1_36' title="bbox 332 1975 1990 2045; baseline -0.001 -15"><span class='ocrx_word' id='word_1_231' title='bbox 332 1976 575 2030; x_wconf 64' lang='lat' dir='ltr'><strong>familias</strong></span> <span class='ocrx_word' id='word_1_232' title='bbox 612 1976 1095 2030; x_wconf 79' lang='lat' dir='ltr'><strong>Montanistarum</strong></span> <span class='ocrx_word' id='word_1_233' title='bbox 1123 1978 1247 2045; x_wconf 86' lang='lat' dir='ltr'><strong>jam</strong></span> <span class='ocrx_word' id='word_1_234' title='bbox 1283 1975 1990 2045; x_wconf 78' lang='lat' dir='ltr'><strong>adscriptus,couiposue-</strong></span> 
     </span>
    </p>
   </div>
   <div class='ocr_carea' id='block_1_36' title="bbox 330 2062 1989 2135">
    <p class='ocr_par' dir='ltr' id='par_1_36' title="bbox 330 2062 1989 2135">
     <span class='ocr_line' id='line_1_37' title="bbox 330 2062 1989 2135; baseline 0 -18"><span class='ocrx_word' id='word_1_235' title='bbox 330 2066 430 2128; x_wconf 85' lang='lat' dir='ltr'><strong>rit,</strong></span> <span class='ocrx_word' id='word_1_236' title='bbox 455 2066 514 2119; x_wconf 91' lang='lat' dir='ltr'><strong>in</strong></span> <span class='ocrx_word' id='word_1_237' title='bbox 549 2081 664 2135; x_wconf 93' lang='lat' dir='ltr'><strong>quo</strong></span> <span class='ocrx_word' id='word_1_238' title='bbox 696 2065 950 2119; x_wconf 90' lang='lat' dir='ltr'><strong>occurrit</strong></span> <span class='ocrx_word' id='word_1_239' title='bbox 982 2080 1194 2118; x_wconf 91' lang='lat' dir='ltr'><strong>nomen</strong></span> <span class='ocrx_word' id='word_1_240' title='bbox 1226 2064 1631 2135; x_wconf 82' lang='lat' dir='ltr'><strong>Psychicorum.</strong></span> <span class='ocrx_word' id='word_1_241' title='bbox 1668 2064 1803 2117; x_wconf 86' lang='lat' dir='ltr'><strong>Erat</strong></span> <span class='ocrx_word' id='word_1_242' title='bbox 1833 2062 1989 2117; x_wconf 91' lang='lat' dir='ltr'><strong>enim</strong></span> 
     </span>
    </p>
   </div>
   <div class='ocr_carea' id='block_1_37' title="bbox 333 2151 1989 2224">
    <p class='ocr_par' dir='ltr' id='par_1_37' title="bbox 333 2151 1989 2224">
     <span class='ocr_line' id='line_1_38' title="bbox 333 2151 1989 2224; baseline -0.001 -17"><span class='ocrx_word' id='word_1_243' title='bbox 333 2156 442 2207; x_wconf 92' lang='lat' dir='ltr'><strong>hoc</strong></span> <span class='ocrx_word' id='word_1_244' title='bbox 479 2154 658 2208; x_wconf 88' lang='lat' dir='ltr'><strong>veluti</strong></span> <span class='ocrx_word' id='word_1_245' title='bbox 692 2152 1178 2224; x_wconf 80' lang='lat' dir='ltr'><strong>symbolum,quo</strong></span> <span class='ocrx_word' id='word_1_246' title='bbox 1211 2152 1401 2206; x_wconf 87' lang='lat' dir='ltr'><strong>socios</strong></span> <span class='ocrx_word' id='word_1_247' title='bbox 1434 2152 1763 2206; x_wconf 67' lang='lat' dir='ltr'><strong>orthodoxae</strong></span> <span class='ocrx_word' id='word_1_248' title='bbox 1796 2151 1989 2206; x_wconf 83' lang='lat' dir='ltr'><strong>Eccle-</strong></span> 
     </span>
    </p>
   </div>
   <div class='ocr_carea' id='block_1_38' title="bbox 329 2239 1991 2312">
    <p class='ocr_par' dir='ltr' id='par_1_38' title="bbox 329 2239 1991 2312">
     <span class='ocr_line' id='line_1_39' title="bbox 329 2239 1991 2312; baseline -0.003 -15"><span class='ocrx_word' id='word_1_249' title='bbox 329 2244 430 2297; x_wconf 74' lang='lat' dir='ltr'><strong>siaa</strong></span> <span class='ocrx_word' id='word_1_250' title='bbox 464 2258 498 2296; x_wconf 93' lang='lat' dir='ltr'><strong>a</strong></span> <span class='ocrx_word' id='word_1_251' title='bbox 528 2258 647 2295; x_wconf 79' lang='lat' dir='ltr'><strong>suae</strong></span> <span class='ocrx_word' id='word_1_252' title='bbox 676 2250 845 2295; x_wconf 68' lang='lat' dir='ltr'><strong>sectae</strong></span> <span class='ocrx_word' id='word_1_253' title='bbox 895 2241 1261 2309; x_wconf 88' lang='lat' dir='ltr'><strong>hominibus,</strong></span> <span class='ocrx_word' id='word_1_254' title='bbox 1294 2257 1442 2312; x_wconf 90' lang='lat' dir='ltr'><strong>quos</strong></span> <span class='ocrx_word' id='word_1_255' title='bbox 1493 2240 1789 2312; x_wconf 89' lang='lat' dir='ltr'><strong>spiritales</strong></span> <span class='ocrx_word' id='word_1_256' title='bbox 1831 2239 1991 2307; x_wconf 89' lang='lat' dir='ltr'><strong>dicit,</strong></span> 
     </span>
    </p>
   </div>
   <div class='ocr_carea' id='block_1_39' title="bbox 329 2330 1992 2401">
    <p class='ocr_par' dir='ltr' id='par_1_39' title="bbox 329 2330 1992 2401">
     <span class='ocr_line' id='line_1_40' title="bbox 329 2330 1992 2401; baseline -0.001 -17"><span class='ocrx_word' id='word_1_257' title='bbox 329 2331 729 2401; x_wconf 88' lang='lat' dir='ltr'><strong>distingueret</strong></span> <span class='ocrx_word' id='word_1_258' title='bbox 797 2331 894 2400; x_wconf 86' lang='lat' dir='ltr'><strong>(V.</strong></span> <span class='ocrx_word' id='word_1_259' title='bbox 961 2330 1431 2401; x_wconf 86' lang='lat' dir='ltr'><strong>Tertullianum,</strong></span> <span class='ocrx_word' id='word_1_260' title='bbox 1500 2330 1565 2384; x_wconf 84' lang='lat' dir='ltr'><strong>de</strong></span> <span class='ocrx_word' id='word_1_261' title='bbox 1628 2330 1992 2400; x_wconf 78' lang='lat' dir='ltr'><strong>Mouogamz&#39;a,</strong></span> 
     </span>
    </p>
   </div>
   <div class='ocr_carea' id='block_1_40' title="bbox 329 2418 1995 2489">
    <p class='ocr_par' dir='ltr' id='par_1_40' title="bbox 329 2418 1995 2489">
     <span class='ocr_line' id='line_1_41' title="bbox 329 2418 1995 2489; baseline -0.002 -15"><span class='ocrx_word' id='word_1_262' title='bbox 329 2436 462 2487; x_wconf 87' lang='lat' dir='ltr'><strong>cap.</strong></span> <span class='ocrx_word' id='word_1_263' title='bbox 503 2420 555 2483; x_wconf 87' lang='grc'><strong>1,</strong></span> <span class='ocrx_word' id='word_1_264' title='bbox 612 2419 753 2472; x_wconf 89' lang='lat' dir='ltr'><strong>edit.</strong></span> <span class='ocrx_word' id='word_1_265' title='bbox 802 2419 921 2473; x_wconf 78' lang='lat' dir='ltr'><strong>Nic.</strong></span> <span class='ocrx_word' id='word_1_266' title='bbox 974 2418 1206 2487; x_wconf 82' lang='lat' dir='ltr'><strong>Rigaltii</strong></span> <span class='ocrx_word' id='word_1_267' title='bbox 1262 2418 1329 2487; x_wconf 88' lang='lat' dir='ltr'><strong>ll,</strong></span> <span class='ocrx_word' id='word_1_268' title='bbox 1384 2436 1437 2489; x_wconf 93' lang='lat' dir='ltr'><strong>p.</strong></span> <span class='ocrx_word' id='word_1_269' title='bbox 1482 2419 1589 2472; x_wconf 87' lang='lat'><strong>673</strong></span> <span class='ocrx_word' id='word_1_270' title='bbox 1638 2418 1765 2485; x_wconf 84' lang='lat' dir='ltr'><strong>R.);</strong></span> <span class='ocrx_word' id='word_1_271' title='bbox 1820 2424 1995 2489; x_wconf 91' lang='lat' dir='ltr'><strong>atque</strong></span> 
     </span>
    </p>
   </div>
   <div class='ocr_carea' id='block_1_41' title="bbox 329 2506 1993 2579">
    <p class='ocr_par' dir='ltr' id='par_1_41' title="bbox 329 2506 1993 2579">
     <span class='ocr_line' id='line_1_42' title="bbox 329 2506 1993 2579; baseline -0.001 -18"><span class='ocrx_word' id='word_1_272' title='bbox 329 2510 569 2562; x_wconf 85' lang='lat' dir='ltr'><strong>videtur</strong></span> <span class='ocrx_word' id='word_1_273' title='bbox 600 2514 724 2561; x_wconf 91' lang='lat' dir='ltr'><strong>tum</strong></span> <span class='ocrx_word' id='word_1_274' title='bbox 769 2508 887 2562; x_wconf 87' lang='lat' dir='ltr'><strong>fere</strong></span> <span class='ocrx_word' id='word_1_275' title='bbox 917 2508 1255 2575; x_wconf 80' lang='lat' dir='ltr'><strong>conﬁctam,</strong></span> <span class='ocrx_word' id='word_1_276' title='bbox 1288 2524 1422 2561; x_wconf 91' lang='lat' dir='ltr'><strong>cum</strong></span> <span class='ocrx_word' id='word_1_277' title='bbox 1455 2523 1575 2572; x_wconf 86' lang='lat' dir='ltr'><strong>eos,</strong></span> <span class='ocrx_word' id='word_1_278' title='bbox 1611 2506 1709 2578; x_wconf 90' lang='lat' dir='ltr'><strong>qui</strong></span> <span class='ocrx_word' id='word_1_279' title='bbox 1745 2506 1993 2579; x_wconf 89' lang='lat' dir='ltr'><strong>rigidam</strong></span> 
     </span>
    </p>
   </div>
   <div class='ocr_carea' id='block_1_42' title="bbox 332 2595 1997 2667">
    <p class='ocr_par' dir='ltr' id='par_1_42' title="bbox 332 2595 1997 2667">
     <span class='ocr_line' id='line_1_43' title="bbox 332 2595 1997 2667; baseline -0.001 -17"><span class='ocrx_word' id='word_1_280' title='bbox 332 2596 597 2651; x_wconf 75' lang='lat' dir='ltr'><strong>Montani</strong></span> <span class='ocrx_word' id='word_1_281' title='bbox 648 2595 1024 2666; x_wconf 89' lang='lat' dir='ltr'><strong>disciplinam</strong></span> <span class='ocrx_word' id='word_1_282' title='bbox 1082 2613 1194 2651; x_wconf 90' lang='lat' dir='ltr'><strong>non</strong></span> <span class='ocrx_word' id='word_1_283' title='bbox 1249 2596 1626 2665; x_wconf 81' lang='lat' dir='ltr'><strong>recipiebant,</strong></span> <span class='ocrx_word' id='word_1_284' title='bbox 1658 2610 1997 2667; x_wconf 85' lang='lat' dir='ltr'><strong>oppugnare</strong></span> 
     </span>
    </p>
   </div>
   <div class='ocr_carea' id='block_1_43' title="bbox 332 2684 1995 2756">
    <p class='ocr_par' dir='ltr' id='par_1_43' title="bbox 332 2684 1995 2756">
     <span class='ocr_line' id='line_1_44' title="bbox 332 2684 1995 2756; baseline -0.001 -17"><span class='ocrx_word' id='word_1_285' title='bbox 332 2685 647 2756; x_wconf 82' lang='lat' dir='ltr'><strong>inciperet.</strong></span> <span class='ocrx_word' id='word_1_286' title='bbox 667 2684 863 2756; x_wconf 86' lang='lat' dir='ltr'><strong>Neque</strong></span> <span class='ocrx_word' id='word_1_287' title='bbox 886 2685 940 2739; x_wconf 92' lang='lat' dir='ltr'><strong>id</strong></span> <span class='ocrx_word' id='word_1_288' title='bbox 972 2685 1223 2739; x_wconf 90' lang='lat' dir='ltr'><strong>occurrit</strong></span> <span class='ocrx_word' id='word_1_289' title='bbox 1247 2686 1303 2739; x_wconf 91' lang='lat' dir='ltr'><strong>in</strong></span> <span class='ocrx_word' id='word_1_290' title='bbox 1328 2685 1446 2739; x_wconf 92' lang='lat' dir='ltr'><strong>ullo</strong></span> <span class='ocrx_word' id='word_1_291' title='bbox 1475 2684 1624 2739; x_wconf 87' lang='lat' dir='ltr'><strong>libro</strong></span> <span class='ocrx_word' id='word_1_292' title='bbox 1659 2685 1791 2751; x_wconf 90' lang='lat' dir='ltr'><strong>alio,</strong></span> <span class='ocrx_word' id='word_1_293' title='bbox 1822 2700 1995 2754; x_wconf 90' lang='lat' dir='ltr'><strong>quem</strong></span> 
     </span>
    </p>
   </div>
   <div class='ocr_carea' id='block_1_44' title="bbox 335 2774 1997 2845">
    <p class='ocr_par' dir='ltr' id='par_1_44' title="bbox 335 2774 1997 2845">
     <span class='ocr_line' id='line_1_45' title="bbox 335 2774 1997 2845; baseline -0.001 -16"><span class='ocrx_word' id='word_1_294' title='bbox 335 2774 622 2845; x_wconf 86' lang='lat' dir='ltr'><strong>temporis</strong></span> <span class='ocrx_word' id='word_1_295' title='bbox 655 2780 756 2827; x_wconf 88' lang='lat' dir='ltr'><strong>aut</strong></span> <span class='ocrx_word' id='word_1_296' title='bbox 806 2774 993 2845; x_wconf 89' lang='lat' dir='ltr'><strong>ipsius</strong></span> <span class='ocrx_word' id='word_1_297' title='bbox 1025 2774 1304 2829; x_wconf 63' lang='lat' dir='ltr'><strong>doctrinae</strong></span> <span class='ocrx_word' id='word_1_298' title='bbox 1334 2774 1481 2829; x_wconf 89' lang='lat' dir='ltr'><strong>ratio</strong></span> <span class='ocrx_word' id='word_1_299' title='bbox 1513 2774 1834 2829; x_wconf 86' lang='lat' dir='ltr'><strong>ostendunt</strong></span> <span class='ocrx_word' id='word_1_300' title='bbox 1865 2780 1997 2828; x_wconf 88' lang='lat' dir='ltr'><strong>ante</strong></span> 
     </span>
    </p>
   </div>
   <div class='ocr_carea' id='block_1_45' title="bbox 332 2864 1993 2934">
    <p class='ocr_par' dir='ltr' id='par_1_45' title="bbox 332 2864 1993 2934">
     <span class='ocr_line' id='line_1_46' title="bbox 332 2864 1993 2934; baseline -0.002 -15"><span class='ocrx_word' id='word_1_301' title='bbox 332 2866 466 2934; x_wconf 87' lang='lat' dir='ltr'><strong>ejus</strong></span> <span class='ocrx_word' id='word_1_302' title='bbox 498 2864 884 2918; x_wconf 77' lang='lat' dir='ltr'><strong>defectionem</strong></span> <span class='ocrx_word' id='word_1_303' title='bbox 934 2866 1331 2934; x_wconf 89' lang='lat' dir='ltr'><strong>conscriptum</strong></span> <span class='ocrx_word' id='word_1_304' title='bbox 1382 2864 1585 2918; x_wconf 87' lang='lat' dir='ltr'><strong>fuisse.</strong></span> <span class='ocrx_word' id='word_1_305' title='bbox 1622 2868 1824 2934; x_wconf 89' lang='lat' dir='ltr'><strong>Itaque</strong></span> <span class='ocrx_word' id='word_1_306' title='bbox 1881 2880 1993 2917; x_wconf 92' lang='lat' dir='ltr'><strong>non</strong></span> 
     </span>
    </p>
   </div>
   <div class='ocr_carea' id='block_1_46' title="bbox 332 2960 1996 3032">
    <p class='ocr_par' dir='ltr' id='par_1_46' title="bbox 332 2960 1996 3032">
     <span class='ocr_line' id='line_1_47' title="bbox 332 2960 1996 3032; baseline -0.002 -15"><span class='ocrx_word' id='word_1_307' title='bbox 332 2967 425 3017; x_wconf 74' lang='lat' dir='ltr'><strong>est</strong></span> <span class='ocrx_word' id='word_1_308' title='bbox 457 2960 872 3027; x_wconf 85' lang='lat' dir='ltr'><strong>dubitandum,</strong></span> <span class='ocrx_word' id='word_1_309' title='bbox 909 2961 1048 3032; x_wconf 91' lang='lat' dir='ltr'><strong>quin</strong></span> <span class='ocrx_word' id='word_1_310' title='bbox 1082 2961 1202 3016; x_wconf 91' lang='lat' dir='ltr'><strong>sint</strong></span> <span class='ocrx_word' id='word_1_311' title='bbox 1253 2961 1348 3016; x_wconf 90' lang='lat' dir='ltr'><strong>isti</strong></span> <span class='ocrx_word' id='word_1_312' title='bbox 1398 2960 1553 3027; x_wconf 88' lang='lat' dir='ltr'><strong>libri,</strong></span> <span class='ocrx_word' id='word_1_313' title='bbox 1587 2961 1686 3031; x_wconf 88' lang='lat' dir='ltr'><strong>qui</strong></span> <span class='ocrx_word' id='word_1_314' title='bbox 1733 2960 1840 3015; x_wconf 93' lang='lat' dir='ltr'><strong>hoc</strong></span> <span class='ocrx_word' id='word_1_315' title='bbox 1893 2978 1996 3014; x_wconf 89' lang='lat' dir='ltr'><strong>n0-</strong></span> 
     </span>
    </p>
   </div>
   <div class='ocr_carea' id='block_1_47' title="bbox 334 3050 1997 3121">
    <p class='ocr_par' dir='ltr' id='par_1_47' title="bbox 334 3050 1997 3121">
     <span class='ocr_line' id='line_1_48' title="bbox 334 3050 1997 3121; baseline -0.001 -16"><span class='ocrx_word' id='word_1_316' title='bbox 334 3068 474 3105; x_wconf 89' lang='lat' dir='ltr'><strong>men</strong></span> <span class='ocrx_word' id='word_1_317' title='bbox 508 3051 837 3113; x_wconf 87' lang='lat' dir='ltr'><strong>continent,</strong></span> <span class='ocrx_word' id='word_1_318' title='bbox 870 3067 1076 3106; x_wconf 88' lang='lat' dir='ltr'><strong>omnes</strong></span> <span class='ocrx_word' id='word_1_319' title='bbox 1109 3054 1240 3121; x_wconf 89' lang='lat' dir='ltr'><strong>post</strong></span> <span class='ocrx_word' id='word_1_320' title='bbox 1283 3054 1623 3121; x_wconf 89' lang='lat' dir='ltr'><strong>susceptum</strong></span> <span class='ocrx_word' id='word_1_321' title='bbox 1676 3050 1997 3104; x_wconf 80' lang='lat' dir='ltr'><strong>Montanis-</strong></span> 
     </span>
    </p>
   </div>
   <div class='ocr_carea' id='block_1_48' title="bbox 334 3138 1999 3195">
    <p class='ocr_par' dir='ltr' id='par_1_48' title="bbox 334 3138 1999 3195">
     <span class='ocr_line' id='line_1_49' title="bbox 334 3138 1999 3195; baseline -0.002 0"><span class='ocrx_word' id='word_1_322' title='bbox 334 3158 506 3195; x_wconf 90' lang='lat' dir='ltr'><strong>mum</strong></span> <span class='ocrx_word' id='word_1_323' title='bbox 550 3143 791 3195; x_wconf 83' lang='lat' dir='ltr'><strong>exarati.</strong></span> <span class='ocrx_word' id='word_1_324' title='bbox 833 3141 983 3195; x_wconf 78' lang='lat' dir='ltr'><strong>Alter</strong></span> <span class='ocrx_word' id='word_1_325' title='bbox 1025 3156 1211 3195; x_wconf 91' lang='lat' dir='ltr'><strong>canon</strong></span> <span class='ocrx_word' id='word_1_326' title='bbox 1258 3139 1351 3194; x_wconf 91' lang='lat' dir='ltr'><strong>hic</strong></span> <span class='ocrx_word' id='word_1_327' title='bbox 1404 3144 1526 3194; x_wconf 87' lang='lat' dir='ltr'><strong>esto</strong></span> <span class='ocrx_word' id='word_1_328' title='bbox 1562 3156 1574 3193; x_wconf 92' lang='lat'><strong>:</strong></span> <span class='ocrx_word' id='word_1_329' title='bbox 1609 3138 1802 3193; x_wconf 90' lang='lat' dir='ltr'><strong>omnis</strong></span> <span class='ocrx_word' id='word_1_330' title='bbox 1856 3138 1999 3192; x_wconf 90' lang='lat' dir='ltr'><strong>liber</strong></span> 
     </span>
    </p>
   </div>
   <div class='ocr_carea' id='block_1_49' title="bbox 331 3226 1996 3298">
    <p class='ocr_par' dir='ltr' id='par_1_49' title="bbox 331 3226 1996 3298">
     <span class='ocr_line' id='line_1_50' title="bbox 331 3226 1996 3298; baseline -0.002 -14"><span class='ocrx_word' id='word_1_331' title='bbox 331 3229 685 3284; x_wconf 82' lang='lat' dir='ltr'><strong>Tertulliani</strong></span> <span class='ocrx_word' id='word_1_332' title='bbox 716 3245 784 3284; x_wconf 85' lang='lat' dir='ltr'><strong>ex</strong></span> <span class='ocrx_word' id='word_1_333' title='bbox 816 3228 1076 3285; x_wconf 87' lang='lat' dir='ltr'><strong>Montani</strong></span> <span class='ocrx_word' id='word_1_334' title='bbox 1109 3228 1343 3283; x_wconf 84' lang='lat' dir='ltr'><strong>ofﬁcina</strong></span> <span class='ocrx_word' id='word_1_335' title='bbox 1379 3228 1591 3283; x_wconf 87' lang='lat' dir='ltr'><strong>exiisse</strong></span> <span class='ocrx_word' id='word_1_336' title='bbox 1623 3226 1996 3298; x_wconf 77' lang='lat' dir='ltr'><strong>ptitetur,qui</strong></span> 
     </span>
    </p>
   </div>
   <div class='ocr_carea' id='block_1_50' title="bbox 333 3316 2000 3388">
    <p class='ocr_par' dir='ltr' id='par_1_50' title="bbox 333 3316 2000 3388">
     <span class='ocr_line' id='line_1_51' title="bbox 333 3316 2000 3388; baseline -0.002 -15"><span class='ocrx_word' id='word_1_337' title='bbox 333 3319 642 3373; x_wconf 88' lang='lat' dir='ltr'><strong>doctrinas</strong></span> <span class='ocrx_word' id='word_1_338' title='bbox 673 3323 884 3373; x_wconf 86' lang='lat' dir='ltr'><strong>tractat</strong></span> <span class='ocrx_word' id='word_1_339' title='bbox 916 3334 1029 3373; x_wconf 92' lang='lat' dir='ltr'><strong>non</strong></span> <span class='ocrx_word' id='word_1_340' title='bbox 1061 3318 1298 3388; x_wconf 88' lang='lat' dir='ltr'><strong>quidem</strong></span> <span class='ocrx_word' id='word_1_341' title='bbox 1340 3316 1833 3371; x_wconf 87' lang='lat' dir='ltr'><strong>Montanistarum</strong></span> <span class='ocrx_word' id='word_1_342' title='bbox 1869 3334 2000 3386; x_wconf 90' lang='lat' dir='ltr'><strong>pro-</strong></span> 
     </span>
    </p>
   </div>
   <div class='ocr_carea' id='block_1_51' title="bbox 334 3404 2003 3478">
    <p class='ocr_par' dir='ltr' id='par_1_51' title="bbox 334 3404 2003 3478">
     <span class='ocr_line' id='line_1_52' title="bbox 334 3404 2003 3478; baseline -0.002 -17"><span class='ocrx_word' id='word_1_343' title='bbox 334 3409 524 3478; x_wconf 88' lang='lat' dir='ltr'><strong>prias,</strong></span> <span class='ocrx_word' id='word_1_344' title='bbox 559 3408 662 3461; x_wconf 89' lang='lat' dir='ltr'><strong>sed</strong></span> <span class='ocrx_word' id='word_1_345' title='bbox 720 3414 911 3461; x_wconf 87' lang='lat' dir='ltr'><strong>tamen</strong></span> <span class='ocrx_word' id='word_1_346' title='bbox 967 3406 1247 3461; x_wconf 90' lang='lat' dir='ltr'><strong>Paracleti</strong></span> <span class='ocrx_word' id='word_1_347' title='bbox 1302 3406 1610 3475; x_wconf 89' lang='lat' dir='ltr'><strong>cujusdam</strong></span> <span class='ocrx_word' id='word_1_348' title='bbox 1658 3404 2003 3459; x_wconf 87' lang='lat' dir='ltr'><strong>auctoritate</strong></span> 
     </span>
    </p>
   </div>
   <div class='ocr_carea' id='block_1_52' title="bbox 338 3492 2008 3564">
    <p class='ocr_par' dir='ltr' id='par_1_52' title="bbox 338 3492 2008 3564">
     <span class='ocr_line' id='line_1_53' title="bbox 338 3492 2008 3564; baseline -0.001 -16"><span class='ocrx_word' id='word_1_349' title='bbox 338 3495 746 3550; x_wconf 85' lang='lat' dir='ltr'><strong>conﬁrmatas.</strong></span> <span class='ocrx_word' id='word_1_350' title='bbox 803 3500 1065 3564; x_wconf 84' lang='lat' dir='ltr'><strong>Namque</strong></span> <span class='ocrx_word' id='word_1_351' title='bbox 1117 3496 1209 3549; x_wconf 91' lang='lat' dir='ltr'><strong>hic</strong></span> <span class='ocrx_word' id='word_1_352' title='bbox 1241 3500 1363 3549; x_wconf 91' lang='lat' dir='ltr'><strong>erat</strong></span> <span class='ocrx_word' id='word_1_353' title='bbox 1394 3493 1667 3564; x_wconf 86' lang='lat' dir='ltr'><strong>capitalis</strong></span> <span class='ocrx_word' id='word_1_354' title='bbox 1722 3492 2008 3547; x_wconf 80' lang='lat' dir='ltr'><strong>Montani-</strong></span> 
     </span>
    </p>
   </div>
   <div class='ocr_carea' id='block_1_53' title="bbox 340 3583 2005 3654">
    <p class='ocr_par' dir='ltr' id='par_1_53' title="bbox 340 3583 2005 3654">
     <span class='ocr_line' id='line_1_54' title="bbox 340 3583 2005 3654; baseline -0.001 -17"><span class='ocrx_word' id='word_1_355' title='bbox 340 3594 576 3638; x_wconf 87' lang='lat' dir='ltr'><strong>starum</strong></span> <span class='ocrx_word' id='word_1_356' title='bbox 612 3601 791 3651; x_wconf 90' lang='lat' dir='ltr'><strong>error,</strong></span> <span class='ocrx_word' id='word_1_357' title='bbox 829 3585 983 3654; x_wconf 89' lang='lat' dir='ltr'><strong>quod</strong></span> <span class='ocrx_word' id='word_1_358' title='bbox 1020 3583 1380 3638; x_wconf 89' lang='lat' dir='ltr'><strong>Paracletum</strong></span> <span class='ocrx_word' id='word_1_359' title='bbox 1407 3584 1699 3653; x_wconf 86' lang='lat' dir='ltr'><strong>jactarent</strong></span> <span class='ocrx_word' id='word_1_360' title='bbox 1720 3598 1826 3635; x_wconf 89' lang='lat' dir='ltr'><strong>suo</strong></span> <span class='ocrx_word' id='word_1_361' title='bbox 1856 3586 2005 3636; x_wconf 88' lang='lat' dir='ltr'><strong>tem-</strong></span> 
     </span>
    </p>
   </div>
   <div class='ocr_carea' id='block_1_54' title="bbox 342 3669 2005 3742">
    <p class='ocr_par' dir='ltr' id='par_1_54' title="bbox 342 3669 2005 3742">
     <span class='ocr_line' id='line_1_55' title="bbox 342 3669 2005 3742; baseline -0.002 -16"><span class='ocrx_word' id='word_1_362' title='bbox 342 3688 487 3742; x_wconf 87' lang='lat' dir='ltr'><strong>pore</strong></span> <span class='ocrx_word' id='word_1_363' title='bbox 520 3673 751 3727; x_wconf 85' lang='lat' dir='ltr'><strong>venisse</strong></span> <span class='ocrx_word' id='word_1_364' title='bbox 786 3672 984 3740; x_wconf 88' lang='lat' dir='ltr'><strong>talem,</strong></span> <span class='ocrx_word' id='word_1_365' title='bbox 1018 3674 1116 3742; x_wconf 91' lang='lat' dir='ltr'><strong>qui</strong></span> <span class='ocrx_word' id='word_1_366' title='bbox 1151 3677 1207 3726; x_wconf 89' lang='lat' dir='ltr'><strong>et</strong></span> <span class='ocrx_word' id='word_1_367' title='bbox 1236 3672 1354 3725; x_wconf 83' lang='lat' dir='ltr'><strong>dux</strong></span> <span class='ocrx_word' id='word_1_368' title='bbox 1396 3675 1550 3725; x_wconf 87' lang='lat' dir='ltr'><strong>esset</strong></span> <span class='ocrx_word' id='word_1_369' title='bbox 1580 3671 1651 3725; x_wconf 91' lang='lat' dir='ltr'><strong>ad</strong></span> <span class='ocrx_word' id='word_1_370' title='bbox 1701 3669 2005 3724; x_wconf 87' lang='lat' dir='ltr'><strong>veritatem</strong></span> 
     </span>
    </p>
   </div>
   <div class='ocr_carea' id='block_1_55' title="bbox 345 3758 2007 3826">
    <p class='ocr_par' dir='ltr' id='par_1_55' title="bbox 345 3758 2007 3826">
     <span class='ocr_line' id='line_1_56' title="bbox 345 3758 2007 3826; baseline -0.003 -11"><span class='ocrx_word' id='word_1_371' title='bbox 345 3777 608 3826; x_wconf 87' lang='lat' dir='ltr'><strong>omnem,</strong></span> <span class='ocrx_word' id='word_1_372' title='bbox 642 3767 700 3815; x_wconf 89' lang='lat' dir='ltr'><strong>et</strong></span> <span class='ocrx_word' id='word_1_373' title='bbox 744 3777 890 3815; x_wconf 93' lang='lat' dir='ltr'><strong>nova</strong></span> <span class='ocrx_word' id='word_1_374' title='bbox 939 3776 1136 3815; x_wconf 90' lang='lat' dir='ltr'><strong>rerum</strong></span> <span class='ocrx_word' id='word_1_375' title='bbox 1189 3761 1523 3814; x_wconf 90' lang='lat' dir='ltr'><strong>divinarum</strong></span> <span class='ocrx_word' id='word_1_376' title='bbox 1558 3760 1805 3814; x_wconf 83' lang='lat' dir='ltr'><strong>scientia</strong></span> <span class='ocrx_word' id='word_1_377' title='bbox 1836 3758 2007 3813; x_wconf 85' lang='lat' dir='ltr'><strong>audi-</strong></span> 
     </span>
    </p>
   </div>
   <div class='ocr_carea' id='block_1_56' title="bbox 343 3850 2007 3921">
    <p class='ocr_par' dir='ltr' id='par_1_56' title="bbox 343 3850 2007 3921">
     <span class='ocr_line' id='line_1_57' title="bbox 343 3850 2007 3921; baseline -0.001 -19"><span class='ocrx_word' id='word_1_378' title='bbox 343 3855 508 3904; x_wconf 86' lang='lat' dir='ltr'><strong>tores</strong></span> <span class='ocrx_word' id='word_1_379' title='bbox 536 3866 675 3905; x_wconf 88' lang='lat' dir='ltr'><strong>suos</strong></span> <span class='ocrx_word' id='word_1_380' title='bbox 709 3850 997 3905; x_wconf 89' lang='lat' dir='ltr'><strong>imbueret</strong></span> <span class='ocrx_word' id='word_1_381' title='bbox 1029 3850 1126 3918; x_wconf 91' lang='lat' dir='ltr'><strong>ita,</strong></span> <span class='ocrx_word' id='word_1_382' title='bbox 1148 3855 1211 3904; x_wconf 90' lang='lat' dir='ltr'><strong>ut</strong></span> <span class='ocrx_word' id='word_1_383' title='bbox 1240 3854 1813 3921; x_wconf 69' lang='lat' dir='ltr'><strong>cognoscerent,quaa</strong></span> <span class='ocrx_word' id='word_1_384' title='bbox 1846 3852 2007 3918; x_wconf 86' lang='lat' dir='ltr'><strong>pate-</strong></span> 
     </span>
    </p>
   </div>
   <div class='ocr_carea' id='block_1_57' title="bbox 343 3936 2013 4009">
    <p class='ocr_par' dir='ltr' id='par_1_57' title="bbox 343 3936 2013 4009">
     <span class='ocr_line' id='line_1_58' title="bbox 343 3936 2013 4009; baseline -0.001 -18"><span class='ocrx_word' id='word_1_385' title='bbox 343 3942 503 3993; x_wconf 85' lang='lat' dir='ltr'><strong>lacta</strong></span> <span class='ocrx_word' id='word_1_386' title='bbox 534 3939 680 3992; x_wconf 91' lang='lat' dir='ltr'><strong>nulli</strong></span> <span class='ocrx_word' id='word_1_387' title='bbox 714 3943 913 3993; x_wconf 88' lang='lat' dir='ltr'><strong>essent</strong></span> <span class='ocrx_word' id='word_1_388' title='bbox 961 3937 1315 4009; x_wconf 86' lang='lat' dir='ltr'><strong>antiquioris</strong></span> <span class='ocrx_word' id='word_1_389' title='bbox 1350 3938 1643 3992; x_wconf 69' lang='lat' dir='ltr'><strong>memoria:</strong></span> <span class='ocrx_word' id='word_1_390' title='bbox 1677 3936 1922 4005; x_wconf 87' lang='lat' dir='ltr'><strong>homini,</strong></span> <span class='ocrx_word' id='word_1_391' title='bbox 1957 3940 2013 3990; x_wconf 91' lang='lat' dir='ltr'><strong>et</strong></span> 
     </span>
    </p>
   </div>
   <div class='ocr_carea' id='block_1_58' title="bbox 344 4026 2013 4098">
    <p class='ocr_par' dir='ltr' id='par_1_58' title="bbox 344 4026 2013 4098">
     <span class='ocr_line' id='line_1_59' title="bbox 344 4026 2013 4098; baseline -0.002 -17"><span class='ocrx_word' id='word_1_392' title='bbox 344 4029 417 4082; x_wconf 90' lang='lat' dir='ltr'><strong>ad</strong></span> <span class='ocrx_word' id='word_1_393' title='bbox 454 4027 774 4081; x_wconf 78' lang='lat' dir='ltr'><strong>maximam</strong></span> <span class='ocrx_word' id='word_1_394' title='bbox 819 4026 1235 4098; x_wconf 82' lang='lat' dir='ltr'><strong>perfectionem</strong></span> <span class='ocrx_word' id='word_1_395' title='bbox 1283 4044 1441 4081; x_wconf 93' lang='lat' dir='ltr'><strong>nunc</strong></span> <span class='ocrx_word' id='word_1_396' title='bbox 1473 4027 1731 4098; x_wconf 79' lang='lat' dir='ltr'><strong>aspirare</strong></span> <span class='ocrx_word' id='word_1_397' title='bbox 1774 4028 2013 4096; x_wconf 84' lang='lat' dir='ltr'><strong>possent</strong></span> 
     </span>
    </p>
   </div>
   <div class='ocr_carea' id='block_1_59' title="bbox 336 4114 2011 4187">
    <p class='ocr_par' dir='ltr' id='par_1_59' title="bbox 336 4114 2011 4187">
     <span class='ocr_line' id='line_1_60' title="bbox 336 4114 2011 4187; baseline -0.001 -18"><span class='ocrx_word' id='word_1_398' title='bbox 336 4117 519 4187; x_wconf 78' lang='lat' dir='ltr'><strong>(Vide</strong></span> <span class='ocrx_word' id='word_1_399' title='bbox 566 4117 869 4179; x_wconf 84' lang='lat' dir='ltr'><strong>eumdem,</strong></span> <span class='ocrx_word' id='word_1_400' title='bbox 919 4118 974 4170; x_wconf 93' lang='lat' dir='ltr'><strong>in</strong></span> <span class='ocrx_word' id='word_1_401' title='bbox 1047 4115 1193 4171; x_wconf 91' lang='lat' dir='ltr'><strong>libro</strong></span> <span class='ocrx_word' id='word_1_402' title='bbox 1242 4116 1307 4171; x_wconf 80' lang='lat' dir='ltr'><strong>de</strong></span> <span class='ocrx_word' id='word_1_403' title='bbox 1367 4116 1618 4170; x_wconf 82' lang='lat' dir='ltr'><strong>Velandzs</strong></span> <span class='ocrx_word' id='word_1_404' title='bbox 1679 4114 2011 4184; x_wconf 75' lang='lat' dir='ltr'><strong>Virginibus,</strong></span> 
     </span>
    </p>
   </div>
   <div class='ocr_carea' id='block_1_60' title="bbox 338 4203 2010 4276">
    <p class='ocr_par' dir='ltr' id='par_1_60' title="bbox 338 4203 2010 4276">
     <span class='ocr_line' id='line_1_61' title="bbox 338 4203 2010 4276; baseline -0.003 -16"><span class='ocrx_word' id='word_1_405' title='bbox 338 4223 472 4276; x_wconf 85' lang='lat' dir='ltr'><strong>cap.</strong></span> <span class='ocrx_word' id='word_1_406' title='bbox 531 4207 581 4269; x_wconf 90' lang='grc'><strong>1,</strong></span> <span class='ocrx_word' id='word_1_407' title='bbox 634 4210 693 4259; x_wconf 90' lang='lat' dir='ltr'><strong>et</strong></span> <span class='ocrx_word' id='word_1_408' title='bbox 743 4204 890 4260; x_wconf 90' lang='lat' dir='ltr'><strong>libro</strong></span> <span class='ocrx_word' id='word_1_409' title='bbox 936 4222 1012 4274; x_wconf 87' lang='grc' dir='ltr'><strong>ιν,</strong></span> <span class='ocrx_word' id='word_1_410' title='bbox 1070 4205 1336 4259; x_wconf 81' lang='lat' dir='ltr'><strong>Adversus</strong></span> <span class='ocrx_word' id='word_1_411' title='bbox 1398 4206 1748 4267; x_wconf 83' lang='lat' dir='ltr'><strong>Marcionem,</strong></span> <span class='ocrx_word' id='word_1_412' title='bbox 1810 4220 1858 4258; x_wconf 93' lang='lat' dir='ltr'><strong>c.</strong></span> <span class='ocrx_word' id='word_1_413' title='bbox 1918 4203 2010 4270; x_wconf 81' lang='lat'><strong>2‘2,</strong></span> 
     </span>
    </p>
   </div>
   <div class='ocr_carea' id='block_1_61' title="bbox 338 4293 2009 4365">
    <p class='ocr_par' dir='ltr' id='par_1_61' title="bbox 338 4293 2009 4365">
     <span class='ocr_line' id='line_1_62' title="bbox 338 4293 2009 4365; baseline -0.004 -14"><span class='ocrx_word' id='word_1_414' title='bbox 338 4312 396 4365; x_wconf 88' lang='lat' dir='ltr'><strong>p.</strong></span> <span class='ocrx_word' id='word_1_415' title='bbox 428 4295 537 4347; x_wconf 79' lang='lat'><strong>537</strong></span> <span class='ocrx_word' id='word_1_416' title='bbox 578 4294 664 4364; x_wconf 79' lang='grc' dir='ltr'><strong>Ο).</strong></span> <span class='ocrx_word' id='word_1_417' title='bbox 718 4300 910 4365; x_wconf 82' lang='lat' dir='ltr'><strong>Atque</strong></span> <span class='ocrx_word' id='word_1_418' title='bbox 959 4294 1140 4365; x_wconf 85' lang='lat' dir='ltr'><strong>hujus</strong></span> <span class='ocrx_word' id='word_1_419' title='bbox 1190 4293 1468 4349; x_wconf 88' lang='lat' dir='ltr'><strong>Paracleti</strong></span> <span class='ocrx_word' id='word_1_420' title='bbox 1519 4293 1875 4363; x_wconf 87' lang='lat' dir='ltr'><strong>agnitionem</strong></span> <span class='ocrx_word' id='word_1_421' title='bbox 1926 4307 2009 4356; x_wconf 88' lang='lat' dir='ltr'><strong>se,</strong></span> 
     </span>
    </p>
   </div>
   <div class='ocr_carea' id='block_1_62' title="bbox 342 4382 2007 4451">
    <p class='ocr_par' dir='ltr' id='par_1_62' title="bbox 342 4382 2007 4451">
     <span class='ocr_line' id='line_1_63' title="bbox 342 4382 2007 4451; baseline -0.002 -14"><span class='ocrx_word' id='word_1_422' title='bbox 342 4385 445 4448; x_wconf 86' lang='lat' dir='ltr'><strong>ait,</strong></span> <span class='ocrx_word' id='word_1_423' title='bbox 481 4384 815 4451; x_wconf 83' lang='lat' dir='ltr'><strong>sejunxisse</strong></span> <span class='ocrx_word' id='word_1_424' title='bbox 839 4384 910 4437; x_wconf 89' lang='lat' dir='ltr'><strong>ab</strong></span> <span class='ocrx_word' id='word_1_425' title='bbox 934 4382 1192 4437; x_wconf 88' lang='lat' dir='ltr'><strong>Ecclesia</strong></span> <span class='ocrx_word' id='word_1_426' title='bbox 1224 4383 1513 4449; x_wconf 79' lang='lat' dir='ltr'><strong>(Adversus</strong></span> <span class='ocrx_word' id='word_1_427' title='bbox 1536 4383 1683 4436; x_wconf 78' lang='grc'><strong>101</strong></span> <span class='ocrx_word' id='word_1_428' title='bbox 1713 4383 2007 4448; x_wconf 72' lang='lat' dir='ltr'><strong>Praxeam,</strong></span> 
     </span>
    </p>
   </div>
   <div class='ocr_carea' id='block_1_63' title="bbox 339 4471 2003 4545">
    <p class='ocr_par' dir='ltr' id='par_1_63' title="bbox 339 4471 2003 4545">
     <span class='ocr_line' id='line_1_64' title="bbox 339 4471 2003 4545; baseline -0.004 -16"><span class='ocrx_word' id='word_1_429' title='bbox 339 4490 469 4545; x_wconf 90' lang='lat' dir='ltr'><strong>cap.</strong></span> <span class='ocrx_word' id='word_1_430' title='bbox 526 4475 578 4537; x_wconf 87' lang='grc'><strong>1,</strong></span> <span class='ocrx_word' id='word_1_431' title='bbox 628 4490 683 4543; x_wconf 85' lang='grc' dir='ltr'><strong>ρ.</strong></span> <span class='ocrx_word' id='word_1_432' title='bbox 717 4473 823 4526; x_wconf 81' lang='grc'><strong>634</strong></span> <span class='ocrx_word' id='word_1_433' title='bbox 858 4476 960 4543; x_wconf 84' lang='lat' dir='ltr'><strong>D);</strong></span> <span class='ocrx_word' id='word_1_434' title='bbox 998 4488 1187 4543; x_wconf 90' lang='lat' dir='ltr'><strong>neque</strong></span> <span class='ocrx_word' id='word_1_435' title='bbox 1218 4472 1372 4525; x_wconf 89' lang='lat' dir='ltr'><strong>hunc</strong></span> <span class='ocrx_word' id='word_1_436' title='bbox 1424 4471 1533 4526; x_wconf 92' lang='lat' dir='ltr'><strong>sibi</strong></span> <span class='ocrx_word' id='word_1_437' title='bbox 1582 4486 1837 4525; x_wconf 90' lang='lat' dir='ltr'><strong>errorem</strong></span> <span class='ocrx_word' id='word_1_438' title='bbox 1873 4486 2003 4541; x_wconf 87' lang='lat' dir='ltr'><strong>per-</strong></span> 
     </span>
    </p>
   </div>
   <div class='ocr_carea' id='block_1_64' title="bbox 2100 1914 3745 1983">
    <p class='ocr_par' dir='ltr' id='par_1_64' title="bbox 2100 1914 3745 1983">
     <span class='ocr_line' id='line_1_65' title="bbox 2100 1914 3745 1983; baseline 0.003 -17"><span class='ocrx_word' id='word_1_439' title='bbox 2100 1914 2350 1981; x_wconf 87' lang='lat' dir='ltr'><strong>scriptos</strong></span> <span class='ocrx_word' id='word_1_440' title='bbox 2373 1928 2500 1966; x_wconf 90' lang='lat' dir='ltr'><strong>esse</strong></span> <span class='ocrx_word' id='word_1_441' title='bbox 2532 1915 2760 1967; x_wconf 87' lang='lat' dir='ltr'><strong>constat</strong></span> <span class='ocrx_word' id='word_1_442' title='bbox 2784 1929 2849 1966; x_wconf 86' lang='lat' dir='ltr'><strong>eo</strong></span> <span class='ocrx_word' id='word_1_443' title='bbox 2882 1916 3283 1983; x_wconf 84' lang='lat' dir='ltr'><strong>tempore,quo</strong></span> <span class='ocrx_word' id='word_1_444' title='bbox 3316 1914 3745 1971; x_wconf 89' lang='lat' dir='ltr'><strong>calamitatibus</strong></span> 
     </span>
    </p>
   </div>
   <div class='ocr_carea' id='block_1_65' title="bbox 2102 2000 3747 2075">
    <p class='ocr_par' dir='ltr' id='par_1_65' title="bbox 2102 2000 3747 2075">
     <span class='ocr_line' id='line_1_66' title="bbox 2102 2000 3747 2075; baseline 0.003 -21"><span class='ocrx_word' id='word_1_445' title='bbox 2102 2000 2303 2055; x_wconf 87' lang='lat' dir='ltr'><strong>multis</strong></span> <span class='ocrx_word' id='word_1_446' title='bbox 2348 2000 2683 2065; x_wconf 68' lang='lat' dir='ltr'><strong>Christiani,</strong></span> <span class='ocrx_word' id='word_1_447' title='bbox 2719 2006 2998 2071; x_wconf 85' lang='lat' dir='ltr'><strong>regnante</strong></span> <span class='ocrx_word' id='word_1_448' title='bbox 3046 2000 3256 2057; x_wconf 81' lang='lat' dir='ltr'><strong>Severo</strong></span> <span class='ocrx_word' id='word_1_449' title='bbox 3307 2009 3476 2072; x_wconf 62' lang='lat' dir='ltr'><strong>Aug,</strong></span> <span class='ocrx_word' id='word_1_450' title='bbox 3510 2009 3747 2075; x_wconf 91' lang='lat' dir='ltr'><strong>propter</strong></span> 
     </span>
    </p>
   </div>
   <div class='ocr_carea' id='block_1_66' title="bbox 2100 2089 3749 2160">
    <p class='ocr_par' dir='ltr' id='par_1_66' title="bbox 2100 2089 3749 2160">
     <span class='ocr_line' id='line_1_67' title="bbox 2100 2089 3749 2160; baseline 0.002 -16"><span class='ocrx_word' id='word_1_451' title='bbox 2100 2089 2426 2144; x_wconf 89' lang='lat' dir='ltr'><strong>doctrinam</strong></span> <span class='ocrx_word' id='word_1_452' title='bbox 2462 2089 2874 2160; x_wconf 81' lang='lat' dir='ltr'><strong>afﬂigebantur</strong></span> <span class='ocrx_word' id='word_1_453' title='bbox 2894 2107 2926 2145; x_wconf 92' lang='lat' dir='ltr'><strong>a</strong></span> <span class='ocrx_word' id='word_1_454' title='bbox 2956 2090 3194 2145; x_wconf 90' lang='lat' dir='ltr'><strong>deorum</strong></span> <span class='ocrx_word' id='word_1_455' title='bbox 3224 2091 3569 2147; x_wconf 86' lang='lat' dir='ltr'><strong>cultoribus.</strong></span> <span class='ocrx_word' id='word_1_456' title='bbox 3603 2096 3749 2158; x_wconf 88' lang='lat' dir='ltr'><strong>Quo-</strong></span> 
     </span>
    </p>
   </div>
   <div class='ocr_carea' id='block_1_67' title="bbox 2102 2177 3753 2253">
    <p class='ocr_par' dir='ltr' id='par_1_67' title="bbox 2102 2177 3753 2253">
     <span class='ocr_line' id='line_1_68' title="bbox 2102 2177 3753 2253; baseline 0.001 -20"><span class='ocrx_word' id='word_1_457' title='bbox 2102 2196 2231 2233; x_wconf 89' lang='lat' dir='ltr'><strong>rum</strong></span> <span class='ocrx_word' id='word_1_458' title='bbox 2266 2183 2404 2232; x_wconf 67' lang='lat' dir='ltr'><strong>astas</strong></span> <span class='ocrx_word' id='word_1_459' title='bbox 2434 2194 2565 2233; x_wconf 89' lang='lat' dir='ltr'><strong>cum</strong></span> <span class='ocrx_word' id='word_1_460' title='bbox 2597 2177 2706 2231; x_wconf 89' lang='lat' dir='ltr'><strong>rite</strong></span> <span class='ocrx_word' id='word_1_461' title='bbox 2739 2177 2891 2232; x_wconf 87' lang='lat' dir='ltr'><strong>haud</strong></span> <span class='ocrx_word' id='word_1_462' title='bbox 2927 2184 3101 2248; x_wconf 87' lang='lat' dir='ltr'><strong>queat</strong></span> <span class='ocrx_word' id='word_1_463' title='bbox 3133 2180 3515 2248; x_wconf 83' lang='lat' dir='ltr'><strong>definiri,nisi</strong></span> <span class='ocrx_word' id='word_1_464' title='bbox 3540 2182 3753 2253; x_wconf 83' lang='lat' dir='ltr'><strong>figatur</strong></span> 
     </span>
    </p>
   </div>
   <div class='ocr_carea' id='block_1_68' title="bbox 2102 2267 3753 2341">
    <p class='ocr_par' dir='ltr' id='par_1_68' title="bbox 2102 2267 3753 2341">
     <span class='ocr_line' id='line_1_69' title="bbox 2102 2267 3753 2341; baseline 0.002 -20"><span class='ocrx_word' id='word_1_465' title='bbox 2102 2267 2246 2323; x_wconf 90' lang='lat' dir='ltr'><strong>illud</strong></span> <span class='ocrx_word' id='word_1_466' title='bbox 2280 2267 2448 2338; x_wconf 88' lang='lat' dir='ltr'><strong>quasi</strong></span> <span class='ocrx_word' id='word_1_467' title='bbox 2498 2271 2781 2338; x_wconf 88' lang='lat' dir='ltr'><strong>punctum</strong></span> <span class='ocrx_word' id='word_1_468' title='bbox 2833 2268 3135 2337; x_wconf 89' lang='lat' dir='ltr'><strong>temporis,</strong></span> <span class='ocrx_word' id='word_1_469' title='bbox 3167 2285 3282 2339; x_wconf 93' lang='lat' dir='ltr'><strong>quo</strong></span> <span class='ocrx_word' id='word_1_470' title='bbox 3310 2276 3498 2341; x_wconf 69' lang='lat' dir='ltr'><strong>empta</strong></span> <span class='ocrx_word' id='word_1_471' title='bbox 3526 2276 3616 2326; x_wconf 89' lang='lat' dir='ltr'><strong>est</strong></span> <span class='ocrx_word' id='word_1_472' title='bbox 3646 2271 3753 2325; x_wconf 90' lang='lat' dir='ltr'><strong>ad-</strong></span> 
     </span>
    </p>
   </div>
   <div class='ocr_carea' id='block_1_69' title="bbox 2100 2355 3759 2428">
    <p class='ocr_par' dir='ltr' id='par_1_69' title="bbox 2100 2355 3759 2428">
     <span class='ocr_line' id='line_1_70' title="bbox 2100 2355 3759 2428; baseline 0.003 -18"><span class='ocrx_word' id='word_1_473' title='bbox 2100 2373 2305 2411; x_wconf 89' lang='lat' dir='ltr'><strong>versus</strong></span> <span class='ocrx_word' id='word_1_474' title='bbox 2339 2355 2698 2411; x_wconf 85' lang='lat' dir='ltr'><strong>Christianos</strong></span> <span class='ocrx_word' id='word_1_475' title='bbox 2731 2356 2970 2420; x_wconf 69' lang='lat' dir='ltr'><strong>saavitia,</strong></span> <span class='ocrx_word' id='word_1_476' title='bbox 3025 2356 3081 2410; x_wconf 92' lang='lat' dir='ltr'><strong>id</strong></span> <span class='ocrx_word' id='word_1_477' title='bbox 3114 2374 3360 2428; x_wconf 84' lang='lat' dir='ltr'><strong>agamus</strong></span> <span class='ocrx_word' id='word_1_478' title='bbox 3402 2375 3639 2414; x_wconf 88' lang='lat' dir='ltr'><strong>necesse</strong></span> <span class='ocrx_word' id='word_1_479' title='bbox 3668 2364 3759 2415; x_wconf 89' lang='lat' dir='ltr'><strong>est</strong></span> 
     </span>
    </p>
   </div>
   <div class='ocr_carea' id='block_1_70' title="bbox 2108 2446 3755 2520">
    <p class='ocr_par' dir='ltr' id='par_1_70' title="bbox 2108 2446 3755 2520">
     <span class='ocr_line' id='line_1_71' title="bbox 2108 2446 3755 2520; baseline 0.002 -20"><span class='ocrx_word' id='word_1_480' title='bbox 2108 2451 2187 2513; x_wconf 93' lang='lat' dir='ltr'><strong>ut,</strong></span> <span class='ocrx_word' id='word_1_481' title='bbox 2225 2461 2481 2516; x_wconf 90' lang='lat' dir='ltr'><strong>quonam</strong></span> <span class='ocrx_word' id='word_1_482' title='bbox 2536 2446 2655 2499; x_wconf 72' lang='lat' dir='ltr'><strong>haec</strong></span> <span class='ocrx_word' id='word_1_483' title='bbox 2706 2450 2966 2515; x_wconf 89' lang='lat' dir='ltr'><strong>tempore</strong></span> <span class='ocrx_word' id='word_1_484' title='bbox 3015 2447 3343 2518; x_wconf 88' lang='lat' dir='ltr'><strong>contigerit,</strong></span> <span class='ocrx_word' id='word_1_485' title='bbox 3378 2449 3755 2520; x_wconf 88' lang='lat' dir='ltr'><strong>perspicuum</strong></span> 
     </span>
    </p>
   </div>
   <div class='ocr_carea' id='block_1_71' title="bbox 2106 2534 3757 2607">
    <p class='ocr_par' dir='ltr' id='par_1_71' title="bbox 2106 2534 3757 2607">
     <span class='ocr_line' id='line_1_72' title="bbox 2106 2534 3757 2607; baseline 0.002 -18"><span class='ocrx_word' id='word_1_486' title='bbox 2106 2534 2380 2589; x_wconf 91' lang='lat' dir='ltr'><strong>omnibus</strong></span> <span class='ocrx_word' id='word_1_487' title='bbox 2411 2534 2658 2589; x_wconf 85' lang='lat' dir='ltr'><strong>ﬁat.Sed</strong></span> <span class='ocrx_word' id='word_1_488' title='bbox 2692 2534 2805 2588; x_wconf 87' lang='lat' dir='ltr'><strong>ista</strong></span> <span class='ocrx_word' id='word_1_489' title='bbox 2834 2534 3059 2589; x_wconf 84' lang='lat' dir='ltr'><strong>vexatio</strong></span> <span class='ocrx_word' id='word_1_490' title='bbox 3090 2537 3366 2607; x_wconf 90' lang='lat' dir='ltr'><strong>quoniam</strong></span> <span class='ocrx_word' id='word_1_491' title='bbox 3393 2537 3482 2591; x_wconf 90' lang='lat' dir='ltr'><strong>bis</strong></span> <span class='ocrx_word' id='word_1_492' title='bbox 3514 2538 3757 2602; x_wconf 88' lang='lat' dir='ltr'><strong>exstitit,</strong></span> 
     </span>
    </p>
   </div>
   <div class='ocr_carea' id='block_1_72' title="bbox 2105 2623 3759 2696">
    <p class='ocr_par' dir='ltr' id='par_1_72' title="bbox 2105 2623 3759 2696">
     <span class='ocr_line' id='line_1_73' title="bbox 2105 2623 3759 2696; baseline 0.004 -20"><span class='ocrx_word' id='word_1_493' title='bbox 2105 2624 2362 2694; x_wconf 88' lang='lat' dir='ltr'><strong>primum</strong></span> <span class='ocrx_word' id='word_1_494' title='bbox 2413 2623 2651 2691; x_wconf 90' lang='lat' dir='ltr'><strong>quidem</strong></span> <span class='ocrx_word' id='word_1_495' title='bbox 2703 2628 2854 2693; x_wconf 88' lang='lat' dir='ltr'><strong>ante,</strong></span> <span class='ocrx_word' id='word_1_496' title='bbox 2890 2624 3101 2677; x_wconf 88' lang='lat' dir='ltr'><strong>deinde</strong></span> <span class='ocrx_word' id='word_1_497' title='bbox 3150 2630 3281 2695; x_wconf 90' lang='lat' dir='ltr'><strong>post</strong></span> <span class='ocrx_word' id='word_1_498' title='bbox 3330 2626 3488 2696; x_wconf 86' lang='lat' dir='ltr'><strong>leges</strong></span> <span class='ocrx_word' id='word_1_499' title='bbox 3532 2627 3759 2683; x_wconf 86' lang='lat' dir='ltr'><strong>Severis</strong></span> 
     </span>
    </p>
   </div>
   <div class='ocr_carea' id='block_1_73' title="bbox 2106 2710 3762 2781">
    <p class='ocr_par' dir='ltr' id='par_1_73' title="bbox 2106 2710 3762 2781">
     <span class='ocr_line' id='line_1_74' title="bbox 2106 2710 3762 2781; baseline 0.003 -15"><span class='ocrx_word' id='word_1_500' title='bbox 2106 2711 2454 2766; x_wconf 86' lang='lat' dir='ltr'><strong>Christianis</strong></span> <span class='ocrx_word' id='word_1_501' title='bbox 2507 2710 2824 2767; x_wconf 88' lang='lat' dir='ltr'><strong>inimicas:</strong></span> <span class='ocrx_word' id='word_1_502' title='bbox 2877 2714 3239 2767; x_wconf 87' lang='lat' dir='ltr'><strong>observando</strong></span> <span class='ocrx_word' id='word_1_503' title='bbox 3289 2714 3626 2781; x_wconf 92' lang='lat' dir='ltr'><strong>didicimus,</strong></span> <span class='ocrx_word' id='word_1_504' title='bbox 3659 2733 3762 2771; x_wconf 90' lang='lat' dir='ltr'><strong>an-</strong></span> 
     </span>
    </p>
   </div>
   <div class='ocr_carea' id='block_1_74' title="bbox 2107 2800 3758 2860">
    <p class='ocr_par' dir='ltr' id='par_1_74' title="bbox 2107 2800 3758 2860">
     <span class='ocr_line' id='line_1_75' title="bbox 2107 2800 3758 2860; baseline 0.004 -7"><span class='ocrx_word' id='word_1_505' title='bbox 2107 2817 2249 2853; x_wconf 91' lang='lat' dir='ltr'><strong>num</strong></span> <span class='ocrx_word' id='word_1_506' title='bbox 2282 2816 2314 2854; x_wconf 91' lang='lat' dir='ltr'><strong>a</strong></span> <span class='ocrx_word' id='word_1_507' title='bbox 2344 2800 2568 2854; x_wconf 88' lang='lat' dir='ltr'><strong>Christo</strong></span> <span class='ocrx_word' id='word_1_508' title='bbox 2618 2805 2753 2854; x_wconf 91' lang='lat' dir='ltr'><strong>nato</strong></span> <span class='ocrx_word' id='word_1_509' title='bbox 2784 2801 3256 2856; x_wconf 89' lang='lat' dir='ltr'><strong>ducentesimum</strong></span> <span class='ocrx_word' id='word_1_510' title='bbox 3310 2802 3492 2859; x_wconf 91' lang='lat' dir='ltr'><strong>libros</strong></span> <span class='ocrx_word' id='word_1_511' title='bbox 3525 2805 3758 2860; x_wconf 88' lang='lat' dir='ltr'><strong>Tertul-</strong></span> 
     </span>
    </p>
   </div>
   <div class='ocr_carea' id='block_1_75' title="bbox 2109 2887 3761 2961">
    <p class='ocr_par' dir='ltr' id='par_1_75' title="bbox 2109 2887 3761 2961">
     <span class='ocr_line' id='line_1_76' title="bbox 2109 2887 3761 2961; baseline 0.003 -19"><span class='ocrx_word' id='word_1_512' title='bbox 2109 2888 2245 2943; x_wconf 90' lang='lat' dir='ltr'><strong>liani</strong></span> <span class='ocrx_word' id='word_1_513' title='bbox 2279 2887 2545 2942; x_wconf 90' lang='lat' dir='ltr'><strong>devidere</strong></span> <span class='ocrx_word' id='word_1_514' title='bbox 2576 2888 2742 2959; x_wconf 90' lang='lat' dir='ltr'><strong>quasi</strong></span> <span class='ocrx_word' id='word_1_515' title='bbox 2776 2888 2833 2941; x_wconf 93' lang='lat' dir='ltr'><strong>in</strong></span> <span class='ocrx_word' id='word_1_516' title='bbox 2865 2888 3011 2942; x_wconf 90' lang='lat' dir='ltr'><strong>duas</strong></span> <span class='ocrx_word' id='word_1_517' title='bbox 3044 2888 3541 2961; x_wconf 89' lang='lat' dir='ltr'><strong>classes,quarum</strong></span> <span class='ocrx_word' id='word_1_518' title='bbox 3575 2892 3761 2948; x_wconf 89' lang='lat' dir='ltr'><strong>altera</strong></span> 
     </span>
    </p>
   </div>
   <div class='ocr_carea' id='block_1_76' title="bbox 2106 2975 3765 3047">
    <p class='ocr_par' dir='ltr' id='par_1_76' title="bbox 2106 2975 3765 3047">
     <span class='ocr_line' id='line_1_77' title="bbox 2106 2975 3765 3047; baseline 0.003 -16"><span class='ocrx_word' id='word_1_519' title='bbox 2106 2975 2518 3045; x_wconf 88' lang='lat' dir='ltr'><strong>complectitur</strong></span> <span class='ocrx_word' id='word_1_520' title='bbox 2549 2977 2678 3041; x_wconf 91' lang='lat' dir='ltr'><strong>hos,</strong></span> <span class='ocrx_word' id='word_1_521' title='bbox 2708 2977 2807 3047; x_wconf 93' lang='lat' dir='ltr'><strong>qui</strong></span> <span class='ocrx_word' id='word_1_522' title='bbox 2841 2982 2977 3031; x_wconf 89' lang='lat' dir='ltr'><strong>sunt</strong></span> <span class='ocrx_word' id='word_1_523' title='bbox 3008 2976 3079 3031; x_wconf 91' lang='lat' dir='ltr'><strong>ab</strong></span> <span class='ocrx_word' id='word_1_524' title='bbox 3110 2993 3175 3031; x_wconf 91' lang='lat' dir='ltr'><strong>eo</strong></span> <span class='ocrx_word' id='word_1_525' title='bbox 3207 2978 3547 3046; x_wconf 78' lang='lat' dir='ltr'><strong>orthodoxe,</strong></span> <span class='ocrx_word' id='word_1_526' title='bbox 3582 2981 3765 3036; x_wconf 89' lang='lat' dir='ltr'><strong>altera</strong></span> 
     </span>
    </p>
   </div>
   <div class='ocr_carea' id='block_1_77' title="bbox 2109 3065 3762 3138">
    <p class='ocr_par' dir='ltr' id='par_1_77' title="bbox 2109 3065 3762 3138">
     <span class='ocr_line' id='line_1_78' title="bbox 2109 3065 3762 3138; baseline 0.002 -19"><span class='ocrx_word' id='word_1_527' title='bbox 2109 3082 2224 3134; x_wconf 85' lang='lat' dir='ltr'><strong>eos,</strong></span> <span class='ocrx_word' id='word_1_528' title='bbox 2258 3065 2357 3136; x_wconf 91' lang='lat' dir='ltr'><strong>qui</strong></span> <span class='ocrx_word' id='word_1_529' title='bbox 2390 3072 2530 3120; x_wconf 82' lang='lat' dir='ltr'><strong>sunt</strong></span> <span class='ocrx_word' id='word_1_530' title='bbox 2562 3066 2635 3120; x_wconf 92' lang='lat' dir='ltr'><strong>ab</strong></span> <span class='ocrx_word' id='word_1_531' title='bbox 2665 3082 2732 3120; x_wconf 89' lang='lat' dir='ltr'><strong>eo</strong></span> <span class='ocrx_word' id='word_1_532' title='bbox 2768 3066 3121 3121; x_wconf 88' lang='lat' dir='ltr'><strong>Montanista</strong></span> <span class='ocrx_word' id='word_1_533' title='bbox 3154 3068 3412 3138; x_wconf 83' lang='lat' dir='ltr'><strong>perfecti.</strong></span> <span class='ocrx_word' id='word_1_534' title='bbox 3439 3068 3617 3125; x_wconf 93' lang='lat' dir='ltr'><strong>Nobls</strong></span> <span class='ocrx_word' id='word_1_535' title='bbox 3651 3070 3762 3123; x_wconf 87' lang='lat' dir='ltr'><strong>ita-</strong></span> 
     </span>
    </p>
   </div>
   <div class='ocr_carea' id='block_1_78' title="bbox 2028 3154 3764 3254">
    <p class='ocr_par' dir='ltr' id='par_1_78' title="bbox 2028 3154 3764 3254">
     <span class='ocr_line' id='line_1_79' title="bbox 2028 3154 3764 3254; baseline 0.003 -47"><span class='ocrx_word' id='word_1_536' title='bbox 2028 3187 2072 3254; x_wconf 75' lang='lat' dir='ltr'><strong><em>C</em></strong></span> <span class='ocrx_word' id='word_1_537' title='bbox 2111 3170 2222 3225; x_wconf 91' lang='lat' dir='ltr'><strong>que</strong></span> <span class='ocrx_word' id='word_1_538' title='bbox 2252 3154 2513 3254; x_wconf 49' lang='lat' dir='ltr'><strong>cumnsit</strong></span> <span class='ocrx_word' id='word_1_539' title='bbox 2544 3154 2939 3254; x_wconf 47' lang='lat' dir='ltr'><strong>propositum“</strong></span> <span class='ocrx_word' id='word_1_540' title='bbox 2962 3156 3217 3254; x_wconf 72' lang='lat' dir='ltr'><strong>primum</strong></span> <span class='ocrx_word' id='word_1_541' title='bbox 3268 3155 3556 3227; x_wconf 89' lang='lat' dir='ltr'><strong>dispicere</strong></span> <span class='ocrx_word' id='word_1_542' title='bbox 3596 3158 3667 3212; x_wconf 89' lang='lat' dir='ltr'><strong>de</strong></span> <span class='ocrx_word' id='word_1_543' title='bbox 3699 3174 3764 3212; x_wconf 89' lang='lat' dir='ltr'><strong>eo</strong></span> 
     </span>
    </p>
   </div>
   <div class='ocr_carea' id='block_1_79' title="bbox 2110 3242 3768 3315">
    <p class='ocr_par' dir='ltr' id='par_1_79' title="bbox 2110 3242 3768 3315">
     <span class='ocr_line' id='line_1_80' title="bbox 2110 3242 3768 3315; baseline 0.004 -19"><span class='ocrx_word' id='word_1_544' title='bbox 2110 3258 2321 3314; x_wconf 88' lang='lat' dir='ltr'><strong>genere</strong></span> <span class='ocrx_word' id='word_1_545' title='bbox 2368 3242 2651 3297; x_wconf 87' lang='lat' dir='ltr'><strong>librorum</strong></span> <span class='ocrx_word' id='word_1_546' title='bbox 2700 3244 3068 3309; x_wconf 90' lang='lat' dir='ltr'><strong>Tertulliani,</strong></span> <span class='ocrx_word' id='word_1_547' title='bbox 3125 3261 3376 3315; x_wconf 87' lang='lat' dir='ltr'><strong>quorum</strong></span> <span class='ocrx_word' id='word_1_548' title='bbox 3427 3250 3567 3301; x_wconf 69' lang='lat' dir='ltr'><strong>aetas</strong></span> <span class='ocrx_word' id='word_1_549' title='bbox 3622 3247 3768 3303; x_wconf 89' lang='lat' dir='ltr'><strong>satis</strong></span> 
     </span>
    </p>
   </div>
   <div class='ocr_carea' id='block_1_80' title="bbox 2112 3331 3765 3403">
    <p class='ocr_par' dir='ltr' id='par_1_80' title="bbox 2112 3331 3765 3403">
     <span class='ocr_line' id='line_1_81' title="bbox 2112 3331 3765 3403; baseline 0.003 -18"><span class='ocrx_word' id='word_1_550' title='bbox 2112 3331 2335 3401; x_wconf 89' lang='lat' dir='ltr'><strong>liquido</strong></span> <span class='ocrx_word' id='word_1_551' title='bbox 2387 3337 2639 3398; x_wconf 90' lang='lat' dir='ltr'><strong>constat,</strong></span> <span class='ocrx_word' id='word_1_552' title='bbox 2674 3333 2755 3387; x_wconf 89' lang='lat' dir='ltr'><strong>ita</strong></span> <span class='ocrx_word' id='word_1_553' title='bbox 2788 3333 2846 3387; x_wconf 91' lang='lat' dir='ltr'><strong>in</strong></span> <span class='ocrx_word' id='word_1_554' title='bbox 2881 3332 2990 3387; x_wconf 91' lang='lat' dir='ltr'><strong>hoc</strong></span> <span class='ocrx_word' id='word_1_555' title='bbox 3038 3334 3345 3389; x_wconf 90' lang='lat' dir='ltr'><strong>tractando</strong></span> <span class='ocrx_word' id='word_1_556' title='bbox 3377 3335 3765 3403; x_wconf 85' lang='lat' dir='ltr'><strong>versabimur,</strong></span> 
     </span>
    </p>
   </div>
   <div class='ocr_carea' id='block_1_81' title="bbox 2115 3420 3765 3489">
    <p class='ocr_par' dir='ltr' id='par_1_81' title="bbox 2115 3420 3765 3489">
     <span class='ocr_line' id='line_1_82' title="bbox 2115 3420 3765 3489; baseline 0.002 -16"><span class='ocrx_word' id='word_1_557' title='bbox 2115 3424 2180 3473; x_wconf 91' lang='lat' dir='ltr'><strong>ut</strong></span> <span class='ocrx_word' id='word_1_558' title='bbox 2210 3420 2707 3487; x_wconf 89' lang='lat' dir='ltr'><strong>demonstremus,</strong></span> <span class='ocrx_word' id='word_1_559' title='bbox 2732 3420 2855 3489; x_wconf 86' lang='lat' dir='ltr'><strong>jam</strong></span> <span class='ocrx_word' id='word_1_560' title='bbox 2892 3425 3023 3474; x_wconf 88' lang='lat' dir='ltr'><strong>ante</strong></span> <span class='ocrx_word' id='word_1_561' title='bbox 3054 3420 3246 3474; x_wconf 72' lang='lat' dir='ltr'><strong>Severi</strong></span> <span class='ocrx_word' id='word_1_562' title='bbox 3280 3420 3540 3476; x_wconf 90' lang='lat' dir='ltr'><strong>edictum</strong></span> <span class='ocrx_word' id='word_1_563' title='bbox 3572 3422 3765 3477; x_wconf 85' lang='lat' dir='ltr'><strong>Chris-</strong></span> 
     </span>
    </p>
   </div>
   <div class='ocr_carea' id='block_1_82' title="bbox 2114 3507 3766 3578">
    <p class='ocr_par' dir='ltr' id='par_1_82' title="bbox 2114 3507 3766 3578">
     <span class='ocr_line' id='line_1_83' title="bbox 2114 3507 3766 3578; baseline 0.004 -18"><span class='ocrx_word' id='word_1_564' title='bbox 2114 3508 2307 3561; x_wconf 89' lang='lat' dir='ltr'><strong>tianos</strong></span> <span class='ocrx_word' id='word_1_565' title='bbox 2364 3507 2545 3562; x_wconf 87' lang='lat' dir='ltr'><strong>fuisse</strong></span> <span class='ocrx_word' id='word_1_566' title='bbox 2591 3514 2823 3578; x_wconf 90' lang='lat' dir='ltr'><strong>propter</strong></span> <span class='ocrx_word' id='word_1_567' title='bbox 2870 3508 3197 3562; x_wconf 89' lang='lat' dir='ltr'><strong>doctrinam</strong></span> <span class='ocrx_word' id='word_1_568' title='bbox 3249 3514 3504 3573; x_wconf 91' lang='lat' dir='ltr'><strong>vexatos,</strong></span> <span class='ocrx_word' id='word_1_569' title='bbox 3537 3509 3766 3577; x_wconf 91' lang='lat' dir='ltr'><strong>deinde,</strong></span> 
     </span>
    </p>
   </div>
   <div class='ocr_carea' id='block_1_83' title="bbox 2117 3596 3769 3669">
    <p class='ocr_par' dir='ltr' id='par_1_83' title="bbox 2117 3596 3769 3669">
     <span class='ocr_line' id='line_1_84' title="bbox 2117 3596 3769 3669; baseline 0.003 -20"><span class='ocrx_word' id='word_1_570' title='bbox 2117 3596 2322 3667; x_wconf 87' lang='lat' dir='ltr'><strong>paucis</strong></span> <span class='ocrx_word' id='word_1_571' title='bbox 2351 3596 2699 3666; x_wconf 89' lang='lat' dir='ltr'><strong>quibusdam</strong></span> <span class='ocrx_word' id='word_1_572' title='bbox 2725 3598 2795 3651; x_wconf 90' lang='lat' dir='ltr'><strong>de</strong></span> <span class='ocrx_word' id='word_1_573' title='bbox 2816 3596 2943 3667; x_wconf 86' lang='lat' dir='ltr'><strong>ipsa</strong></span> <span class='ocrx_word' id='word_1_574' title='bbox 2974 3597 3153 3666; x_wconf 88' lang='lat' dir='ltr'><strong>hujus</strong></span> <span class='ocrx_word' id='word_1_575' title='bbox 3173 3596 3385 3668; x_wconf 90' lang='lat' dir='ltr'><strong>prioris</strong></span> <span class='ocrx_word' id='word_1_576' title='bbox 3401 3600 3769 3669; x_wconf 87' lang='lat' dir='ltr'><strong>tempestatis</strong></span> 
     </span>
    </p>
   </div>
   <div class='ocr_carea' id='block_1_84' title="bbox 2117 3685 3769 3756">
    <p class='ocr_par' dir='ltr' id='par_1_84' title="bbox 2117 3685 3769 3756">
     <span class='ocr_line' id='line_1_85' title="bbox 2117 3685 3769 3756; baseline 0.003 -18"><span class='ocrx_word' id='word_1_577' title='bbox 2117 3685 2344 3739; x_wconf 86' lang='lat' dir='ltr'><strong>ratione</strong></span> <span class='ocrx_word' id='word_1_578' title='bbox 2389 3687 2669 3756; x_wconf 87' lang='lat' dir='ltr'><strong>aspersis,</strong></span> <span class='ocrx_word' id='word_1_579' title='bbox 2701 3685 2758 3738; x_wconf 90' lang='lat' dir='ltr'><strong>in</strong></span> <span class='ocrx_word' id='word_1_580' title='bbox 2813 3701 3056 3752; x_wconf 90' lang='lat' dir='ltr'><strong>annum,</strong></span> <span class='ocrx_word' id='word_1_581' title='bbox 3090 3702 3205 3756; x_wconf 92' lang='lat' dir='ltr'><strong>quo</strong></span> <span class='ocrx_word' id='word_1_582' title='bbox 3248 3685 3361 3742; x_wconf 90' lang='lat' dir='ltr'><strong>ista</strong></span> <span class='ocrx_word' id='word_1_583' title='bbox 3393 3686 3628 3744; x_wconf 89' lang='lat' dir='ltr'><strong>afﬂictio</strong></span> <span class='ocrx_word' id='word_1_584' title='bbox 3662 3688 3769 3743; x_wconf 90' lang='lat' dir='ltr'><strong>ini-</strong></span> 
     </span>
    </p>
   </div>
   <div class='ocr_carea' id='block_1_85' title="bbox 2118 3773 3256 3844">
    <p class='ocr_par' dir='ltr' id='par_1_85' title="bbox 2118 3773 3256 3844">
     <span class='ocr_line' id='line_1_86' title="bbox 2118 3773 3256 3844; baseline 0 -18"><span class='ocrx_word' id='word_1_585' title='bbox 2118 3775 2265 3827; x_wconf 89' lang='lat' dir='ltr'><strong>tium</strong></span> <span class='ocrx_word' id='word_1_586' title='bbox 2298 3774 2535 3844; x_wconf 86' lang='lat' dir='ltr'><strong>ceperit,</strong></span> <span class='ocrx_word' id='word_1_587' title='bbox 2565 3776 2832 3828; x_wconf 89' lang='lat' dir='ltr'><strong>accurate</strong></span> <span class='ocrx_word' id='word_1_588' title='bbox 2867 3773 3256 3842; x_wconf 89' lang='lat' dir='ltr'><strong>inquiramus.</strong></span> 
     </span>
    </p>
   </div>
   <div class='ocr_carea' id='block_1_86' title="bbox 2120 3906 3767 3979">
    <p class='ocr_par' dir='ltr' id='par_1_86' title="bbox 2120 3906 3767 3979">
     <span class='ocr_line' id='line_1_87' title="bbox 2120 3906 3767 3979; baseline 0.002 -18"><span class='ocrx_word' id='word_1_589' title='bbox 2120 3907 2149 3979; x_wconf 82' lang='lat'>§</span> <span class='ocrx_word' id='word_1_590' title='bbox 2180 3908 2233 3961; x_wconf 87' lang='lat'><strong>6.</strong></span> <span class='ocrx_word' id='word_1_591' title='bbox 2266 3938 2335 3946; x_wconf 95' lang='lat'><strong>—</strong></span> <span class='ocrx_word' id='word_1_592' title='bbox 2371 3911 2449 3960; x_wconf 87' lang='lat' dir='ltr'><strong>De</strong></span> <span class='ocrx_word' id='word_1_593' title='bbox 2479 3908 2599 3977; x_wconf 83' lang='lat' dir='ltr'><strong>ipsa</strong></span> <span class='ocrx_word' id='word_1_594' title='bbox 2630 3906 2730 3960; x_wconf 77' lang='lat' dir='ltr'><strong>hac</strong></span> <span class='ocrx_word' id='word_1_595' title='bbox 2760 3908 3045 3960; x_wconf 70' lang='lat' dir='ltr'><strong>vexatione</strong></span> <span class='ocrx_word' id='word_1_596' title='bbox 3074 3906 3395 3975; x_wconf 73' lang='lat' dir='ltr'><strong>disputatur</strong></span> <span class='ocrx_word' id='word_1_597' title='bbox 3440 3910 3546 3976; x_wconf 79' lang='lat' dir='ltr'><strong>ita,</strong></span> <span class='ocrx_word' id='word_1_598' title='bbox 3580 3914 3639 3964; x_wconf 85' lang='lat' dir='ltr'><strong>ut</strong></span> <span class='ocrx_word' id='word_1_599' title='bbox 3670 3910 3767 3965; x_wconf 86' lang='lat' dir='ltr'><strong>de-</strong></span> 
     </span>
    </p>
   </div>
   <div class='ocr_carea' id='block_1_87' title="bbox 2192 3979 3769 4051">
    <p class='ocr_par' dir='ltr' id='par_1_87' title="bbox 2192 3979 3769 4051">
     <span class='ocr_line' id='line_1_88' title="bbox 2192 3979 3769 4051; baseline 0.003 -19"><span class='ocrx_word' id='word_1_600' title='bbox 2192 3984 2534 4033; x_wconf 80' lang='lat' dir='ltr'><strong>monstretur</strong></span> <span class='ocrx_word' id='word_1_601' title='bbox 2566 3979 2730 4032; x_wconf 82' lang='lat' dir='ltr'><strong>talem</strong></span> <span class='ocrx_word' id='word_1_602' title='bbox 2775 3980 3049 4031; x_wconf 74' lang='lat' dir='ltr'><strong>cxstitisse</strong></span> <span class='ocrx_word' id='word_1_603' title='bbox 3086 3982 3226 4051; x_wconf 83' lang='lat' dir='ltr'><strong>ante</strong></span> <span class='ocrx_word' id='word_1_604' title='bbox 3278 3979 3465 4033; x_wconf 77' lang='lat' dir='ltr'><strong>Severi</strong></span> <span class='ocrx_word' id='word_1_605' title='bbox 3506 3982 3769 4051; x_wconf 75' lang='lat' dir='ltr'><strong>edictum,</strong></span> 
     </span>
    </p>
   </div>
   <div class='ocr_carea' id='block_1_88' title="bbox 2192 4050 3772 4121">
    <p class='ocr_par' dir='ltr' id='par_1_88' title="bbox 2192 4050 3772 4121">
     <span class='ocr_line' id='line_1_89' title="bbox 2192 4050 3772 4121; baseline 0.002 -17"><span class='ocrx_word' id='word_1_606' title='bbox 2192 4067 2356 4121; x_wconf 79' lang='lat' dir='ltr'><strong>quam</strong></span> <span class='ocrx_word' id='word_1_607' title='bbox 2388 4053 2443 4103; x_wconf 85' lang='lat' dir='ltr'><strong>in</strong></span> <span class='ocrx_word' id='word_1_608' title='bbox 2476 4067 2589 4103; x_wconf 83' lang='lat' dir='ltr'><strong>rem</strong></span> <span class='ocrx_word' id='word_1_609' title='bbox 2641 4051 2932 4119; x_wconf 76' lang='lat' dir='ltr'><strong>prepositis</strong></span> <span class='ocrx_word' id='word_1_610' title='bbox 2963 4050 3245 4103; x_wconf 81' lang='lat' dir='ltr'><strong>Moshemii</strong></span> <span class='ocrx_word' id='word_1_611' title='bbox 3273 4055 3623 4121; x_wconf 78' lang='lat' dir='ltr'><strong>argumentis</strong></span> <span class='ocrx_word' id='word_1_612' title='bbox 3653 4056 3772 4108; x_wconf 85' lang='lat' dir='ltr'><strong>alia</strong></span> 
     </span>
    </p>
   </div>
   <div class='ocr_carea' id='block_1_89' title="bbox 2192 4122 3771 4247">
    <p class='ocr_par' dir='ltr' id='par_1_89' title="bbox 2192 4122 3771 4247">
     <span class='ocr_line' id='line_1_90' title="bbox 2192 4122 3771 4247; baseline 0.003 -73"><span class='ocrx_word' id='word_1_613' title='bbox 2192 4122 2746 4247; x_wconf 40' lang='lat' dir='ltr'><strong>griigqudiiciuntur,</strong></span> <span class='ocrx_word' id='word_1_614' title='bbox 2795 4127 2847 4176; x_wconf 81' lang='lat' dir='ltr'><strong>et</strong></span> <span class='ocrx_word' id='word_1_615' title='bbox 2899 4122 3125 4176; x_wconf 75' lang='lat' dir='ltr'><strong>initium</strong></span> <span class='ocrx_word' id='word_1_616' title='bbox 3172 4123 3374 4192; x_wconf 79' lang='lat' dir='ltr'><strong>cepisse</strong></span> <span class='ocrx_word' id='word_1_617' title='bbox 3420 4122 3481 4176; x_wconf 82' lang='grc' dir='ltr'><strong>Α.</strong></span> <span class='ocrx_word' id='word_1_618' title='bbox 3515 4124 3577 4176; x_wconf 84' lang='grc' dir='ltr'><strong>Ρ.</strong></span> <span class='ocrx_word' id='word_1_619' title='bbox 3617 4123 3672 4178; x_wconf 86' lang='lat' dir='ltr'><strong>C.</strong></span> <span class='ocrx_word' id='word_1_620' title='bbox 3706 4126 3771 4179; x_wconf 89' lang='lat' dir='ltr'><strong>N.</strong></span> 
     </span>
    </p>
   </div>
   <div class='ocr_carea' id='block_1_90' title="bbox 2190 4306 3772 4378">
    <p class='ocr_par' dir='ltr' id='par_1_90' title="bbox 2190 4306 3772 4378">
     <span class='ocr_line' id='line_1_91' title="bbox 2190 4306 3772 4378; baseline 0.003 -16"><span class='ocrx_word' id='word_1_621' title='bbox 2190 4306 2390 4378; x_wconf 88' lang='lat' dir='ltr'><strong>Culpa,</strong></span> <span class='ocrx_word' id='word_1_622' title='bbox 2423 4324 2526 4362; x_wconf 90' lang='lat' dir='ltr'><strong>cur</strong></span> <span class='ocrx_word' id='word_1_623' title='bbox 2555 4307 2873 4362; x_wconf 88' lang='lat' dir='ltr'><strong>erraverint</strong></span> <span class='ocrx_word' id='word_1_624' title='bbox 2905 4306 3076 4361; x_wconf 88' lang='lat' dir='ltr'><strong>multi</strong></span> <span class='ocrx_word' id='word_1_625' title='bbox 3119 4308 3177 4363; x_wconf 92' lang='lat' dir='ltr'><strong>in</strong></span> <span class='ocrx_word' id='word_1_626' title='bbox 3206 4308 3539 4364; x_wconf 83' lang='lat' dir='ltr'><strong>definienda</strong></span> <span class='ocrx_word' id='word_1_627' title='bbox 3570 4326 3772 4366; x_wconf 90' lang='lat' dir='ltr'><strong>eorum</strong></span> 
     </span>
    </p>
   </div>
   <div class='ocr_carea' id='block_1_91' title="bbox 2119 4396 3773 4470">
    <p class='ocr_par' dir='ltr' id='par_1_91' title="bbox 2119 4396 3773 4470">
     <span class='ocr_line' id='line_1_92' title="bbox 2119 4396 3773 4470; baseline 0.002 -18"><span class='ocrx_word' id='word_1_628' title='bbox 2119 4396 2403 4452; x_wconf 91' lang='lat' dir='ltr'><strong>librorum</strong></span> <span class='ocrx_word' id='word_1_629' title='bbox 2436 4396 2782 4451; x_wconf 90' lang='lat' dir='ltr'><strong>Tertulliani</strong></span> <span class='ocrx_word' id='word_1_630' title='bbox 2816 4401 3003 4463; x_wconf 67' lang='lat' dir='ltr'><strong>(etate,</strong></span> <span class='ocrx_word' id='word_1_631' title='bbox 3026 4396 3127 4466; x_wconf 90' lang='lat' dir='ltr'><strong>qui</strong></span> <span class='ocrx_word' id='word_1_632' title='bbox 3160 4402 3421 4470; x_wconf 88' lang='lat' dir='ltr'><strong>tempore</strong></span> <span class='ocrx_word' id='word_1_633' title='bbox 3453 4399 3773 4455; x_wconf 82' lang='lat' dir='ltr'><strong>vexationis</strong></span> 
     </span>
    </p>
   </div>
   <div class='ocr_carea' id='block_1_92' title="bbox 2120 4484 3769 4559">
    <p class='ocr_par' dir='ltr' id='par_1_92' title="bbox 2120 4484 3769 4559">
     <span class='ocr_line' id='line_1_93' title="bbox 2120 4484 3769 4559; baseline 0.002 -18"><span class='ocrx_word' id='word_1_634' title='bbox 2120 4487 2443 4541; x_wconf 66' lang='lat' dir='ltr'><strong>Severiana:</strong></span> <span class='ocrx_word' id='word_1_635' title='bbox 2473 4484 2675 4557; x_wconf 89' lang='lat' dir='ltr'><strong>scripti</strong></span> <span class='ocrx_word' id='word_1_636' title='bbox 2707 4490 2867 4548; x_wconf 92' lang='lat' dir='ltr'><strong>sunt,</strong></span> <span class='ocrx_word' id='word_1_637' title='bbox 2889 4485 2945 4538; x_wconf 92' lang='lat' dir='ltr'><strong>in</strong></span> <span class='ocrx_word' id='word_1_638' title='bbox 2978 4502 3044 4540; x_wconf 91' lang='lat' dir='ltr'><strong>eo</strong></span> <span class='ocrx_word' id='word_1_639' title='bbox 3076 4492 3165 4541; x_wconf 86' lang='lat' dir='ltr'><strong>est</strong></span> <span class='ocrx_word' id='word_1_640' title='bbox 3194 4487 3349 4543; x_wconf 90' lang='lat' dir='ltr'><strong>haud</strong></span> <span class='ocrx_word' id='word_1_641' title='bbox 3383 4489 3580 4555; x_wconf 90' lang='lat' dir='ltr'><strong>dubie,</strong></span> <span class='ocrx_word' id='word_1_642' title='bbox 3614 4490 3769 4559; x_wconf 93' lang='lat' dir='ltr'><strong>quod</strong></span> 
     </span>
    </p>
   </div>
   <div class='ocr_carea' id='block_1_93' title="bbox 341 4556 3769 4649">
    <p class='ocr_par' dir='ltr' id='par_1_93' title="bbox 341 4556 3769 4649">
     <span class='ocr_line' id='line_1_94' title="bbox 341 4556 3769 4649; baseline 0.001 -19"><span class='ocrx_word' id='word_1_643' title='bbox 341 4562 582 4618; x_wconf 71' lang='grc' dir='ltr'><strong>Βυδάετί</strong></span> <span class='ocrx_word' id='word_1_644' title='bbox 634 4578 896 4632; x_wconf 69' lang='lat' dir='ltr'><strong>unquam</strong></span> <span class='ocrx_word' id='word_1_645' title='bbox 947 4561 1106 4631; x_wconf 68' lang='grc' dir='ltr'>Ραεθί</span> <span class='ocrx_word' id='word_1_646' title='bbox 1160 4564 1300 4649; x_wconf 48' lang='grc' dir='ltr'>ευῐῆί</span> <span class='ocrx_word' id='word_1_647' title='bbox 1351 4559 1682 4649; x_wconf 58' lang='grc' dir='ltr'><strong>οτίδεξάοιθβ</strong></span> <span class='ocrx_word' id='word_1_648' title='bbox 1742 4556 2011 4613; x_wconf 66' lang='grc' dir='ltr'><strong>ΕεοΙθείδε</strong></span> <span class='ocrx_word' id='word_1_649' title='bbox 2043 4562 2087 4625; x_wconf 88' lang='lat' dir='ltr'><strong>D</strong></span> <span class='ocrx_word' id='word_1_650' title='bbox 2120 4576 2279 4630; x_wconf 75' lang='lat'><strong>102</strong></span> <span class='ocrx_word' id='word_1_651' title='bbox 2314 4591 2427 4629; x_wconf 90' lang='lat' dir='ltr'><strong>non</strong></span> <span class='ocrx_word' id='word_1_652' title='bbox 2460 4556 2733 4638; x_wconf 85' lang='lat' dir='ltr'><strong>viderint,</strong></span> <span class='ocrx_word' id='word_1_653' title='bbox 2763 4578 2820 4627; x_wconf 88' lang='lat' dir='ltr'><strong>et</strong></span> <span class='ocrx_word' id='word_1_654' title='bbox 2850 4583 2984 4629; x_wconf 87' lang='lat' dir='ltr'><strong>ante</strong></span> <span class='ocrx_word' id='word_1_655' title='bbox 3018 4575 3211 4631; x_wconf 89' lang='lat' dir='ltr'><strong>Severi</strong></span> <span class='ocrx_word' id='word_1_656' title='bbox 3243 4576 3454 4648; x_wconf 88' lang='lat' dir='ltr'><strong>legem,</strong></span> <span class='ocrx_word' id='word_1_657' title='bbox 3488 4594 3605 4649; x_wconf 88' lang='lat' dir='ltr'><strong>qua</strong></span> <span class='ocrx_word' id='word_1_658' title='bbox 3630 4556 3769 4634; x_wconf 74' lang='lat' dir='ltr'><strong>sus-</strong></span> 
     </span>
    </p>
   </div>
   <div class='ocr_carea' id='block_1_94' title="bbox 342 4646 2006 4721">
    <p class='ocr_par' dir='ltr' id='par_1_94' title="bbox 342 4646 2006 4721">
     <span class='ocr_line' id='line_1_95' title="bbox 342 4646 2006 4721; baseline -0.004 -15"><span class='ocrx_word' id='word_1_659' title='bbox 342 4652 512 4713; x_wconf 86' lang='lat' dir='ltr'><strong>socii,</strong></span> <span class='ocrx_word' id='word_1_660' title='bbox 546 4652 827 4721; x_wconf 89' lang='lat' dir='ltr'><strong>quoniam</strong></span> <span class='ocrx_word' id='word_1_661' title='bbox 852 4649 947 4704; x_wconf 90' lang='lat' dir='ltr'><strong>hic</strong></span> <span class='ocrx_word' id='word_1_662' title='bbox 971 4646 1317 4721; x_wconf 86' lang='lat' dir='ltr'><strong>principalis</strong></span> <span class='ocrx_word' id='word_1_663' title='bbox 1339 4651 1462 4700; x_wconf 89' lang='lat' dir='ltr'><strong>erat</strong></span> <span class='ocrx_word' id='word_1_664' title='bbox 1484 4646 1751 4700; x_wconf 89' lang='lat' dir='ltr'><strong>doctrina</strong></span> <span class='ocrx_word' id='word_1_665' title='bbox 1782 4662 2006 4715; x_wconf 89' lang='lat' dir='ltr'><strong>eorum,</strong></span> 
     </span>
    </p>
   </div>
   <div class='ocr_carea' id='block_1_95' title="bbox 344 4734 2005 4811">
    <p class='ocr_par' dir='ltr' id='par_1_95' title="bbox 344 4734 2005 4811">
     <span class='ocr_line' id='line_1_96' title="bbox 344 4734 2005 4811; baseline -0.004 -17"><span class='ocrx_word' id='word_1_666' title='bbox 344 4742 443 4811; x_wconf 90' lang='lat' dir='ltr'><strong>qui</strong></span> <span class='ocrx_word' id='word_1_667' title='bbox 479 4740 853 4803; x_wconf 81' lang='lat' dir='ltr'><strong>Montanum,</strong></span> <span class='ocrx_word' id='word_1_668' title='bbox 887 4745 1170 4809; x_wconf 86' lang='lat' dir='ltr'><strong>tanquam</strong></span> <span class='ocrx_word' id='word_1_669' title='bbox 1203 4734 1572 4806; x_wconf 83' lang='lat' dir='ltr'><strong>magistrum,</strong></span> <span class='ocrx_word' id='word_1_670' title='bbox 1599 4735 2005 4801; x_wconf 88' lang='lat' dir='ltr'><strong>sectabantur;</strong></span> 
     </span>
    </p>
   </div>
   <div class='ocr_carea' id='block_1_96' title="bbox 346 4833 2005 4909">
    <p class='ocr_par' dir='ltr' id='par_1_96' title="bbox 346 4833 2005 4909">
     <span class='ocr_line' id='line_1_97' title="bbox 346 4833 2005 4909; baseline -0.003 -17"><span class='ocrx_word' id='word_1_671' title='bbox 346 4838 620 4909; x_wconf 81' lang='lat' dir='ltr'><strong>quamvis</strong></span> <span class='ocrx_word' id='word_1_672' title='bbox 680 4837 868 4892; x_wconf 73' lang='lat' dir='ltr'><strong>caeteri</strong></span> <span class='ocrx_word' id='word_1_673' title='bbox 925 4852 1153 4891; x_wconf 89' lang='lat' dir='ltr'><strong>errores</strong></span> <span class='ocrx_word' id='word_1_674' title='bbox 1213 4833 1710 4889; x_wconf 88' lang='lat' dir='ltr'><strong>Montanistarum</strong></span> <span class='ocrx_word' id='word_1_675' title='bbox 1779 4848 2005 4899; x_wconf 91' lang='lat' dir='ltr'><strong>omnes,</strong></span> 
     </span>
    </p>
   </div>
   <div class='ocr_carea' id='block_1_97' title="bbox 349 4922 2007 4998">
    <p class='ocr_par' dir='ltr' id='par_1_97' title="bbox 349 4922 2007 4998">
     <span class='ocr_line' id='line_1_98' title="bbox 349 4922 2007 4998; baseline -0.004 -16"><span class='ocrx_word' id='word_1_676' title='bbox 349 4944 413 4983; x_wconf 78' lang='lat' dir='ltr'><strong>ex</strong></span> <span class='ocrx_word' id='word_1_677' title='bbox 446 4928 651 4998; x_wconf 88' lang='lat' dir='ltr'><strong>aliqua</strong></span> <span class='ocrx_word' id='word_1_678' title='bbox 682 4932 865 4997; x_wconf 88' lang='lat' dir='ltr'><strong>parte,</strong></span> <span class='ocrx_word' id='word_1_679' title='bbox 910 4924 1000 4983; x_wconf 90' lang='lat' dir='ltr'><strong>vel</strong></span> <span class='ocrx_word' id='word_1_680' title='bbox 1037 4925 1163 4995; x_wconf 90' lang='lat' dir='ltr'><strong>ipso</strong></span> <span class='ocrx_word' id='word_1_681' title='bbox 1196 4922 1375 4993; x_wconf 89' lang='lat' dir='ltr'><strong>hujus</strong></span> <span class='ocrx_word' id='word_1_682' title='bbox 1425 4922 1827 4979; x_wconf 79' lang='lat' dir='ltr'><strong>controversias</strong></span> <span class='ocrx_word' id='word_1_683' title='bbox 1857 4926 2007 4978; x_wconf 89' lang='lat' dir='ltr'><strong>tem-</strong></span> 
     </span>
    </p>
   </div>
   <div class='ocr_carea' id='block_1_98' title="bbox 351 5010 2009 5087">
    <p class='ocr_par' dir='ltr' id='par_1_98' title="bbox 351 5010 2009 5087">
     <span class='ocr_line' id='line_1_99' title="bbox 351 5010 2009 5087; baseline -0.002 -18"><span class='ocrx_word' id='word_1_684' title='bbox 351 5033 511 5087; x_wconf 78' lang='lat' dir='ltr'><strong>pore,</strong></span> <span class='ocrx_word' id='word_1_685' title='bbox 563 5015 649 5070; x_wconf 90' lang='lat' dir='ltr'><strong>vel</strong></span> <span class='ocrx_word' id='word_1_686' title='bbox 708 5013 882 5085; x_wconf 87' lang='lat' dir='ltr'><strong>paulo</strong></span> <span class='ocrx_word' id='word_1_687' title='bbox 932 5018 1087 5085; x_wconf 93' lang='lat' dir='ltr'><strong>post,</strong></span> <span class='ocrx_word' id='word_1_688' title='bbox 1136 5012 1353 5083; x_wconf 90' lang='lat' dir='ltr'><strong>recepti</strong></span> <span class='ocrx_word' id='word_1_689' title='bbox 1401 5011 1618 5066; x_wconf 86' lang='lat' dir='ltr'><strong>fuerint</strong></span> <span class='ocrx_word' id='word_1_690' title='bbox 1647 5029 1681 5066; x_wconf 92' lang='lat' dir='ltr'><strong>a</strong></span> <span class='ocrx_word' id='word_1_691' title='bbox 1712 5010 2009 5067; x_wconf 90' lang='lat' dir='ltr'><strong>nonnullis</strong></span> 
     </span>
    </p>
   </div>
   <div class='ocr_carea' id='block_1_99' title="bbox 356 5100 2008 5174">
    <p class='ocr_par' dir='ltr' id='par_1_99' title="bbox 356 5100 2008 5174">
     <span class='ocr_line' id='line_1_100' title="bbox 356 5100 2008 5174; baseline -0.002 -16"><span class='ocrx_word' id='word_1_692' title='bbox 356 5105 607 5174; x_wconf 75' lang='lat' dir='ltr'><strong>antiquas</strong></span> <span class='ocrx_word' id='word_1_693' title='bbox 659 5102 927 5158; x_wconf 69' lang='lat' dir='ltr'><strong>Ecclesiae</strong></span> <span class='ocrx_word' id='word_1_694' title='bbox 975 5100 1299 5157; x_wconf 91' lang='lat' dir='ltr'><strong>sodalibus.</strong></span> <span class='ocrx_word' id='word_1_695' title='bbox 1345 5100 1454 5155; x_wconf 92' lang='lat' dir='ltr'><strong>Sed</strong></span> <span class='ocrx_word' id='word_1_696' title='bbox 1508 5100 2008 5172; x_wconf 91' lang='lat' dir='ltr'><strong>quemadmodum</strong></span> 
     </span>
    </p>
   </div>
   <div class='ocr_carea' id='block_1_100' title="bbox 358 5189 2011 5262">
    <p class='ocr_par' dir='ltr' id='par_1_100' title="bbox 358 5189 2011 5262">
     <span class='ocr_line' id='line_1_101' title="bbox 358 5189 2011 5262; baseline -0.002 -16"><span class='ocrx_word' id='word_1_697' title='bbox 358 5193 941 5262; x_wconf 82' lang='lat' dir='ltr'><strong>diximus,nunquam</strong></span> <span class='ocrx_word' id='word_1_698' title='bbox 968 5190 1313 5261; x_wconf 88' lang='lat' dir='ltr'><strong>deposuisse</strong></span> <span class='ocrx_word' id='word_1_699' title='bbox 1336 5189 1763 5244; x_wconf 89' lang='lat' dir='ltr'><strong>Tertullianum</strong></span> <span class='ocrx_word' id='word_1_700' title='bbox 1786 5204 2011 5245; x_wconf 89' lang='lat' dir='ltr'><strong>errores</strong></span> 
     </span>
    </p>
   </div>
   <div class='ocr_carea' id='block_1_101' title="bbox 360 5278 2010 5350">
    <p class='ocr_par' dir='ltr' id='par_1_101' title="bbox 360 5278 2010 5350">
     <span class='ocr_line' id='line_1_102' title="bbox 360 5278 2010 5350; baseline -0.001 -16"><span class='ocrx_word' id='word_1_701' title='bbox 360 5296 476 5347; x_wconf 86' lang='lat' dir='ltr'><strong>eos,</strong></span> <span class='ocrx_word' id='word_1_702' title='bbox 510 5297 660 5350; x_wconf 91' lang='lat' dir='ltr'><strong>quos</strong></span> <span class='ocrx_word' id='word_1_703' title='bbox 694 5279 877 5335; x_wconf 89' lang='lat' dir='ltr'><strong>semel</strong></span> <span class='ocrx_word' id='word_1_704' title='bbox 911 5280 969 5333; x_wconf 91' lang='lat' dir='ltr'><strong>in</strong></span> <span class='ocrx_word' id='word_1_705' title='bbox 1021 5279 1225 5334; x_wconf 90' lang='lat' dir='ltr'><strong>schola</strong></span> <span class='ocrx_word' id='word_1_706' title='bbox 1253 5279 1741 5334; x_wconf 84' lang='lat' dir='ltr'><strong>Montanistarum</strong></span> <span class='ocrx_word' id='word_1_707' title='bbox 1788 5278 2010 5334; x_wconf 90' lang='lat' dir='ltr'><strong>didice-</strong></span> 
     </span>
    </p>
   </div>
   <div class='ocr_carea' id='block_1_102' title="bbox 359 5367 2010 5440">
    <p class='ocr_par' dir='ltr' id='par_1_102' title="bbox 359 5367 2010 5440">
     <span class='ocr_line' id='line_1_103' title="bbox 359 5367 2010 5440; baseline -0.001 -16"><span class='ocrx_word' id='word_1_708' title='bbox 359 5375 465 5437; x_wconf 84' lang='lat' dir='ltr'><strong>rat,</strong></span> <span class='ocrx_word' id='word_1_709' title='bbox 500 5370 556 5423; x_wconf 90' lang='lat' dir='ltr'><strong>id</strong></span> <span class='ocrx_word' id='word_1_710' title='bbox 603 5374 813 5439; x_wconf 79' lang='lat' dir='ltr'><strong>sponte</strong></span> <span class='ocrx_word' id='word_1_711' title='bbox 865 5367 1157 5439; x_wconf 85' lang='lat' dir='ltr'><strong>sequitur,</strong></span> <span class='ocrx_word' id='word_1_712' title='bbox 1189 5368 1343 5440; x_wconf 92' lang='lat' dir='ltr'><strong>quod</strong></span> <span class='ocrx_word' id='word_1_713' title='bbox 1389 5369 1512 5439; x_wconf 90' lang='lat' dir='ltr'><strong>jam</strong></span> <span class='ocrx_word' id='word_1_714' title='bbox 1568 5368 1683 5423; x_wconf 87' lang='lat' dir='ltr'><strong>fere</strong></span> <span class='ocrx_word' id='word_1_715' title='bbox 1733 5368 2010 5436; x_wconf 86' lang='lat' dir='ltr'><strong>diximus,</strong></span> 
     </span>
    </p>
   </div>
   <div class='ocr_carea' id='block_1_103' title="bbox 358 5465 2012 5540">
    <p class='ocr_par' dir='ltr' id='par_1_103' title="bbox 358 5465 2012 5540">
     <span class='ocr_line' id='line_1_104' title="bbox 358 5465 2012 5540; baseline 0 -18"><span class='ocrx_word' id='word_1_716' title='bbox 358 5468 624 5538; x_wconf 87' lang='lat' dir='ltr'><strong>ejusdem</strong></span> <span class='ocrx_word' id='word_1_717' title='bbox 658 5466 891 5540; x_wconf 86' lang='lat' dir='ltr'><strong>generis</strong></span> <span class='ocrx_word' id='word_1_718' title='bbox 928 5483 1058 5523; x_wconf 90' lang='lat' dir='ltr'><strong>esse</strong></span> <span class='ocrx_word' id='word_1_719' title='bbox 1088 5466 1271 5522; x_wconf 89' lang='lat' dir='ltr'><strong>libros</strong></span> <span class='ocrx_word' id='word_1_720' title='bbox 1304 5465 1667 5534; x_wconf 86' lang='lat' dir='ltr'><strong>Tertulliani,</strong></span> <span class='ocrx_word' id='word_1_721' title='bbox 1709 5466 1767 5520; x_wconf 91' lang='lat' dir='ltr'><strong>in</strong></span> <span class='ocrx_word' id='word_1_722' title='bbox 1799 5466 2012 5536; x_wconf 91' lang='lat' dir='ltr'><strong>quibus</strong></span> 
     </span>
    </p>
   </div>
   <div class='ocr_carea' id='block_1_104' title="bbox 361 5555 2011 5625">
    <p class='ocr_par' dir='ltr' id='par_1_104' title="bbox 361 5555 2011 5625">
     <span class='ocr_line' id='line_1_105' title="bbox 361 5555 2011 5625; baseline -0.001 -14"><span class='ocrx_word' id='word_1_723' title='bbox 361 5556 524 5623; x_wconf 83' lang='lat' dir='ltr'><strong>alios,</strong></span> <span class='ocrx_word' id='word_1_724' title='bbox 553 5557 714 5612; x_wconf 89' lang='lat' dir='ltr'><strong>haud</strong></span> <span class='ocrx_word' id='word_1_725' title='bbox 766 5556 942 5612; x_wconf 89' lang='lat' dir='ltr'><strong>dubie</strong></span> <span class='ocrx_word' id='word_1_726' title='bbox 992 5556 1483 5613; x_wconf 87' lang='lat' dir='ltr'><strong>Mcntanistarum</strong></span> <span class='ocrx_word' id='word_1_727' title='bbox 1532 5555 1696 5611; x_wconf 89' lang='lat' dir='ltr'><strong>scitis</strong></span> <span class='ocrx_word' id='word_1_728' title='bbox 1741 5555 2011 5625; x_wconf 84' lang='lat' dir='ltr'><strong>infectos,</strong></span> 
     </span>
    </p>
   </div>
   <div class='ocr_carea' id='block_1_105' title="bbox 361 5644 2014 5719">
    <p class='ocr_par' dir='ltr' id='par_1_105' title="bbox 361 5644 2014 5719">
     <span class='ocr_line' id='line_1_106' title="bbox 361 5644 2014 5719; baseline -0.001 -17"><span class='ocrx_word' id='word_1_729' title='bbox 361 5646 648 5703; x_wconf 79' lang='lat' dir='ltr'><strong>excitavit.</strong></span> <span class='ocrx_word' id='word_1_730' title='bbox 682 5647 868 5719; x_wconf 85' lang='lat' dir='ltr'><strong>Atque</strong></span> <span class='ocrx_word' id='word_1_731' title='bbox 890 5646 983 5704; x_wconf 90' lang='lat' dir='ltr'><strong>his</strong></span> <span class='ocrx_word' id='word_1_732' title='bbox 1024 5644 1239 5719; x_wconf 88' lang='lat' dir='ltr'><strong>regulis</strong></span> <span class='ocrx_word' id='word_1_733' title='bbox 1272 5644 1406 5701; x_wconf 84' lang='lat' dir='ltr'><strong>addi</strong></span> <span class='ocrx_word' id='word_1_734' title='bbox 1438 5649 1676 5717; x_wconf 88' lang='lat' dir='ltr'><strong>possent</strong></span> <span class='ocrx_word' id='word_1_735' title='bbox 1706 5644 1852 5714; x_wconf 79' lang='lat' dir='ltr'><strong>aliae,</strong></span> <span class='ocrx_word' id='word_1_736' title='bbox 1886 5662 2014 5717; x_wconf 79' lang='lat' dir='ltr'><strong>quas</strong></span> 
     </span>
    </p>
   </div>
   <div class='ocr_carea' id='block_1_106' title="bbox 2118 4663 3766 4735">
    <p class='ocr_par' dir='ltr' id='par_1_106' title="bbox 2118 4663 3766 4735">
     <span class='ocr_line' id='line_1_107' title="bbox 2118 4663 3766 4735; baseline 0.004 -17"><span class='ocrx_word' id='word_1_737' title='bbox 2118 4664 2445 4734; x_wconf 89' lang='lat' dir='ltr'><strong>cipiendam</strong></span> <span class='ocrx_word' id='word_1_738' title='bbox 2491 4663 2957 4718; x_wconf 86' lang='lat' dir='ltr'><strong>Christianorum</strong></span> <span class='ocrx_word' id='word_1_739' title='bbox 3008 4663 3348 4735; x_wconf 87' lang='lat' dir='ltr'><strong>religionem</strong></span> <span class='ocrx_word' id='word_1_740' title='bbox 3391 4668 3592 4734; x_wconf 89' lang='lat' dir='ltr'><strong>vetuit,</strong></span> <span class='ocrx_word' id='word_1_741' title='bbox 3625 4668 3766 4723; x_wconf 90' lang='lat' dir='ltr'><strong>deo-</strong></span> 
     </span>
    </p>
   </div>
   <div class='ocr_carea' id='block_1_107' title="bbox 2118 4751 3767 4812">
    <p class='ocr_par' dir='ltr' id='par_1_107' title="bbox 2118 4751 3767 4812">
     <span class='ocr_line' id='line_1_108' title="bbox 2118 4751 3767 4812; baseline 0.004 -6"><span class='ocrx_word' id='word_1_742' title='bbox 2118 4769 2249 4806; x_wconf 88' lang='lat' dir='ltr'><strong>rum</strong></span> <span class='ocrx_word' id='word_1_743' title='bbox 2281 4751 2535 4807; x_wconf 88' lang='lat' dir='ltr'><strong>cultores</strong></span> <span class='ocrx_word' id='word_1_744' title='bbox 2566 4767 2806 4806; x_wconf 79' lang='lat' dir='ltr'><strong>vexasse</strong></span> <span class='ocrx_word' id='word_1_745' title='bbox 2835 4751 3218 4807; x_wconf 86' lang='lat' dir='ltr'><strong>Christianos.</strong></span> <span class='ocrx_word' id='word_1_746' title='bbox 3246 4758 3328 4808; x_wconf 86' lang='lat' dir='ltr'><strong>Ita</strong></span> <span class='ocrx_word' id='word_1_747' title='bbox 3358 4754 3513 4810; x_wconf 89' lang='lat' dir='ltr'><strong>enim</strong></span> <span class='ocrx_word' id='word_1_748' title='bbox 3546 4756 3767 4812; x_wconf 76' lang='lat' dir='ltr'><strong>factum</strong></span> 
     </span>
    </p>
   </div>
   <div class='ocr_carea' id='block_1_108' title="bbox 2118 4838 3768 4907">
    <p class='ocr_par' dir='ltr' id='par_1_108' title="bbox 2118 4838 3768 4907">
     <span class='ocr_line' id='line_1_109' title="bbox 2118 4838 3768 4907; baseline 0.004 -11"><span class='ocrx_word' id='word_1_749' title='bbox 2118 4846 2226 4907; x_wconf 90' lang='lat' dir='ltr'><strong>est,</strong></span> <span class='ocrx_word' id='word_1_750' title='bbox 2258 4844 2321 4896; x_wconf 92' lang='lat' dir='ltr'><strong>ut</strong></span> <span class='ocrx_word' id='word_1_751' title='bbox 2369 4856 2502 4895; x_wconf 92' lang='lat' dir='ltr'><strong>cum</strong></span> <span class='ocrx_word' id='word_1_752' title='bbox 2535 4838 2687 4894; x_wconf 89' lang='lat' dir='ltr'><strong>inter</strong></span> <span class='ocrx_word' id='word_1_753' title='bbox 2733 4857 2936 4895; x_wconf 88' lang='lat' dir='ltr'><strong>omnes</strong></span> <span class='ocrx_word' id='word_1_754' title='bbox 2986 4846 3280 4897; x_wconf 86' lang='lat' dir='ltr'><strong>constaret</strong></span> <span class='ocrx_word' id='word_1_755' title='bbox 3328 4859 3478 4899; x_wconf 90' lang='lat' dir='ltr'><strong>anno</strong></span> <span class='ocrx_word' id='word_1_756' title='bbox 3526 4849 3768 4901; x_wconf 84' lang='lat' dir='ltr'><strong>demum</strong></span> 
     </span>
    </p>
   </div>
   <div class='ocr_carea' id='block_1_109' title="bbox 2117 4928 3771 5001">
    <p class='ocr_par' dir='ltr' id='par_1_109' title="bbox 2117 4928 3771 5001">
     <span class='ocr_line' id='line_1_110' title="bbox 2117 4928 3771 5001; baseline 0.003 -17"><span class='ocrx_word' id='word_1_757' title='bbox 2117 4934 2181 4985; x_wconf 91' lang='lat' dir='ltr'><strong>P.</strong></span> <span class='ocrx_word' id='word_1_758' title='bbox 2223 4934 2281 4984; x_wconf 92' lang='lat' dir='ltr'><strong>C.</strong></span> <span class='ocrx_word' id='word_1_759' title='bbox 2317 4930 2384 4984; x_wconf 92' lang='lat' dir='ltr'><strong>N.</strong></span> <span class='ocrx_word' id='word_1_760' title='bbox 2418 4929 2570 4994; x_wconf 83' lang='lat' dir='ltr'><strong>CCII,</strong></span> <span class='ocrx_word' id='word_1_761' title='bbox 2622 4928 2773 4983; x_wconf 90' lang='lat' dir='ltr'><strong>hanc</strong></span> <span class='ocrx_word' id='word_1_762' title='bbox 2823 4928 3010 5001; x_wconf 88' lang='lat' dir='ltr'><strong>legem</strong></span> <span class='ocrx_word' id='word_1_763' title='bbox 3062 4947 3097 4983; x_wconf 87' lang='lat' dir='ltr'><strong>a</strong></span> <span class='ocrx_word' id='word_1_764' title='bbox 3136 4931 3345 4985; x_wconf 88' lang='lat' dir='ltr'><strong>Severo</strong></span> <span class='ocrx_word' id='word_1_765' title='bbox 3393 4931 3568 4988; x_wconf 88' lang='lat' dir='ltr'><strong>latam</strong></span> <span class='ocrx_word' id='word_1_766' title='bbox 3615 4950 3771 5001; x_wconf 88' lang='lat' dir='ltr'><strong>esse,</strong></span> 
     </span>
    </p>
   </div>
   <div class='ocr_carea' id='block_1_110' title="bbox 2118 5018 3771 5093">
    <p class='ocr_par' dir='ltr' id='par_1_110' title="bbox 2118 5018 3771 5093">
     <span class='ocr_line' id='line_1_111' title="bbox 2118 5018 3771 5093; baseline 0.002 -19"><span class='ocrx_word' id='word_1_767' title='bbox 2118 5019 2253 5075; x_wconf 90' lang='lat' dir='ltr'><strong>libri</strong></span> <span class='ocrx_word' id='word_1_768' title='bbox 2286 5018 2383 5074; x_wconf 88' lang='lat' dir='ltr'><strong>isti</strong></span> <span class='ocrx_word' id='word_1_769' title='bbox 2422 5033 2626 5073; x_wconf 91' lang='lat' dir='ltr'><strong>omnes</strong></span> <span class='ocrx_word' id='word_1_770' title='bbox 2650 5018 2982 5089; x_wconf 88' lang='lat' dir='ltr'><strong>postistum</strong></span> <span class='ocrx_word' id='word_1_771' title='bbox 3014 5036 3234 5073; x_wconf 87' lang='lat' dir='ltr'><strong>annum</strong></span> <span class='ocrx_word' id='word_1_772' title='bbox 3260 5018 3453 5092; x_wconf 86' lang='lat' dir='ltr'><strong>inepte</strong></span> <span class='ocrx_word' id='word_1_773' title='bbox 3485 5038 3771 5093; x_wconf 83' lang='lat' dir='ltr'><strong>poneren-</strong></span> 
     </span>
    </p>
   </div>
   <div class='ocr_carea' id='block_1_111' title="bbox 2120 5107 3773 5182">
    <p class='ocr_par' dir='ltr' id='par_1_111' title="bbox 2120 5107 3773 5182">
     <span class='ocr_line' id='line_1_112' title="bbox 2120 5107 3773 5182; baseline 0.001 -17"><span class='ocrx_word' id='word_1_774' title='bbox 2120 5115 2235 5165; x_wconf 90' lang='lat' dir='ltr'><strong>tur.</strong></span> <span class='ocrx_word' id='word_1_775' title='bbox 2288 5112 2471 5179; x_wconf 82' lang='lat' dir='ltr'><strong>Atque</strong></span> <span class='ocrx_word' id='word_1_776' title='bbox 2521 5107 2757 5162; x_wconf 88' lang='lat' dir='ltr'><strong>fuerunt</strong></span> <span class='ocrx_word' id='word_1_777' title='bbox 2809 5108 3127 5164; x_wconf 89' lang='lat' dir='ltr'><strong>identidem</strong></span> <span class='ocrx_word' id='word_1_778' title='bbox 3178 5109 3469 5181; x_wconf 78' lang='lat' dir='ltr'><strong>nonnulli,</strong></span> <span class='ocrx_word' id='word_1_779' title='bbox 3514 5110 3612 5182; x_wconf 90' lang='lat' dir='ltr'><strong>qui</strong></span> <span class='ocrx_word' id='word_1_780' title='bbox 3662 5112 3773 5167; x_wconf 91' lang='lat' dir='ltr'><strong>hoc</strong></span> 
     </span>
    </p>
   </div>
   <div class='ocr_carea' id='block_1_112' title="bbox 2121 5195 3773 5270">
    <p class='ocr_par' dir='ltr' id='par_1_112' title="bbox 2121 5195 3773 5270">
     <span class='ocr_line' id='line_1_113' title="bbox 2121 5195 3773 5270; baseline 0.002 -17"><span class='ocrx_word' id='word_1_781' title='bbox 2121 5198 2359 5270; x_wconf 88' lang='lat' dir='ltr'><strong>quidem</strong></span> <span class='ocrx_word' id='word_1_782' title='bbox 2381 5212 2514 5251; x_wconf 89' lang='lat' dir='ltr'><strong>cum</strong></span> <span class='ocrx_word' id='word_1_783' title='bbox 2538 5195 2703 5251; x_wconf 90' lang='lat' dir='ltr'><strong>libris</strong></span> <span class='ocrx_word' id='word_1_784' title='bbox 2736 5196 2881 5267; x_wconf 88' lang='lat' dir='ltr'><strong>ipsis</strong></span> <span class='ocrx_word' id='word_1_785' title='bbox 2913 5213 3172 5269; x_wconf 89' lang='lat' dir='ltr'><strong>pugnare</strong></span> <span class='ocrx_word' id='word_1_786' title='bbox 3203 5199 3635 5270; x_wconf 83' lang='lat' dir='ltr'><strong>perspicerent;</strong></span> <span class='ocrx_word' id='word_1_787' title='bbox 3670 5202 3773 5257; x_wconf 90' lang='lat' dir='ltr'><strong>sed</strong></span> 
     </span>
    </p>
   </div>
   <div class='ocr_carea' id='block_1_113' title="bbox 2122 5284 3775 5359">
    <p class='ocr_par' dir='ltr' id='par_1_113' title="bbox 2122 5284 3775 5359">
     <span class='ocr_line' id='line_1_114' title="bbox 2122 5284 3775 5359; baseline 0.002 -16"><span class='ocrx_word' id='word_1_788' title='bbox 2122 5303 2312 5359; x_wconf 90' lang='lat' dir='ltr'><strong>neque</strong></span> <span class='ocrx_word' id='word_1_789' title='bbox 2344 5285 2403 5340; x_wconf 93' lang='lat' dir='ltr'><strong>hi</strong></span> <span class='ocrx_word' id='word_1_790' title='bbox 2438 5284 2739 5340; x_wconf 89' lang='lat' dir='ltr'><strong>veritatem</strong></span> <span class='ocrx_word' id='word_1_791' title='bbox 2775 5285 3098 5357; x_wconf 88' lang='lat' dir='ltr'><strong>attigerunt</strong></span> <span class='ocrx_word' id='word_1_792' title='bbox 3130 5292 3437 5359; x_wconf 89' lang='lat' dir='ltr'><strong>propterea</strong></span> <span class='ocrx_word' id='word_1_793' title='bbox 3487 5290 3638 5359; x_wconf 86' lang='lat' dir='ltr'><strong>quod</strong></span> <span class='ocrx_word' id='word_1_794' title='bbox 3672 5308 3775 5346; x_wconf 85' lang='lat' dir='ltr'><strong>an-</strong></span> 
     </span>
    </p>
   </div>
   <div class='ocr_carea' id='block_1_114' title="bbox 2121 5375 3777 5449">
    <p class='ocr_par' dir='ltr' id='par_1_114' title="bbox 2121 5375 3777 5449">
     <span class='ocr_line' id='line_1_115' title="bbox 2121 5375 3777 5449; baseline 0.003 -18"><span class='ocrx_word' id='word_1_795' title='bbox 2121 5376 2282 5448; x_wconf 88' lang='lat' dir='ltr'><strong>tiqua</strong></span> <span class='ocrx_word' id='word_1_796' title='bbox 2312 5375 2522 5431; x_wconf 93' lang='lat' dir='ltr'><strong>harum</strong></span> <span class='ocrx_word' id='word_1_797' title='bbox 2556 5390 2751 5428; x_wconf 91' lang='lat' dir='ltr'><strong>rerum</strong></span> <span class='ocrx_word' id='word_1_798' title='bbox 2804 5381 3188 5431; x_wconf 88' lang='lat' dir='ltr'><strong>monumenta</strong></span> <span class='ocrx_word' id='word_1_799' title='bbox 3220 5392 3326 5432; x_wconf 90' lang='lat' dir='ltr'><strong>nec</strong></span> <span class='ocrx_word' id='word_1_800' title='bbox 3370 5378 3636 5449; x_wconf 90' lang='lat' dir='ltr'><strong>candide,</strong></span> <span class='ocrx_word' id='word_1_801' title='bbox 3671 5396 3777 5436; x_wconf 92' lang='lat' dir='ltr'><strong>nec</strong></span> 
     </span>
    </p>
   </div>
   <div class='ocr_carea' id='block_1_115' title="bbox 2125 5465 3779 5540">
    <p class='ocr_par' dir='ltr' id='par_1_115' title="bbox 2125 5465 3779 5540">
     <span class='ocr_line' id='line_1_116' title="bbox 2125 5465 3779 5540; baseline 0.003 -21"><span class='ocrx_word' id='word_1_802' title='bbox 2125 5466 2749 5538; x_wconf 88' lang='lat' dir='ltr'><strong>prudenter,tanquam</strong></span> <span class='ocrx_word' id='word_1_803' title='bbox 2768 5465 3163 5530; x_wconf 90' lang='lat' dir='ltr'><strong>duces,secuti</strong></span> <span class='ocrx_word' id='word_1_804' title='bbox 3182 5466 3647 5540; x_wconf 88' lang='lat' dir='ltr'><strong>fuerant.ltaque</strong></span> <span class='ocrx_word' id='word_1_805' title='bbox 3662 5486 3779 5524; x_wconf 86' lang='lat' dir='ltr'><strong>ma-</strong></span> 
     </span>
    </p>
   </div>
   <div class='ocr_carea' id='block_1_116' title="bbox 2123 5553 3776 5625">
    <p class='ocr_par' dir='ltr' id='par_1_116' title="bbox 2123 5553 3776 5625">
     <span class='ocr_line' id='line_1_117' title="bbox 2123 5553 3776 5625; baseline 0.001 -15"><span class='ocrx_word' id='word_1_806' title='bbox 2123 5555 2298 5611; x_wconf 85' lang='lat' dir='ltr'><strong>ximis</strong></span> <span class='ocrx_word' id='word_1_807' title='bbox 2328 5553 2604 5609; x_wconf 91' lang='lat' dir='ltr'><strong>laudibus</strong></span> <span class='ocrx_word' id='word_1_808' title='bbox 2636 5553 2851 5625; x_wconf 86' lang='lat' dir='ltr'><strong>dignus</strong></span> <span class='ocrx_word' id='word_1_809' title='bbox 2874 5559 2963 5609; x_wconf 90' lang='lat' dir='ltr'><strong>est</strong></span> <span class='ocrx_word' id='word_1_810' title='bbox 2992 5554 3081 5609; x_wconf 91' lang='lat' dir='ltr'><strong>vir</strong></span> <span class='ocrx_word' id='word_1_811' title='bbox 3111 5554 3464 5614; x_wconf 89' lang='lat' dir='ltr'><strong>immortalis</strong></span> <span class='ocrx_word' id='word_1_812' title='bbox 3482 5556 3776 5613; x_wconf 70' lang='lat' dir='ltr'><strong>memoria:</strong></span> 
     </span>
    </p>
   </div>
   <div class='ocr_carea' id='block_1_117' title="bbox 2123 5642 3779 5720">
    <p class='ocr_par' dir='ltr' id='par_1_117' title="bbox 2123 5642 3779 5720">
     <span class='ocr_line' id='line_1_118' title="bbox 2123 5642 3779 5720; baseline -0.001 -18"><span class='ocrx_word' id='word_1_813' title='bbox 2123 5646 2213 5702; x_wconf 85' lang='lat' dir='ltr'><strong>J0.</strong></span> <span class='ocrx_word' id='word_1_814' title='bbox 2254 5642 2599 5700; x_wconf 89' lang='lat' dir='ltr'><strong>Laurentius</strong></span> <span class='ocrx_word' id='word_1_815' title='bbox 2652 5642 3016 5701; x_wconf 89' lang='lat' dir='ltr'><strong>Moshemius</strong></span> <span class='ocrx_word' id='word_1_816' title='bbox 3046 5644 3073 5697; x_wconf 90' lang='grc' dir='ltr'>ὸ</span> <span class='ocrx_word' id='word_1_817' title='bbox 3117 5643 3417 5720; x_wconf 78' lang='grc' dir='ltr'>μακαρίτης</span> <span class='ocrx_word' id='word_1_818' title='bbox 3468 5646 3590 5717; x_wconf 92' lang='lat' dir='ltr'><strong>qui,</strong></span> <span class='ocrx_word' id='word_1_819' title='bbox 3621 5648 3779 5717; x_wconf 85' lang='lat' dir='ltr'><strong>post-</strong></span> 
     </span>
    </p>
   </div>
  </div>
