4148 6188
303 337 399 395 145

395 471 418 535 §
441 468 487 521 7.
518 496 584 507 —-
616 467 750 535 Quae
774 480 969 522 causa
1000 466 1161 534 huius
1189 468 1397 536 prioris
1428 464 1739 521 vexationis
1757 462 1784 515 ?

353 560 411 611 At
438 573 582 611 nunc
614 556 1025 611 discutiendus
1056 561 1145 612 est
1169 556 1316 611 alter
1348 557 1457 611 iste
1480 555 1644 610 locus
1676 553 1745 606 de
1770 556 1911 606 tem-

296 662 426 719 pore,
458 663 566 717 quo
600 646 760 718 prior
790 645 911 702 haec
964 650 1283 718 tempestas
1334 645 1597 717 contigit,
1649 643 1698 697 si
1744 641 1910 713 prius

293 734 513 803 edixere,
550 751 819 805 quaenam
868 751 1055 789 causae
1106 733 1283 804 hujus
1318 733 1590 788 facinoris
1619 729 1779 800 vulgi
1811 732 1910 783 ad-

292 841 462 879 versus
490 824 852 879 Christianos
876 824 1183 879 videantur
1208 824 1407 879 fuisse.
1435 825 1618 893 Atque
1642 822 1751 875 hoc
1776 835 1910 873 cum

292 915 349 968 de
374 912 519 967 omni
554 918 760 969 contra
792 914 1158 969 Christianos
1192 914 1338 969 facto
1367 931 1400 969 a
1439 912 1605 984 plebe
1650 908 1913 965 tumultu

290 1007 508 1069 constat,
542 1019 673 1059 eam
695 1003 806 1072 bis,
826 1008 1108 1076 tanquam
1135 1003 1387 1074 publicis
1410 1002 1640 1075 generis
1666 996 1913 1055 humani

290 1092 550 1161 hostibus,
587 1110 761 1149 omne
818 1093 1174 1149 calamitatis
1205 1111 1238 1149 a
1265 1093 1387 1149 Diis
1434 1090 1705 1147 immissae
1730 1104 1914 1159 genus

290 1184 578 1239 tribuisse:
617 1189 743 1239 tum
776 1183 923 1239 illud
958 1183 1240 1239 nimirum
1274 1187 1433 1255 patet
1471 1200 1539 1238 ex
1568 1176 1913 1237 Tertulliani

287 1272 515 1343 scriptis,
551 1273 662 1328 hoc
696 1274 877 1328 fuisse
910 1273 968 1327 in
1002 1290 1199 1341 causa,
1252 1278 1316 1327 ut
1347 1289 1502 1327 nunc
1550 1269 1914 1327 Christianos

287 1361 512 1417 maxime
546 1362 1005 1434 insequerentur
1034 1362 1139 1434 (Cf.
1172 1363 1471 1434 Apologet.,
1505 1377 1554 1416 c.
1588 1361 1676 1425 40,
1710 1357 1778 1411 ad
1808 1373 1914 1410 na.-

288 1454 458 1520 tiones,
489 1451 594 1505 lib.
626 1468 664 1518 1,
700 1469 747 1506 c.
810 1452 863 1519 9,
909 1452 1065 1523 etc.).
1118 1452 1427 1507 Enimvero
1480 1467 1606 1522 quae
1636 1449 1914 1503 Severum

288 1543 418 1597 inter
445 1547 497 1597 et
527 1541 778 1614 Nigrum
824 1541 1242 1609 intercedebat,
1295 1541 1685 1596 maximarum
1717 1552 1914 1592 rerum

288 1630 578 1700 simulatio,
614 1648 729 1686 non
782 1630 973 1685 solum
1019 1631 1254 1685 videtur
1301 1630 1656 1702 quibusdam
1710 1624 1915 1697 displi-

290 1723 477 1786 cuisse,
509 1719 612 1791 qui
640 1736 755 1775 non
802 1721 1099 1790 Severum,
1151 1721 1252 1775 sed
1300 1719 1544 1792 Nigrum
1586 1721 1790 1772 contra
1824 1715 1914 1769 Di-

288 1812 428 1905 dium
445 1810 755 1905 lulianum
776 1816 927 1883 Aug.
946 1808 1485 1881 postulaveraut(V.
1501 1807 1915 1871 Herodianum,
1950 1840 1996 1905 B

289 1900 375 1955 lib.
398 1917 453 1965 ιι,
474 1916 521 1953 c.
543 1899 580 1952 8
606 1917 618 1953 :
648 1916 732 1969 in,
758 1901 861 1954 c.5
885 1918 897 1967 ;
925 1899 1317 1971 Spartianum,
1338 1898 1400 1953 in
1431 1899 1548 1952 Vita
1572 1897 1730 1965 Nigri
1751 1912 1799 1949 c.
1822 1897 1912 1962 2);
1950 1897 1975 1945 Ἴ

287 1991 373 2046 sed
402 1989 540 2043 illud
577 1989 778 2055 etiam,
810 1990 961 2059 quod
1006 1989 1287 2044 adversus
1333 1987 1610 2042 Albinum
1657 1984 1917 2055 suscepit

288 2078 511 2144 bellum,
544 2078 815 2133 omnium
848 2080 1076 2135 animos
1098 2079 1471 2134 vehementer
1491 2074 1801 2133 concitavit
1823 2076 1916 2145 (V.

285 2170 502 2223 Dionem
526 2169 687 2238 apud
720 2168 1104 2239 Xiphiliuum,
1136 2167 1175 2224 l.
1211 2186 1371 2235 Lxxv,
1406 2183 1456 2223 c.
1490 2169 1542 2237 4,
1572 2184 1629 2239 p.
1665 2167 1802 2219 1258
1833 2164 1917 2234 B).

288 2259 486 2329 Itaque,
520 2274 660 2313 cum
694 2262 986 2329 prostrato
1020 2266 1288 2329 utroque,
1320 2262 1566 2313 Severus
1596 2271 1800 2310 omnes
1821 2270 1920 2309 eos

287 2347 641 2419 exstinguere
674 2352 906 2418 pararet
935 2364 1082 2417 quos
1117 2352 1351 2402 noverat
1382 2365 1415 2402 a
1445 2346 1712 2418 partibus
1766 2342 1923 2415 Nigri

289 2435 593 2508 Albinique
623 2435 881 2500 stetisse,
914 2437 1138 2507 optima
1169 2454 1230 2491 se
1260 2434 1538 2491 offerebat
1572 2434 1723 2506 plebi
1755 2450 1923 2488 occa-

290 2525 365 2580 sio
386 2525 774 2592 Christianos,
791 2531 1072 2596 tanquam
1096 2525 1177 2581 rei
1200 2524 1446 2597 publica;
1470 2541 1535 2579 ac
1558 2521 1925 2594 imperatoris

291 2614 491 2683 hostes,
518 2614 806 2670 violandi.
856 2618 1043 2685 Atque
1091 2614 1150 2669 bi
1183 2614 1453 2670 homines
1499 2614 1612 2669 sibi
1651 2612 1926 2666 videban-

290 2707 375 2759 tur
402 2704 506 2759 hoc
539 2720 611 2759 eo
642 2703 859 2758 rectius
890 2704 1127 2775 exsequi
1156 2721 1346 2775 posse,
1377 2720 1509 2758 cum
1540 2701 1927 2770 Christianos,

290 2793 420 2864 ipsis
450 2794 632 2849 etiam
685 2792 799 2848 diis
846 2793 1094 2848 infestos
1125 2794 1445 2857 crederent,
1497 2793 1568 2846 de
1616 2791 1834 2861 quibus
1863 2805 1928 2844 eo

290 2882 423 2937 bene
468 2882 682 2937 mereri
732 2898 905 2954 posse
955 2883 1261 2953 putabant,
1313 2885 1625 2953 postquam
1673 2880 1752 2933 dii
1783 2879 1929 2950 ipsis

290 2971 401 3026 hazc
431 2971 607 3043 quasi
639 2971 760 3025 otia
790 2972 1064 3026 fecerant.
1098 2972 1168 3026 Et
1197 2972 1381 3043 ipsam
1412 2971 1562 3026 hanc
1594 2968 1929 3041 opinionem

289 3060 589 3115 christiani
652 3060 825 3129 vulgo
883 3061 1313 3131 persuadebunt
1368 3078 1435 3116 eo
1494 3060 1713 3132 magis,
1775 3058 1931 3129 quod

290 3148 446 3219 plane
478 3165 589 3204 nec
622 3148 779 3203 ludis
810 3166 874 3204 ac
905 3148 1419 3218 celebrationibus,
1469 3153 1704 3221 propter
1734 3163 1929 3218 repor-

1140 334 1235 393 AC
1280 330 1679 393 DOCTRINA
1726 322 2232 389 SCRlPTORUM
2276 321 2827 383 TEItTULLIANI.

1935 461 2166 529 AFuga
2223 460 2281 513 in
2339 458 2727 528 persecutione,
2788 470 2912 525 cap.
2970 453 3025 519 5,
3084 469 3138 523 p.
3194 450 3299 504 693
3356 448 3444 519 A).
3493 465 3667 520 quem

3555 316 3671 375 146

2021 549 2289 620 suspicor
2320 554 2554 620 raptum
2603 543 2812 602 essein
2853 542 3143 614 judicium
3174 540 3322 595 105
3360 554 3492 593 cum
3525 555 3668 593 non-

2020 640 2161 694 dum
2215 638 2429 706 Severi,
2477 637 2577 693 sed
2610 634 2868 706 antiquis
2917 632 3145 705 legibus
3185 628 3471 699 iudicium
3504 628 3670 682 fieret

2020 731 2117 800 (6).
2151 730 2228 784 Eo
2260 729 2414 784 enim
2461 726 2905 783 adducebantur
2948 720 3118 777 multi
3178 718 3669 785 Christianorum,

2023 821 2123 893 qui
2155 820 2364 892 Opibus
2421 820 2671 889 vitisque
2725 835 2842 872 suae
2901 814 3210 881 timebant,
3259 815 3323 866 ut
3380 810 3531 881 quod
3558 807 3674 864 alia

2022 910 2315 966 declinare
2362 907 2455 964 via
2520 924 2633 963 non
2706 909 2994 979 poterant,
3069 900 3414 975 periculum,
3476 898 3673 955 oblata

2022 999 2271 1074 pecunia
2311 1001 2792 1054 averruncarent.
2854 996 3007 1058 Quas
3066 992 3295 1049 saevitiae
3350 988 3671 1062 preisidum

2021 1090 2295 1162 vulgique
2325 1105 2536 1145 causas
2568 1087 2617 1143 si
2650 1091 2840 1142 mente
2873 1082 3336 1156 complectimur,
3359 1079 3469 1136 erit
3508 1094 3669 1149 sane,

2024 1184 2090 1235 ut
2118 1180 2374 1234 sciamus
2406 1182 2660 1248 tempus,
2712 1192 2824 1247 quo
2856 1178 2984 1230 orta
3037 1175 3125 1228 est
3164 1171 3284 1225 haec
3336 1169 3492 1241 prior
3524 1173 3670 1223 tem-

2024 1274 2239 1341 pestas,
2300 1268 2554 1338 quando,
2614 1282 2728 1338 quo
2803 1280 2955 1320 anno
3011 1263 3131 1317 haec
3189 1258 3453 1332 speciosa
3504 1257 3671 1314 Chri-

2023 1359 2247 1415 stianos
2296 1356 2545 1413 laedendi
2596 1354 2822 1410 occasio
2880 1351 3189 1420 exstiterit,
3240 1345 3669 1405 demonstravi-

2025 1466 2180 1505 mus.

2024 1595 2050 1661 §
2081 1593 2134 1647 8.
2166 1624 2235 1633 ———
2265 1591 2497 1647 Initium
2519 1590 2822 1645 vexationis
2841 1587 3215 1643 Christian.e:c
3228 1584 3373 1639 anno
3390 1580 3673 1661 quaperiit

2097 1665 2329 1719 Albinus
2385 1664 2815 1725 demonstratur,
2864 1660 3008 1714 hunc
3078 1675 3203 1713 vero
3263 1672 3396 1711 ann.
3460 1653 3675 1708 CXCVII

2099 1738 2446 1807 interfectum
2500 1752 2611 1790 esse
2666 1734 2937 1807 probatur
2981 1731 3166 1807 primo
3209 1745 3279 1784 ea:
3324 1726 3672 1807 ordinetet-

2100 1809 2160 1874 li,
2196 1797 2336 1879 quod
2394 1809 2619 1862 Severus
2666 1797 3193 1879 PescenniolNigro
3251 1800 3434 1879 gessit.
3490 1797 3675 1879 Obiter

2101 1870 2353 1951 quaedam
2402 1882 2545 1935 nota:
2578 1883 2633 1933 in
2678 1879 2927 1951 nummis
2979 1870 3172 1951 Severi
3216 1870 3594 1943 empticantur,
3621 1870 3673 1924 et

2097 1950 2395 2009 Mashemii
2423 1954 2666 2007 rationes
2695 1950 3079 2005 emendantur.

2094 2079 2180 2136 Ad
2194 2079 2349 2135 hunc
2362 2095 2494 2135 vero
2506 2075 2978 2149 investigandum
3002 2073 3259 2146 primum
3274 2069 3419 2142 ipsis
3435 2070 3676 2124 utamur

2028 2169 2143 2237 his,
2175 2185 2319 2241 quas
2349 2166 2845 2235 enumeravimus,
2871 2162 3273 2219 calamitatum
3301 2154 3676 2215 causis.lllud

2030 2259 2187 2315 enim
2215 2259 2371 2329 quod
2405 2257 2571 2329 quasi
2598 2272 2771 2312 ansas
2798 2253 2974 2325 vulgo
3005 2253 3181 2308 dabat
3212 2251 3284 2306 ad
3322 2249 3675 2320 impugnan-

2033 2350 2169 2405 dam
2202 2349 2671 2405 Christianorum
2704 2342 3010 2410 familiam,
3042 2345 3165 2398 erat
3192 2337 3385 2395 Severi
3414 2336 3676 2393 studium

2034 2437 2419 2511 conquirendi
2452 2453 2656 2493 omnes
2686 2450 2958 2504 eos,quos
2981 2448 3113 2487 cum
3133 2429 3308 2501 Nigro
3341 2431 3442 2483 aut
3468 2424 3679 2481 Albino

2035 2530 2317 2584 adversus
2347 2543 2408 2583 se
2466 2526 2699 2583 stetisse
2756 2524 3136 2594 compererat.
3192 2518 3356 2583 Quod
3403 2512 3681 2587 quoniam

2035 2620 2254 2675 factum
2287 2623 2395 2686 est,
2430 2633 2587 2681 cum,
2618 2614 2826 2669 Albino
2865 2611 3175 2677 exstincto,
3226 2611 3470 2662 Romam
3502 2603 3687 2657 victor

2038 2709 2309 2764 rediisset
2337 2708 2484 2778 (tum
2542 2704 2697 2759 enim
2742 2700 3087 2774 gravissima
3144 2698 3204 2753 in
3236 2713 3336 2753 eos
3393 2690 3686 2766 supplicia

2040 2795 2343 2851 constituit
2373 2794 2462 2863 [V.
2509 2794 2775 2858 Dionem,
2825 2791 2864 2846 l.
2900 2808 3058 2860 Lxxv,
3112 2805 3162 2843 c.
3193 2788 3248 2854 7,
3306 2804 3362 2858 p.
3400 2784 3538 2839 1262
3566 2802 3580 2851 ;
3613 2780 3682 2836 D.

2040 2885 2458 2950 Herodianum,
2488 2883 2527 2937 l.
2558 2898 2643 2949 III,
2677 2898 2725 2936 c.
2759 2882 2816 2947 8,
2848 2884 2904 2934 et
2931 2878 3331 2950 Spartianum,
3363 2874 3424 2928 in
3454 2877 3685 2937 Severo,

2040 2991 2089 3028 c.
2119 2975 2207 3041 12,
2240 2974 2351 3043 13],
2384 2988 2569 3042 opera:
2602 2969 2854 3042 pretium
2886 2972 2975 3023 est
3000 2967 3213 3032 videre,
3242 2979 3499 3034 quonam
3533 2976 3685 3015 anno

2039 3063 2285 3118 Albinus
2310 3078 2441 3116 cum
2470 3060 2586 3115 vita
2635 3058 2949 3130 imperium
2997 3053 3351 3127 deposuerit.
3407 3053 3596 3121 Atque
3623 3048 3684 3102 in

2040 3152 2152 3208 isto
2177 3150 2505 3206 deﬁniendo
2528 3153 2759 3204 tantum
2789 3162 2976 3218 operae
2999 3143 3407 3216 curaequejam
3425 3137 3685 3212 positum

290 3214 458 3293 tatam
489 3238 688 3294 Severi
704 3238 775 3292 ab
795 3238 1064 3293 hostibus
1084 3238 1381 3293 victoriam
1400 3214 1933 3303 institutiswel—lent
1961 3214 2003 3281 (ἶ
2042 3258 2166 3298 esse
2195 3241 2462 3296 videmus
2493 3256 2526 3294 a
2585 3214 2905 3294 Moshemio
2964 3235 3047 3306 (in
3096 3214 3241 3289 diss.
3296 3229 3532 3286 laudata
3560 3227 3588 3293 §
3616 3225 3686 3278 20

287 3326 566 3384 interesse
629 3326 716 3395 (N.
752 3326 1021 3393 Tertull.,
1054 3326 1119 3382 de
1157 3328 1505 3399 Spectaculis,
1551 3344 1600 3383 c.
1636 3328 1686 3393 1,
1737 3330 1794 3381 et
1825 3324 1929 3380 ali-

287 3417 384 3485 bi),
436 3435 544 3474 nec
587 3420 791 3489 jurare
846 3435 948 3489 per
1003 3418 1285 3490 principis
1338 3420 1575 3491 genium
1625 3419 1828 3489 (Idem,
1870 3417 1929 3471 in

282 3508 550 3579 Apologet.
588 3524 639 3563 c.
672 3508 761 3577 32,
820 3513 876 3563 et
905 3507 1054 3563 libro
1103 3525 1121 3562 ι
1153 3508 1224 3563 ad
1278 3511 1548 3574 nationes,
1583 3525 1633 3563 c.
1682 3508 1792 3579 17),
1825 3523 1931 3561 nec

287 3596 388 3650 diis
417 3614 524 3668 pro
557 3596 750 3653 salute
779 3596 907 3666 ejus
952 3596 1282 3668 supplicare
1323 3598 1429 3665 (Id.
1489 3598 1707 3668 Apolog.
1756 3613 1805 3651 c.
1840 3597 1929 3661 10,

286 3684 349 3737 29
391 3687 584 3759 seqq).
638 3686 716 3740 Eo
762 3686 891 3757 ipso
949 3692 1145 3742 autem
1194 3685 1453 3742 tumultu
1507 3686 1718 3759 vulgus
1766 3685 1932 3740 facile

287 3774 478 3829 eodem
498 3779 732 3846 poterat
760 3775 993 3846 adigere
1015 3775 1442 3847 praesides,qui
1467 3791 1580 3831 non
1611 3774 1931 3830 admodum

292 3861 456 3919 alieni
494 3867 667 3919 erant
693 3862 808 3934 ipsi
834 3863 904 3919 ab
929 3864 1034 3919 hoc
1082 3864 1442 3920 crudelitatis
1489 3882 1720 3936 genere.
1754 3864 1929 3919 Nam-

286 3967 391 4021 que
423 3952 481 4006 hi
516 3968 652 4007 eam
688 3951 799 4007 sibi
829 3952 1039 4024 legem,
1063 3952 1237 4008 veluti
1270 3969 1371 4025 per
1390 3970 1599 4008 manus
1631 3953 1931 4022 traditam,

286 4042 794 4113 prescripserunt,
826 4047 912 4109 ut,
947 4043 1049 4112 qui
1078 4042 1259 4097 semel
1289 4043 1348 4098 in
1387 4043 1491 4113 jus
1521 4042 1710 4098 vocati
1740 4045 1936 4097 essent

286 4128 624 4194 Christiani,
662 4129 777 4184 nisi
809 4147 843 4185 a
887 4130 1067 4185 sacris
1114 4132 1238 4186 suis
1296 4130 1680 4201 discederent,
1714 4147 1931 4201 nequa-

287 4234 457 4289 quam
485 4219 931 4275 dimitterentur
962 4221 1291 4291 (Eusebius,
1324 4222 1460 4276 Hist.
1510 4222 1718 4288 coclea,
1751 4219 1851 4275 lib.
1881 4237 1933 4291 ν,

286 4324 331 4363 c.
361 4310 453 4374 21,
488 4308 634 4364 edit.
668 4308 974 4381 Reading.,
1029 4326 1081 4380 p.
1130 4310 1299 4379 240);
1359 4310 1529 4380 cujus
1587 4310 1667 4365 rei
1725 4313 1935 4364 testem

286 4395 579 4452 habemus
608 4397 806 4469 ipsum
831 4397 1546 4469 Tertullianum,qui,eam
1570 4398 1641 4455 ob
1672 4414 1935 4466 causam,

287 4487 353 4541 de
405 4491 563 4541 recte
623 4487 1080 4558 interpretandis
1132 4486 1225 4542 his
1282 4487 1510 4559 legibus
1559 4505 1625 4543 ex
1666 4488 1935 4545 instituto

2036 3330 2229 3401 seqq),
2266 3333 2329 3384 ut
2360 3344 2504 3401 pene
2535 3327 2633 3382 isti
2677 3323 2862 3381 labori
2913 3339 3223 3395 possemus
3281 3315 3684 3390 supersedere,

2040 3420 2152 3475 nisi
2185 3419 2452 3491 quaedam
2486 3420 2682 3473 essent
2726 3416 2783 3469 in
2834 3416 3131 3485 promptu,
3184 3426 3311 3480 qua
3350 3405 3465 3462 dici
3513 3417 3686 3476 posse

2040 3515 2241 3565 contra
2271 3508 2630 3562 viderentur.
2682 3506 2881 3575 Itaque
2913 3518 3044 3557 cum
3081 3499 3171 3554 bic
3203 3514 3264 3553 se
3292 3497 3490 3552 offerat
3518 3508 3685 3548 occa-

2039 3600 2127 3655 sio
2159 3598 2218 3653 in
2252 3596 2671 3653 dubitationem
2704 3592 2947 3649 vocandi
3000 3589 3335 3662 opinionem
3366 3582 3685 3656 quamdam

2041 3688 2587 3759 popularem,atque
2614 3684 2744 3755 ipsa
2773 3699 2863 3737 res
2894 3680 3172 3753 postulet,
3209 3681 3273 3732 ut
3310 3673 3486 3747 paulo
3518 3670 3687 3726 aliter

2042 3776 2299 3833 rationes
2330 3775 2736 3831 subducantur
2778 3774 3005 3827 servato
3043 3769 3172 3840 ipso
3204 3765 3685 3838 argumentorum

2043 3882 2275 3939 genere,
2308 3865 2462 3936 quod
2494 3860 2825 3918 adhibitum
2868 3863 2959 3914 est
2996 3876 3030 3913 a
3085 3871 3318 3912 summo
3374 3852 3516 3917 viro,
3545 3865 3685 3904 can-

2043 3936 2175 4011 dide
2208 3952 2645 4026 disputabimus
2672 3968 2799 4023 quae
2842 3951 3238 4004 consentanea
3285 3946 3424 3999 sunt
3458 3936 3688 3996 veritati

2042 4044 2176 4117 ipsi,
2209 4048 2263 4099 et
2294 4058 2550 4114 quanam
2584 4040 2641 4095 iu
2674 4057 2735 4095 re
2766 4037 3087 4094 sentiamus
3118 4036 3367 4103 diversa,
3390 4030 3553 4087 salva
3573 4027 3691 4100 pie-

2042 4138 2162 4189 tate
2192 4132 2250 4186 in
2284 4135 2515 4187 tantum
2546 4128 2935 4199 virum,cujus
2961 4141 3172 4181 nomen
3196 4122 3364 4177 nobis
3395 4119 3574 4175 etiam
3601 4118 3691 4171 est

2042 4226 2175 4295 post
2214 4224 2463 4276 mortem
2504 4217 2851 4283 venerabile,
2904 4215 3133 4286 adjecta
3180 4206 3567 4295 dissentiendi
3598 4221 3689 4259 ra-

2044 4293 2199 4367 tione
2228 4309 2382 4365 infra
2412 4306 2766 4363 notabimus.
2802 4308 2943 4359 Cum
2975 4303 3046 4359 ad
3094 4299 3407 4372 imperium
3436 4293 3694 4351 venisset

2041 4405 2308 4465 Severus,
2340 4399 2675 4467 videretque
2717 4392 3106 4450 Pescennium
3150 4389 3396 4461 Nigrum
3436 4385 3497 4440 in
3526 4380 3693 4454 Syria

2045 4490 2243 4562 copias
2274 4504 2499 4561 parare,
2533 4485 2749 4557 quibus
2781 4500 2841 4538 se
2872 4482 2984 4538 sibi
3036 4480 3373 4552 opponeret.
3409 4474 3691 4547 primum,

291 4575 571 4631 adversus
597 4592 698 4631 eos
720 4576 1134 4647 disputavit(in
1156 4576 1377 4647 Apolog.
1403 4594 1451 4632 c.
1480 4578 1511 4631 4
1531 4578 1687 4648 seq).
1745 4582 1936 4650 Atque
1966 4593 2012 4658 D
2046 4560 2206 4635 neex
2224 4584 2473 4648 utraque
2493 4581 2655 4647 parte
2673 4576 3053 4645 premeretur,
3072 4569 3347 4625 Albinum
3370 4560 3688 4619 Britannici

287 4663 458 4721 istam
490 4665 737 4735 quidem
774 4664 1138 4721 Christianos
1186 4665 1429 4721 vexandi
1479 4668 1841 4723 occasionem
1870 4685 1935 4724 eo

289 4751 574 4809 libentius
607 4753 969 4826 arripiebant
999 4755 1312 4825 quaestuosi
1338 4754 1634 4826 praesides,
1669 4773 1783 4829 quo
1815 4774 1938 4813 cer-

288 4843 405 4899 tius
436 4860 571 4900 eam
602 4844 868 4900 viderent
899 4845 1034 4899 ﬁsco
1066 4861 1171 4900 suo
1219 4844 1375 4899 haud
1407 4845 1681 4916 exiguum
1713 4846 1939 4901 emolu-

291 4938 554 4989 mentum
589 4950 721 4989 esse
775 4934 1108 4990 allaturam.
1159 4934 1320 4998 Quod
1380 4950 1472 4989 me
1524 4952 1641 4990 non
1700 4936 1942 4993 tinxisse

294 5023 407 5080 scio
438 5041 510 5080 ex
540 5023 746 5080 Rutilii
779 5025 1054 5097 martyris
1085 5022 1351 5095 exemplo
1385 5025 1567 5096 (Apud
1599 5026 1844 5082 Tertull.
1877 5027 1943 5084 de

368 5184 440 5256 (6)
475 5190 698 5261 Nempe
754 5185 848 5261 hic
895 5185 1041 5261 liber
1098 5184 1371 5261 scriptus
1406 5188 1496 5261 est
1534 5203 1600 5242 eo
1656 5191 1940 5261 tempore,

300 5271 411 5325 quo
441 5259 740 5328 graviores
767 5258 1129 5314 calamitates
1160 5257 1510 5331 Christianis
1540 5257 1942 5331 exspectandae

299 5335 463 5382 erant
494 5347 529 5383 ει
556 5331 799 5402 deorum
824 5330 1141 5387 cultoribus
1161 5330 1324 5402 (Coll.
1349 5346 1477 5402 cap.
1516 5332 1590 5399 1),
1620 5330 1728 5390 hoc
1761 5340 1944 5401 est,ut

300 5405 512 5482 postea
529 5401 1203 5482 .dicetur,cum_edi_ctum
1218 5401 1505 5482 _Severiin
1528 5403 1724 5482 lucem
1743 5408 1944 5478 prodi-

297 5474 463 5555 isset,
500 5474 887 5555 timerentque
916 5474 1231 5555 Cb_ristiani
1259 5475 1331 5529 de
1352 5475 1663 5533 securitate
1694 5474 1941 5534 sua.Sed

298 5544 491 5624 istum
520 5544 944 5604 libellum—cum
972 5547 1371 5624 Tertullianus
1394 5556 1797 5624 componeret,
1815 5552 1943 5624 jam

298 5616 634 5693 trucidatus
683 5624 806 5693 erat
858 5620 1133 5693 Rutilius,
1165 5617 1267 5691 qui
1319 5616 1577 5693 primum
1639 5616 1945 5693 aliquoties

302 5686 560 5744 salutem
591 5691 837 5762 petierat
872 5692 1031 5765 fuga,
1064 5686 1265 5765 postea
1310 5686 1570 5748 nummis
1600 5693 1712 5750 sibi
1736 5686 1946 5768 pacem

2047 4668 2333 4725 exercitus
2366 4669 2573 4722 ducem
2608 4663 2761 4733 fecit,
2807 4662 2975 4732 eique
3024 4664 3081 4715 et
3111 4673 3385 4715 nummos
3416 4650 3688 4717 decrevit,

2047 4763 2104 4816 et
2147 4757 2260 4813 alia
2302 4754 2542 4811 honoris
2591 4754 2994 4808 monumenta.
3051 4748 3321 4813 Posthac,
3372 4744 3519 4799 lecto
3586 4755 3692 4811 per

2048 4847 2279 4903 Italiam
2312 4845 2495 4901 milite
2524 4847 2581 4898 et
2601 4842 2790 4897 classe
2810 4837 3310 4909 exornata,elapso
3344 4834 3459 4890 fere
3492 4845 3692 4886 mense

2048 4936 2223 4993 Junio
2251 4936 2327 5007 (7)
2357 4936 2421 4989 A.
2455 4930 2669 4987 CXCIII
2698 4933 2900 4986 contra
2928 4927 3171 4999 Nigrum
3202 4924 3498 4997 profectus
3536 4919 3691 4976 106

2050 5034 2158 5084 est.
2193 5025 2293 5081 llic
2350 5040 2484 5080 cum
2540 5020 2735 5078 Severi
2793 5019 2970 5075 duces
3028 5034 3163 5074 ann.
3197 5013 3408 5072 CXCIV
3448 5026 3693 5068 manum

2054 5190 2512 5261 comparaverat,
2566 5185 2668 5242 sed
2726 5185 2915 5239 denuo
2974 5184 3180 5261 captus
3235 5180 3306 5235 ad
3340 5175 3699 5261 supplicium

2052 5250 2244 5319 rediit.
2278 5260 2439 5324 Quod
2470 5250 2606 5331 ergo
2637 5274 2876 5314 necesse
2906 5259 2997 5311 est
3026 5250 3245 5331 factum
3276 5269 3405 5308 esse
3424 5250 3703 5331 anteini-

2018 5352 2232 5420 'quam
2261 5333 2470 5420 Severi
2498 5328 2708 5415 legem,
2747 5335 2820 5420 te‘t
2862 5345 3087 5420 novum
3144 5328 3260 5420 dat.L
3286 5328 3703 5420 argumentum

2054 5399 2182 5478 ejus
2221 5407 2383 5478 quod
2416 5399 2694 5471 diximus,
2744 5401 3109 5478 Christianos
3158 5399 3266 5455 sub
3314 5399 3523 5455 Severo
3574 5400 3707 5451 ante

2053 5474 2182 5535 eam
2213 5474 2424 5548 capitis
2456 5478 2764 5532 damnatos
2794 5474 2998 5548 fuisse.

2126 5552 2199 5621 (7)
2232 5540 2498 5621 Namque
2527 5548 2838 5620 incipiente
2863 5546 3041 5601 Junio
3065 5560 3201 5599 ann.
3225 5540 3703 5621 CXCII-[ﬁumen]

2055 5609 2297 5693 Severus
2326 5609 2519 5690 venit;
2566 5609 2721 5693 quod
2770 5622 3161 5693 potet‘tum,“
3191 5631 3315 5669 cun
3357 5614 3479 5668 dies
3514 5609 3699 5693 LXXI,

2060 5709 2207 5765 quos
2236 5692 2481 5766 imperio
2508 5679 2665 5749 'Didii
2689 5679 2908 5749 Jul‘iani
2945 5689 3042 5746 Dio
3084 5679 3204 5759 (lib.
3243 5700 3432 5751 LXXIII,
3484 5698 3533 5738 c.
3568 5679 3702 5749 ult.,
