4088 6192
300 297 414 356 149

1160 296 1259 358 AC
1303 296 1697 357 DOCTIIINA
1741 292 2245 356 SCRIPTOHUM
2292 290 2848 353 TERTULLIANI.

3596 293 3713 353 150

293 428 657 496 adoriretur;
694 429 848 500 quod
879 428 1009 501 ipso
1038 429 1372 485 conﬁrmari
1404 433 1603 501 posset
1634 426 1943 484 Herodiani
1977 428 2030 495 Α
2062 442 2196 482 cum
2220 441 2420 481 mense
2442 424 2559 480 fere
2577 422 2982 496 Septembriin
3006 422 3426 495 Mesopotamia
3444 428 3709 484 versatus

287 518 541 586 silentio,
575 518 676 587 qui
727 519 797 573 de
854 518 947 575 his
977 520 1252 592 gentibus
1296 518 1408 575 isto
1466 524 1727 591 tempore
1777 516 1942 572 victis

284 606 431 662 nihil
466 607 644 662 habet
670 608 932 663 omnino.
950 608 1282 681 Itaquebsac
1300 608 1486 682 prima
1514 608 1603 664 lex
1626 607 1940 664 sanciatur.

284 702 417 752 ante
448 698 629 753 ﬁnem
660 715 798 753 ann.
834 698 1042 755 CXCVI
1093 700 1373 755 Severum
1432 702 1634 755 contra
1667 696 1940 753 Albinum

287 803 404 842 non
434 785 626 843 fuisse
648 789 976 860 profectum
1006 789 1137 861 (10).

286 894 439 949 108
497 898 523 962 §
568 896 620 949 9.
672 927 744 937 —
801 896 1062 952 Albinum
1115 914 1248 951 ann.
1304 896 1536 963 CXCVII,
1592 897 1943 966 interfectum

354 968 897 1093 gnueyuprobatur
976 969 1207 1026 secundo
1278 986 1310 1025 a
1359 973 1595 1041 tempore
1643 968 1944 1039 expugnati

404 1056 545 1093 utan
578 1056 641 1093 ιι.

401 1056 641 1109 ymnm.

351 1126 620 1183 Alterum
648 1145 750 1184 nec
784 1129 1075 1185 mediocre
1104 1129 1287 1185 telum
1314 1129 1385 1185 ad
1418 1129 1569 1185 hanc
1625 1145 1748 1184 rem
1779 1144 1940 1183 exsc-

279 1218 582 1288 quendam
615 1217 937 1274 existimari
964 1219 1135 1274 debet
1148 1224 1524 1291 tempus,quo
1540 1222 1939 1290 expugnatum

281 1305 632 1377 Byzantium
664 1312 774 1362 est.
810 1311 1070 1379 Namque
1100 1308 1208 1363 hoc
1241 1310 1341 1363 Dio
1373 1308 1473 1375 ait,
1502 1308 1539 1363 l.
1573 1324 1752 1362 Lxxw.
1773 1323 1822 1362 c.
1852 1306 1936 1371 14,

279 1411 341 1465 p.
379 1396 539 1461 1254,
574 1399 926 1467 occupatum
958 1412 1086 1452 esse
1120 1414 1152 1452 a
1183 1396 1375 1452 Severi
1403 1396 1702 1466 militibus,
1722 1412 1856 1450 cum
1888 1393 1937 1448 is

278 1482 342 1537 in
370 1484 796 1555 Mesopotamia
826 1490 1308 1551 commoraretur,
1342 1486 1453 1541 hoc
1505 1489 1593 1540 est
1633 1489 1938 1555 postquam

278 1572 529 1643 Nigrum
592 1579 986 1645 superaverat,
1070 1591 1136 1629 ac
1194 1576 1358 1646 prius
1435 1592 1612 1646 quam
1673 1578 1939 1646 pergeret

279 1662 567 1717 adversus
598 1662 897 1718 Albinum.
934 1664 1103 1735 Atqui
1136 1664 1482 1735 Byzantinos
1514 1666 1664 1719 fame
1694 1664 1932 1719 demum

2054 514 2227 571 fuerit
2274 520 2535 585 Severus,
2593 512 2708 568 nisi
2761 529 2897 568 ann.
2950 512 3179 579 CXCVI,
3229 513 3357 583 jam
3409 513 3469 568 in
3532 515 3707 572 ﬁnem

2053 605 2332 661 inclinato
2360 605 2417 659 in
2450 602 2700 660 Galliam
2732 602 2927 658 venire
2958 619 3073 659 non
3105 603 3316 674 potuit.
3351 602 3545 674 Neque
3575 621 3708 660 vero

2052 699 2437 769 posteaquam
2461 695 2518 750 in
2539 691 2961 765 Mesopotamia
2974 693 3217 748 Severus
3236 693 3707 764 fuerat,usquam

2050 785 2305 858 legimus
2335 801 2469 840 eum
2503 788 2706 839 contra
2736 784 3046 849 Osroenos,
3078 782 3429 849 Adiabenos,
3463 783 3706 840 Arabes-

2053 891 2165 947 que
2192 875 2374 931 fuisse
2420 874 2784 946 profectum;
2827 872 2935 929 hos
2984 871 3163 940 enim,
3224 876 3375 927 teste
3429 871 3609 927 Dione
3663 871 3703 929 l.

2054 983 2213 1035 Lxxv,
2247 982 2295 1021 c.
2325 966 2378 1036 3,
2412 982 2468 1037 p.
2506 964 2663 1031 1257,
2698 979 2831 1019 cum
2858 962 3066 1031 Nisibi,
3119 961 3179 1017 in
3238 962 3380 1017 urbe
3434 960 3706 1034 Mesopo-

2051 1056 2267 1123 tamiae,
2298 1059 2541 1111 Severus
2573 1053 2758 1110 otium
2792 1052 2903 1108 sibi
2935 1053 3120 1123 daret,
3157 1052 3435 1108 Laternus
3492 1051 3707 1108 Candi-

2053 1146 2163 1201 dus
2192 1150 2365 1216 atque
2396 1144 2609 1211 Laetus,
2642 1142 2833 1199 Severi
2866 1143 3065 1214 duces,
3126 1142 3506 1214 subegerunt.
3541 1141 3705 1198 Unde

2050 1234 2320 1301 efﬁcitur,
2355 1234 2572 1289 famam
2596 1233 2666 1288 de
2687 1230 2974 1288 seditione
3014 1228 3211 1286 Albini
3232 1231 3305 1287 ad
3334 1231 3612 1287 Severum
3640 1230 3699 1286 in

2050 1324 2531 1396 MesOpotamiam
2550 1322 2729 1378 fuisse
2752 1320 3321 1377 allatamEnimvero
3346 1337 3460 1377 non
3486 1320 3705 1377 abhor-

2048 1418 2154 1468 ret.
2184 1416 2484 1483 Severum,
2516 1412 2617 1485 qui
2649 1410 2944 1467 celeritate
2975 1409 3205 1466 consilii
3236 1410 3532 1483 imprimis
3568 1413 3696 1466 ute-

2050 1501 2240 1572 batur,
2272 1502 2473 1557 statim
2505 1501 2728 1557 devicto
2770 1500 2945 1572 Nigro
3001 1498 3257 1567 misisse,
3312 1498 3413 1570 qui
3461 1499 3696 1571 Albino,

2046 1591 2349 1645 occasione
2380 1588 2688 1645 allatarum
2729 1588 3077 1657 litterarum,
3112 1588 3361 1645 insidias
3418 1588 3697 1658 facerent,

2044 1683 2101 1735 et
2156 1680 2241 1733 hae
2291 1680 2530 1751 quidem
2594 1684 2831 1751 repente
2889 1679 3128 1733 detectae
3181 1682 3322 1734 sunt
3365 1694 3377 1732 :
3422 1678 3698 1749 quocirca

274 1750 338 1805 in
371 1750 732 1806 deditionem
796 1754 1065 1808 redactos
1111 1770 1261 1823 esse,
1302 1770 1435 1809 cum
1498 1758 1616 1809 tres
1672 1753 1933 1825 integros

276 1855 468 1867 -nnn-
501 1840 745 1867 ἔπειμι-Α...
792 1840 847 1867 ζ...
886 1841 1186 1867 Αῑκηελζληη
1266 1842 1419 1867 :4-..
1484 1840 1585 1867 ηε,
1642 1840 1932 1867 ...αι-..νυι-3...

2049 1768 2236 1839 magis
2256 1750 2516 1840 apparet,
2561 1750 2679 1823 fere
2710 1784 2865 1822 anno
2895 1767 3101 1821 CXCVI
3131 1770 3391 1823 vertente
3420 1767 3696 1823 Severum

276 1855 469 1893 annos
501 1840 752 1894 fuissent
792 1840 852 1895 in
884 1841 1209 1911 obsidione,
1266 1842 1421 1897 idem
1483 1840 1587 1897 Dio
1642 1840 1934 1897 memoriae
1970 1840 2015 1867 ”
2046 1858 2104 1911 in
2135 1857 2386 1913 Galliam
2422 1857 2785 1913 concessisse
2815 1856 2947 1928 (ῃ),

275 1927 540 1999 prodidit
572 1927 673 1983 lib.
698 1928 795 1983 cit.
829 1930 988 1996 c.11,
1014 1946 1069 2001 p.
1092 1931 1229 1984 1252
1255 1948 1267 1999 ;
1302 1947 1483 2001 quare
1513 1947 1936 2003 cognoscemus

273 2033 525 2083 annum,
550 2033 666 2087 quo
714 2021 961 2073 Severus
990 2018 1047 2073 in
1082 2020 1499 2091 Mesopotamia
1529 2028 1793 2077 versatus
1824 2025 1933 2087 est,

274 2124 413 2163 cum
478 2109 826 2175 viderimus,
883 2111 1120 2181 quando
1181 2110 1295 2166 ista
1347 2112 1576 2167 obsidio
1633 2111 1934 2167 exordium

271 2198 618 2268 sumpserit.
650 2199 761 2253 Sed
807 2200 937 2269 ejus
968 2198 1207 2254 initium
1267 2201 1650 2271 conjunctum
1683 2201 1936 2256 arbitror

269 2303 407 2341 cum
432 2286 603 2341 initio
630 2286 817 2357 ipsius
840 2289 1230 2359 expeditionis
1246 2291 1433 2345 Severi
1460 2295 1662 2345 contra
1685 2293 1934 2346 Pescen-

272 2376 441 2430 nium
474 2393 614 2430 ann.
646 2376 885 2441 CXCIII,
918 2393 1031 2448 quo
1063 2377 1317 2450 intelligi
1364 2384 1556 2450 potest
1580 2395 1649 2434 ex
1680 2396 1745 2434 eo
1776 2381 1931 2451 quod

266 2464 362 2519 vix
394 2469 486 2519 est
518 2464 819 2533 credibile,
848 2466 1149 2536 Severum,
1183 2484 1315 2523 cum
1357 2468 1533 2541 Nigro
1583 2473 1931 2537 occurreret,

271 2571 303 2608 a
330 2560 499 2625 tergo
532 2553 875 2609 relicturum
910 2555 1090 2611 fuisse
1115 2557 1495 2613 fortissimam
1524 2559 1931 2629 urbem,quam

270 2643 387 2715 ipsi
422 2643 585 2714 Nigri
614 2643 829 2699 milites
861 2646 1162 2711 tenebant,
1196 2656 1252 2701 et
1282 2664 1396 2718 quo
1455 2648 1715 2703 adversis
1756 2649 1931 2703 rebus

270 2749 333 2788 se
359 2733 656 2804 recepturi
690 2733 968 2800 fuissent;
1000 2734 1274 2807 idemque
1299 2752 1433 2791 cum
1466 2752 1525 2791 re
1558 2737 1687 2807 ipsa
1714 2736 1933 2807 optime

271 2821 593 2875 consentit.
631 2821 738 2875 Fac
783 2820 1009 2877 scilicet
1042 2840 1240 2878 mense
1272 2824 1390 2878 fere
1435 2823 1756 2895 Septembri
1792 2840 1928 2878 ann.

271 2909 493 2965 CXCIII
552 2913 826 2964 Severum
860 2910 1039 2981 hujus
1070 2912 1525 2984 oppugnationis
1568 2912 1801 2967 initium
1830 2929 1932 2982 per

276 2997 498 3053 milites
530 2998 736 3053 fecisse
758 3001 963 3069 (Roma
992 3000 1353 3069 enim,Junio
1370 3018 1513 3072 pene
1534 3000 1929 3073 prmterlapso,

273 3086 683 3159 discesserat§
713 3086 865 3155 VIII,
895 3105 950 3142 n.
984 3088 1042 3160 7)
1076 3107 1088 3144 :
1125 3090 1342 3144 incidet
1400 3105 1540 3145 sane
1579 3089 1929 3162 expugnatio

2047 1965 2198 2020 109
2233 1966 2260 2032 §
2292 1965 2372 2019 10.
2407 1996 2475 2005 --
2534 1964 2809 2020 Probatur
2850 1965 3032 2031 tertio,
3091 1980 3163 2020 ex
3218 1979 3385 2034 anno,
3438 1979 3541 2035 quo
3596 1963 3699 2019 Ca-

2118 2036 2359 2164 racallitis
2399 2036 2655 2093 Caesaris
2714 2035 3039 2107 dignitatem
3095 2052 3124 2092 θ
3177 2040 3401 2093 senatus
3454 2036 3698 2094 consulto

2116 2124 2303 2177 accept
2336 2151 2348 2162 .

2113 2198 2223 2253 Sed
2247 2198 2360 2253 ista
2390 2197 2626 2268 quidem
2658 2200 2721 2252 ut
2749 2197 3015 2253 nondum
3074 2197 3217 2253 dant
3273 2200 3491 2254 certam
3532 2196 3692 2253 viam

2044 2291 2312 2341 accurate
2342 2286 2731 2358 cognoscendi
2762 2303 2986 2342 annum
3028 2285 3237 2342 Albino
3270 2285 3525 2357 fatalem,
3559 2302 3692 2358 pro-

2044 2381 2243 2447 pterea
2272 2376 2426 2447 quod
2458 2377 2720 2431 nondum
2754 2380 2998 2448 apparet
3018 2375 3280 2448 quandiu
3299 2375 3413 2432 ista
3441 2376 3513 2431 de
3530 2391 3692 2431 sum-

2044 2481 2140 2520 ma
2195 2464 2425 2536 imperii
2474 2464 2773 2520 dimicatio
2832 2466 3147 2533 duraverit,
3199 2465 3407 2537 magis,
3462 2464 3689 2536 opinor,

2043 2552 2213 2608 nobis
2239 2551 2584 2623 scrupulum
2611 2552 2825 2608 eximet
2844 2556 3079 2625 tempus
3092 2551 3401 2626 dignitatis
3422 2553 3689 2608 Caesarea:

2041 2641 2336 2697 Caracallo
2367 2641 2613 2710 collatae,
2635 2658 2705 2697 ex
2736 2658 2851 2713 quo
2887 2642 3195 2711 efﬁcietur,
3226 2640 3502 2697 Albinum
3552 2657 3688 2696 ann.

2043 2732 2303 2798 CXCVII,
2338 2731 2583 2802 periisse
2614 2731 2747 2801 (12).
2782 2732 2931 2786 Sunt
2975 2732 3131 2787 enim
3167 2730 3537 2801 antiquitatis
3568 2746 3692 2786 mo-

2042 2826 2325 2876 numenta
2356 2820 2647 2891 quaedam,
2676 2819 2877 2890 qualia
2925 2820 3135 2891 Pagius
3169 2820 3251 2891 (in
3276 2820 3478 2876 Critica
3506 2820 3695 2876 Anna-

2044 2911 2181 2964 lium
2212 2910 2414 2965 Eccles.
2438 2909 2681 2963 Caesaris
2722 2909 2880 2964 card.
2914 2908 3173 2975 Baronii,
3204 2925 3324 2965 sec.
3354 2926 3417 2979 ιι,
3443 2909 3514 2964 ad
3548 2924 3685 2963 ann.

2040 2998 2294 3064 CXCVII,
2330 3014 2492 3052 num.
2526 2998 2582 3063 2,
2619 2997 2759 3052 edit.
2793 2998 2979 3067 Paris,
3030 2997 3192 3065 4689,
3228 3014 3287 3069 p.
3347 2997 3460 3068 88),
3510 3012 3696 3067 exque

2041 3086 2317 3144 Gutherio
2350 3085 2708 3143 Mosbemius
2732 3087 2933 3141 attulit
2963 3086 3025 3142 in
3055 3086 3199 3143 dies.
3234 3085 3393 3141 laud.
3428 3087 3458 3157 §
3504 3087 3595 3156 23,
3627 3084 3689 3141 in

272 3175 424 3246 ipsa,
488 3176 539 3230 si
591 3180 722 3247 post
779 3176 1101 3232 triennium
1160 3178 1453 3250 integrum
1513 3180 1662 3234 facta
1719 3186 1827 3245 est,
1869 3180 1925 3233 in
1959 3169 2002 3237 C
2041 3177 2257 3249 quibus
2288 3176 2569 3231 Laterano
2600 3180 2657 3231 et
2686 3176 2898 3231 Ruﬁno
2928 3177 3097 3231 Cuss.
3139 3174 3473 3234 Caracallus
3502 3178 3691 3230 Caesar

268 3265 676 3335 Septembrem
701 3281 839 3320 ann.
868 3265 1096 3336 CXCVI,
1128 3282 1243 3337 quo
1275 3274 1532 3339 tempore
1553 3272 1829 3322 Severum
1861 3267 1920 3321 in

268 3352 700 3424 Mesopotamia
723 3353 906 3409 fuisse
938 3360 1177 3427 apparet
1208 3372 1277 3410 ex
1306 3356 1377 3411 iis
1411 3373 1537 3427 qua:
1576 3356 1631 3411 in
1664 3356 1924 3428 superio-

265 3443 437 3497 ribus
467 3442 628 3497 dicta
658 3447 815 3498 sunt.
849 3446 1034 3507 Quam
1062 3444 1133 3498 ob
1157 3460 1279 3499 rem
1304 3448 1537 3499 nonest
1568 3461 1825 3515 necesse,
1860 3449 1925 3500 ut

265 3548 300 3585 a
329 3532 532 3585 nativa
561 3536 848 3602 potestate
875 3532 1185 3588 verborum
1218 3532 1339 3585 Ἐπὶ
1390 3531 1519 3587 ὅλον
1562 3540 1745 3607 τριετῆ
1788 3533 1924 3608 χρό-

263 3639 354 3671 νον
391 3619 754 3685 recedamus,
782 3636 901 3691 quo
922 3637 983 3676 se
1014 3638 1046 3675 a
1077 3620 1448 3677 Tillcmontio
1480 3622 1689 3678 adduci
1713 3640 1926 3695 passus

266 3713 359 3763 est
390 3708 717 3764 Moshemius
747 3709 774 3761 ὁ
811 3728 1134 3782 μακαριτης,
1195 3710 1366 3780 cujus
1408 3710 1831 3783 interpretatio,
1864 3712 1923 3765 ni

271 3796 467 3865 fallor,
490 3797 545 3851 vi
576 3798 814 3867 quidem
844 3800 1151 3854 verborum
1176 3815 1291 3855 non
1326 3799 1462 3855 facit
1504 3801 1669 3857 satis.
1726 3802 1927 3872 Itaque

344 3922 458 3991 (10)
495 3925 683 3993 Atque
715 3922 809 3978 hic
842 3939 946 3978 nos
976 3940 1090 3978 non
1123 3924 1410 3980 audemus
1443 3925 1613 3997 plura
1636 3942 1704 3981 ex
1724 3925 1927 3982 ordine

276 4009 479 4046 rerum
527 4000 859 4069 gestarum,
912 4011 1057 4069 quas
1100 3998 1711 4069 commemoravimus,
1745 3999 1925 4052 dedu-

273 4079 427 4131 cere,
450 4066 555 4118 sed
601 4073 801 4137 postea
830 4067 1125 4121 dabimus.
1158 4067 1417 4123 Judicari
1444 4074 1634 4125 autem
1669 4066 1927 4125 ekdictis

273 4142 467 4215 ροίεξεί
498 4136 569 4215 de
599 4136 687 4215 so.
720 4137 1123 4215 quosuplacuit
1145 4139 1469 4215 Mpshemio
1502 4144 1609 4215 ,τῷ
1656 4140 1923 4215 semetra

272 4209 357 4278 (in
390 4208 727 4285 laudtdiss.
760 4212 790 4281 ξ
820 4208 1078 4285 21)]ωῐι.
1122 4210 1360 4285 CXCIV,
1394 4208 1927 4285 periisse'Nigrum

272 4297 413 4352 ann.
449 4279 628 4334 CXCV
656 4299 668 4347 ;
700 4279 902 4352 legato
923 4281 983 4336 in
1036 4281 1283 4337 Galliam
1333 4279 1410 4338 ad“
1456 4279 1926 4340 interﬁciendum

275 4350 563 4428 Albinum
591 4370 628 4428 _a
656 4350 861 4408 Severo
889 4356 1124 4428 missos,
1145 4359 1214 4428 _et
1244 4354 1352 4409 hoc
1402 4373 1555 4411 anno
1587 4373 1764 4428 prope
1797 4372 1925 4411 exe-

274 4427 418 4477 unte
452 4423 699 4499 insidias
730 4442 929 4499 eorum
964 4425 1359 4499 deprehensas
1390 4423 1608 4493 fuisse}
1641 4423 1754 4499 quo
1780 4428 1929 4483 facto

272 4511 413 4549 ann.
449 4493 684 4563 CXCVI,
717 4497 1002 4553 citissime
1024 4493 1083 4550 in
1106 4496 1351 4553 Galliam
1378 4504 1623 4555 Severus
1652 4493 1927 4563 venisset,

272 4565 759 4643 crediderim
792 4570 971 4643 (nam_
1008 4569 1078 4623 de
1127 4574 1401 4643 _tempore
1445 4571 1775 4643 praliorum
1801 4574 1927 4643 jam

272 4638 568 4708 dixi,quid
602 4640 679 4722 sit
705 4638 1102 4723 sentiendum)
1126 4638 1371 4723 Legatos
1402 4638 1554 4723 istos-
1575 4638 1931 4723 integroifere

275 4726 430 4765 anno
454 4712 1161 4784 acquievisse,antequam
1185 4712 1408 4770 litteras
1427 4715 1636 4771 Albino
1661 4712 1932 4771 tradidis-

278 4787 437 4857 sent,
470 4792 715 4857 et,gcum
749 4804 885 4841 ann.
932 4784 1133 4841 CXCV.
1178 4802 1355 4857 prope
1410 4791 1654 4843 exeunte
1698 4788 1933 4843 demum

280 4854 522 4931 detectae
558 4855 644 4910 hoe
678 4857 926 4931 fuissent
954 4854 1203 4931 insidiae,
1234 4854 1529 4925 Severum,
1551 4859 1649 4931 qui
1680 4859 1935 4915 currenti

281 4924 550 5013 similior.
577 4946 754 5013 quam
790 4929 1173 5013 proﬁciscenti
1192 4924 1198 4927 ’
1217 4924 1679 5013 recte‘dieitura
1706 4932 1934 4986 Mosbe-

284 4998 428 5074 mio,
462 4998 881 5074 velintegrum
914 5002 1033 5057 fere
1065 5018 1288 5057 annum
1329 5001 1539 5058 CXCVI
1571 5003 1686 5059 otio
1710 5009 1936 5059 transe-

285 5070 465 5151 gisse,
498 5070 834 5151 veIAlb'ino
868 5078 1089 5151 tantum
1122 5076 1483 5151 concessisse
1510 5077 1835 5151 temporis,
1876 5078 1940 5129 ut

285 5143 971 5222 vires‘colligeret;_cum
1006 5146 1078 5222 ad
1107 5146 1413 5222 veritatem
1475 5147 1522 5204 si
1568 5143 1757 5222 multo
1808 5143 1937 5217 pro-

290 5218 560 5291 pensius,
612 5220 663 5272 si
721 5219 855 5290 quis
911 5218 1087 5291 dicat,
1119 5219 1274 5291 quod
1325 5236 1460 5274 ann.
1522 5220 1737 5285 CXCVI
1766 5233 1941 5291 pr0pe

285 5290 549 5343 vertente
575 5289 823 5346 Severus
862 5290 1155 5361 profectus
1213 5289 1289 5344 sit
1330 5293 1608 5347 adversus
1637 5289 1940 5359 Albinum,

286 5372 479 5435 neque
506 5361 760 5419 multum
820 5362 1100 5435 temporis
1131 5364 1587 5435 praetermiserit,
1643 5381 1759 5435 quo
1790 5362 1941 5419 bello

293 5430 576 5505 dimicare
608 5452 742 5490 cum
775 5430 987 5488 Albino
1021 5430 1326 5505 potuisset.

364 5503 476 5572 (11)
506 5505 695 5562 Aliam
728 5507 883 5561 viam
914 5503 1217 5577 ingressus
1248 5512 1335 5562 est
1377 5506 1811 5574 Mosbemius,§
1850 5506 1940 5560 22.

291 5573 563 5653 διωείυθ
583 5596 720 5653 anu.
746 5576 950 5653 CXCVI
973 5573 1567 5653 inquitegpugnatam
1585 5573 1947 5653 esse_szan-

289 5647 555 5705 tinorum
586 5652 813 5721 urbem,
841 5652 991 5707 hanc
1009 5647 1164 5718 vero,
1184 5647 1510 5708 Herodiano
1548 5655 1697 5708 teste
1726 5647 1827 5707 lib.
1860 5665 1944 5719 xu,

1958 4534 2006 4599 D

2030 3284 2100 3324 ex
2148 3267 2661 3322 senatusconsulto
2712 3266 3051 3323 Destinatus
3127 3271 3391 3323 vocatur.
3444 3268 3519 3321 At
3585 3263 3685 3319 illo

2029 3356 2377 3428 cognomine
2410 3354 2680 3427 quamvis
2716 3357 2841 3427 jam
2875 3355 3210 3412 Caracallus
3268 3373 3301 3411 a
3346 3358 3511 3427 patre
3557 3358 3685 3409 tum

2031 3450 2344 3502 exornatus
2376 3446 2606 3513 fuisset,
2640 3461 2774 3501 cum
2803 3446 3051 3503 Severus
3094 3446 3375 3502 adversus
3402 3444 3680 3500 Albinum

2032 3535 2503 3608 proﬁcisceretur
2530 3534 2622 3606 (V.
2654 3535 3059 3607 Spartianum,
3090 3535 3152 3590 in
3200 3535 3426 3605 Severo,
3460 3551 3509 3589 ο.
3567 3534 3679 3605 10),

2031 3624 2186 3679 istud
2217 3628 2413 3679 tamen
2446 3640 2742 3695 nusquam
2773 3624 3101 3697 reperimus
3134 3642 3167 3681 a
3213 3628 3423 3681 senatu
3470 3623 3683 3679 conﬁr-

2033 3717 2261 3768 matum
2290 3729 2419 3768 esse
2450 3712 2635 3783 prius,
2660 3729 2838 3785 quam
2869 3713 3052 3770 victor
3108 3716 3355 3771 Severus
3413 3717 3683 3781 Romam,

2035 3805 2325 3874 prostrato
2353 3800 2585 3872 Albino,
2645 3802 2956 3870 rediisset;
3008 3807 3139 3859 tum
3196 3804 3353 3859 enim
3403 3806 3685 3859 Severum

2035 3942 2085 3981 c.
2135 3926 2190 3994 6,
2250 3924 2513 3980 nondum
2574 3924 2756 3997 fuisse
2812 3924 2872 3981 in
2919 3930 3270 3996 potestatem
3314 3923 3687 3997 imperatoris

2035 3997 2356 4069 redactam,
2380 4013 2513 4051 cum
2548 3996 2757 4053 Albino
2783 4003 3113 4053 occurreret
3138 4016 3151 4065 ;
3186 3999 3367 4069 igitur
3395 3996 3530 4053 eum
3562 4012 3689 4051 esse

2036 4074 2240 4125 contra
2272 4067 2554 4141 Albinum
2589 4086 2741 4124 anno
2773 4067 3690 4141 CXCVIprofectum.Quodargu-

2038 4146 2325 4209 mentum,
2359 4139 2517 4212 baud
2549 4156 2717 4211 nego,
2752 4156 2881 4196 esse
2902 4138 3187 4212 majorem
3220 4142 3333 4195 vim
3356 4155 3487 4194 meo
3518 4138 3687 4212 babi-

2037 4219 2263 4294 turum,
2296 4212 2409 4294 nisi
2455 4210 2764 4294 Herodiani
2794 4214 2970 4294 verba
3000 4210 3351 4294 pugnarent
3402 4225 3535 4265 cum
3589 4210 3685 4294 iis,

2038 4302 2163 4356 qua:
2186 4283 2399 4356 tradita
2430 4288 2570 4337 sunt
2599 4300 2632 4338 a
2662 4284 2844 4339 Dione
2880 4280 3255 4355 Cassiofqui
3293 4290 3567 4356 Severum
3601 4280 3683 4335 ait

2036 4354 2310 4411 nuntium
2344 4355 2415 4409 de
2446 4360 2613 4427 capto
2665 4356 2932 4427 Byzantio
2967 4356 3025 4409 in
3058 4354 3684 4427 Mesopotamiauacce-

2078 4429 2213 4482 isse.
2250 4431 2437 4497 Atque
2466 4424 2749 4482 is'merit'o
2767 4427 3094 4483 audiendus
3124 4424 3299 4495 est,et
3326 4424 3692 4497 repudianda

2089 4495 2359 4581 erodit-ani:
2391 4498 2733 4581 auctoritas,
2774 4500 3123 4581 .quod_jam_
3176 4495 3431 4581 egregie.
3458 4495 3694 4552 monuit

2039 4571 2192 4625 V.C.
2226 4571 2295 4625 II.
2329 4570 2383 4623 S.
2418 4570 2723 4625 Reimarus
2773 4570 2833 4627 in
2887 4574 3007 4627 not.
3054 4571 3127 4626 ad
3175 4570 3344 4627 Dion.
3395 4575 3579 4637 Cass.,
3632 4584 3691 4639 p.

2044 4642 2363 4719 12.52,§__70_,
2397 4645 2454 4696 et
2488 4644 2644 4709 1256,
2672 4642 2789 4719 _§_I.
3318 4715 3333 4719 Α
3512 4711 3551 4719 __
3646 4708 3657 4719 ,

2114 4712 2347 4789 (121Usi
2379 4730 2586 4789 sumus
2618 4711 2864 4769 ad'banc
2897 4730 3018 4769 rem
3068 4715 3438 4789 efﬁciendam
3496 4711 3692 4789 digni:

2043 4783 2163 4842 tate
2195 4785 2478 4841 Caracalli
2507 4787 2787 4854 Casarea,
2830 4803 2963 4841 cum
3021 4787 3378 4843 Mosbemius
3418 4783 3696 4839 maluerit

2045 4860 2267 4930 adeam
2301 4874 2424 4930 rem
2457 4858 2803 4930 dignitatem
2834 4860 3082 4930 Augusti
3099 4859 3395 4914 Caracallo
3426 4854 3695 4911 collatam

2047 4929 2343 5003 adbibere.
2374 4929 2485 4983 Sed
2516 4928 3027 5003 iistiusClai-issimi
3055 4930 3179 4984 Viri
3202 4938 3399 5003 partes
3428 4930 3693 5003 deserere

2047 5002 2145 5077 hic
2173 5001 2360 5077 satius
2387 5002 2708 5077 estvisum.
2748 5001 2938 5077 Nam,
2973 5018 3028 5071 p.
3086 5002 3178 5069 66,
3202 4996 3549 5068 'Caracalla,
3603 4996 3694 5077 in:

2050 5072 2196 5145 quit,
2230 5072 2477 5144 Augusti
2512 5074 2794 5145 dignitate
2821 5078 3064 5128 ornatus
3113 5077 3201 5127 est
3248 5091 3313 5129 eo
3370 5087 3543 5137 anno,
3595 5072 3699 5137 qui

2049 5144 2314 5216 praelium
2349 5144 2738 5215 Lugdunense
2785 5150 2873 5199 est
2929 5152 3296 5201 consecutus.
3336 5146 3536 5216 Itaque
3561 5154 3697 5216 eum

2051 5211 2298 5292 constet,
2327 5211 2463 5292 eum
2488 5219 2640 5273 hanc
2658 5233 2807 5292 ann.
2828 5216 3087 5292 CXCVIII
3109 5211 3694 5292 accepisse,Al_binus

2054 5307 2188 5345 ann.
2215 5288 2451 5344 CXCVII
2510 5288 2802 5345 occubuit.
2864 5287 3051 5357 Hujus
3099 5285 3452 5360 argumenti,
3492 5285 3698 5341 dubito

2054 5364 2193 5425 fere,
2244 5377 2317 5415 an
2360 5363 2627 5432 superior
2681 5359 2999 5432 propositio
3072 5375 3141 5415 ex
3181 5359 3493 5432 omnibus,
3553 5368 3700 5432 quos

2052 5433 2360 5501 habemus,
2386 5428 2769 5506 scriptoribus
2791 5428 2809 5432 “
2829 5431 2907 5486 sit
2926 5502 2940 5506 _
2972 5432 3301 5506 manifesta,
3352 5431 3472 5506 nisi
3493 5428 3697 5506 eadem

2058 5520 2185 5562 esse
2216 5499 2525 5579 censeatur
2554 5522 2687 5562 cum
2708 5503 2889 5559 altera
2909 5502 2979 5557 de
3001 5502 3129 5573 ejus
3145 5499 3429 5577 dignitate
3448 5499 3699 5579 Augusti

2061 5593 2196 5649 ann.
2230 5576 2491 5649 CXCVIII
2523 5580 2960 5649 suscepta,qute
2982 5568 3244 5649 Consenti
3271 5593 3405 5635 cum
3423 5568 3699 5630 omnibus

2061 5648 2189 5720 ejus
2220 5648 2303 5704 rei
2322 5647 2721 5721 significanda}
2752 5647 3175 5705 monumentis.
