4148 6188
386 261 495 320 151

1463 260 1986 323 DISSERTATIO
2033 259 2132 321 DE
2169 261 2379 322 VERA
2427 263 2711 323 ΑΞΤΑΤΕ

3674 264 3792 321 152

386 393 641 466 legimus
664 396 944 449 Caesarem
992 394 1341 449 Bassianum
1372 393 1560 450 filium
1594 411 1765 450 suum
1794 394 2042 449 Antoni-
2073 397 2123 463 Α
2153 394 2473 463 sententiae,
2499 397 2657 468 quod
2689 400 2987 468 appareat,
3024 394 3421 466 Apologeticum
3450 393 3795 454 Tertulliani

388 500 534 539 num
558 482 840 554 appellari
866 484 1118 557 jussisse
1143 490 1257 556 (ap.
1283 485 1474 556 Spart.
1507 484 1609 540 l.c.
1646 486 1751 556 14).
1779 489 1850 539 At
1880 484 2037 540 enim

390 574 745 628 Lateranum
779 577 836 627 et
892 574 1169 629 Itutinum
1219 573 1488 629 consules
1548 574 1729 629 fuisse
1790 592 1926 629 ann.
1980 590 2036 645 p.

387 662 455 717 Ν.
490 662 551 716 C.
597 662 855 728 CXCVII,
914 665 1125 719 docent
1185 664 1319 719 fasti
1368 663 1660 730 universi;
1718 664 1912 735 itaque
1965 663 2043 717 sit

388 752 524 819 hoc,
558 750 837 806 Albinum
871 753 1074 808 eodem
1107 770 1258 808 anno
1291 754 1367 825 (et
1396 770 1453 809 x1
1513 754 1749 825 quidem
1802 753 2040 809 Kalend.

387 844 558 896 Mart.
596 842 1098 911 quemadmodum
1141 842 1312 897 habet
1358 843 1725 915 Spartianus,
1760 842 1797 898 l.
1832 860 1881 899 ο.
1917 860 1962 899 c.
1990 844 2043 913 2)

393 946 529 985 cum
560 930 681 985 vita
710 931 1026 1002 imperium
1055 931 1347 988 amisisse.
1403 935 1536 998 Quae
1594 950 1727 988 cum
1782 934 1865 988 ita
1908 934 2046 1001 sint,

394 1023 553 1091 patet
581 1022 734 1091 quod
769 1021 1145 1076 efﬁciendum
1178 1023 1585 1094 promisimus,
1618 1039 1685 1077 ex
1744 1022 1853 1078 hac
1892 1040 2052 1078 ocea-

396 1109 559 1165 sione
590 1109 743 1181 plebi
774 1111 847 1165 ad
897 1110 1262 1167 Christianos
1320 1114 1612 1169 vexandos
1662 1117 1794 1185 post
1851 1112 2047 1167 Albini

396 1199 705 1254 interitum
738 1205 894 1266 nata,
928 1200 1075 1256 istas
1106 1202 1330 1273 priores
1389 1202 1855 1259 Christianorum
1897 1202 2052 1259 cala-

401 1289 635 1345 mitates
666 1308 803 1345 ann.
847 1290 1075 1346 CXCVII
1106 1291 1341 1347 initium
1380 1292 1626 1364 cepisse.

403 1398 647 1471 §lI.r—-
689 1400 729 1451 E
770 1398 905 1471 loco,
932 1397 1165 1469 quodam
1217 1400 1547 1456 Tertulliani
1603 1400 1683 1456 ad
1740 1400 2054 1471 Scapulam,

478 1470 727 1554 (Artiﬁcum
750 1471 861 1554 alio
880 1470 1169 1554 Spartiani
1200 1475 1499 1554 confertur,
1526 1470 1863 1554 Iostenditur
1888 1488 2056 1554 ianno

481 1540 721 1615 CXCVII,
755 1540 981 1596 initium
1006 1544 1212 1614 cepisse
1248 1540 1489 1615 priorem
1519 1544 1658 1599 hanc
1702 1546 2057 1601 venationem

483 1611 943 1669 Christianorum.

480 1702 828 1758 Accedimus
856 1704 927 1759 ad
958 1704 1207 1760 alterum
1241 1708 1678 1777 argumentum,
1704 1722 1774 1761 ex
1804 1722 1918 1776 quo
1942 1704 2058 1759 ini-

412 1789 562 1846 tium
594 1792 766 1849 istius
788 1792 1082 1849 tumultus
1112 1811 1144 1849 a
1166 1774 1333 1865 plebe
1365 1794 1601 1849 excitati
1636 1774 1877 1850 definire
1907 1794 2064 1849 vole-
2095 1774 2141 1838 B

415 1881 852 1949 bamus,locum
888 1883 1067 1939 istum
1101 1883 1339 1955 quidem
1399 1884 1671 1955 superius
1705 1884 1791 1956 ἕϐ
1848 1884 2065 1954 produ-

417 1977 577 2030 ctum
608 1973 808 2028 elibro
846 1973 1189 2028 Tertulliani
1246 1974 1316 2027 ad
1343 1974 1657 2044 Scapulam,
1690 1973 1749 2027 in
1804 1990 1918 2045 quo
1967 1973 2067 2028 Se-

416 2077 588 2116 verus
621 2060 857 2127 dicitur,
877 2082 904 2111 ‹‹
926 2060 1298 2116 Clarissimas
1319 2062 1571 2117 feminas
1590 2061 2068 2132 clarissimosque

418 2150 577 2205 viros
608 2155 776 2206 sectas
800 2149 1142 2205 Christianae
1176 2167 1289 2205 non
1317 2151 1490 2206 modo
1540 2167 1655 2205 non
1684 2150 1928 2216 laesisse,
1973 2165 2069 2205 ve-

420 2256 553 2295 rum
577 2243 633 2295 et
661 2256 975 2295 exornasse
1028 2239 1391 2306 testimonio,
1426 2239 1757 2311 populoque
1789 2240 1848 2295 in
1903 2240 2070 2296 Chri-

420 2331 645 2385 stianos
677 2328 893 2384 furenti
918 2328 1219 2384 restitisse.
1246 2349 1271 2379 ιι
1306 2330 1469 2395 Quod
1506 2346 1638 2384 cum
1676 2336 1921 2386 Severus
1955 2346 2069 2385 non

419 2418 620 2474 fecerit
649 2436 714 2474 eo
742 2423 1021 2489 tempore,
1080 2434 1195 2488 quo
1231 2418 1357 2488 jam
1404 2418 1661 2473 edictum
1719 2422 2073 2491 Opposuerat

420 2507 691 2579 religioni
724 2507 1202 2575 Christianorum,
1224 2509 1724 2578 quemadmodum
1756 2509 1836 2563 ibi
1868 2509 2070 2580 dispu-

418 2598 697 2665 tavimus,
722 2597 1115 2669 assignandus
1145 2602 1235 2652 est
1266 2597 1316 2652 ei
1349 2597 1430 2653 rei
1462 2615 1673 2665 annus,
1695 2616 1809 2670 quo
1830 2599 2074 2654 Severus

421 2687 688 2744 nondum
720 2687 826 2742 hac
844 2686 971 2758 lege
1000 2688 1155 2742 110
1188 2686 1474 2743 molestus
1531 2688 1737 2743 fuerat.
1786 2688 1983 2759 Neque
2023 2687 2075 2743 is

423 2777 528 2833 tali
592 2777 765 2832 modo
810 2776 1159 2833 clarissimis
1214 2776 1573 2848 quibusdam
1615 2777 1797 2848 hujus
1843 2777 2077 2834 familiae

425 2866 766 2922 hominibus
790 2870 914 2921 tum
947 2864 1176 2920 videtur
1224 2866 1540 2937 gratificari
1594 2866 1871 2933 voluisse,
1917 2883 2073 2931 cum.

424 2956 577 3011 victo
600 2955 835 3023 Albino,
869 2954 1086 3010 bellum
1110 2955 1340 3010 Parthis
1376 2954 1627 3026 aliisque
1657 2955 1909 3011 Orientis
1942 2972 2080 3028 gen-

425 3044 586 3101 tibus
615 3043 933 3115 intulisset,
966 3061 1000 3099 a
1046 3061 1162 3115 quo
1210 3044 1465 3115 perfecto
1517 3061 1631 3100 non
1683 3046 1856 3100 rediit
1889 3047 2074 3117 prius,

2150 501 2262 539 non
2296 501 2466 557 posse
2497 485 2709 541 litteris
2754 486 3095 541 mandatum
3129 500 3279 553 esse,
3330 482 3439 539 nisi
3488 489 3623 539 ante
3666 484 3799 538 illas

2149 572 2308 645 leges
2338 575 2563 644 Severi;
2598 576 2669 631 de
2702 592 2817 647 qua
2846 590 2905 630 re
2938 592 3109 630 nemo
3141 574 3411 629 dubitare
3459 579 3669 641 potest,
3702 573 3803 644 qui

2152 663 2400 734 cogitate
2433 665 2587 720 hunc
2621 664 3194 721 libellumtractavit.
3228 663 3339 718 Sed
3371 664 3583 734 poterit
3614 678 3682 718 ex
3709 663 3804 728 iis,

2154 769 2279 823 quae
2313 759 2513 824 postea
2545 754 3002 826 disputabimus,
3031 752 3192 808 nullo
3245 753 3474 824 negotio
3534 751 3806 823 intelligi,

2156 840 2332 897 istam
2393 844 2793 899 defensionem
2845 847 3107 898 veterum
3156 841 3600 897 Christanorum
3640 844 3809 895 aetate

2158 930 2493 987 inferiorem
2527 949 2655 988 esse
2678 932 2845 987 libris
2867 933 2995 1003 ejus
3042 931 3112 985 ad
3145 937 3441 1002 Martyres,
3494 930 3558 985 de
3592 929 3810 998 Specta-

2158 1022 2320 1089 cutis,
2342 1026 2516 1094 atque
2564 1021 2630 1077 de
2683 1022 3021 1077 Idololatria.
3073 1020 3463 1090 Vicissimque
3517 1035 3609 1074 me
3639 1034 3811 1090 spero

2160 1107 2243 1165 ita
2280 1110 2647 1179 effecturum,
2708 1111 2864 1181 quod
2923 1110 3045 1165 istae
3104 1108 3403 1180 religionis
3472 1108 3813 1163 Christiana:

2161 1198 2428 1255 vindiciae
2461 1200 2691 1270 scriptae
2724 1200 2843 1255 sint
2864 1200 2973 1255 sub
3002 1198 3238 1254 initium
3296 1215 3433 1253 ann.
3474 1197 3725 1265 CXCVII,
3750 1202 3816 1251 ut

2163 1302 2335 1342 nemo
2367 1286 2452 1342 vel
2485 1287 2759 1342 mediocri
2793 1288 2852 1341 in
2886 1286 3217 1357 hisjudicio
3252 1285 3532 1358 praeditus
3578 1286 3649 1340 de
3702 1284 3816 1339 ista

2165 1392 2226 1432 re
2257 1376 2525 1431 dubitare
2557 1376 2766 1448 possit.
2801 1378 2987 1442 Quare
3035 1380 3161 1430 tum
3186 1374 3511 1447 apparebit,
3543 1373 3723 1429 libros
3752 1372 3819 1427 de

2166 1466 2495 1536 Spectaculis
2517 1470 2693 1538 atque
2723 1466 2788 1521 de
2812 1466 3131 1521 Idololatria
3162 1464 3308 1518 nulli
3341 1464 3438 1519 alii
3460 1480 3613 1518 anno
3646 1478 3819 1535 posse

2168 1556 2479 1627 assignari,
2516 1556 2629 1611 nisi
2662 1573 2796 1611 ann.
2829 1555 3116 1611 CXCVIII.
3166 1555 3473 1609 Enimvero
3505 1552 3818 1608 Tertullia-

2170 1662 2281 1700 nus
2309 1652 2595 1717 martyres
2619 1644 2854 1717 proprio
2882 1644 3079 1700 libello
3113 1643 3185 1699 ad
3244 1642 3632 1699 constantiam
3679 1658 3822 1697 con-

2172 1737 2549 1805 cordiamque
2582 1735 2849 1790 hortatus
2869 1740 2958 1791 est
2990 1734 3175 1806 prius,
3202 1750 3379 1805 quam
3414 1749 3475 1787 se
3496 1732 3825 1803 accingeret

2175 1826 2246 1880 ad
2280 1825 2619 1880 scribendos
2646 1824 2753 1880 hos
2787 1826 2957 1891 duos,
2992 1840 3140 1895 quos
3164 1823 3446 1887 diximus,
3479 1820 3679 1875 libros.
3709 1820 3822 1874 Ita-

2174 1930 2287 1985 que
2312 1930 2545 1969 necesse
2594 1919 2683 1969 est
2738 1913 2949 1983 dicere,
2987 1912 3203 1967 librum
3260 1914 3339 1966 ad
3381 1911 3644 1982 Martyres
3701 1909 3819 1963 fere

2178 2020 2313 2060 ann.
2347 2003 2575 2058 CXCVII
2600 2003 2658 2057 in
2689 2001 2878 2057 lucem
2904 2002 3125 2057 editum
3153 2001 3356 2056 fuisse.
3388 2003 3521 2066 Quae
3578 2016 3695 2054 una
3726 2014 3819 2053 res

2179 2097 2441 2148 nostrain
2472 2093 2821 2148 sententiam
2854 2093 2924 2147 de
2969 2108 3142 2159 anno,
3204 2108 3316 2162 quo
3381 2090 3502 2144 haec
3558 2088 3827 2160 superior

2178 2184 2402 2238 vexatio
2430 2182 2893 2236 Christianorum
2925 2180 3164 2253 incepit,
3198 2180 3362 2251 ponit
3390 2183 3551 2234 extra
3589 2193 3823 2234 omnem

2181 2270 2626 2327 dubitationem.
2662 2270 2928 2342 Namque
2959 2270 3042 2339 hi,
3083 2269 3298 2341 quibus
3346 2268 3562 2324 librum
3595 2265 3827 2335 obtulit,

2172 2362 2301 2432 jam
2361 2360 2592 2415 fuerant
2659 2365 2894 2431 propter
2943 2359 3283 2431 religionem
3331 2358 3716 2413 Christianam
3770 2356 3831 2409 in

2182 2450 2417 2505 vincula
2448 2448 2714 2520 conjecti.
2766 2454 3148 2521 martyresque
3197 2448 3295 2504 isti
3346 2448 3618 2517 designati
3654 2461 3831 2518 argu-

2185 2548 2378 2595 mento
2409 2543 2567 2607 sunt,
2600 2542 2726 2593 tum
2758 2539 3001 2593 deorum
3052 2537 3306 2593 cultores
3335 2538 3453 2592 vim
3483 2534 3831 2592 Christianis

2183 2628 2472 2685 intulisse.
2508 2629 2614 2683 Sed
2638 2629 2824 2683 obiter
2854 2627 2975 2683 haec
2998 2628 3114 2683 fere
3148 2644 3342 2695 ;nunc
3375 2625 3543 2699 plura
3570 2625 3640 2681 de
3662 2622 3830 2679 libris

2186 2718 2278 2774 his
2308 2718 2453 2789 ipsis
2480 2717 2773 2773 dabimus.

2186 2854 2334 2909 111
2371 2854 2397 2920 §
2430 2853 2604 2907 13.--
2631 2853 2781 2907 /Etas
2807 2853 2926 2923 ipsa
2960 2852 3231 2907 librorum
3277 2851 3442 2919 huius
3477 2850 3713 2923 generis,
3738 2848 3836 2923 de-

2254 2926 2456 2995 ﬁnitur
2484 2926 2586 2986 ita,
2618 2929 2679 2978 ut
2709 2922 2847 2979 liber
2896 2924 2965 2978 ad
3021 2926 3294 2995 Martyres
3332 2940 3465 2977 ann.
3501 2922 3715 2978 CXCVII
3759 2922 3834 2975 sit

2259 3006 2541 3052 exoratus.
2562 2997 2886 3067 IIo/fmanni
2903 2996 3227 3067 conjecturae
3246 2995 3642 3067 exploduntur.

428 3151 605 3206 quam
628 3134 735 3189 hoe
767 3106 932 3189 idem,
950 3106 1229 3190 edictum-
1246 3134 1527 3189 adversus
1557 3106 1918 3191 Christianos
1950 3106 2076 3207 pro;
2107 3144 2150 3210 (ς
2258 3114 2360 3168 Εδῖ
2382 3112 2561 3210 igitur
2584 3112 2742 3210 ξξξίθτ
2772 3111 3207 3210 δυ-Ῐξλδ-βθίξθνίδ
3265 3106 3840 3210 Ῑίδτοδβδηρτξωξιεν

429 3223 777 3294 mulgasset.
796 3228 1061 3293 Namque
1086 3227 1212 3277 tum
1242 3223 1481 3293 quidem
1516 3227 1599 3277 tot
1629 3224 1934 3279 eratbellis
1952 3241 2085 3280 cum

430 3311 772 3366 fortissimis
806 3311 1146 3366 nationibus
1177 3310 1539 3381 implicatus,
1564 3317 1629 3366 ut
1648 3312 1805 3367 credi
1835 3313 1926 3367 vix
1949 3330 2087 3384 pos-

430 3401 527 3465 sit,
560 3417 695 3455 eum
722 3400 792 3454 de
822 3400 1159 3454 istiusmodi
1194 3400 1369 3455 rebus
1407 3401 1719 3471 cogitasse.
1774 3401 1883 3456 Sed
1918 3403 2089 3457 verba

431 3488 609 3545 etiam
639 3487 982 3544 Tertulliani
1006 3494 1147 3543 sunt
1175 3506 1262 3555 ea,
1297 3493 1363 3544 ut
1392 3488 1563 3544 facile
1589 3496 1891 3561 appareat,
1916 3495 2085 3547 Seve-

436 3595 567 3633 rum
601 3595 715 3633 non
747 3578 855 3633 has
905 3578 1166 3650 quidem,
1226 3579 1327 3633 sed
1378 3578 1525 3634 alias
1576 3582 1772 3634 tamen
1817 3580 2088 3651 feminas,

436 3668 709 3738 virosque
743 3666 1101 3722 clarissimos
1131 3683 1198 3722 eo
1230 3672 1489 3738 tempore
1509 3665 1754 3737 laesisse,
1788 3686 1821 3723 a
1871 3670 2090 3741 quibus

437 3757 488 3811 is
522 3756 883 3811 Christianus
925 3756 1199 3827 cupiebat
1241 3756 1518 3811 discerni.
1570 3762 1764 3827 Atque
1810 3774 1915 3829 ego
1974 3774 2090 3813 non

441 3846 627 3915 video,
662 3845 732 3899 ad
758 3845 929 3915 quale
946 3851 1178 3916 tempus
1203 3845 1389 3916 possit
1409 3845 1497 3901 vis
1518 3845 1651 3899 istis
1683 3844 1846 3901 illata
1866 3846 2089 3915 referri,

439 3933 553 3989 nisi
586 3934 657 3989 ad
690 3934 771 4003 id,
833 3950 948 4005 quo
1005 3934 1325 4005 interfectos
1375 3934 1722 4006 Spartianus
1782 3935 1956 3991 refert
2014 3935 2092 4005 (in

439 4024 564 4078 Sev.
599 4039 647 4077 c.
683 4024 770 4094 12)
825 4025 1143 4079 innumeros
1178 4024 1367 4078 Albini
1420 4026 1666 4093 partium
1721 4025 1889 4091 viros,
1945 4026 2095 4079 inter

438 4128 570 4183 quos
601 4112 775 4168 multi
812 4114 1095 4184 principes
1149 4114 1413 4179 civitatis,
1452 4113 1654 4169 multa?
1690 4115 1920 4183 feminae
1949 4113 2092 4167 illu-

438 4208 555 4259 tres
584 4206 851 4275 fuerunt;
884 4206 1212 4275 propterea,
1246 4200 1400 4272 quod
1432 4201 1545 4256 ista
1582 4201 1642 4257 in
1674 4219 1735 4257 re
1782 4202 1937 4257 inter
1982 4202 2093 4257 hoc

440 4293 755 4364 scriptores
786 4298 875 4348 est
919 4292 1009 4347 vel
1056 4291 1114 4346 in
1173 4290 1367 4346 verbis
1423 4290 1691 4360 quaedam
1744 4284 2090 4346 Similitudo.

441 4382 561 4453 Ego
590 4398 724 4437 vero
754 4382 849 4435 vix
871 4382 1096 4446 dubito,
1119 4381 1261 4451 quin
1289 4380 1537 4435 Severus
1568 4378 1778 4434 horum
1809 4378 2093 4435 Christia-

445 4486 656 4524 norum
680 4470 846 4540 quasi
876 4469 1124 4525 tutelam
1156 4468 1501 4539 susceperit,
1540 4483 1758 4538 eosque
1805 4468 2095 4523 ornaverit

2194 3218 2369 3272 quem
2401 3200 2801 3255 Tertullianus
2832 3200 2901 3254 ad
2949 3201 3211 3271 Martyres
3257 3197 3617 3271 perscripsit.
3658 3197 3840 3267 Cujus

2194 3288 2325 3343 libri
2355 3292 2766 3359 argumentum
2799 3288 2997 3359 ipsum
3022 3290 3148 3359 jam
3172 3293 3298 3343 tum
3320 3292 3626 3358 susceptas
3644 3286 3846 3340 adver-

2195 3395 2298 3433 sus
2328 3376 2692 3432 Christianos
2749 3376 3090 3433 inimicitias
3120 3378 3524 3444 demonstrat;
3558 3379 3649 3431 est
3685 3374 3842 3429 enim

2195 3467 2501 3535 designatis
2543 3467 2885 3538 martyribus
2927 3467 3189 3523 dicatum
3229 3465 3383 3539 (coll.
3418 3481 3469 3522 c.
3516 3466 3607 3536 li);
3669 3464 3845 3520 modo

2198 3557 2677 3612 constituendum
2698 3562 2786 3612 est
2817 3557 2899 3628 id,
2932 3556 3227 3612 fuerintne
3257 3556 3354 3611 isti
3386 3560 3541 3621 ante,
3602 3572 3677 3609 an
3712 3558 3847 3626 post

2198 3646 2391 3702 Severi
2413 3646 2669 3701 edictum
2708 3645 2766 3701 in
2801 3662 3094 3701 carcerem
3144 3645 3429 3716 conjecti;
3475 3649 3649 3715 atque
3697 3642 3847 3697 illud

2201 3736 2346 3791 mihi
2370 3736 2557 3807 magis
2599 3736 2789 3806 placet
2836 3734 3101 3807 pluribus
3150 3735 3222 3790 de
3281 3734 3496 3790 causis.
3558 3732 3845 3801 Primum,

2202 3823 2480 3897 quoniam
2530 3823 2882 3879 christianos
2926 3841 3038 3879 non
3083 3824 3457 3895 imperatoris,
3490 3822 3591 3877 sed
3616 3836 3849 3893 procon-

2198 3915 2339 3969 sulis
2376 3913 2594 3985 judicia
2641 3914 2930 3969 sustinere
2985 3913 3126 3968 dicit
3169 3930 3219 3968 c.
3279 3913 3333 3966 2.
3372 3911 3533 3977 Quod
3584 3911 3848 3981 quidem,

2200 4004 2358 4058 haud
2391 4019 2560 4075 nego,
2587 4002 2700 4057 dici
2742 4001 2917 4057 etiam
2963 4020 2996 4058 a
3052 4000 3413 4058 Tertulliauo
3461 3999 3746 4073 potuisse,
3799 3999 3852 4054 si

2202 4092 2479 4165 praesides
2510 4091 2758 4147 adhibiti
2810 4092 3026 4147 fuerint
3065 4092 3137 4147 ab
3206 4091 3560 4164 imperatore
3618 4088 3851 4160 legibus

2202 4186 2405 4237 contra
2435 4179 2797 4236 Christianos
2829 4180 3167 4252 dimicante,
3201 4184 3505 4252 propterea
3534 4179 3688 4249 quod
3713 4194 3858 4249 prae-

2202 4270 2361 4326 sides
2390 4285 2488 4325 eas
2516 4271 2982 4341 exsequebantur
3036 4269 3097 4324 in
3130 4268 3484 4340 provinciis:
3519 4268 3618 4323 sed
3654 4272 3857 4321 tamen

2203 4375 2361 4415 exeo
2394 4359 2650 4431 primum
2700 4358 2887 4415 oritur
2932 4358 3089 4413 haud
3151 4358 3350 4429 inepta
3390 4355 3666 4428 suspicio,
3727 4356 3861 4427 ipsa

2203 4448 2312 4503 hac
2358 4447 2629 4503 violentia
2675 4464 2741 4503 eo
2826 4452 3089 4521 tempore
3140 4446 3415 4519 praesides
3477 4445 3662 4517 magis
3719 4461 3860 4499 usos

446 4516 656 4524 ”“’““”“”
682 4516 846 4540 Ὶ“’“””
881 4516 1124 4525 ’““⁷⁹””“
1156 4516 1501 4539 ”“““’⁷“ἰ⁷*“”“1
1544 4516 1755 4538 ⁷⁷⁷Ἰ“⁷
1808 4516 2066 4523 """""

446 4558 783 4614 testimonio
817 4558 941 4623 tali,
974 4575 1089 4628 quo
1120 4559 1374 4622 doceret,
1399 4573 1498 4611 eos
1531 4572 1645 4611 non
1671 4574 1800 4613 esse
1847 4573 1916 4613 ex
1946 4557 2077 4612 ami-

2206 4537 2611 4607 fuisse,quam
2633 4535 2830 4607 ipsum
2862 4516 3217 4607 Augustum.
3268 4536 3341 4587 At
3390 4533 3439 4588 si
3498 4516 3656 4587 istud
3689 4546 3861 4601 argu-

450 4648 535 4703 cis
566 4646 781 4713 Albini,
806 4662 876 4701 ne
907 4646 1182 4717 populus,
1229 4661 1469 4700 causam
1519 4644 1897 4717 Imperatoris
1950 4663 2099 4717 prae-

452 4736 720 4804 tendens,
757 4736 860 4790 hos
900 4734 1243 4789 Christiana:
1292 4733 1561 4803 religioni
1621 4735 1888 4790 addictos
1946 4735 2100 4790 inse-

455 4830 754 4897 queretur,
800 4832 1146 4895 raperetque
1202 4823 1261 4877 iu
1319 4823 1638 4893 judicium,
1688 4824 1927 4895 quibus,
1986 4823 2100 4879 nisi

454 4918 607 4988 quod
640 4916 956 4972 Christiani
982 4920 1197 4982 essent,
1231 4914 1390 4969 aliud
1416 4914 1560 4969 nihil
1610 4915 1749 4970 vitio
1807 4914 1954 4970 verti
1999 4931 2101 4986 po-

451 5011 625 5063 terat.
656 5006 869 5062 Verum
910 5006 1091 5078 igitur
1114 5006 1190 5061 sit
1227 5004 1396 5072 illud,
1449 5004 1649 5060 statim
1692 5010 1823 5076 post
1854 5009 2101 5060 mortem

452 5097 665 5167 Albini,
692 5101 748 5151 et
777 5101 910 5151 ante
941 5095 1131 5151 Severi
1166 5094 1581 5167 profectionem
1606 5099 1808 5149 contra
1833 5094 2101 5162 Parthos,

453 5185 492 5241 l.
521 5202 568 5241 c.
594 5202 729 5241 ann.
754 5184 985 5242 CXCVII
1008 5183 1286 5257 populum
1310 5183 1671 5239 Christianos
1686 5184 1739 5238 vi
1761 5198 2103 5255 aggressum

457 5275 660 5331 fuisse.

461 5382 864 5451 §12.—Idem
896 5385 1306 5437 demonstratur
1350 5382 1585 5435 ulterius
1641 5396 1710 5434 ea:
1771 5384 1927 5436 aetate
1972 5382 2110 5451 Apo-

537 5457 749 5527 logetici
788 5455 1135 5525 Tertulliani,
1195 5463 1618 5527 caeterorumque
1674 5452 1964 5521 librorum,
2011 5453 2108 5525 qui

535 5545 659 5585 eum
680 5528 1103 5582 antecesserunt.

537 5618 795 5689 Denique
825 5620 882 5672 et
912 5615 1020 5672 hoc
1044 5631 1160 5672 non
1182 5614 1305 5672 leve
1337 5618 1427 5672 est
1455 5616 1869 5687 argumentum
1896 5616 2107 5671 nostris

2210 4624 2514 4680 mentandi
2562 4640 2745 4696 genus
2798 4623 3066 4679 videatur
3123 4622 3182 4678 in
3257 4627 3565 4692 utramque
3628 4625 3857 4692 partem

2210 4730 2381 4785 posse
2412 4713 2719 4785 disputari,
2756 4712 2902 4768 hanc
2923 4710 3377 4768 controversiam
3426 4709 3648 4767 dirimit
3697 4708 3859 4763 haud

2211 4803 2386 4858 dubie
2417 4802 2497 4870 id,
2523 4802 2678 4874 quod
2709 4808 2799 4858 est
2828 4803 2901 4857 ad
2952 4800 3171 4857 calcem
3238 4799 3423 4855 nostri
3480 4796 3682 4864 libelli,
3734 4795 3859 4864 ubi,

2211 4894 2289 4949 Ad
2316 4893 2413 4947 hoc
2441 4893 2682 4963 quidem,
2716 4892 2930 4963 inquit,
2973 4891 3337 4963 (patiendum
3394 4890 3454 4943 in
3512 4904 3691 4943 causa
3737 4885 3865 4957 Dei)

2212 4983 2294 5038 vel
2320 4984 2618 5053 prwsentia
2643 4982 2799 5036 nobis
2829 4990 3078 5052 tempora
3106 4980 3429 5035 documenta
3477 4978 3616 5047 sint,
3649 4983 3865 5047 quantae

2215 5072 2504 5143 qualesque
2523 5085 2774 5142 personae
2794 5070 3105 5142 inapinatos
3162 5068 3443 5123 natalibus
3491 5075 3545 5121 et
3575 5064 3868 5135 dignitati-

2217 5162 2313 5216 bus
2338 5166 2393 5216 et
2423 5160 2741 5232 corporibus
2770 5168 2821 5215 et
2880 5159 3129 5216 aetatibus
3180 5160 3293 5213 suis
3349 5158 3531 5212 exitus
3593 5156 3864 5225 referunt,

2215 5251 2453 5306 hominis
2480 5266 2654 5305 causa
2668 5265 2690 5309 ,'
2722 5252 2817 5303 aut
2840 5248 2906 5303 ab
2937 5250 3075 5319 ipso,
3105 5250 3156 5302 si
3206 5251 3401 5303 contra
3449 5262 3572 5301 eum
3610 5244 3864 5314 fecerint,

2215 5345 2310 5395 aut
2329 5340 2399 5394 ab
2418 5340 2756 5394 adversariis
2816 5338 2955 5408 ejus,
3006 5337 3058 5391 si
3102 5352 3203 5407 pro
3259 5352 3318 5391 eo
3375 5336 3657 5394 steterint;
3707 5330 3865 5402 quod

2217 5428 2506 5503 pertinere
2538 5429 2610 5483 ad
2640 5432 2897 5497 tempus,
2931 5442 3044 5498 quo
3075 5427 3145 5482 ab
3177 5424 3406 5481 :emulis
3430 5422 3659 5496 imperii
3689 5421 3865 5476 Seve-

2216 5536 2316 5576 rus
2346 5522 2543 5574 tutum
2567 5516 2835 5572 redderet
2855 5516 3055 5571 orbem
3087 5520 3427 5583 Romanum,
3483 5512 3642 5569 nullo
3688 5510 3864 5566 modo

2217 5606 2472 5667 dubitari
2502 5608 2712 5679 potest.
2746 5604 2893 5664 Nam
2924 5622 3060 5664 eum
3086 5604 3357 5665 sublatus
3395 5619 3427 5660 θ
3474 5601 3666 5661 medio
3708 5601 3867 5657 esset
