4148 6188
309 328 411 386 153

1130 336 1225 396 AC
1269 338 1667 403 DOCTRINA
1714 344 2222 409 SCRIPTORUM
2264 351 2818 415 TERTULLIANI.

3559 361 3677 419 154

306 456 544 525 Albinus,
578 461 696 511 tum
723 459 976 516 maxime
1007 467 1283 522 Severum
1316 470 1801 530 animadvertisse
1855 477 1912 531 in
1944 479 1998 545 Î‘
2027 482 2397 537 trectaverint
2426 500 2627 539 eorum
2667 484 3025 541 societatem.
3056 487 3211 542 Idem
3244 503 3378 542 vero
3409 504 3524 543 non
3572 506 3674 560 po-

307 544 415 614 hos,
446 545 537 617 qui
564 551 845 603 steterant
885 568 918 605 a
950 552 1115 625 Nigri
1147 556 1413 615 Albinive
1459 565 1744 635 partibus,
1786 571 1915 621 tan-

302 639 407 687 tum
438 634 782 705 ignorantii,
817 639 917 711 qui
950 639 1077 697 loca
1126 648 1400 717 superius
1461 634 1736 708 adducta,
1759 655 1915 710 haud

302 722 629 780 intellexere.
664 728 742 781 Ex
786 745 899 800 quo
934 747 1048 786 non
1099 735 1296 791 minus
1354 738 1488 795 licet
1545 758 1914 815 cognoscere,

300 829 399 883 quo
428 816 597 869 modo
618 820 872 888 potuerit
895 822 1293 882 Tertullianus
1342 828 1531 886 dicere
1587 834 1659 905 (c.
1705 836 1759 905 2)
1814 836 1917 891 hos

298 901 611 974 designatos
690 914 985 980 martyres,
1039 913 1277 983 quibus,
1328 901 1602 977 nostrum
1653 901 1916 980 libellum

295 994 692 1062 componendo,
726 996 960 1068 aliquod
1004 1000 1205 1059 afferre
1237 1004 1682 1066 allevamentum
1715 1012 1916 1081 voluit,

294 1103 391 1140 non
414 1092 745 1166 participare
772 1095 1041 1153 solemnes
1069 1104 1360 1158 nationum
1380 1105 1515 1176 dies,
1566 1125 1738 1180 neque
1778 1112 1922 1167 cauti

290 1177 709 1246 spectaculorum
738 1183 1087 1244 clamoribus.
1114 1191 1455 1262 Quanquam
1491 1177 1661 1253 enim
1682 1217 1772 1255 me
1804 1218 1920 1257 non

290 1283 507 1336 prorsus
538 1273 823 1341 praeterit,
846 1275 1016 1332 ludos
1038 1280 1212 1337 etiam
1246 1283 1432 1340 editos
1464 1286 1645 1344 fuisse
1676 1305 1743 1344 eo
1766 1294 1919 1345 tem-

291 1371 429 1426 pore,
466 1374 585 1429 quo
613 1364 879 1432 superior
910 1367 1156 1425 Severus
1203 1389 1237 1427 a
1285 1373 1518 1431 Parthis
1576 1379 1921 1451 caterisque

291 1444 535 1502 barbaris
564 1452 878 1521 rediisset;
926 1456 1066 1513 facit
1112 1471 1308 1517 tamen
1360 1463 1468 1519 hoc
1516 1466 1712 1537 ipsum
1754 1444 1923 1541 argu-

289 1540 555 1601 mentum,
601 1540 756 1609 quod
810 1544 881 1598 ad
943 1546 1254 1619 erigendos
1310 1558 1632 1623 martyrum
1692 1540 1921 1615 animos

290 1623 634 1692 petitaviris
666 1628 1039 1702 clarissimis,
1100 1638 1202 1708 qui
1258 1640 1414 1697 idem
1468 1647 1686 1716 experti
1755 1653 1923 1704 erant

290 1711 475 1778 fatum,
509 1720 575 1769 ut
603 1715 773 1773 Indos
806 1719 1210 1795 intelligamus
1234 1745 1512 1802 eos,quos
1536 1711 1723 1791 editos
1756 1739 1922 1792 noxi-

289 1816 403 1855 mus
434 1808 1007 1874 prOpterlvictoriam
1057 1831 1090 1869 a
1147 1817 1344 1889 Nigro.
1396 1824 1584 1895 magis
1628 1826 1802 1881 etiam
1849 1828 1922 1882 ab

289 1890 478 1945 Albino
508 1900 892 1965 reportatum.
929 1901 1216 1960 Caeterum
1249 1924 1353 1978 ego
1378 1890 1524 1965 nonv
1552 1914 1753 1970 dubito
1803 1917 1919 1987 pri-

290 1994 433 2034 mum
458 1982 654 2037 locum
680 1992 880 2043 nostro
910 1989 1108 2047 libello
1131 1994 1424 2054 vindicare
1456 1999 1611 2056 inter
1639 2019 1759 2071 eos,
1780 1982 1921 2075 quo-

290 2083 403 2122 rum
431 2076 571 2127 atas
607 2080 763 2130 certa
781 2079 1031 2148 quadam
1050 2083 1273 2140 ratione
1303 2088 1582 2157 cernitur,
1617 2098 1922 2164 propterea

284 2158 420 2227 quod
452 2160 857 2221 Tertullianus
877 2185 991 2223 non
1017 2173 1187 2228 modo
1211 2158 1635 2234 commemorat
1652 2188 1918 2239 mutuam

284 2247 719 2308 candidatorum
754 2255 990 2328 Imperii
1042 2262 1322 2319 adversus
1380 2270 1566 2337 partis
1619 2273 1919 2328 contraria:

279 2338 450 2394 socios
481 2340 848 2412 violentiam,
885 2363 1059 2418 quam
1077 2366 1197 2406 rem
1226 2352 1338 2407 dici
1372 2373 1485 2411 non
1521 2363 1712 2430 potest
1743 2363 1917 2417 exsti-

277 2426 422 2495 tisse,
456 2429 569 2485 nisi
612 2433 816 2488 eodem
848 2452 1001 2491 anno
1031 2455 1146 2509 quo
1178 2443 1352 2512 periit
1382 2426 1656 2517 Albinus,
1693 2451 1798 2506 hoc
1829 2457 1919 2507 est

278 2531 400 2608 ann.
433 2519 695 2587 CXCVII,
730 2523 832 2577 sed
865 2525 1042 2581 etiam
1097 2530 1455 2590 mentionem
1510 2538 1702 2608 injicit
1759 2541 1914 2597 cala-

275 2604 549 2675 mitatum,
589 2625 737 2680 quas
765 2613 996 2670 subiere
1019 2617 1354 2689 Christiani,
1378 2604 1662 2697 tanquam
1687 2646 1910 2701 earum,

278 2718 392 2773 quas
420 2721 576 2761 nunc
600 2708 842 2779 quidem
869 2711 1100 2769 initium
1134 2719 1392 2788 ceperint
1417 2726 1757 2797 ;ca3terique
1790 2745 1912 2785 om-

277 2807 367 2847 nes
387 2791 537 2861 libri,
577 2797 821 2866 quidem
856 2801 1182 2861 scribendis
1204 2810 1570 2868 occasionem
1607 2791 1724 2872 hzec
1767 2823 1913 2875 tem-

277 2894 461 2950 porum
504 2886 877 2955 perturbatio
904 2889 1083 2957 dedit,
1106 2894 1466 2954 Christianos
1511 2904 1664 2959 112
1724 2912 1915 2963 osten-

279 2969 407 3025 dunt
431 2972 559 3042 jam
599 2974 805 3031 multis
847 2979 1201 3039 cruciatibus
1228 2988 1666 3062 itormentisque
1722 2997 1914 3068 exagi-

278 3062 433 3115 tatos.
467 3065 679 3134 Neque
710 3081 815 3137 ego
846 3084 1003 3123 nunc
1032 3086 1251 3142 vereor,
1302 3091 1374 3131 ne
1438 3077 1595 3134 hunc
1644 3062 1911 3141 libellum

273 3146 323 3202 in
346 3166 661 3207 numerum
694 3170 898 3211 eorum
930 3158 1183 3216 referant
1214 3166 1501 3234 nonnulli,
1566 3186 1714 3242 quos
1772 3174 1909 3229 Ter-

274 3237 533 3297 tullianus
569 3245 929 3315 composuit,
954 3264 1089 3303 cum
1130 3250 1202 3305 ab
1262 3256 1519 3312 amicitia
1575 3237 1909 3320 orthodoxa:

1952 1858 1999 1922 B

2026 572 2139 623 test
2170 571 2239 624 de
2276 570 2647 629 Montanistis
2698 575 2833 640 dici,
2893 592 3025 631 cum
3088 577 3215 647 ejus
3274 577 3353 631 rei
3415 594 3517 631 nec
3560 578 3678 634 ulla

2028 660 2255 711 exstent
2310 661 2574 733 vestigia,
2615 664 2757 733 quin
2809 664 3004 734 potius
3062 664 3186 736 ipse
3253 666 3672 735 Tertullianus,

2029 748 2204 802 etiam
2242 749 2295 802 in
2330 749 2496 805 libris
2522 751 2591 806 iis
2614 770 2759 822 quos
2791 752 3089 823 popularis
3137 752 3402 808 Ecclesiae
3462 756 3676 810 doctri-

2030 837 2123 892 nis
2148 840 2439 909 opposuit,
2479 841 2789 912 Psychicos
2822 842 2892 897 ab
2927 843 3208 898 haereticis
3233 843 3529 899 subtiliter
3588 845 3674 898 di-

2031 926 2331 998 stinguat;
2369 946 2471 984 nec
2490 931 2562 984 ad
2590 930 2768 986 ullam
2795 949 2940 998 rem,
2990 950 3115 1004 qua:
3168 933 3592 988 credendorum
3645 952 3678 989 a

2029 1014 2377 1073 Christianis
2436 1020 2699 1089 regulam
2761 1020 3133 1094 attingerent,
3185 1021 3486 1078 discordes
3550 1038 3677 1078 esse

2028 1106 2411 1162 Montanistas
2457 1114 2514 1163 et
2546 1110 2895 1165 orthodoxos
2939 1112 3261 1167 confirmet.
3324 1113 3433 1167 Fac
3473 1112 3674 1184 igitur,

2030 1196 2298 1265 tumjam
2328 1196 2755 1253 Tertullianum
2788 1200 3177 1255 secessionem
3213 1201 3418 1257 fecisse
3461 1202 3532 1257 ab
3582 1220 3674 1258 or-

2029 1284 2419 1340 thodoxorum
2453 1287 2723 1349 decretis,
2788 1306 2920 1343 cum
2972 1288 3187 1344 librum
3238 1291 3669 1361 conscriberet;

2030 1374 2299 1443 potuitne
2332 1374 2484 1429 bona
2514 1393 2644 1430 cum
2680 1395 2782 1449 spe
2815 1382 3038 1433 tentare
3072 1396 3272 1450 pacem
3307 1380 3460 1435 inter
3496 1381 3672 1437 dissi-

2031 1462 2233 1518 dentes
2252 1464 2508 1535 captivos
2533 1468 3011 1523 restaurandam?
3026 1469 3149 1524 Non
3170 1471 3488 1525 admodum
3511 1476 3669 1542 puto.

2029 1552 2621 1611 Abhorruissetenim
2656 1556 2775 1612 fere
2804 1576 2836 1612 a
2866 1560 3290 1614 consuetudine
3331 1577 3533 1615 eorum
3592 1562 3675 1616 in-

2032 1646 2119 1696 ter
2150 1642 2405 1713 captivos
2425 1644 2525 1715 qui
2550 1647 2884 1702 orthodoxa:
2911 1647 3176 1702 Ecclesiae
3228 1665 3291 1704 se
3339 1649 3528 1704 socios
3586 1650 3675 1703 (Î™á½¶-

2032 1731 2261 1798 cebant,
2297 1734 2464 1801 sequi
2499 1740 2785 1806 praecepta
2808 1736 3063 1792 hominis
3087 1738 3258 1807 cujus
3299 1743 3519 1793 sectam
3572 1740 3674 1794 de-

2032 1822 2401 1875 testabantur
2427 1823 2855 1880 vehementius.
2902 1832 3112 1881 Contra
3168 1844 3255 1896 ea,
3292 1827 3341 1882 si
3393 1832 3673 1899 tanquam

2033 1908 2173 1964 civis
2199 1908 2449 1980 purioris
2476 1912 2739 1967 Ecclesiae
2765 1913 2885 1968 haec
2918 1914 3226 1986 scripsisse
3270 1916 3483 1971 dicitur
3536 1917 3673 1971 Ter-

2031 1998 2350 2066 tullianus;
2384 2000 2540 2055 istud
2574 2007 2724 2057 certe
2756 2002 2957 2057 odium
2991 2003 3103 2058 dici
3135 2021 3249 2058 non
3283 2005 3676 2076 potestimpe-

2033 2088 2290 2146 dimento
2318 2090 2518 2160 fuisse,
2552 2093 2869 2163 quominus
2907 2099 2962 2149 et
2992 2095 3362 2151 montanisue
3411 2113 3496 2164 ea,
3549 2096 3674 2166 qui-

2031 2178 2139 2233 bus
2174 2180 2381 2235 moniti
2415 2186 2632 2247 essent,
2666 2184 2850 2239 amice
2884 2186 3177 2256 accepturi
3228 2185 3499 2241 fuissent.
3552 2188 3672 2242 Imo

2029 2266 2120 2321 vix
2151 2268 2294 2322 mihi
2330 2272 2677 2340 persuadeo,
2701 2272 3127 2328 â€™Iâ€˜ertullianum
3161 2275 3230 2328 ad
3265 2292 3465 2346 pacem
3513 2292 3671 2332 mar-

2027 2358 2253 2429 tyribus
2275 2363 2804 2418 commendandam
2841 2381 3085 2420 usurum
3120 2365 3301 2420 fuisse
3358 2365 3466 2422 hoc
3498 2384 3667 2438 argu-

2029 2453 2224 2503 mento
2255 2464 2382 2521 cap.
2419 2452 2470 2519 1,
2511 2454 2688 2523 quod,
2723 2454 2771 2508 si
2825 2454 2947 2523 paci
2998 2471 3133 2509 cum
3199 2455 3296 2509 alii
3345 2457 3668 2528 studerent,

2024 2544 2266 2608 possent
2297 2542 2441 2595 forte
2472 2540 2789 2612 aliquando
2847 2548 2902 2598 et
2924 2543 3055 2599 aliis
3108 2561 3309 2615 pacem
3369 2546 3668 2614 conferre;

2025 2644 2158 2682 cum
2191 2628 2380 2683 sciant
2417 2646 2637 2698 omnes,
2672 2632 2772 2701 qui
2830 2632 2957 2702 ejus
3006 2632 3222 2689 librum
3281 2638 3351 2690 de
3402 2634 3671 2705 pudicitia

2022 2716 2271 2788 legerint
2303 2718 2373 2788 (c.
2406 2720 2519 2789 22),
2554 2737 2732 2790 quam
2762 2722 2967 2777 acerbe
2989 2724 3060 2777 de
3104 2723 3215 2778 isto
3274 2741 3435 2779 more
3487 2724 3665 2779 dandi

2022 2806 2181 2877 pacis
2208 2805 2434 2862 libellos
2455 2808 3093 2881 judicaverit.Denique
3114 2813 3378 2884 exemplo
3410 2813 3666 2869 hominis

2022 2896 2328 2963 auctorati,
2362 2898 2517 2967 quod
2541 2903 2630 2952 est
2655 2898 2712 2952 in
2734 2904 2933 2953 nostro
2965 2898 3159 2955 libello
3188 2918 3236 2955 c.
3269 2903 3323 2968 5,
3381 2919 3493 2956 non
3552 2903 3663 2957 mi-

2021 3001 2152 3051 nus,
2187 3000 2363 3054 quam
2396 2985 2454 3039 in
2486 2986 2677 3057 primo
2697 2987 2770 3041 ad
2798 2989 3057 3042 Nationes
3105 2988 3252 3045 libro
3282 3009 3311 3045 c
3344 3031 3357 3044 .
3412 2993 3497 3056 18,
3547 3008 3661 3046 non

2020 3077 2127 3141 est,
2160 3073 2313 3144 quod
2346 3074 2443 3127 diu
2478 3074 2883 3130 immoremur.
2932 3076 3017 3132 Sit
3064 3094 3205 3133 sane
3240 3080 3391 3133 113
3445 3078 3661 3134 librum

2022 3165 2287 3217 nostrum
2323 3164 2702 3219 recentiorem
2744 3182 2871 3221 esse
2901 3166 3033 3234 Lillo,
3085 3168 3218 3238 quis
3274 3168 3427 3223 dicet
3482 3185 3550 3223 ea
3593 3169 3664 3224 de

2021 3266 2199 3305 causa
2220 3259 2488 3308 nostrum
2516 3271 2644 3309 esse
2692 3257 3067 3310 Montanismi
3124 3262 3487 3329 suspectum,
3546 3259 3661 3312 nis1

270 3326 521 3386 Ecclesiae
559 3348 627 3388 se
658 3335 1193 3410 removisset;ipsa
1213 3342 1369 3398 enim
1420 3344 1603 3404 libelli
1652 3357 1793 3408 astas
1848 3353 1906 3408 id

2022 3337 2136 3408 iam
2169 3344 2323 3395 certo
2346 3346 2573 3397 constet
2601 3342 2679 3409 id,
2704 3344 2860 3414 quod
2894 3345 3167 3401 falsitatis
3200 3326 3399 3418 postea
3427 3348 3663 3403 convin-

269 3417 489 3485 quidem
522 3438 646 3476 non
683 3425 988 3494 permittit,
1024 3429 1073 3483 si
1107 3447 1308 3487 verum
1340 3436 1507 3492 estid
1562 3443 1715 3510 quod
1758 3443 1906 3498 dixi-

268 3520 386 3562 mus
414 3508 589 3577 alias,
626 3512 737 3583 ÎžÎ’,
771 3514 1195 3576 Tertullianum
1256 3521 1391 3579 huic
1453 3508 1595 3583 ante
1634 3547 1772 3586 ann.
1823 3533 1906 3588 CC

267 3591 467 3652 bellum
490 3616 608 3655 non
646 3600 942 3659 intulisse.
978 3606 1100 3669 Qua
1132 3609 1189 3664 in
1223 3628 1283 3667 re
1314 3614 1582 3674 videmus
1616 3620 1906 3677 Ilollâ€˜man-

270 3698 394 3780 num
417 3703 449 3741 a
482 3688 687 3753 nobis,
720 3695 787 3745 ut
809 3692 978 3763 solet,
1003 3696 1471 3770 dissentientem,
1506 3707 1605 3761 sed
1655 3710 1727 3763 ad
1779 3712 1902 3782 opi-

270 3770 481 3829 nionem
505 3792 685 3832 suam
710 3780 1173 3839 conï¬rmandam
1196 3803 1370 3844 usum
1404 3802 1747 3863 argumento
1776 3770 1903 3868 tali,

269 3875 326 3914 ex
352 3878 462 3933 quo
495 3866 692 3935 magis
724 3874 1003 3940 appareat
1033 3871 1091 3926 id
1142 3876 1296 3945 quod
1330 3895 1435 3935 nos
1494 3888 1698 3939 contra
1745 3866 1903 3944 voles

268 3947 458 4007 bamus
482 3954 662 4023 (diss.
697 3956 855 4024 cit.Â§
905 3959 1014 4029 10),
1077 3962 1343 4020 videlicet
1391 3976 1675 4041 martyres
1734 3975 1901 4047 istos,

2017 3443 2239 3496 cemus,
2272 3428 2451 3485 libros
2480 3432 2554 3486 ad
2574 3432 2830 3488 Nationes
2865 3434 3045 3490 fuisse
3067 3453 3101 3490 a
3131 3436 3488 3491 Tertulliano
3522 3454 3659 3491 con-

2016 3516 2219 3585 fectos,
2253 3523 2564 3590 postquam
2597 3537 2728 3575 cum
2770 3524 3142 3579 Montanistis
3203 3526 3659 3580 familiaritatem

2015 3608 2425 3662 contraxerat?
2459 3608 2734 3665 Praeterea
2766 3612 2813 3665 si
2874 3612 3261 3668 Hottâ€˜mannus
3321 3614 3432 3669 sibi
3489 3615 3662 3670 licere

2016 3694 2260 3765 putavit,
2295 3702 2360 3750 ut
2384 3702 2646 3754 nostrum
2680 3699 2941 3755 libellum
2973 3703 3348 3772 posteriorem
3372 3720 3499 3759 esse
3529 3705 3661 3761 istis

2014 3783 2181 3839 libris
2216 3785 2464 3854 diceret;
2499 3788 2665 3843 nobis
2688 3789 2813 3860 pari
2840 3792 2975 3860 jure
3007 3791 3165 3861 licet,
3212 3792 3320 3849 bos
3373 3794 3659 3865 posterio-

2015 3891 2107 3929 res
2134 3874 2470 3931 existimare
2504 3884 2700 3933 nostro
2726 3896 2738 3946 ;
2762 3880 2937 3950 idque
2966 3897 3032 3935 eo
3066 3883 3274 3953 magis,
3296 3900 3409 3954 quo
3441 3884 3655 3940 certius

2015 3969 2124 4033 est,
2154 3965 2311 4021 hunc
2344 3968 2793 4025 subvexationis
2824 3970 3223 4041 initium,illos
3256 3974 3313 4028 in
3339 3974 3465 4045 ipso
3489 3974 3655 4044 quasi

267 4047 326 4101 ad
356 4064 499 4119 quos
554 4056 651 4107 est
692 4054 880 4109 oratio
929 4056 1271 4116 Tertulliani
1326 4065 1563 4139 directa,
1606 4073 1906 4132 existimat

2022 4056 2472 4126 perturbationis
2501 4063 2643 4114 testu
2668 4060 2976 4131 prodiisse.

263 4138 458 4205 partim
491 4140 857 4199 orthodoxos
888 4144 1089 4211 fuisse,
1124 4152 1337 4220 partim
1359 4138 1776 4230 Montanistas;
1813 4164 1901 4220 id-

263 4238 361 4294 que
388 4228 676 4300 effecisse,
711 4236 775 4287 ut
807 4232 1097 4292 dissensio
1132 4243 1267 4296 nata
1296 4242 1372 4297 sit
1402 4244 1555 4301 inter
1582 4228 1901 4323 eos,quam

261 4328 319 4369 ex
344 4318 557 4375 animis
621 4319 824 4378 tollere
871 4330 1115 4381 conatur
1171 4330 1566 4392 Tertullianus
1609 4318 1899 4398 subâ€”libri

261 4400 502 4463 initium.
535 4409 653 4464 Sed
687 4410 759 4465 ad
794 4412 1083 4471 uniendos
1110 4431 1211 4474 eos
1226 4435 1362 4491 opus
1414 4429 1535 4479 erat
1590 4426 1896 4501 hortatore,

262 4492 451 4591 inquit,
484 4500 835 4570 Hoï¬‚â€˜manus,
867 4505 964 4574 qui
991 4507 1213 4579 utrique
1260 4513 1415 4580 parti
1470 4514 1603 4572 bene
1657 4492 1896 4591 cuperet,

266 4583 434 4651 qualis
459 4596 583 4644 erat
610 4590 986 4649 Tertullianus
1011 4595 1358 4669 Montanista,
1391 4607 1445 4657 et
1486 4605 1545 4658 in
1601 4583 1902 4667 catholicos
1931 4595 1977 4660 á¿™)

266 4673 464 4741 quidem
491 4694 643 4750 saepe
667 4685 1029 4756 peracerbus,
1060 4704 1235 4761 neque
1264 4699 1450 4747 tamen
1477 4710 1567 4750 eos
1590 4697 1670 4751 ita
1696 4701 1754 4753 ut
1785 4700 1899 4757 hae-

266 4764 438 4856 reticos
462 4783 717 4836 perosus.
737 4772 943 4829 Audio.
969 4777 1076 4831 Sed
1112 4782 1175 4833 ut
1214 4784 1461 4852 utraque
1519 4801 1651 4856 pars
1700 4787 1896 4844 inimi-

268 4850 414 4908 citias
445 4856 727 4928 deponat,
761 4866 914 4917 certe
940 4881 1052 4920 non
1099 4850 1419 4939 requiritur
1464 4878 1529 4928 ut
1555 4875 1607 4930 is
1646 4877 1747 4948 qui
1796 4896 1898 4951 pa-

269 4953 373 4996 cem
404 4946 722 5003 conciliare
754 4951 969 5016 studet,
1002 4954 1235 5025 utrique
1278 4946 1757 5022 dissentientium
1796 4946 1894 5024 'fa-

265 5035 394 5085 veat.
426 5032 581 5089 Illud
602 5036 888 5094 nimirum
922 5057 1158 5099 necesse
1198 5051 1287 5102 est
1342 5051 1557 5121 potius,
1614 5060 1676 5109 ut
1728 5057 1899 5113 dissi-

265 5116 447 5176 dentes
478 5123 636 5180 inter
664 5142 746 5191 se,
780 5144 914 5185 cum
946 5147 1011 5187 eo
1042 5134 1143 5205 qui
1174 5152 1377 5207 pacem
1436 5142 1709 5199 conciliat
1764 5163 1897 5202 con-

261 5208 499 5266 cordent.
532 5212 774 5273 Planius
797 5219 1006 5275 dicam.
1052 5223 1259 5281 Contat
1294 5243 1361 5282 ex
1390 5231 1675 5303 scriptore
1698 5236 1893 5293 nescio

260 5303 584 5393 quolï¬cujus
614 5307 791 5393 verba
818 5304 993 5361 habet
1030 5312 1315 5370 Eusebius
1360 5317 1423 5373 E.
1477 5323 1547 5375 H.
1598 5338 1651 5390 v,
1713 5340 1761 5380 Î¿.
1803 5326 1890 5393 16,

257 5382 425 5447 p.232
458 5387 598 5442 edit.
632 5389 969 5466 Cantabrig.
1006 5398 1309 5474 Readingi,
1365 5422 1464 5462 eos
1515 5410 1613 5480 qui
1636 5382 1648 5390 '
1670 5382 1891 5483 puriori

259 5480 523 5578 Ecclesia:
555 5488 768 5578 addicti
799 5499 982 5567 erant,
1016 5499 1159 5555 adeo
1190 5506 1613 5578 contempsisse
1664 5480 1889 5568 Monta-

259 5566 455 5664 nistas,
475 5580 568 5645 ut,
590 5576 640 5633 si
668 5596 807 5636 casu
837 5586 1085 5655 conjecti
1106 5605 1239 5645 cum
1265 5566 1733 5664 ipsisiuerintin
1764 5600 1890 5657 vin-

263 5659 403 5729 cula,
437 5679 673 5739 semper
702 5687 735 5726 a
764 5671 1140 5735 Montanistis
1171 5659 1578 5756 dissenserint,
1610 5691 1891 5761 atquede-

2012 4188 2149 4259 Â§Ili.
2181 4219 2253 4263 á½³-
2294 4190 2455 4245 Liber
2499 4192 2563 4246 de
2602 4192 2938 4263 Spectaculis
2994 4213 3126 4251 ann.
3218 4195 3457 4251 CXCVIII
3530 4214 3654 4254 con-

2080 4262 2341 4340 scriptus.
2386 4262 2763 4340 Dubitaliones
2811 4268 3159 4335 Titlemontii,
3219 4270 3546 4340 lloï¬‚â€˜manni
3601 4274 3655 4325 et

2080 4332 2315 4403 Î Î±Ïá½·Î·á¼°á½·
2340 4336 2648 4392 solvuntur.

2079 4448 2293 4505 Eadem
2325 4454 2695 4524 tempestate,
2729 4456 2977 4512 dubium
3010 4474 3123 4513 non
3156 4461 3265 4526 est,
3318 4457 3458 4529 quin
3518 4459 3653 4513 Ter-

2007 4535 2291 4593 tullianus
2320 4539 2537 4596 librum
2567 4543 2631 4599 de
2670 4544 3007 4615 Spectaculis
3053 4546 3320 4602 ediderit.
3361 4548 3444 4602 Ad
3496 4549 3650 4619 quod

2008 4626 2380 4683 efficiendum
2415 4629 2528 4686 nisi
2578 4636 2877 4689 uteremur
2907 4636 3019 4691 alio
3065 4641 3432 4709 argumento,
3475 4653 3653 4707 quam

2010 4713 2138 4782 hoc,
2164 4718 2316 4786 quod
2350 4717 2760 4777 illumlibrum
2802 4725 3140 4781 excitaverit
3166 4727 3223 4780 in
3255 4742 3320 4781 eo
3361 4742 3533 4797 quem
3585 4728 3655 4781 de

2007 4804 2270 4859 Idolutria
2306 4808 2538 4879 scripsit
2593 4827 2720 4882 cap.
2769 4814 2855 4883 13,
2919 4814 3194 4885 perfacile
3237 4820 3393 4871 esset
3440 4814 3655 4870 intelli-

2007 4894 2343 4965 gere,hunc
2367 4901 2431 4951 ut
2478 4898 2790 4955 minimum
2851 4920 2987 4958 ann.
3044 4904 3327 4971 CXCVIII,
3380 4905 3497 4959 luci
3554 4921 3657 4975 pu-

2007 4981 2171 5037 blicae
2201 4984 2530 5053 expositum
2590 4987 2792 5061 fuisse,
2853 5008 2988 5045 cum
3047 4992 3446 5047 Tertullianus
3486 4990 3653 5047 illum

2006 5072 2209 5127 eodem
2242 5073 2360 5128 fere
2389 5092 2542 5130 anno
2575 5094 2708 5132 cum
2729 5079 3082 5136 Christianis
3112 5082 3651 5137 communicaverit.

2004 5162 2113 5216 Sed
2132 5164 2300 5219 docet
2343 5165 2536 5236 ipsum
2591 5168 2719 5238 ejus
2776 5169 2835 5223 in
2877 5170 2985 5225 hoc
3043 5171 3192 5227 libro
3233 5172 3653 5227 conscribendo

2005 5251 2319 5308 consilium
2353 5257 2846 5313 evertendiistam
2892 5261 3251 5332 opinionem,
3293 5264 3448 5333 quod
3496 5261 3655 5317 Chri-

2006 5339 2435 5398 stianisliceret
2464 5345 2741 5404 interesse
2790 5351 3163 5421 spectaculis,
3223 5351 3475 5407 maxime
3522 5356 3651 5407 tum

2003 5429 2160 5485 edita
2182 5431 2500 5502 Spectacula
2530 5437 2733 5505 fuisse,
2766 5457 2890 5511 qua:
2923 5446 3257 5513 contempta
3287 5460 3320 5497 a
3372 5441 3650 5498 Christia-

2004 5518 2097 5574 nis
2128 5522 2411 5591 tanquam
2442 5527 2693 5596 expedito
2724 5533 2920 5585 mortis
2947 5548 3167 5599 genere,
3203 5532 3443 5587 deorum
3464 5529 3645 5583 culto-

2003 5624 2095 5663 res
2117 5609 2387 5667 dicebant
2416 5613 2505 5682 (de
2534 5616 2711 5687 Spect.
2752 5636 2803 5675 Î¿.
2864 5621 2937 5693 1).
2990 5622 3125 5685 Quae
3186 5622 3424 5690 quidem
3482 5614 3651 5671 valde

2002 5698 2227 5771 dubito,
2261 5717 2334 5758 an
2356 5704 2427 5759 de
2457 5703 2588 5761 aliis
2620 5708 2746 5779 capi
2780 5710 3137 5781 spectaculis
3169 5708 3419 5780 possint,
3462 5720 3640 5775 quam
