4148 6188
409 326 523 387 155

1485 326 1999 387 DISSER'I‘ATIO
2045 325 2147 387 DE
2191 328 2402 388 VERA
2450 326 2730 389 AETATE

3693 330 3808 388 156

409 458 481 513 de
510 456 584 511 iis
613 472 740 528 quin
781 458 1018 527 propter
1074 455 1262 511 Severi
1321 456 1571 511 reditum
1629 457 2051 530 victoriamque
2079 462 2129 527 Α
2164 459 2540 530 posteriorem
2575 475 2703 515 esse
2725 477 2790 515 eo
2821 460 2887 515 de
2906 460 3265 531 Spectaculis,
3306 463 3365 515 et
3402 460 3604 515 eodem
3653 478 3808 517 anno

408 548 480 602 ab
511 545 719 601 Albino
751 550 1122 617 reportalam,
1158 563 1269 601 non
1303 550 1495 601 Romae
1520 546 1732 615 solum,
1793 549 1893 604 sed
1949 565 2051 619 per

404 636 737 708 provincias
769 636 946 690 etiam
981 635 1132 704 (coll.
1176 636 1300 706 αῖ)
1342 637 1497 691 edita
1546 653 1674 692 esse
1738 636 2045 709 leguntur;

406 735 607 807 qualia
637 735 750 789 isto
791 739 1051 806 tempore
1082 734 1259 790 habet
1290 735 1657 805 Spartianus,
1708 736 1766 790 in
1818 737 2047 807 Severo,

408 823 843 893 c.14.Namque
866 821 1361 877 siTertullianum
1393 822 1561 879 ludos
1590 841 2051 880 commemorare

405 912 676 967 videmus
699 913 770 983 (ο.
806 912 893 980 {6)
921 912 985 966 de
1040 914 1320 967 natalibus
1368 922 1419 969 et
1466 915 1804 971 solemnibus
1850 932 2050 987 regum

407 1006 461 1056 et
476 1002 719 1072 publicis
744 1001 1221 1072 prosperitatibus,
1282 1018 1535 1074 cumque
1592 1004 1800 1074 dicere,
1852 1004 2046 1061 nullos

404 1090 623 1145 acultu
648 1091 888 1146 deorum
918 1091 1209 1149 immunes
1249 1108 1399 1158 esse,
1448 1096 1548 1149 sub
1596 1111 1914 1167 quocunque
1958 1095 2047 1152 de-

401 1196 553 1233 mum
592 1182 815 1234 nomino
865 1188 917 1235 et
955 1182 1118 1235 titulo
1154 1181 1476 1245 ederentur;
1524 1182 1580 1238 id
1630 1201 1841 1257 nempe
1892 1186 2045 1256 quod

404 1268 664 1324 diximus
722 1270 1116 1339 suspicamur,
1185 1272 1435 1327 maxime
1478 1273 1700 1329 inducti
1767 1294 1832 1331 eo
1888 1277 2044 1348 quod

403 1358 669 1427 praesides
714 1358 867 1412 dicat
925 1360 996 1431 (c.
1057 1360 1148 1427 50)
1196 1367 1563 1429 persecutores
1624 1366 1899 1420 Dominici
1952 1381 2045 1420 no-

404 1445 594 1512 minis,
664 1448 1005 1517 saevioribus,
1061 1465 1225 1518 quam
1290 1453 1397 1521 ipsi
1460 1457 1645 1508 contra
1711 1454 2046 1510 Christianos

401 1536 706 1598 swvierint,
726 1536 966 1604 ﬂammis
1011 1539 1408 1595 insultantibus
1455 1542 1592 1595 olim
1650 1544 2042 1613 liquescentes;

403 1626 460 1677 et
503 1623 616 1678 alio
669 1626 923 1694 quodam
968 1625 1092 1682 loco
1147 1631 1217 1696 (ο.
1261 1630 1349 1699 ‘26)
1411 1631 1549 1701 quod
1594 1634 1655 1685 in
1708 1632 2045 1688 Christianos

402 1712 717 1783 quotidiani
795 1715 971 1771 leones
1036 1720 1466 1788 exposta-lentur,
1542 1737 1604 1776 ac
1678 1704 2045 1777 decernuntur

400 1805 820 1900 persecutioaes.
856 1804 1198 1900 Igitur-jam
1252 1813 1376 1862 tum
1435 1809 1711 1880 praesides
1758 1813 2046 1867 vexabant
2076 1836 2122 1900 B

405 1890 617 1946 Christi
636 1891 1165 1965 cultores;quibus
1188 1898 1567 1968 pertinaciam
1614 1899 1671 1953 in
1729 1899 2044 1970 rejicienda

403 1980 882 2050 spectaculorum
919 1983 1213 2055 voluptate
1235 1986 1408 2056 objici
1433 2004 1543 2043 usu
1576 1997 1809 2043 venerat
1845 1991 1918 2060 (c.
1967 1990 2040 2057 1).

399 2076 571 2131 Enim
602 2094 735 2134 vero
764 2080 1038 2151 diximus,
1072 2086 1170 2153 §7,
1229 2084 1288 2140 in
1346 2087 1539 2142 causis
1588 2088 1839 2143 violandi
1880 2088 2041 2143 Chri-

400 2166 625 2223 stianos
656 2185 784 2224 eam
819 2170 1000 2228 fuisse
1024 2172 1305 2240 habitam,
1341 2192 1456 2247 quo
1488 2175 1545 2230 hi
1614 2177 1724 2231 sibi
1774 2178 2042 2249 religioni

400 2255 679 2312 ducerent
697 2259 891 2315 venire
918 2262 988 2316 ad
1012 2261 1201 2331 ludos,
1238 2265 1545 2337 ipsamque
1568 2266 1715 2322 hanc
1762 2268 2038 2323 savitiam

399 2344 680 2401 adversus
712 2363 811 2404 eos
830 2351 955 2420 jam
987 2369 1123 2407 ann.
1152 2354 1384 2410 CXCVII
1404 2356 1938 2429 exstitisse;'quam
1970 2358 2040 2413 ob

400 2450 521 2488 rem
546 2435 730 2491 ullum
767 2438 885 2494 fore
916 2440 1278 2511 dubitamus,
1304 2444 1404 2515 qui
1436 2445 1548 2500 alio
1580 2462 1752 2515 quam
1786 2446 1893 2501 hoc
1942 2452 2044 2502 aut

400 2527 670 2594 sequenti
704 2545 857 2583 anno
879 2530 1164 2602 scriptum
1199 2550 1325 2589 esse
1353 2536 1417 2589 de
1444 2535 1787 2606 Spectaculis
1826 2536 2041 2591 librum

394 2613 643 2683 judicet.
670 2620 859 2687 Atque
889 2636 994 2690 ego
1027 2638 1139 2676 non
1177 2622 1380 2693 ignoro
1414 2625 1632 2680 multos
1659 2626 1838 2681 fuisse
1888 2627 1944 2680 in
1977 2643 2044 2681 ea

402 2701 695 2775 opinione,
729 2708 896 2776 quasi
928 2709 1325 2768 Tertullianus
1358 2720 1555 2770 nostro
1614 2715 1671 2769 in
1729 2715 1925 2770 libello
1961 2732 2045 2771 re-

402 2792 690 2862 spexisset
720 2796 1105 2865 potiusludos
1129 2802 1458 2869 saeculares,
1520 2822 1770 2876 quorum
1831 2822 2044 2860 memo-

404 2881 550 2935 riam
575 2886 658 2937 tot
689 2886 949 2941 nummis
982 2890 1249 2946 novimus
1280 2891 1652 2963 celebratam,
1688 2897 1743 2949 et
1787 2894 1911 2965 ipse
1970 2895 2041 2949 ad

402 2969 552 3025 hanc
584 2975 938 3031 sententiam
970 2976 1273 3035 inclinavit
1319 2980 1752 3052 Tillemontius,
1804 3000 2041 3040 accura-

402 3058 696 3127 tissimus,
740 3064 788 3117 si
835 3082 866 3119 a
924 3067 1145 3122 ratione
1204 3069 1617 3142 chronologica
1681 3074 2039 3143 discesseris,

400 3147 614 3203 harum
647 3167 841 3207 rerum
872 3153 1157 3227 interpres
1185 3161 1495 3227 (Me‘moires
1523 3178 1660 3231 pour
1686 3164 1841 3217 114
1861 3166 2043 3217 servir

402 3238 437 3289 ά
471 3236 759 3295 l’tlistoire
778 3244 1181 3316 ecclesiastique
1229 3250 1322 3303 des
1375 3252 1464 3304 sia;
1516 3254 1781 3319 premiers
1830 3254 2035 3316 siecles,

402 3328 545 3382 tom.
585 3328 679 3397 IIl,
713 3330 849 3385 edit.
877 3332 1057 3389 Paris.
1093 3336 1251 3406 4701,
1290 3338 1436 3406 ἱη-4,
1474 3357 1523 3410 p.
1580 3342 1725 3408 210).
1778 3341 1887 3395 Sed
1948 3342 2044 3395 isti

404 3416 685 3488 opinioni,
721 3435 835 3490 quo
869 3423 1061 3479 minus
1084 3425 1369 3482 calculum
1408 3429 1774 3498 adjiciamus,
1802 3430 2047 3502 impedit

406 3505 665 3574 primum
709 3507 838 3577 hoc,
896 3514 1047 3583 quod
1110 3516 1505 3572 Tertullianus
1567 3519 1844 3589 przcsides
1890 3520 2045 3575 dicat

404 3598 671 3651 auctores
702 3597 1104 3656 calamitatum
1138 3602 1195 3658 in
1230 3605 1693 3674 Christianos,ut
1724 3608 2045 3664 abhorrens

404 3682 673 3740 videatur
725 3688 795 3742 ab
844 3689 959 3744 ista
1015 3692 1283 3748 cautione
1335 3712 1399 3749 ac
1451 3697 1644 3751 studio
1704 3698 2045 3754 Tertulliani

405 3775 744 3830 removendi
776 3794 809 3832 a
842 3779 1180 3837 christianis
1221 3799 1454 3839 omnem
1504 3786 1896 3858 suspicionem
1942 3805 2047 3843 ne-

405 3860 607 3933 glectae
639 3865 873 3936 pietatis
905 3870 1187 3927 adversus
1217 3873 1651 3944 Imperatorem.
1692 3877 1892 3947 Itaque
1940 3878 2046 3933 hac

406 3949 536 4022 ipsa
575 3955 849 4010 cautione
906 3957 1051 4014 alias
1101 3961 1461 4019 Tertulliano
1511 3965 1700 4020 ubivis
1760 3967 2042 4039 adhibita,

408 4065 587 4120 quam
620 4051 715 4107 hic
737 4054 941 4111 abesse
972 4058 1259 4125 videmus,
1295 4063 1644 4118 adducimur
1665 4064 1722 4119 in
1751 4082 1877 4120 eam
1915 4083 2043 4121 sen-

408 4141 649 4196 tentiam
682 4148 747 4198 ut
777 4147 1105 4213 credamus,
1144 4154 1406 4221 tempore
1446 4154 1580 4207 editi
1640 4154 1815 4223 hujus
1864 4156 2047 4211 libelli

410 4231 671 4285 nondum
705 4231 941 4289 sceleris
967 4233 1139 4290 istius
1162 4238 1443 4293 adversus
1474 4240 1836 4297 Christianos
1876 4243 2049 4313 parti-

411 4317 599 4388 cipem
632 4320 813 4375 fuisse
835 4323 1330 4396 Severum,qua1is
1354 4332 1545 4384 tamen
1573 4330 1680 4385 fuit
1710 4334 2043 4403 ann.CCIV,

413 4406 692 4463 cumludi
727 4408 823 4463 isti
862 4413 1169 4468 saeculares
1199 4415 1527 4472 ederentur.
1590 4420 1803 4475 Deinde
1852 4422 2046 4477 efﬁce-

2161 549 2580 621 compositum,
2612 548 2734 605 haec
2761 554 2961 605 nostra
2996 550 3067 604 de
3105 553 3269 605 aetate
3302 548 3430 604 libri
3479 550 3544 605 de
3584 549 3805 621 Specta-

2158 640 2299 694 culis
2332 638 2621 695 sententia
2654 639 2789 694 inde
2821 638 3149 694 necessario
3198 637 3572 710 intelligetur.
3620 641 3808 710 Atque

2160 727 2281 782 haec
2306 730 2507 784 eadem
2542 728 2675 782 libri
2706 734 2845 784 aetas
2878 730 3242 785 demonstrat
3278 728 3442 792 satis,
3478 744 3593 783 non
3631 744 3803 800 posse

2158 834 2293 873 eum
2325 817 2525 873 haberi
2556 818 2613 872 in
2643 835 2885 873 numero
2903 834 3126 883 eorum,
3151 834 3299 888 quos
3328 817 3599 873 addictus
3631 822 3801 873 sectae

2159 906 2651 963 Montanistarum
2710 907 3105 963 Tertullianus
3182 906 3567 979 conscripsit;
3664 907 3799 962 huic

2159 998 2315 1053 enim
2348 998 2687 1068 adjunxisse
2710 1013 2772 1053 se
2819 1014 2953 1053 eum
3015 1002 3079 1052 A.
3132 996 3192 1051 Ρ.
3245 997 3305 1053 C.
3357 996 3426 1050 N.
3461 996 3565 1052 CC.
3619 1013 3803 1061 supra

2158 1087 2630 1158 disputavimus;
2674 1103 2863 1159 neque
2894 1086 3015 1143 ulla
3040 1091 3130 1143 est
3155 1086 3266 1159 ipsi
3312 1086 3460 1142 libro
3516 1086 3803 1158 impressa

2158 1184 2295 1233 nota
2328 1178 2540 1233 imbuti
2572 1178 3065 1233 Montanistarum
3122 1176 3419 1231 erroribus
3472 1175 3672 1231 animi.
3727 1180 3801 1230 At

2156 1268 2250 1322 hic
2286 1265 2908 1323 tamenlibelluslibro
2953 1266 3018 1321 de
3071 1268 3286 1323 Corona
3344 1265 3634 1336 posterior
3685 1270 3797 1335 est,

2159 1384 2333 1439 quem
2358 1383 2528 1422 nemo
2552 1364 2927 1422 Montanismi
2984 1366 3155 1436 signa
3187 1363 3401 1420 habere
3457 1367 3650 1435 negat.
3713 1363 3799 1417 Ita

2158 1458 2274 1511 fere
2315 1457 2671 1527 Hoﬂmannus
2706 1454 2765 1509 in
2799 1453 2940 1509 diss.
2976 1453 3133 1509 laud.
3167 1454 3283 1521 §7;
3341 1470 3373 1507 a
3432 1469 3547 1525 quo
3599 1452 3647 1507 si
3706 1469 3797 1506 ra-

2156 1545 2375 1600 tionem
2407 1545 2533 1614 ejus
2555 1543 2635 1598 rei
2669 1542 3233 1614 postulas,nostrum
3267 1542 3553 1613 prodiisse
3580 1540 3797 1595 librum

2156 1634 2487 1705 respondet,
2520 1653 2540 1680 ι
2568 1649 2701 1687 cum
2735 1648 2843 1703 pax
2878 1630 3143 1687 Ecclesiae
3178 1648 3292 1685 non
3326 1630 3563 1701 quidem
3608 1628 3799 1684 Severi

2156 1722 2382 1779 edictis.
2417 1722 2513 1778 sed
2553 1721 2913 1777 clamoribus
2947 1719 3144 1792 populi
3169 1724 3225 1775 et
3256 1719 3571 1791 praesidum
3605 1724 3799 1773 aucto-

2155 1812 2327 1867 ritate
2353 1810 2587 1866 sublata
2627 1814 2851 1865 esset.»
2901 1812 2975 1865 At
3031 1812 3231 1863 eodem
3290 1807 3389 1863 illo
3449 1811 3798 1878 argumento

2153 1901 2462 1969 adductus,
2488 1916 2621 1953 cum
2654 1899 2916 1954 animum
2946 1896 3262 1969 appelleret
3298 1898 3369 1952 ad
3420 1895 3795 1951 scribendum

2154 1989 2368 2044 librum
2403 1989 2470 2044 de
2499 1988 2859 2060 Spectaculis,
2886 1985 3499 2058 Tcrtullianumplane
3526 1984 3797 2040 existimo

2155 2079 2487 2134 orthodoxze
2523 2076 2755 2133 familias
2788 2076 3047 2132 sodalem
3104 2076 3303 2132 fuisse.
3355 2075 3620 2147 Namque
3674 2074 3794 2129 vim

2153 2167 2481 2237 argumenti
2506 2165 2781 2221 contrarii
2812 2164 3146 2220 universam
3206 2165 3264 2220 in
3323 2180 3389 2220 eo
3448 2180 3577 2220 esse
3629 2162 3797 2217 video

2152 2258 2308 2328 quod
2342 2257 2399 2311 in
2434 2256 2542 2311 isto
2574 2256 2720 2311 libro
2765 2254 2829 2311 de
2889 2254 3118 2323 Corona,
3176 2271 3225 2309 c.
3286 2254 3339 2324 4,
3397 2252 3797 2309 Tertullianus

2150 2348 2365 2402 bonam
2400 2347 2754 2417 longamque
2779 2362 2979 2417 pacem
3014 2344 3361 2400 Christianis
3393 2344 3587 2399 adhuc
3617 2343 3801 2398 fuisse

2154 2436 2310 2491 dicat
2335 2454 2347 2502 ;
2375 2436 2465 2491 cui
2493 2436 2631 2507 quid
2665 2435 3141 2506 respondendum
3174 2435 3272 2503 sit,
3308 2439 3508 2506 postea
3562 2433 3802 2488 dabitur

2154 2526 2514 2581 commodior
2555 2526 2787 2581 dicendi
2836 2525 3017 2580 locus.
3076 2525 3185 2579 Sed
3247 2524 3403 2579 istud
3465 2540 3497 2578 a
3553 2521 3796 2577 veritate

2153 2615 2407 2671 alienum
2442 2619 2550 2683 est,
2585 2614 2737 2686 quod
2764 2614 2835 2669 de
2864 2614 3204 2685 Spectaculis
3235 2612 3386 2668 liber
3416 2612 3673 2683 scriptus
3720 2609 3800 2664 sit

2152 2710 2285 2776 post
2312 2704 2528 2759 librum
2559 2704 2625 2759 de
2655 2707 2872 2759 Corona
2892 2720 2912 2765 ;
2944 2705 3113 2773 cujus
3136 2704 3215 2757 rei
3247 2707 3454 2758 testem
3511 2700 3800 2756 habemus

2150 2792 2347 2863 ipsum
2386 2794 2785 2848 Tertullianum
2809 2791 2981 2863 plane
3009 2790 3395 2857 contrarium,
3430 2790 3528 2861 qui
3574 2789 3633 2843 in
3682 2787 3796 2842 isto

2152 2881 2216 2936 de
2237 2881 2448 2937 Corona
2490 2881 2707 2951 libello,
2771 2898 2896 2952 cap.
2947 2883 3001 2949 6,
3065 2882 3204 2936 Huic
3249 2870 3519 2944 materia,
3579 2876 3793 2948 inquit,

2148 2986 2370 3052 propter
2399 2982 2742 3038 suavitudios
2771 2990 3001 3048 nostros,
3034 2996 3213 3051 graec
3260 2994 3472 3052 quoque
3515 2978 3655 3049 stylo
3701 2993 3789 3031 sa-

2153 3072 2484 3140 tis/scimus;
2521 3070 2820 3139 loquimur
2865 3074 3060 3125 autem
3118 3070 3188 3124 de
3233 3066 3609 3140 Spectaculis,
3661 3082 3792 3137 quae

2153 3159 2329 3215 ducta
2347 3163 2513 3231 putat
2543 3176 2572 3213 e
2602 3158 2827 3214 diaboli
2857 3158 3186 3231 disciplina.
3206 3159 3276 3213 Et
3308 3158 3413 3213 hoc
3444 3156 3639 3228 ipsum
3662 3155 3791 3227 jam

2152 3251 2422 3306 Allixium
2492 3251 2823 3321 commovit,
2886 3254 2949 3304 ut
3006 3255 3275 3306 nostrum
3342 3248 3406 3304 de
3456 3246 3795 3318 Spectaculis

2152 3336 2369 3392 librum
2430 3336 2820 3408 antiquiorem
2872 3355 2938 3393 eo
2995 3354 3124 3393 esse
3194 3339 3559 3402 decerneret;
3620 3335 3794 3405 cujus

2154 3428 2485 3497 argumenti
2518 3428 2632 3481 vim
2669 3427 3012 3483 Hoﬂ‘manus
3034 3425 3157 3481 vult
3190 3427 3478 3497 frangere,
3518 3424 3673 3495 quod
3723 3423 3794 3477 de

2153 3517 2346 3572 Graeco
2378 3514 2574 3571 libello
2634 3531 2964 3571 sermonem
3040 3532 3170 3571 esse
3225 3516 3374 3571 115
3428 3513 3793 3585 pronuntiat,

2157 3610 2467 3678 negatque,
2494 3608 2647 3661 idem
2687 3607 2758 3661 de
2818 3606 3014 3662 Latine
3064 3609 3299 3678 propter
3341 3604 3596 3660 rationes
3653 3621 3686 3658 a
3734 3617 3799 3657 se

2153 3696 2438 3751 adductas
2471 3695 2842 3751 sentiendum
2874 3710 3023 3750 esse.
3052 3698 3235 3765 Atque
3256 3708 3363 3765 ego
3396 3709 3511 3748 non
3541 3690 3793 3757 inficior,

2154 3793 2578 3849 Tertullianum
2612 3795 2683 3849 de
2714 3810 2780 3848 eo
2812 3793 2961 3849 libro
2996 3792 3176 3848 fuisse
3208 3792 3490 3857 locutum,
3534 3804 3705 3861 quem
3738 3789 3803 3845 de

2166 3883 2500 3955 Spectaculis
2532 3882 2671 3938 olim
2703 3887 2893 3938 Graece
2942 3881 3366 3954 composuisset
3398 3898 3409 3947 ;
3459 3880 3558 3935 sed
3612 3894 3803 3950 neque

2155 3974 2301 4029 illud
2328 3980 2518 4047 potest
2547 3992 2675 4031 esse
2707 3976 3049 4041 obscurum,
3093 3977 3227 4029 ante
3266 3972 3444 4027 istum
3513 3971 3799 4039 Graecum,

2158 4064 2355 4119 Latine
2386 4064 2557 4119 etiam
2596 4080 2731 4119 eum
2783 4067 3249 4119 commentatum
3297 4078 3426 4117 esse
3474 4061 3545 4115 de
3593 4060 3799 4115 eodem

2156 4158 2523 4226 argumento.
2567 4154 2769 4208 Nonne
2807 4154 2963 4208 enim
3026 4153 3095 4222 is,
3157 4151 3257 4223 qui
3315 4151 3386 4206 de
3449 4148 3803 4221 spectaculis

2153 4246 2346 4297 Grmce
2377 4258 2607 4314 quoque
2638 4260 2698 4299 se
2729 4242 2945 4298 dixisse
2976 4241 3214 4309 fatetur,
3236 4240 3390 4294 idem
3408 4239 3518 4294 hoc
3547 4237 3804 4293 voluisse

2156 4333 2489 4387 censendus
2510 4336 2618 4402 est,
2654 4349 2716 4388 se
2749 4330 2887 4387 olim
2911 4331 3025 4386 alia
3047 4331 3223 4386 etiam
3252 4328 3454 4400 lingua
3501 4328 3660 4382 istud
3704 4342 3802 4381 ar-

2159 4426 2503 4493 gumentum
2538 4424 2867 4477 tractasse?
2904 4421 2975 4475 de
3024 4418 3352 4474 rationibus
3411 4421 3602 4471 autem
3654 4415 3803 4470 Hatf-

410 4498 572 4550 retur
601 4494 849 4567 ipsahac
882 4501 1334 4559 dissentientum
1358 4506 2044 4577 opinione,hunclibrum
2085 4576 2115 4581 _
2158 4510 2359 4565 manni
2389 4510 2447 4564 in
2480 4510 2833 4566 contrariam
2869 4513 3092 4581 partem
3154 4507 3369 4571 allatis,
3412 4507 3536 4577 jam
3601 4504 3803 4560 monui

412 4583 693 4655 scriptum
731 4602 861 4643 esse
908 4606 941 4645 a
994 4591 1351 4659 Tertulliano,
1400 4576 1539 4650 cum
1590 4576 1921 4655 transiisset
1977 4601 2047 4655 ad
2083 4576 2125 4641 D
2161 4617 2252 4656 me
2286 4576 3801 4671 posteadicturum.NequeestaudiendusDupinius,

412 4676 609 4742 partes
640 4674 1163 4749 Montanistarum;
1199 4684 1349 4753 quod
1375 4682 1544 4756 longe
1602 4703 1768 4742 secus
1818 4693 1928 4760 est,
1986 4695 2050 4745 ut

411 4776 545 4815 mox
592 4763 906 4833 videbitur,
965 4787 1030 4825 ac
1072 4771 1414 4844 repudiatur
1472 4774 1541 4829 ab
1603 4774 1750 4848 ipsis
1798 4777 1889 4834 his
1949 4780 2050 4850 qui

413 4865 583 4907 secus
614 4853 972 4912 existimant.
1001 4860 1199 4932 Neque
1229 4879 1363 4920 vero
1396 4864 1699 4934 aliorsum,
1723 4884 1900 4938 quam
1934 4868 2051 4924 fere

410 4938 483 4994 ad
515 4938 693 5011 hujus
712 4944 849 4998 anni
870 4946 1130 5005 CXCVIII
1153 4951 1409 5022 initium,
1437 4955 1826 5013 hunclibrum
1850 4959 2051 5016 referri

408 5036 643 5100 pareat,
676 5036 958 5104 quoniam
990 5046 1121 5095 ante
1170 5041 1389 5099 Maium
1450 5047 1588 5101 anni
1649 5048 2049 5120 praecedentis,

411 5127 507 5216 vix
533 5130 810 5189 credibile
833 5141 940 5204 est,
991 5144 1262 5195 Severum
1306 5146 1547 5200 Romam
1608 5146 1871 5216 rediisse,
1917 5164 2051 5202 cum

410 5214 531 5305 sint
561 5224 694 5290 post
719 5239 977 5295 pugnam
1002 5228 1451 5301 Lugdunensem
1486 5235 1533 5303 (§
1574 5233 1662 5305 40)
1708 5214 1895 5291 multa
1943 5238 2052 5291 ad-

404 5302 522 5361 huc
555 5307 627 5362 ab
652 5308 781 5382 ipso
812 5318 1136 5388 composita
1161 5320 1315 5389 (Vid.
1342 5302 1655 5377 Herodiani
1686 5326 1859 5394 Hist,
1893 5326 1937 5380 Ι.
1963 5342 2049 5393 III,

407 5409 460 5449 ο.
489 5395 545 5466 8,
589 5399 681 5454 ed.
730 5401 1030 5479 Boecleri),
1073 5410 1226 5465 unde
1271 5411 1355 5481 fit,
1418 5415 1483 5465 ut
1530 5427 1638 5469 nec
1691 5412 1926 5471 libellus
1982 5415 2051 5471 ad

412 5487 711 5562 Martyres,
746 5494 845 5566 qui
868 5503 1069 5553 nostro
1126 5503 1217 5554 est
1262 5500 1557 5572 superior;
1610 5502 1724 5559 nisi
1774 5505 1845 5560 ad
1892 5504 2050 5561 illius

407 5576 544 5631 anni
567 5578 767 5650 ﬁnem,
798 5586 1057 5658 scriptus
1076 5588 1262 5659 possit
1320 5588 1454 5645 dici.
1511 5590 1613 5646 Cui
1664 5591 1716 5650 si
1766 5595 2051 5652 addamus

402 5662 485 5735 id,
518 5671 676 5741 quod
707 5688 813 5732 suo
841 5673 970 5732 loco
1003 5676 1364 5750 docebimus,
1388 5677 1605 5739 librum
1635 5681 1701 5740 de
1728 5683 2052 5745 Idololatria

2160 4697 2261 4769 qui
2294 4698 2450 4753 hunc
2482 4695 2719 4769 quidem
2734 4713 2868 4752 cum
2901 4712 2966 4751 eo
2994 4696 3095 4766 qui
3127 4698 3216 4750 est
3237 4694 3302 4749 de
3363 4694 3633 4749 Idolatria
3692 4691 3804 4747 cir-

2160 4789 2305 4842 citer
2329 4805 2464 4842 ann.
2491 4788 2628 4843 CCII
2660 4792 2763 4843 aut
2791 4784 2950 4841 CCIII
3009 4784 3293 4857 scriptum
3344 4799 3473 4840 esse
3529 4780 3807 4855 opinatur

2162 4894 2195 4931 ο.
2225 4876 2581 4934 Tertulliano
2603 4878 2729 4949 jam
2753 4877 2823 4933 ad
2858 4891 3081 4932 errores
3139 4873 3629 4931 Montanistarum
3675 4887 3806 4944 pro-

2162 4965 2289 5022 clivi
2319 4968 2487 5039 (dans
2520 4967 2577 5023 la
2605 4968 2862 5025 Nouvelle
2908 4965 3284 5037 Bibliothequc
3338 4963 3431 5020 des
3478 4971 3675 5019 auteur
3724 4976 3807 5016 ec-

2160 5058 2559 5130 clesiastiques,
2593 5059 2732 5114 édit.
2767 5059 2837 5113 de
2858 5056 3044 5125 Paris,
3076 5056 3235 5120 1693,
3262 5056 3400 5123 in-li,
3432 5059 3476 5110 t.
3512 5055 3556 5119 Ι,
3592 5058 3659 5124 Ρ.
3711 5050 3802 5118 91,

2159 5152 2217 5202 et
2278 5148 2398 5218 108,
2451 5152 2570 5204 not.
2619 5150 2693 5218 1).
2747 5150 2868 5215 Qua
2912 5148 2972 5202 in
3006 5163 3066 5201 re
3111 5146 3419 5216 deceptum
3473 5160 3607 5199 eum
3677 5156 3808 5197 esse

2161 5238 2429 5308 suspicor
2454 5237 2635 5293 natali
2665 5239 2817 5294 Getae
2849 5234 3111 5303 Caesaris,
3144 5235 3314 5305 cujus
3346 5232 3587 5289 memini
3636 5246 3807 5287 men-

2161 5325 2379 5381 tionem
2413 5327 2537 5380 ﬁeri
2564 5327 2620 5381 in
2654 5326 2815 5382 Actis
2850 5327 3142 5395 Perpetua:
3186 5328 3243 5379 et
3278 5322 3611 5388 Felicitatis,
3674 5336 3807 5391 quae

2159 5414 2398 5486 quidem
2423 5417 2745 5471 creduntur
2775 5433 2841 5472 eo
2867 5432 3018 5472 anno
3053 5419 3299 5470 mortem
3333 5413 3604 5469 subiisse.
3637 5414 3809 5466 Hunc

2158 5521 2292 5561 vero
2315 5505 2569 5561 natalem
2594 5510 2759 5578 putat
2788 5504 3198 5562 aTertulliano
3246 5503 3306 5558 in
3359 5503 3509 5559 libro
3558 5500 3628 5557 de
3684 5501 3812 5556 Ido-

2160 5593 2396 5651 lolatria
2423 5594 2769 5668 indicatum,
2801 5597 2976 5669 cujus
3028 5593 3134 5666 rei,
3196 5594 3404 5650 saltem
3449 5593 3509 5650 in
3565 5607 3631 5649 eo
3679 5589 3813 5647 loco

2158 5698 2332 5758 quem
2355 5684 2645 5754 excitavit,
2678 5685 2907 5746 nullum
2938 5689 3029 5744 est
3056 5682 3392 5755 vestigium,
3426 5698 3511 5752 ac,
3544 5680 3594 5739 si
3628 5683 3813 5746 esset,
