4148 6188
285 382 403 442 15³7

1170 381 1269 442 AC
1313 377 1706 441 DOCTRINA
1752 370 2258 437 SCRIPTORUM
2303 374 2858 437 TERTULLIANI.

3554 336 3701 429 sse

283 512 342 567 id
378 512 659 568 nimirum
694 511 927 567 cederet
958 511 1014 566 in
1037 512 1543 584 disceptationem,
1566 506 1937 565 intellexerit-
1964 505 2017 572 Α
2047 510 2169 560 tum
2228 506 2526 578 paulisper
2592 506 2913 570 accederet,
2984 502 3187 557 dubito
3250 518 3322 557 an
3388 504 3704 557 tractasset

287 618 356 655 ne
416 600 820 656 Tertullianus
880 602 1131 656 natalem
1184 601 1413 673 imperii
1473 618 1545 655 an
1598 598 1725 653 vitae
1783 596 1935 653 Getae

283 689 575 744 Csesaris?
624 690 713 744 Fit
760 690 941 761 igitur
989 690 1216 757 stabile,
1278 689 1434 745 hunc
1482 690 1545 744 de
1602 686 1936 759 Spectaculis

282 778 503 833 librum
538 778 766 833 editum
799 780 916 834 fere
947 779 1127 835 fuisse
1167 779 1277 835 sub
1328 797 1464 835 ann.
1511 778 1775 833 CXCVIII
1827 774 1937 829 ini-

282 871 454 922 tium.

282 975 308 1046 ἓ
346 976 528 1029 t5.—
560 978 728 1031 Liber
750 975 813 1031 de
867 977 1177 1032 Idololatria
1223 978 1401 1032 eidem
1448 993 1593 1031 anno
1646 978 1932 1030 asserilur.

352 1048 671 1102 Tillemonii
693 1057 744 1103 et
774 1049 1088 1120 Hoﬂ‘marmi
1116 1051 1444 1119 conjectum‘
1473 1049 1861 1120 dispelluntur.

348 1154 521 1208 llunc
544 1154 855 1226 cxcipitde
889 1154 1213 1211 Idololatria
1262 1155 1516 1212 libellus.
1568 1157 1749 1220 Quem
1801 1171 1932 1208 cum

276 1243 687 1298 Tertullianus
715 1244 1013 1313 scriberet,
1046 1248 1213 1300 erant
1234 1261 1374 1301 sane
1400 1244 1646 1300 Romani
1669 1245 1934 1315 occupati

274 1331 336 1387 in
370 1349 463 1401 eo,
493 1349 609 1403 quo
643 1332 1018 1388 ostenderent
1050 1332 1309 1389 laetitiam
1343 1350 1637 1389 summam
1670 1334 1740 1387 de
1792 1341 1932 1387 lem-

277 1436 493 1491 porum
548 1422 793 1475 istorum
848 1421 1137 1488 felicitate,
1186 1438 1365 1494 eaque
1416 1424 1485 1477 de
1535 1439 1712 1477 causa
1776 1422 1935 1492 ipsas

267 1510 495 1581 januas
517 1527 657 1566 suas
678 1510 897 1566 laureis
920 1517 1335 1567 exornaverant
1354 1517 1405 1566 et
1434 1511 1637 1566 multis
1678 1510 1934 1566 lucernis

276 1597 436 1663 (coll.
472 1616 522 1653 c.
566 1601 667 1666 15).
706 1600 766 1654 Id
799 1617 931 1654 vero
964 1600 1021 1654 in
1056 1600 1335 1655 honorem
1394 1599 1766 1671 imperatoris
1813 1600 1928 1654 fac-

272 1694 405 1743 tum
461 1706 614 1752 esse,
664 1690 1028 1745 demonstrat
1093 1690 1286 1745 omnis
1348 1690 1692 1761 disputatio,
1755 1707 1932 1761 quam

274 1778 526 1845 subjicit
569 1777 966 1834 Tertullianus
1016 1796 1192 1851 super
1259 1779 1372 1834 ista
1432 1780 1792 1850 quaestione:
1860 1796 1933 1833 an

2048 595 2465 666 Tertullianus,
2517 597 2566 651 si
2613 595 2847 665 quidem
2893 598 3018 647 tum
3067 590 3383 646 Christiani
3454 590 3702 645 admissi

2047 683 2117 738 ad
2150 684 2534 755 magistratus
2562 701 2675 739 non
2710 687 2925 738 essent.
2961 680 3073 735 Sed
3106 678 3342 750 quidem
3376 679 3530 733 haud
3596 694 3705 733 ue-

2048 788 2140 843 go,
2175 790 2266 829 me
2308 773 2710 839 subdubitare,
2769 772 2925 844 quod
2966 769 3224 841 amplius
3268 766 3702 823 communicata

2048 877 2180 916 cum
2209 861 2558 918 Christianis
2598 860 2814 916 fuerint
2844 859 3037 915 ofﬁcia
3086 857 3341 930 publica,
3396 873 3529 911 cum
3572 857 3698 927 jam

2047 950 2291 1006 Severus
2323 951 2578 1006 edictum
2614 952 2686 1005 de
2738 949 3017 1022 religione
3061 946 3527 1003 Christianorum
3584 962 3700 1001 non

2046 1048 2380 1119 recipienda
2410 1047 2661 1102 tulisset.
2698 1048 2897 1102 Restat
2927 1046 3107 1117 igitur
3147 1044 3396 1100 alterum
3426 1044 3582 1115 quod
3607 1044 3704 1098 di-

2044 1136 2238 1192 ximus
2270 1137 2725 1192 celebrationum
2761 1153 2968 1207 genus,
3001 1135 3154 1206 quod
3205 1137 3338 1205 post
3386 1133 3583 1188 Severi
3631 1149 3701 1189 ex

2046 1226 2233 1280 Gallia
2280 1227 2533 1280 reditum
2578 1226 2873 1280 exstitisse
2915 1224 3290 1295 perspicuum
3350 1226 3458 1278 est.
3516 1221 3699 1292 Cujus

2046 1315 2343 1370 sententiae
2375 1332 2588 1370 novum
2623 1314 2859 1385 aliquod
2903 1316 3345 1384 argumentum,
3378 1326 3484 1366 nec
3537 1311 3695 1365 istud

2045 1406 2300 1474 profecto
2332 1405 2851 1461 contemnendum.
2884 1403 3003 1473 peti
3056 1405 3247 1473 potest
3284 1416 3351 1456 ex
3398 1416 3484 1464 eo,
3536 1400 3689 1469 quod

2044 1492 2437 1547 Tertullianus
2471 1493 2601 1558 isto,
2636 1509 2751 1563 quo
2785 1492 3001 1546 librum
3034 1491 3190 1545 hunc
3245 1488 3500 1561 scripsit,
3544 1493 3695 1543 tem-

2046 1595 2184 1649 pore
2214 1580 2525 1649 astrologis
2559 1596 2747 1650 nuper
2778 1579 3094 1633 admodum
3131 1577 3341 1631 Urbem
3376 1581 3431 1631 et
3467 1574 3698 1630 Italiam
3738 1566 3747 1571 ”

2044 1667 2418 1723 interdictam
2454 1684 2581 1722 esse
2613 1672 3056 1735 commemorat,
3085 1683 3139 1721 c.
3180 1667 3235 1719 9.
3265 1665 3427 1728 Quod
3465 1664 3701 1735 quando

2045 1756 2122 1809 sit
2153 1757 2391 1821 factum,
2428 1773 2495 1810 ex
2521 1756 2827 1826 Spartiano
2860 1773 2974 1811 non
3029 1755 3226 1810 minus
3274 1754 3496 1807 discere
3540 1752 3698 1821 licet,

277 1866 475 1938 pietas
508 1866 846 1939 imperatori
878 1869 1071 1922 debita
1104 1870 1379 1939 requirat,
1414 1874 1477 1922 ut
1507 1868 1837 1933 christiani,
1865 1868 1932 1922 ad
1968 1877 2013 1941 Β
2045 1868 2220 1923 quam
2254 1870 2320 1908 ex
2352 1854 2478 1925 ipso
2505 1854 2881 1917 Τθνῖυηίδηο»
2913 1853 3201 1918 primum»
3224 1852 3531 1941 audiamus
3559 1867 3694 1906 “03‘

278 1955 709 2011 declarandum
744 1957 814 2013 de
844 1957 1087 2013 Caesaris
1119 1958 1310 2014 salute
1340 1959 1647 2031 gaudium,
1698 1975 1761 2013 se
1808 1959 1938 2013 deo-

283 2059 419 2097 rum
457 2044 783 2100 cultoribus
815 2046 1143 2118 adjungant
1172 2047 1328 2102 vario
1364 2047 1573 2101 l&l.ltltB
1605 2051 1886 2118 apparatu
1910 2047 1938 2101 ‘l

279 2131 443 2201 Haec,
477 2134 526 2189 si
563 2135 693 2205 quis
724 2136 1074 2206 quaesiverit,
1107 2138 1176 2191 ad
1202 2153 1467 2207 quaenam
1485 2142 1750 2207 tempora
1772 2153 1936 2207 spec-

276 2228 434 2289 tent,
468 2222 669 2278 nullus
718 2240 819 2294 ego
870 2225 1073 2280 dubito
1119 2226 1345 2281 dicere:
1400 2227 1467 2280 ad
1520 2225 1677 2281 varia
1726 2224 1936 2280 laetitiae

275 2311 477 2383 signa,
514 2313 731 2383 quibus
761 2313 926 2384 quasi
972 2314 1196 2385 Severo,
1244 2331 1272 2369 e
1324 2314 1475 2369 bello
1524 2332 1657 2369 cum
1708 2314 1936 2369 aemulis

276 2400 517 2471 imperii
554 2400 775 2468 reduci,
808 2402 1053 2457 Romani
1087 2402 1543 2474 applaudebant.
1568 2404 1826 2474 Namque
1849 2408 1937 2458 ter

272 2488 540 2560 legimus
570 2491 725 2560 apud
773 2490 1089 2562 scriptores
1138 2497 1361 2547 veteres
1410 2492 1745 2547 istiusmodi
1794 2492 1932 2564 quid

284 2578 513 2632 factum
549 2579 659 2633 sub
688 2580 879 2634 Severi
912 2578 1195 2650 imperio:
1250 2580 1504 2652 primum
1557 2599 1651 2637 an.
1703 2581 1933 2650 CXCIII,

277 2682 419 2720 cum
456 2666 729 2733 Severus,
765 2684 1009 2739 regnum
1062 2673 1474 2741 occupaturus,
1530 2670 1796 2737 Romam,
1847 2669 1936 2723 in-

275 2755 528 2808 terfecto
563 2755 813 2825 Juliano,
850 2756 1127 2811 intrasset
1157 2758 1308 2827 (Dio,
1368 2758 1518 2827 apud
1567 2757 1935 2829 Xiphilnum,

276 2843 332 2897 1.
369 2860 559 2907 uxxv,
592 2860 641 2898 c.
672 2847 726 2910 2,
757 2861 812 2916 p.
849 2845 987 2899 1242
1035 2845 1135 2914 C);
1189 2850 1408 2916 postea,
1456 2863 1587 2901 cum
1646 2846 1828 2902 victor
1870 2864 1937 2902 ex

277 2931 475 2986 (tallia
508 2933 801 2997 rediisset,
833 2932 1041 2988 Albino
1075 2938 1368 3005 prostrato
1398 2934 1727 3005 (Herodian.
1766 2936 1801 2988 l.
1851 2953 1933 3000 ιιι,

278 3037 331 3075 c.
393 3022 471 3087 8;
522 3020 829 3091 Spartian.
874 3021 933 3075 in
979 3026 1205 3088 Severo,
1261 3038 1309 3076 c.
1364 3024 1485 3091 12);
1557 3023 1809 3094 denique
1874 3025 1933 3078 in

274 3110 534 3165 decenna
545 3108 696 3164 libus
722 3112 944 3181 imperti
962 3112 1070 3179 sui,
1093 3127 1225 3165 cum
1251 3117 1633 3167 reverteretur
1652 3130 1720 3167 ex
1741 3112 1936 3167 Orien-

275 3204 334 3253 te
363 3199 518 3265 (Dio,
544 3198 582 3253 l.
612 3217 797 3267 LXXVI,
842 3216 889 3253 c.
946 3200 993 3269 1,
1052 3216 1106 3270 p.
1158 3201 1331 3267 l2’72;
1374 3204 1429 3255 et
1479 3201 1709 3271 Herod.,
1757 3201 1796 3256 l.
1847 3219 1932 3272 III,

272 3304 326 3342 c.
366 3288 501 3356 {0);
536 3288 691 3358 quod
735 3304 909 3343 omne
950 3304 1135 3359 genus
1184 3288 1385 3343 multis
1434 3290 1767 3344 conﬁrmari
1826 3307 1932 3344 nu-

274 3376 465 3431 meris
500 3381 712 3447 potest.
745 3378 932 3448 Atque
966 3377 1223 3447 primum
1267 3377 1408 3432 illud
1463 3379 1615 3433 haud
1666 3382 1856 3450 potest
1904 3396 1937 3433 a

270 3464 654 3520 Tertulliano
687 3465 1028 3537 signiﬁcari.
1054 3465 1338 3537 Namque,
1364 3470 1429 3519 ut
1450 3466 1557 3521 hoc
1582 3484 1692 3522 non
1722 3467 1933 3533 dicam,

271 3556 318 3608 si
376 3554 579 3608 adhuc
628 3554 839 3609 fuisset
879 3555 1110 3624 imperii
1159 3553 1425 3622 aemulus,
1477 3572 1651 3624 quem
1697 3555 1935 3628 plurimi

272 3642 587 3712 optabant,
621 3641 814 3714 qualis
844 3642 1021 3715 Niger
1049 3647 1172 3698 erat
1225 3649 1356 3715 post
1405 3650 1650 3699 mortem
1693 3644 1932 3714 Juliani,

272 3732 365 3784 vix
422 3730 845 3802 negligentiam
891 3732 948 3785 in
996 3733 1359 3788 ostendenda
1394 3734 1673 3789 adversus
1719 3751 1932 3789 novum

274 3826 571 3874 Casarem
598 3821 900 3891 impietate
924 3821 1095 3890 objici
1122 3820 1381 3892 potuisse
1414 3821 1757 3877 Christianis
1780 3826 1817 3877 1
1834 3826 1869 3877 Ι
1886 3825 1932 3878 6

275 3909 465 3980 (quod
501 3914 698 3965 tamen
734 3911 952 3964 factum
987 3896 1227 3981 app-aret
1258 3926 1323 3965 ex
1376 3910 1535 3966 omni
1584 3910 1934 3966 Tertulliani

272 3999 618 4070 sermone};
672 4004 947 4070 provocat
994 4003 1147 4054 certe
1196 3999 1595 4055 Tertullianus
1638 4002 1707 4056 ad
1757 4018 1931 4055 suum

271 4088 340 4142 de
414 4086 754 4158 Spectaculis
816 4087 1056 4154 librum,
1127 4104 1305 4159 quem
1373 4089 1629 4145 diximus
1694 4090 1931 4145 demum

271 4195 420 4240 ann,
472 4176 739 4231 CXCVIII
792 4176 1075 4248 scriptum
1132 4176 1332 4232 fuisse.
1379 4182 1577 4249 Neque
1622 4195 1758 4233 vero
1799 4180 1931 4250 quis

271 4267 455 4319 debet
502 4265 723 4320 haerere
775 4264 832 4319 in
884 4281 974 4334 eo,
1020 4267 1175 4337 quod
1227 4283 1340 4321 non
1394 4267 1464 4322 de
1514 4266 1709 4322 Graeco
1754 4267 1931 4339 hujus

271 4353 613 4425 argumenti
643 4353 815 4420 libro,
840 4355 940 4409 sed
973 4355 1043 4408 de
1077 4354 1277 4409 Latino
1307 4354 1610 4427 loquatur;
1638 4374 1771 4411 nam
1797 4374 1931 4413 nos-

270 4448 437 4497 trum
475 4442 739 4497 libellum
774 4459 908 4497 eum
944 4443 1245 4514 scripserit
1276 4445 1496 4513 Latine,
1520 4445 1673 4501 haud
1724 4447 1930 4502 dubito

274 4533 452 4604 quin,
503 4532 553 4588 si
604 4531 871 4587 Graecum
927 4530 992 4587 de
1047 4534 1375 4603 Spectaculis
1426 4533 1641 4589 librum
1713 4535 1929 4591 voluis-

2047 1947 2226 2011 trum,
2258 1944 2475 2014 Apolog.
2511 1960 2559 1997 c.
2588 1945 2693 1997 33:
2734 1942 2835 1998 Sed
2880 1950 2930 1997 et
2968 1942 3063 2012 qui
3088 1958 3258 2007 nunc,
3312 1940 3526 2011 inquit,
3576 1956 3695 1996 sce-

2047 2032 2311 2086 lestarum
2334 2034 2586 2103 partium
2640 2034 2776 2087 socii
2832 2036 2929 2086 aut
2984 2032 3270 2103 plausores
3312 2029 3557 2101 quotidie
3605 2047 3694 2084 re-

2044 2120 2317 2175 velantur.
2364 2164 2375 2176 .
2423 2163 2435 2175 .
2484 2162 2496 2176 .
2544 2164 2555 2175 .
2603 2164 2614 2175 .
2651 2139 2815 2193 quam
2848 2121 3236 2177 recentissimis
3279 2121 3493 2174 laureis
3522 2128 3697 2190 postes

2042 2210 2489 2280 préestruebant?
2531 2215 2711 2280 Quam
2750 2211 3069 2265 elatissimis
3114 2217 3166 2265 et
3224 2210 3551 2264 clarissimis
3612 2208 3695 2262 lu-

2044 2302 2227 2354 cernis
2265 2300 2532 2355 vestibula
2568 2300 2949 2355 nubilabant?
2991 2341 3002 2354 .
3050 2341 3062 2353 .
3109 2339 3121 2352 .
3168 2341 3180 2353 .
3222 2303 3344 2355 Non
3389 2302 3448 2352 ut
3487 2298 3696 2368 gaudia

2045 2388 2267 2456 publica
2296 2388 2651 2453 celebrarent,
2677 2388 2768 2443 sed
2799 2391 2857 2443 ut
2909 2395 3028 2443 vota
3068 2403 3298 2459 propria
3344 2390 3461 2456 iam
3509 2386 3693 2441 edice-

2044 2485 2171 2532 rent
2202 2479 2261 2530 in
2293 2477 2477 2532 aliena
2495 2478 2859 2545 solemnitate,
2906 2518 2918 2530 .
2966 2520 2977 2532 .
3023 2518 3034 2530 .
3083 2517 3095 2529 .
3131 2493 3329 2531 nomen
3345 2476 3617 2548 principis
3638 2477 3695 2530 in

2046 2566 2205 2620 corde
2232 2569 2520 2620 mutantes.
2554 2566 2762 2621 Eadem
2788 2566 2972 2636 o/ﬁcia
2993 2564 3325 2637 dependunt,
3366 2568 3417 2619 et
3466 2565 3562 2634 qui
3603 2578 3694 2617 as-

2046 2654 2279 2723 trologos
2300 2657 2349 2709 et
2396 2657 2678 2725 aruspices
2699 2659 2753 2708 et
2800 2671 3036 2723 augures
3077 2658 3129 2710 et
3179 2670 3358 2725 magos
3406 2653 3471 2709 de
3520 2652 3698 2710 Capsa-

2045 2760 2171 2798 rum
2202 2746 2377 2811 capite
2421 2746 2763 2799 consultant.
2811 2745 2916 2799 Sed
2961 2745 3016 2797 in
3063 2744 3171 2799 hoc
3203 2745 3536 2815 Apologetici
3565 2742 3690 2798 loco

2046 2830 2167 2885 haec
2196 2833 2389 2901 gaudii
2443 2832 2659 2903 publici
2694 2832 2864 2903 signa
2910 2832 3066 2886 edita
3112 2833 3245 2886 olim
3294 2848 3329 2886 a
3382 2830 3685 2886 sceleratis

2049 2920 2227 2974 fuisse
2253 2919 2650 2973 Tertullianus
2681 2920 2841 2985 dicit,
2865 2936 2990 2989 quae
3025 2920 3081 2973 in
3114 2919 3261 2973 libro
3300 2924 3495 2973 nostro
3544 2936 3693 2973 nunc

2045 3007 2170 3061 ﬁeri
2202 3007 2539 3078 planissime
2570 3008 2809 3062 indicat.
2838 3009 2939 3062 Est
2986 3007 3169 3078 igitur
3217 3008 3326 3062 iste
3359 3007 3423 3061 de
3457 3006 3684 3061 Idolola-

2045 3098 2154 3151 tria
2185 3095 2420 3152 libellus
2452 3102 2584 3152 ante
2641 3098 3051 3165 Apologeticum
3103 3096 3379 3167 scriptus,
3430 3096 3689 3166 adeoque

2050 3192 2184 3244 ante
2206 3186 2438 3240 initium
2469 3186 2604 3240 anni
2636 3186 2862 3252 CXCIX,
2898 3192 2960 3241 ut
2992 3189 3190 3257 postea
3218 3184 3539 3257 apparebit.
3573 3185 3689 3255 Ego

1966 3240 2009 3308 α
2049 3292 2183 3331 vero
2242 3274 2396 3329 haud
2450 3275 2641 3346 inepte
2690 3276 2977 3347 suspicari
3022 3274 3223 3329 videor
3268 3273 3434 3341 mihi,
3486 3272 3690 3345 pulsos

2047 3366 2232 3420 Roma
2263 3365 2541 3436 Italiaque
2574 3365 2899 3436 astrologos
2931 3370 3057 3420 tum
3090 3364 3294 3430 fuisse,
3319 3380 3451 3421 cum
3478 3381 3509 3418 a
3531 3362 3688 3418 mul-

2042 3455 2119 3511 tis
2153 3456 2223 3509 de
2254 3456 2441 3509 salute
2466 3455 2708 3510 Caesaris
2743 3455 2992 3510 fuissent
3041 3453 3317 3510 consulti.
3377 3456 3561 3524 Atque
3606 3451 3688 3518 hi,

2044 3552 2145 3623 qui
2194 3550 2308 3606 tale
2358 3552 2496 3622 quia
2547 3551 2824 3607 sciscitati
2873 3557 3042 3607 erant
3085 3568 3154 3607 ex
3200 3551 3411 3623 magis,
3482 3548 3690 3621 capitis

2044 3640 2480 3695 damnabantur
2510 3656 2574 3695 eo
2598 3646 2859 3711 tempore
2885 3641 3024 3707 fere,
3056 3658 3167 3711 quo
3216 3641 3463 3695 Severus
3514 3639 3689 3709 proﬁ-

2043 3729 2374 3783 ciscebatur
2389 3729 2668 3783 adversus
2698 3729 3093 3795 Parthos,hoc
3116 3734 3203 3784 est
3233 3745 3371 3783 ann.
3404 3727 3684 3783 CXCVIII.

2043 3817 2204 3881 Quod
2236 3816 2587 3889 intelligitur
2615 3835 2646 3872 e
2674 3817 2799 3873 loco
2832 3818 3086 3888 quodam
3128 3815 3425 3889 Spartiani
3473 3816 3532 3870 in
3588 3817 3689 3871 Vit.

2039 3912 2161 3964 Sev.
2192 3924 2240 3962 c.
2274 3908 2360 3972 15,
2396 3924 2593 3978 quem,
2628 3908 2905 3978 quoniam
2939 3925 3054 3964 non
3087 3909 3230 3963 satis
3270 3912 3358 3963 est
3406 3922 3689 3963 excussus

2044 3998 2114 4051 ab
2145 3996 2296 4066 aliis,
2323 3996 2415 4051 hic
2449 3996 2694 4065 subjicio
2722 4013 2734 4051 :
2771 4002 3073 4068 Postquam
3104 3997 3336 4051 Severus
3366 3996 3689 4050 Parthicum

2043 4086 2246 4140 bellum
2307 4089 2638 4156 susceperat,
2702 4087 2925 4155 traiecto
2989 4088 3241 4142 exercitu
3288 4102 3322 4140 a
3369 4084 3686 4151 Brundisio,

2038 4175 2354 4229 continuato
2388 4175 2586 4229 itinere
2615 4176 2761 4229 venit
2794 4177 2852 4230 in
2900 4176 3144 4247 Syriam,
3194 4174 3532 4243 Parthosque
3568 4172 3690 4227 sub-

2038 4265 2232 4319 movit.
2268 4264 2414 4317 117
2453 4262 2559 4318 Sed
2582 4273 2771 4334 postea
2801 4266 2859 4318 in
2891 4265 3114 4336 Syriam
3156 4263 3342 4330 rediit,
3391 4263 3477 4316 ita
3523 4265 3583 4315 ut
3632 4276 3688 4315 se

2036 4358 2259 4422 pararet
2286 4368 2349 4406 ac
2397 4351 2605 4406 bellum
2657 4353 2884 4407 Parthis
2927 4354 3181 4423 inferret.
3222 4354 3372 4407 Inter
3412 4350 3526 4406 ha’e
3560 4351 3681 4404 Pes-

2036 4442 2335 4495 cennianas
2366 4440 2652 4512 reliquias,
2678 4440 2975 4495 Plautiano
3022 4444 3268 4507 nuctore,
3320 4438 3683 4511 persequeba-

2037 4534 2149 4584 tur.
2196 4560 2263 4569 -—
2318 4529 2510 4584 Multos
2595 4532 2782 4597 etiam,
2850 4532 3009 4601 quasi
3083 4529 3357 4585 Chaldceos
3437 4531 3533 4584 aut
3596 4542 3693 4581 va-

274 4626 365 4677 set
396 4622 699 4691 denotare,
730 4621 900 4676 illum
933 4621 1348 4693 designaturus
1398 4624 1621 4693 adjecto
1669 4626 1925 4696 quodam
1958 4610 2001 4675 D
2033 4624 2113 4674 tes
2159 4619 2223 4673 de
2277 4636 2379 4673 sua
2432 4620 2611 4674 salute
2665 4620 3091 4690 consuluissent,
3149 4618 3447 4688 interemit,
3531 4631 3682 4690 pra:-

275 4710 456 4765 vcrbo
491 4710 742 4777 fuisset;
783 4716 959 4782 atque
1009 4728 1115 4767 nos
1158 4712 1285 4781 jam
1343 4711 1600 4768 diximus
1654 4730 1687 4769 a
1735 4714 1929 4769 Graeco

278 4815 456 4871 posse
501 4800 575 4855 ad
624 4799 896 4855 Latinum
932 4802 1058 4871 jam
1110 4802 1397 4874 scriptum
1450 4801 1671 4873 absque
1740 4820 1931 4859 errore

279 4889 704 4961 argumentari.
765 4889 966 4962 Neque
1036 4888 1211 4946 etiam
1277 4895 1571 4961 postrema
1640 4894 1931 4949 sententia

276 4977 509 5032 videtur
539 4977 925 5046 admittenda,
960 4995 1089 5050 qua:
1119 4978 1293 5034 istam
1320 4978 1615 5050 publicam
1664 4979 1927 5038 laetitiam

277 5066 598 5122 transferre
655 5065 784 5122 vult
833 5067 892 5121 in
941 5066 1273 5124 deeennalia
1322 5071 1534 5125 Severi.
1585 5069 1729 5125 Nolo
1774 5088 1929 5126 nunc

275 5156 579 5226 disputare
612 5157 685 5211 de
724 5173 812 5224 eo,
852 5158 1006 5228 quod
1041 5162 1263 5231 pugnet
1311 5175 1443 5214 cum
1502 5158 1611 5214 hac
1655 5159 1928 5231 opinione

276 5244 404 5313 ipsa
429 5244 603 5313 hujus
631 5245 767 5299 libri
819 5242 1127 5317 ὀρθοδοξία,
1160 5264 1332 5317 quam
1363 5248 1413 5303 ei
1446 5253 1649 5319 postea
1676 5248 1930 5306 vindica-

277 5332 513 5394 bimus;
548 5334 651 5388 sed
688 5340 777 5388 est
810 5340 1004 5391 tamen
1030 5335 1246 5407 aliquis
1279 5339 1598 5408 suspicioni
1629 5337 1812 5405 locus,
1860 5356 1926 5395 eo

277 5427 541 5492 tempore
570 5422 629 5475 in
668 5421 1033 5478 Christianos
1074 5426 1268 5479 adhuc
1319 5426 1700 5498 magistratus
1745 5428 1927 5484 fuisse

280 5508 542 5563 collatos.
598 5509 868 5580 Namque
947 5510 1117 5566 istam
1186 5514 1569 5582 quaestionem
1636 5520 1926 5585 quatenus

279 5598 570 5665 ejusmodi
605 5599 863 5653 ofﬁcium
898 5600 1169 5671 progredi
1202 5601 1438 5657 deberet
1461 5604 1516 5658 in
1552 5604 1927 5676 suscipienda

282 5684 556 5758 religiosa
585 5685 788 5759 aliqua
811 5688 1235 5745 consuetudine
1265 5705 1392 5761 quas
1427 5692 1499 5748 ad
1531 5693 1772 5752 deorum
1803 5694 1924 5750 cul-

2040 4708 2197 4779 eipue
2251 4717 2526 4780 suspectos
2572 4725 3014 4780 unumquemque
3094 4710 3350 4766 idoneum
3427 4708 3680 4779 imperio.

2040 4806 2225 4859 Istum
2254 4804 2445 4860 locum
2481 4807 2529 4861 si
2562 4809 2934 4864 conferamus
2961 4825 3095 4863 cum
3127 4824 3192 4864 eo
3224 4824 3398 4880 quem
3423 4806 3595 4861 modo
3618 4821 3685 4860 ex

2040 4894 2397 4949 Tertulliano
2431 4897 2824 4965 recitavimus,
2886 4903 3131 4970 apparet
3178 4903 3497 4968 utrumque
3548 4894 3686 4950 scri-

2038 4989 2287 5055 ptorem,
2324 5001 2453 5039 cum
2485 4984 2760 5057 loquatur
2788 4988 2860 5042 de
2901 4986 3166 5057 reliquiis
3218 4984 3685 5042 adversariorum

2038 5074 2232 5131 Severi
2266 5074 2628 5146 perquisitis,
2662 5076 2857 5147 ipsum
2890 5076 3064 5131 etiam
3095 5080 3352 5148 tempus,
3407 5091 3523 5145 quo
3571 5072 3686 5127 ista

2037 5162 2412 5234 contigerint,
2443 5164 2724 5219 deﬁnire:
2759 5166 2913 5237 quod
2945 5182 3113 5220 secus
3147 5167 3321 5221 estin
3355 5161 3683 5218 enarrando

2036 5252 2217 5307 altero
2266 5253 2335 5307 de
2383 5253 2663 5308 adhibitis
2707 5253 2765 5307 in
2821 5254 3130 5309 consilium
3183 5251 3513 5324 astrologis.
3573 5249 3684 5305 Sed

2038 5342 2532 5413 quemadmodum
2567 5341 2710 5396 illud
2758 5342 2926 5397 nobis
2956 5343 3054 5397 dat
3082 5344 3232 5397 viam
3266 5348 3485 5397 certam
3529 5341 3685 5395 inve-

2038 5430 2235 5485 niendi
2271 5447 2463 5485 veram
2499 5434 2725 5486 aetatem
2772 5430 3143 5502 Apologetici;
3178 5433 3258 5487 ita
3288 5431 3398 5487 hoc
3448 5431 3685 5501 quiden'

2038 5537 2143 5575 nos
2175 5520 2361 5588 docet,
2393 5537 2490 5575 eos
2524 5520 2621 5591 qui
2666 5537 2871 5592 magos
2910 5522 2981 5575 de
3034 5522 3223 5577 salute
3263 5521 3506 5577 Caesaris
3554 5534 3684 5588 per-

2037 5605 2292 5663 cunctati
2325 5606 2576 5673 fuerant,
2628 5607 2745 5663 fere
2798 5609 3001 5664 eodem
3050 5614 3309 5681 tempore
3358 5608 3540 5662 fuisse
3585 5619 3652 5656 ex

2037 5695 2320 5765 stinctos;
2353 5711 2422 5752 ex
2447 5712 2560 5767 quo
2585 5696 2793 5753 saltem
2827 5695 3173 5769 intelligitur
3218 5698 3283 5761 id,
3326 5693 3481 5766 quod
3528 5689 3650 5745 vole
