4148 6188
460 332 574 391 159

1536 333 2057 395 DISSERTA’I‘IO
2102 336 2200 394 DE
2255 335 2457 394 VEllA
2505 334 2787 394 JETATE

3751 334 3869 391 160

456 466 691 533 hamus,
726 469 925 522 nostro
959 467 1015 522 in
1050 467 1198 523 libro
1239 469 1664 525 Tertullianum
1698 471 1767 525 de
1800 469 1979 525 altero
2021 485 2105 524 ce-
2132 470 2187 536 Α
2221 485 2447 537 sumus,
2482 469 2658 525 veluti
2693 486 2794 541 per
2837 470 3058 541 gradus
3090 468 3479 534 ascendendo,
3513 485 3635 539 quae
3668 467 3778 523 ista
3799 468 3870 523 de

456 554 846 611 lebrationum
894 574 1103 628 genere
1159 560 1268 614 sub
1324 565 1530 615 Severo
1600 560 1780 614 fuisse
1826 559 2107 615 locutum.

463 646 830 716 Quanquam,
866 647 912 701 si
953 648 1199 703 velimus
1232 650 1404 704 istam
1458 666 1577 704 rem
1613 665 1871 719 qumrere
1921 649 2111 705 subti-

460 732 596 800 lius,
631 740 687 789 et
718 736 997 790 adhibere
1034 738 1245 808 legem,
1278 757 1307 794 ο
1341 756 1456 809 qua
1505 739 1767 793 ordinem
1826 739 1883 793 in
1938 740 2114 793 rebus

461 823 643 893 gestis
677 825 985 880 narrandis
1026 844 1059 881 a
1090 827 1397 897 Spartiano
1446 828 1790 900 plerumque
1842 829 2113 883 observa-

462 918 583 966 tum
600 914 987 981 judicandum
1010 932 1137 971 esse
1156 918 1551 989 experimento
1576 919 1889 973 didicimus
1915 920 2114 990 (quam

463 1001 709 1072 longum
743 1009 834 1058 est
865 1004 957 1059 hic
988 1004 1349 1063 luculentius
1381 1011 1688 1079 exponere)
1719 1025 1731 1061 :
1768 1024 2116 1080 cognoscere

463 1090 688 1161 licebit,
724 1094 877 1163 quod
916 1093 1029 1149 ista
1059 1094 1349 1166 supplicia
1387 1114 1610 1166 eorum,
1636 1097 1736 1168 qui
1787 1098 1975 1168 magis
2025 1097 2116 1151 usi

468 1185 607 1235 sunt
636 1181 706 1234 ad
739 1182 1120 1253 intelligenda
1166 1184 1398 1256 imperii
1434 1186 1626 1241 Severi
1671 1186 1806 1251 fata,
1849 1202 1963 1240 non
2018 1202 2116 1240 ne-

467 1269 721 1325 cessario
753 1273 1074 1342 posteriora
1106 1274 1373 1329 habenda
1420 1275 1538 1330 sint
1589 1275 1871 1346 supplicis
1906 1275 2119 1330 consti-

467 1359 612 1412 tutis
644 1358 701 1412 in
733 1359 950 1415 amicos
983 1360 1144 1431 Nigri
1179 1363 1546 1434 superstites.
1580 1364 1782 1435 Itaque
1813 1381 1945 1419 cum
1998 1365 2127 1419 haec

470 1449 803 1503 exstiterint
835 1468 973 1504 ann.
1024 1451 1305 1519 CXCVIII,
1365 1459 1431 1507 ut
1488 1454 1753 1509 dicemus
1813 1453 1958 1522 loco,
2018 1453 2121 1508 illa

472 1537 626 1592 haud
658 1537 852 1609 inepte
906 1539 1192 1611 assignari
1238 1548 1487 1613 possunt
1536 1561 1686 1598 anno
1748 1544 2116 1615 praecedenti.

475 1629 611 1693 Qum
643 1643 777 1681 cum
811 1628 892 1683 ita
921 1628 1059 1696 sint,
1109 1634 1265 1701 patet
1311 1632 1399 1701 {.ad
1451 1650 1669 1687 annum
1730 1633 1991 1688 CXCVIII
2047 1633 2117 1687 li-

2222 575 2282 613 re
2305 559 2548 614 dicenda
2575 560 2881 631 habemus,
2925 575 3229 630 exponere.
3264 557 3522 613 Primum
3557 557 3738 628 igitur
3769 573 3871 612 ne-

2225 649 2367 703 mini
2401 649 2501 719 qui
2536 650 2726 704 fuitin
2760 667 2825 705 eo
2870 649 3018 704 libro
3050 650 3356 703 tractando
3411 664 3544 703 cum
3577 664 3717 702 cura
3764 646 3871 701 ali-

2225 755 2341 809 qua
2371 744 2659 805 versatus,
2686 743 2877 809 potest
2908 753 3035 794 esse
3089 738 3429 807 obscurum,
3464 738 3571 792 isto
3611 743 3874 807 tempore

2224 828 2487 883 nondum
2541 828 2721 884 fuisse
2791 829 2973 897 legem
3026 827 3231 897 iSeveri
3317 832 3517 882 contra
3590 825 3876 882 Christia-

2226 935 2332 972 nas
2390 918 2690 973 emissam.
2749 922 3033 989 Namque,
3094 917 3250 972 hunc
3300 916 3518 971 librum
3578 916 3875 971 offerendo

2228 1008 2599 1078 Przesidibus,
2624 1008 2755 1079 quis
2784 1009 2981 1064 credet
3010 1006 3435 1062 Tertullianum
3469 1006 3541 1061 ab
3566 1004 3635 1060 iis
3670 1021 3874 1076 exspe-

2226 1102 2382 1153 ctare
2404 1098 2683 1169 potuisse,
2718 1102 2782 1152 ut
2812 1098 2958 1152 iram
2994 1097 3273 1153 adversus
3331 1096 3689 1151 Christianos
3738 1111 3875 1150 con-

2226 1192 2453 1258 ceptam
2480 1204 2595 1242 non
2645 1186 2981 1258 mitigarent
3006 1185 3219 1253 solum,
3272 1186 3373 1240 sed
3422 1184 3590 1254 plane
3621 1185 3876 1255 depone-

2225 1277 2859 1347 rent,dimitterentque
2892 1292 2990 1330 eos
3030 1276 3365 1330 innocentes
3385 1274 3412 1328 ἰ)
3436 1274 3483 1327 si
3512 1279 3707 1328 tamen
3735 1289 3878 1343 prae-

2228 1367 2456 1421 sidibus
2489 1366 2783 1437 agendum
2810 1365 3019 1421 fuisset
3050 1366 3375 1420 secundum
3407 1362 3600 1418 Severi
3651 1362 3810 1434 leges
3840 1378 3875 1416 a

2229 1456 2445 1527 quibus
2478 1472 2580 1509 nec
2613 1455 2845 1525 licebat,
2880 1454 2967 1510 vel
3016 1453 3200 1509 latum
3255 1469 3508 1526 unguem
3570 1452 3877 1517 recedere;

2230 1546 2552 1616 przesertim
2588 1561 2722 1599 cum
2756 1548 3070 1615 constaret,
3096 1549 3317 1614 quanta
3365 1542 3678 1597 acerbitate
3730 1556 3878 1594 usus

2228 1634 2367 1688 olim
2404 1634 2611 1689 fuisset
2642 1634 2921 1689 adversus
2953 1650 3074 1701 eos,
3107 1650 3255 1704 quos
3285 1630 3650 1687 intellexerat
3681 1628 3874 1684 ofﬁcio

476 1716 646 1770 brum
671 1716 735 1771 de
774 1717 1106 1774 idololatria
1151 1723 1460 1791 pertinere.
1510 1726 1699 1793 Atque
1732 1722 1824 1776 hic
1853 1739 1958 1795 ego
2003 1739 2117 1777 non
2221 1722 2442 1793 judicis
2474 1722 2629 1777 haud
2664 1723 2809 1777 bene
2841 1722 3146 1777 defunctos
3205 1721 3293 1792 (V.
3353 1719 3755 1792 Spartianum,
3790 1717 3807 1771 i
3841 1734 3877 1771 n

474 1809 613 1912 puto
646 1822 879 1912 necesse
910 1824 1058 1878 esse,
1080 1814 1143 1862 ut
1173 1810 1594 1881 respondeatur
1623 1812 1691 1866 ad
1726 1829 1811 1879 ea,
1846 1829 1971 1882 quae
2015 1828 2117 1867 vo-
2150 1848 2197 1912 B
2230 1813 2355 1867 Sev.
2392 1829 2445 1882 p.
2479 1812 2554 1881 8).
2592 1812 2785 1883 Neque
2816 1827 2948 1866 vero
2979 1810 3193 1865 mirum
3231 1809 3324 1864 cui
3374 1808 3556 1863 videri
3592 1808 3781 1872 debet,
3829 1805 3879 1859 si

476 1893 587 1948 luit
629 1893 1059 1961 Tillemontius,
1104 1896 1257 1952 hunc
1293 1897 1508 1952 librum
1557 1898 1843 1970 scriptum
1904 1915 2031 1953 esse
2088 1916 2120 1952 a

471 1982 828 2038 Tertulliano
884 1990 1196 2056 postquam
1252 1986 1376 2057 ipse
1426 2005 1582 2043 novae
1641 1989 1893 2059 alicujus
1950 1993 2119 2043 sectae

472 2076 674 2127 auctor
702 2073 1037 2130 exstitisset.
1071 2075 1230 2138 Quod
1261 2077 1482 2148 absque
1527 2077 1749 2132 ratione
1806 2078 1965 2132 omni
2022 2078 2122 2132 de-

476 2162 753 2231 fenditur,
786 2167 843 2218 et
881 2169 969 2217 est
1018 2164 1089 2219 ab
1148 2165 1493 2222 Hoﬂ‘manno
1564 2169 1930 2222 confutatum
1974 2168 2119 2222 diss.

480 2252 577 2306 cit.
612 2253 720 2319 §8,
758 2253 908 2323 p.34,
943 2252 1042 2323 qui
1101 2256 1483 2325 argumentis,
1527 2273 1556 2311 e
1602 2257 1813 2326 quibus
1868 2258 2125 2311 eruenda

478 2344 567 2396 est
596 2339 730 2394 libri
757 2345 899 2396 aetas
930 2342 1234 2398 nobiscum
1266 2344 1383 2399 fere
1413 2346 1723 2413 consentit,
1786 2346 1865 2400 ita
1901 2350 2121 2412 tamen,

480 2434 588 2484 uta
602 2429 961 2485 Tertulliano
974 2432 1324 2487 Montanista
1338 2433 1500 2487 illum
1515 2434 2121 2506 existimetscriptum.

484 2522 618 2581 Quae
653 2520 890 2589 quidem
923 2520 1118 2591 Opinio
1153 2526 1306 2576 stare
1340 2540 1453 2576 non
1488 2528 1697 2594 potest,
1732 2523 1782 2579 si
1806 2540 2005 2579 verum
2036 2528 2126 2578 est

481 2607 539 2662 id
575 2609 727 2679 quod
752 2610 1023 2680 superius
1055 2611 1366 2681 probatum
1399 2613 1689 2677 dedimus,
1722 2614 1955 2668 nonnisi
1988 2630 2123 2668 ann.

482 2700 562 2752 CC
617 2714 751 2752 eum
798 2715 861 2753 se
954 2699 1273 2756 contulisse
1349 2702 1418 2756 ad
1506 2702 1880 2774 disciplinam
1964 2702 2126 2757 Mon-

481 2786 626 2841 tani.
687 2787 887 2858 Neque
942 2789 1013 2841 ad
1073 2805 1201 2844 eam
1278 2792 1653 2845 asserendam
1739 2793 1882 2847 bene
1964 2791 2127 2846 Hoff-

486 2892 741 2930 mannus
789 2876 1059 2931 adhibuit
1097 2879 1289 2933 locum
1374 2880 1718 2935 Tertulliani
1781 2882 1965 2952 ipsius
2040 2881 2129 2949 (de

481 2965 671 3020 Idolot.
706 2982 755 3020 c.
784 2967 902 3034 22):
941 2968 1105 3022 Multi
1134 2969 1346 3035 dicunt,
1381 2973 1550 3025 Nemo
1580 2987 1638 3025 se
1667 2972 1826 3025 debet
1879 2972 2125 3041 promul-

480 3072 650 3126 gare;
678 3072 852 3126 quem
885 3055 1008 3110 vult
1038 3056 1348 3124 indicasse,
1381 3061 1536 3130 quod
1596 3059 1768 3115 fuerit
1814 3062 1937 3130 jam
1998 3066 2125 3116 tum

482 3142 634 3196 inter
662 3143 1041 3198 Montanistas
1072 3150 1130 3199 et
1158 3146 1508 3200 orthodoxos
1540 3148 1782 3218 quaestio
1814 3148 2027 3219 agiiata
2055 3151 2125 3204 de

2230 1901 2505 1974 prmsides
2535 1919 2668 1956 cum
2700 1900 2865 1972 plebe
2888 1898 2997 1954 soli
3024 1898 3290 1970 iniuriosi
3324 1898 3561 1951 fuerunt
3595 1896 3665 1964 {in
3706 1893 3879 1949 Chri-

2229 1995 2475 2067 stianos,
2508 2008 2685 2067 quam
2716 1991 2788 2046 ob
2808 2006 2929 2044 rem
2962 2006 3077 2044 non
3109 1988 3179 2043 ad
3204 1992 3485 2043 Caesarem
3516 1985 3713 2058 ipsum
3742 1987 3874 2038 Ter-

2230 2086 2512 2142 tullianus
2544 2080 2958 2154 provocaverit,
2991 2094 3179 2148 neque
3210 2074 3525 2133 Christiani
3559 2090 3685 2128 sese
3716 2089 3875 2127 rece-

2230 2175 2423 2245 perint
2477 2172 2537 2225 in
2579 2173 2705 2241 ejus
2757 2167 3022 2223 tutelam.
3093 2165 3316 2219 Etenim
3404 2163 3453 2218 si
3536 2160 3871 2228 Christiani,

2233 2260 2536 2316 occasione
2592 2274 2792 2313 eorum
2878 2255 2979 2327 qui
3063 2258 3297 2325 propter
3345 2251 3509 2323 Nigri
3568 2248 3878 2319 Albinique

2234 2350 2555 2405 amicitiam
2589 2346 3013 2419 plectebantur,
3045 2348 3278 2398 auctore
3325 2341 3653 2407 Plautiano,
3703 2352 3879 2393 omne

2234 2440 2634 2495 calamitatum
2669 2452 2855 2509 genus
2895 2432 3342 2499 sustinuerunt;
3373 2431 3509 2486 talis
3559 2430 3629 2485 ad
3687 2433 3878 2482 Caesa-

2236 2546 2355 2585 rem
2388 2526 2739 2600 provocatio,
2774 2530 3010 2596 propter
3038 2537 3332 2578 summam
3365 2518 3676 2584 Plautiani,
3717 2521 3878 2571 Prce-

2234 2619 2381 2674 torio
2448 2616 2729 2679 Przefecti,
2783 2614 3187 2669 auctoritatem
3246 2610 3442 2666 locum
3504 2626 3620 2664 non
3671 2606 3882 2661 fuisset

2235 2708 2508 2763 habitura
2541 2723 2554 2773 ;
2590 2722 2660 2759 ne
2688 2708 2815 2758 tum
2855 2701 3111 2772 quidem,
3138 2700 3185 2755 si
3218 2700 3371 2754 facta
3401 2702 3555 2754 esset
3580 2697 3651 2752 ad
3678 2695 3877 2767 ipsum

2236 2797 2630 2863 Plautianum,
2663 2789 3223 2863 impotentissimum
3285 2785 3693 2843 crudelissimu
3706 2799 3885 2855 mque

2235 2885 2557 2941 hominem.
2614 2886 2895 2936 Praeterea
2950 2879 3262 2951 quomodo,
3349 2877 3397 2931 si
3454 2875 3544 2930 vel
3628 2874 3885 2929 maxime

2238 2974 2583 3030 Plautianus
2611 2974 2812 3027 auctor
2840 2969 2987 3024 tanti
3018 2967 3254 3023 sceleris
3278 2967 3336 3020 in
3369 2964 3730 3021 Christianos
3762 2979 3884 3016 non

2236 3064 2429 3129 fuerit,
2492 3060 2809 3134 quomodo,
2859 3059 3123 3129 inquam,
3179 3074 3213 3111 a
3258 3060 3484 3123 Severo,
3542 3052 3770 3107 infinite
3828 3053 3889 3104 et

2236 3169 2448 3209 aurum
2477 3155 2533 3205 et
2561 3150 2775 3204 ezedem
2809 3146 3115 3202 hominum
3173 3144 3572 3199 innocentium
3602 3157 3665 3195 ac
3724 3137 3886 3194 sedi-

481 3230 619 3301 fuga
646 3230 705 3284 in
748 3233 1171 3301 persecutione.
1205 3234 1425 3304 Nempe
1456 3236 1585 3306 ipsa
1616 3236 1795 3291 series
1823 3238 2124 3309 [orationis
2158 3216 2217 3282 θ’
2240 3242 2421 3298 tionis
2452 3243 2859 3310 suspectorum
2894 3234 3363 3307 conoupiscente,
3424 3229 3719 3301 impetrari
3778 3245 3884 3283 au-

482 3321 551 3375 de
583 3319 745 3373 omni
777 3321 1082 3390 negatione
1114 3322 1248 3375 ﬁdei
1283 3339 1612 3378 sermonem
1646 3341 1775 3379 esse
1806 3326 1991 3394 docet,
2027 3344 2123 3382 ne-

481 3426 591 3479 que
616 3410 687 3464 de
744 3411 881 3480 fuga
933 3410 1149 3479 unice;
1201 3416 1258 3466 et
1318 3430 1386 3467 ex
1416 3414 1834 3486 antiquissima
1863 3421 2123 3471 veterum

484 3498 939 3553 christianorum
972 3498 1241 3568 historia,
1273 3501 1452 3557 veluti
1484 3520 1549 3558 ex
1578 3504 1787 3576 Ignatii
1844 3522 1910 3560 ac
1963 3504 2129 3577 Poly-

485 3587 641 3659 carpi
674 3588 957 3659 exemplo,
1001 3596 1264 3660 apparet,
1300 3591 1557 3648 diversas
1598 3594 1751 3649 inter
1804 3594 1965 3666 ipsos
2020 3612 2126 3665 pu-

484 3676 654 3730 rioris
687 3676 960 3733 doctrinae
993 3678 1354 3736 Christianos
1386 3698 1453 3737 ea
1485 3683 1553 3737 de
1586 3700 1645 3738 re
1677 3684 1859 3739 fuisse
1892 3690 2127 3739 senten-

484 3764 598 3821 tias
623 3781 636 3832 ;
670 3767 771 3821 sed
803 3772 989 3822 ortam
1022 3767 1171 3824 hanc
1201 3770 1552 3827 orthodoxos
1574 3772 1725 3828 inter
1755 3781 1812 3828 et
1838 3773 2127 3828 Montani-

486 3860 609 3910 stas
641 3855 1098 3926 disputationem
1134 3875 1198 3913 ex
1234 3860 1381 3915 facto
1442 3862 1646 3917 militis
1704 3863 1803 3933 qui
1852 3880 2127 3918 coronam

484 3944 745 4000 lauream
778 3947 1127 4018 repudiavit,
1186 3949 1447 4021 adeoque
1503 3950 1660 4006 hunc
1718 3951 1935 4006 librum
1998 3955 2131 4023 post

488 4050 623 4090 eum
652 4034 752 4104 qui
782 4039 871 4090 est
899 4035 965 4090 de
994 4035 1203 4092 Corona
1235 4039 1521 4109 scriptum
1556 4056 1684 4095 esse
1718 4057 1731 4107 ;
1775 4040 1832 4095 id
1864 4057 1998 4095 vero
2043 4044 2132 4095 est

487 4121 788 4192 hariolari,
822 4141 936 4179 non
970 4128 1217 4196 probare
1242 4126 1432 4198 ;quale
1461 4144 1648 4199 genus
1677 4125 2131 4201 argumentandi

489 4213 663 4268 debet
693 4213 763 4268 ab
796 4214 955 4270 omni
980 4216 1377 4287 disputatione
1408 4216 1836 4274 alienissimum
1868 4235 2016 4274 esse.

608 4320 637 4392 ἕ
668 4322 752 4377 16.
790 4352 857 4362 --
887 4322 1265 4396 Apologeticus
1294 4339 1443 4379 anno
1476 4322 1671 4379 CXCIX
1690 4326 2020 4396 compositus

1108 4394 1530 4450 demonstratur.

565 4482 838 4551 Sequitur
870 4483 1339 4553 elegantissimus
1383 4485 1775 4555 Apologeticus,
1835 4500 2010 4556 quem
2068 4484 2136 4539 li-

2236 3330 2439 3386 xilium
2474 3327 2762 3400 potuisset
2791 3327 3073 3381 adversus
3107 3322 3295 3394 plebis
3328 3320 3556 3376 furiosae
3586 3315 3884 3389 impetus?

2235 3421 2419 3484 Quam
2456 3417 2771 3472 verendum
2804 3419 2927 3469 erat
2958 3413 3319 3485 potius,cum
3337 3410 3598 3465 nondum
3614 3405 3887 3479 publicas

2236 3526 2372 3564 cum
2394 3505 2742 3562 Christianis
2776 3500 3118 3558 inimicitias
3177 3500 3553 3571 suscepisset,
3622 3494 3887 3551 admoni-

2234 3602 2362 3653 tum
2396 3595 2606 3651 libellis
2679 3592 3165 3657 Christianorum,
3280 3605 3345 3644 eo
3430 3599 3885 3660 progressurum

2236 3686 2437 3755 fuisse,
2468 3685 2735 3740 utetiam
2782 3680 2956 3749 mala,
3010 3678 3356 3736 auctoritate
3405 3694 3513 3733 sua
3565 3674 3885 3747 praesidum

2237 3778 2490 3832 furorem
2523 3772 2945 3836 conﬁrmando,
2980 3772 3263 3841 augeret?
3303 3769 3417 3823 Hac
3448 3765 3627 3837 igitur
3656 3780 3715 3818 re
3743 3778 3883 3817 con-

2237 3866 2462 3931 stituta,
2487 3863 2676 3918 dicere
2709 3876 2943 3915 necesse
2974 3863 3063 3913 est
3117 3874 3277 3923 sane,
3342 3856 3496 3927 quod
3546 3852 3886 3924 Apotogetico

2238 3954 2545 4010 scribendo
2577 3950 2945 4006 occasionem
2977 3946 3201 4002 dederit
3230 3946 3386 4000 facta
3413 3962 3446 3999 a
3496 3942 3659 4015 plebe
3714 3940 3886 3996 Chri-

2239 4042 2565 4098 stianorum
2599 4037 2979 4109 perturbatio.
2992 4040 3175 4106 Atque
3206 4033 3597 4105 quorumdam
3620 4030 3884 4085 locorum

2238 4129 2585 4186 Tertulliani
2615 4127 2727 4199 (l3)
2756 4125 2846 4181 vis
2876 4128 2957 4180 ita
3002 4130 3092 4181 est
3124 4124 3527 4190 manifesta,ut
3555 4121 3695 4177 abso
3742 4135 3888 4173 num

2244 4220 2413 4293 plane
2444 4219 2540 4287 sit,
2574 4217 2731 4271 aliud
2762 4215 2842 4270 ibi
2877 4214 3042 4286 quid,
3076 4230 3251 4285 quam
3284 4229 3413 4268 eam
3446 4228 3568 4267 rem
3601 4224 3885 4281 quaerere.

2244 4309 2409 4366 Unde
2438 4309 2526 4375 fit,
2559 4310 2622 4361 ut
2650 4322 2837 4375 neque
2876 4304 2989 4359 dici
3047 4302 3441 4358 Tertullianus
3491 4298 3677 4371 possit
3736 4298 3892 4352 hanc

2245 4397 2711 4455 Christianorum
2742 4394 3141 4449 defensionem
3165 4390 3476 4447 tradidisse
3515 4387 3890 4461 praesidibus,

2248 4487 2361 4544 nisi
2387 4503 2520 4542 cum
2552 4503 2743 4542 annus
2772 4482 3005 4539 CXCVII
3038 4482 3348 4551 suamjam
3382 4495 3677 4535 summam
3728 4492 3891 4531 com—

498 4570 736 4627 brorum
778 4572 929 4627 “8
980 4572 1323 4627 Tertulliani
1371 4578 1427 4627 et
1482 4574 1746 4629 doctrina
1776 4579 1830 4628 et
1887 4576 2138 4630 candore
2170 4584 2213 4648 Ι)
2248 4577 2524 4651 plevisset
2556 4593 2569 4643 ;
2607 4578 2911 4646 propterea
2942 4572 3098 4642 quod
3129 4571 3337 4625 horum
3396 4574 3663 4624 motuum
3715 4564 3894 4635 origi-

496 4660 1055 4732 przestantissimum
1097 4662 1282 4716 audeo
1314 4662 1527 4718 dicere.
1561 4663 1738 4733 Cujus
1792 4667 1929 4719 aetas
1985 4669 2135 4719 tam-

496 4749 608 4804 etsi
653 4750 885 4821 copiose
916 4750 1214 4821 disputata
1246 4750 1321 4805 sit
1351 4751 1423 4806 ob
1456 4753 1870 4825 omnibus,qui
1901 4759 2137 4810 caeteros

495 4838 671 4894 etiam
701 4839 882 4894 libros
914 4856 1029 4894 non
1071 4839 1331 4911 tetigere,
1392 4842 1645 4897 maxime
1707 4860 1738 4897 a
1794 4844 2135 4914 Moshemio,

493 4928 932 4999 elegantissimo
961 4929 1104 4996 viro,
1139 4930 1232 4984 cui
1263 4930 1371 4986 hoc
1419 4932 1477 4986 in
1528 4948 1738 5004 genere
1786 4934 1984 5005 primae
2037 4934 2136 4989 de-

495 5017 748 5086 bentur;
784 5022 979 5073 tamen
1014 5024 1145 5091 post
1201 5019 1378 5075 istam
1438 5038 1689 5078 messem
1747 5021 1881 5077 licet
1944 5022 2137 5094 spicas

497 5108 751 5176 quadam
810 5108 1105 5180 colligere,
1156 5114 1353 5180 atque,
1401 5111 1811 5181 praetermissis
1890 5112 1963 5167 iis
2013 5130 2138 5183 qua:

499 5196 835 5253 doctissime
857 5199 1170 5254 suntdicta
1200 5200 1271 5254 ab
1303 5215 1391 5270 eo,
1421 5199 1766 5256 brevissime
1798 5218 1972 5272 quam
2006 5219 2139 5273 pos-

573 5396 886 5521 313)Apol.,
917 5414 967 5453 c.
998 5398 1101 5452 37:
1134 5398 1370 5463 Quoties
1401 5415 1506 5453 suo
1531 5400 1667 5469 jure
1697 5417 1802 5456 nos
1834 5400 2142 5455 inimicum

500 5486 570 5523 vu
602 5487 711 5527 aus
743 5471 963 5525 invadit
992 5470 1287 5527 lapidibus
1331 5476 1388 5525 et
1428 5470 1757 5527 incendiis?
1802 5473 1951 5527 Iosis
2001 5474 2141 5527 Bac-

502 5487 711 5539 vuigus
743 5487 963 5525 invadit
992 5487 1287 5541 lapidibus
1331 5487 1388 5525 et
1428 5487 1757 5527 incendiis!
1804 5487 1951 5543 1psxs
2001 5487 2141 5528 bac-

502 5541 839 5616 chanalium
872 5542 1040 5597 furiis
1072 5559 1175 5616 nec
1202 5541 1450 5616 mortuis
1480 5548 1729 5616 parcunt
1782 5544 2140 5616 christianis,

502 5614 644 5686 quin
675 5614 806 5670 illos
837 5616 907 5670 de
936 5613 1137 5685 requie
1167 5613 1483 5686 sepulturae
1513 5614 1782 5682 avellant,
1828 5613 2143 5685 dissecent,

503 5684 856 5745 distrahant.
886 5687 957 5743 Et
985 5684 1035 5742 οξ
1068 5686 1139 5741 35
1169 5703 1181 5742 :
1234 5684 1393 5744 Nulli
1449 5686 1639 5757 magis
1677 5687 2141 5759 depostulatores

2249 4686 2350 4723 nes
2381 4667 2478 4722 isti
2511 4682 2663 4721 anno
2722 4663 2952 4719 idoneis
3010 4660 3376 4733 argumentis
3434 4656 3891 4713 vindicavimus.

2246 4764 2449 4829 Itaque
2480 4772 2585 4811 nec
2615 4771 2764 4826 opus
2795 4758 2884 4808 est
2908 4753 3020 4807 isto
3048 4750 3173 4806 loco
3205 4740 3452 4820 (Apolog.
3490 4765 3539 4802 c.
3573 4747 3682 4814 35).
3736 4745 3894 4799 119

2247 4864 2361 4919 quo
2393 4846 2544 4900 inter
2573 4844 2771 4899 hostes
2803 4840 3032 4913 imperii
3059 4839 3313 4903 Cassios,
3359 4838 3567 4908 Nigros
3615 4834 3897 4889 Albinos-

2248 4953 2361 5008 que
2386 4932 2785 4990 Tertullianus
2832 4930 3052 4999 retulit,
3083 4929 3154 4985 ad
3187 4927 3564 4983 ascerendam
3612 4923 3903 4996 Apologe-

2248 5025 2348 5080 tici
2383 5029 2610 5079 (etatem
2635 5039 2774 5078 nece
2813 5020 3122 5076 Albiniana
3171 5016 3549 5091 posteriorem
3584 5032 3597 5083 ;
3634 5012 3906 5069 continet

2250 5122 2445 5171 tamen
2476 5114 2527 5170 is
2559 5112 2860 5185 ipselocus
2890 5109 3135 5180 vestigia
3153 5109 3419 5180 quaedam
3435 5122 3549 5162 non
3573 5103 3904 5160 admodum

2252 5206 2526 5273 obscura,
2584 5202 2800 5273 quibus
2847 5200 3185 5255 insistentes
3242 5201 3473 5254 aetatem
3505 5212 3682 5267 quam
3736 5194 3906 5265 Apol.

2253 5399 2711 5455 christianorum
2739 5412 2916 5468 quam
2948 5394 3183 5468 vulgus.
3217 5396 3395 5468 Plane
3423 5393 3613 5468 caeteri
3653 5392 3915 5468 ordines

2252 5489 2357 5550 pro
2389 5470 2731 5550 auctoritate
2755 5466 3127 5550 religiosis}:
3150 5468 3299 5550 fide:
3335 5466 3480 5550 nihil
3512 5466 3803 5550 hosticum
3828 5467 3917 5547 de

2252 5538 2380 5626 ipso
2413 5548 2640 5670 stsenatu,
2664 5542 2735 5596 de
2766 5538 2980 5613 equite,
3015 5541 3085 5597 de
3114 5541 3344 5609 castris,
3377 5541 3448 5595 de
3478 5538 3713 5611 palatiis
3750 5538 3919 5610 ipsis

2254 5632 2411 5687 spira
2443 5655 2454 5667 .
