4148 6188
276 341 364 401 161
1081 330 1180 393 AC
1219 328 1616 390 DOCTRINA
1659 326 2164 388 SCRIPTORUM
2211 326 2765 389 TEltTULLIANI.

3513 335 3629 395 162

268 476 409 547 getico
435 466 836 526 constituimus
883 466 1161 533 tribuere,
1214 463 1546 520 accuratius
1597 461 1861 517 invenire
1895 463 1948 530 Α
1978 461 2171 516 aninae
2198 461 2512 517 testimonio
2540 462 2697 517 haud
2730 462 2975 517 dubium
3010 466 3120 532 est,
3160 481 3226 520 ac
3275 466 3342 520 de
3374 468 3530 522 libris
3557 469 3628 524 ad

270 576 558 637 possumus.
588 556 744 612 Nihil
770 558 897 626 jam
948 555 1020 611 de
1060 554 1352 625 congiaris
1400 555 1471 608 ab
1518 554 1867 624 imperatore

269 651 444 726 populo
472 647 613 703 datis
640 671 655 715 ;
689 644 834 700 nihil
867 646 938 699 de
970 644 1062 699 die
1093 642 1341 697 solemni
1392 642 1673 713 principis
1706 640 1867 695 omni

266 741 584 797 lautitiarum
618 739 899 807 apparatu
933 733 1223 789 celebrato
1250 750 1262 800 ;
1299 731 1447 787 nihil
1480 732 1551 785 de
1583 730 1731 786 votis
1763 748 1866 802 pro

266 827 588 901 imperatoris
619 824 807 881 salute
839 824 1132 894 susceptis
1183 822 1487 877 dicemus:
1542 826 1680 877 sunt
1711 821 1866 876 enim

265 920 378 987 hinc,
403 916 482 971 vel
512 932 623 970 non
661 918 799 985 apta
830 913 973 968 satis
1005 912 1073 967 ad
1110 929 1233 967 rem
1263 909 1810 983 exsequendam,vel
1835 926 1869 963 a

262 1007 534 1063 Moshemio
558 1006 685 1075 jam
718 1002 1154 1075 elegantissime
1203 1002 1522 1074 disputata.
1559 1000 1749 1056 Unum
1783 1000 1866 1054 lo-

263 1114 369 1153 cum
396 1094 770 1158 excutiamus,
804 1097 861 1148 et
891 1109 1027 1148 eum
1060 1091 1297 1163 quidem
1332 1091 1603 1162 superius
1652 1090 1711 1144 in
1745 1104 1866 1143 me-

258 1188 393 1242 dium
423 1184 767 1256 productum
800 1182 853 1253 (Ξ
886 1182 991 1251 15),
1026 1184 1332 1253 propterea
1378 1180 1533 1250 quod
1567 1183 1622 1234 et
1660 1177 1712 1232 is
1745 1194 1867 1233 rem

259 1273 562 1348 planissime
592 1271 828 1328 conﬁcit
856 1274 911 1325 et
944 1274 1135 1325 movet
1188 1286 1316 1339 nos,
1350 1276 1413 1323 ut
1442 1270 1514 1323 ab
1558 1268 1733 1323 istius
1765 1269 1869 1322 do-

255 1362 467 1420 ctissimi
515 1362 619 1415 viri
654 1359 945 1415 sententia
976 1357 1283 1430 paululum
1314 1357 1724 1412 difﬂectamus.
1772 1356 1870 1410 Ait

255 1455 405 1525 igitur
425 1450 843 1519 Tertullianus,
878 1450 1229 1503 scelestarum
1273 1449 1525 1519 partium
1570 1449 1741 1502 socios
1772 1450 1869 1500 aut

252 1543 519 1613 plausores,
546 1544 672 1611 post
694 1539 1036 1594 vendemiam
1078 1537 1494 1609 parricidarum
1542 1537 1868 1591 racematio-

254 1647 355 1686 nem
377 1632 744 1701 superstitem,
776 1627 1019 1699 quotidie
1062 1629 1335 1689 revelari;
1374 1626 1456 1680 ait
1484 1625 1683 1692 etiam,
1717 1640 1871 1696 quos-

254 1721 357 1774 dam
377 1720 705 1791 Astrologos,
754 1718 1023 1787 Augures,
1082 1716 1270 1783 Magos
1325 1715 1391 1769 de
1444 1717 1729 1771 Caesarum
1768 1729 1868 1768 ca-

250 1811 339 1881 pite
400 1809 755 1864 consuluisse.
832 1806 1047 1861 Eadem
1134 1803 1438 1875 conjunxit
1493 1804 1859 1875 Spartianus,

254 1898 518 1969 effecitque
550 1897 668 1952 ista
698 1894 1048 1959 similitudo,
1075 1910 1200 1965 quae
1232 1893 1543 1963 utriusque
1571 1892 1872 1964 scriptoris

252 1988 355 2042 loca
381 1988 629 2043 excitata
659 1984 992 2051 intercedit,
1027 1988 1091 2038 ut
1123 1988 1441 2054 utrumque
1467 1984 1670 2037 eadem
1703 1984 1872 2054 plane

252 2083 482 2148 tempora
537 2075 875 2147 respexisse
932 2073 1209 2128 dicerem.
1272 2073 1379 2127 Sed
1442 2073 1720 2143 quoniam
1766 2088 1872 2127 nec

249 2164 621 2221 Tertullianus
670 2162 1159 2219 consultationem
1213 2178 1520 2232 magorum
1572 2160 1743 2233 plane
1784 2177 1871 2216 re-

250 2257 340 2309 fert
365 2256 416 2309 in
449 2255 655 2310 eadem
686 2252 789 2307 illa
821 2258 1105 2324 tempora,
1161 2252 1218 2305 in
1261 2268 1391 2322 quae
1420 2250 1696 2322 reliquias
1727 2250 1873 2305 ami-

247 2361 420 2401 corum
452 2344 617 2416 Nigri
650 2340 1025 2413 perquisitas,
1060 2358 1165 2397 nec
1197 2341 1567 2412 Spartianus,
1595 2340 1692 2395 ubi
1726 2346 1873 2396 tem-

248 2451 340 2504 pus
368 2434 584 2489 diserte
618 2447 732 2487 non
784 2430 1010 2497 deﬁnit,
1072 2430 1337 2485 ordinem
1377 2446 1572 2485 rerum
1632 2446 1871 2485 accura-

246 2522 445 2579 tissime
475 2520 790 2592 sequitur;
826 2521 910 2590 ﬁt,
944 2524 1009 2574 ut
1057 2536 1213 2575 nunc
1262 2520 1568 2575 mittamus
1613 2536 1700 2586 ea,
1743 2536 1873 2590 quas

247 2614 305 2666 de
357 2611 642 2667 consultis
703 2610 895 2682 magis
970 2610 1121 2681 apud
1198 2612 1517 2680 utrumque
1574 2609 1869 2680 leguntur.

242 2704 306 2756 At
350 2701 595 2755 alterum
656 2714 981 2769 sequamur
1042 2697 1335 2769 judicium
1396 2700 1696 2771 temporis,
1758 2715 1872 2770 quo

244 2790 474 2861 scriptus
549 2788 957 2860 Apologeticus,
1035 2786 1306 2842 videlicet
1378 2788 1535 2843 istud
1608 2786 1869 2842 studium

247 2878 526 2944 Plautiani,
621 2875 1002 2947 protrahendi
1079 2892 1287 2931 omnes
1360 2893 1479 2945 eos,
1558 2892 1707 2947 quos
1776 2894 1872 2931 su-

242 2974 444 3038 spectos
477 2967 717 3021 dicebat
765 2981 976 3019 aversas
1010 2981 1043 3019 a
1084 2969 1291 3019 Severo
1340 2964 1677 3020 voluntatis.
1738 2967 1871 3033 Hos,

243 3056 573 3127 Spartianus
606 3055 706 3122 ait,
766 3057 1139 3125 persecutum
1189 3070 1318 3109 esse
1371 3053 1740 3109 Plautianum
1784 3054 1872 3108 in-

240 3150 398 3212 terea,
470 3161 614 3199 cum
688 3148 933 3197 Severus
1010 3142 1250 3197 Parthos
1327 3143 1571 3198 adortus
1643 3144 1871 3211 fuisset,

1976 553 2233 605 nationes
2262 551 2563 621 probabile
2618 551 2958 606 admodum.
3008 556 3207 623 Neque
3264 571 3419 611 nunc
3458 559 3627 612 credo

1978 640 2098 694 fore
2129 640 2226 710 qui
2279 645 2488 710 putent
2535 639 2966 695 Tertullianum
3021 646 3147 696 tum
3209 643 3627 701 Montanistam

1978 730 2180 793 fuisse,
2214 747 2347 784 cum
2380 732 2781 801 Apologeticum
2825 737 3217 801 componeret.
3253 735 3478 790 Etenim
3514 736 3633 792 nisi

1979 819 2254 873 mavelint
2288 821 2505 891 ﬁngere
2535 836 2667 873 cum
2703 825 3077 891 Havercampo
3112 821 3169 875 V.
3197 822 3254 876 C.
3286 823 3368 893 (in
3401 826 3626 895 praefat.

1979 910 2049 963 ad
2093 908 2403 964 editionem
2442 910 2715 980 Apotoget.
2746 909 3013 981 Tertull.)
3054 910 3487 968 Tertullianum
3532 916 3624 972 bis

1977 998 2129 1053 hanc
2182 1000 2498 1069 Apologiam
2568 997 2873 1070 paululum
2935 1000 3298 1058 immutatam
3352 1002 3628 1071 edidisse,

1980 1089 2345 1159 argumentis
2377 1089 2596 1144 nostris
2618 1090 2827 1144 cedant
2848 1106 3086 1147 necesse
3112 1096 3220 1159 est,
3246 1093 3463 1163 quibus
3496 1111 3623 1150 eam

1979 1178 2341 1249 superiorem
2373 1194 2501 1233 esse
2548 1178 2739 1233 Severi
2784 1179 2971 1235 edicto
3012 1181 3408 1251 probavimus.
3444 1185 3629 1253 Atque

1978 1282 2081 1337 ego
2114 1266 2449 1336 opinionem
2481 1268 2861 1339 Havercampi
2885 1284 2999 1322 non
3032 1270 3233 1339 probo,
3259 1286 3393 1326 cum
3425 1270 3628 1327 lectio-

1979 1372 2081 1410 nes
2112 1356 2378 1426 quzedam
2412 1360 2604 1411 textus
2635 1356 2814 1426 hujus
2843 1357 2977 1411 libri
3008 1358 3406 1429 discrepantes
3447 1361 3621 1416 istam

1980 1462 2101 1500 rem
2134 1444 2443 1499 conﬁciant
2469 1445 2613 1501 satis
2643 1463 2656 1512 ;
2691 1446 2955 1517 mihique
3002 1463 3070 1500 ex
3108 1447 3355 1503 Eusebio
3383 1448 3620 1520 quidem

1979 1536 2041 1588 11.
2074 1536 2133 1587 E.
2171 1551 2231 1600 u,
2266 1551 2391 1605 cap.
2424 1536 2478 1603 2,
2543 1540 2788 1603 constet,
2839 1535 2990 1605 quod
3023 1535 3370 1592 Tertulliani
3425 1540 3626 1610 Apolo-

1977 1623 2070 1692 gia
2102 1622 2304 1677 Latine
2334 1622 2551 1693 scripta
2582 1622 2678 1693 sit,
2722 1634 2921 1693 postea
2951 1625 3142 1677 Greece
3191 1640 3490 1691 conversa,
3525 1627 3626 1682 sed

1980 1713 2133 1785 quod
2166 1713 2256 1768 bis
2287 1712 2443 1768 edita
2471 1711 2569 1783 sit,
2603 1716 2659 1767 et
2690 1712 3004 1768 immutata
3033 1713 3291 1784 quidem,
3318 1715 3477 1770 nullo
3503 1732 3628 1772 mo-

1979 1803 2069 1858 do.
2109 1803 2272 1869 Quod
2304 1802 2352 1857 si
2380 1802 2561 1874 igitur
2604 1803 2945 1871 concedant,
2996 1803 3405 1873 Apologeticum
3435 1806 3626 1861 Severi

1982 1891 2170 1948 edicto
2228 1908 2356 1946 esse
2425 1892 2852 1963 antiquiorem:
2927 1908 3026 1947 eos
3085 1892 3343 1964 profecto
3399 1898 3630 1965 oportet

1982 1986 2184 2037 contra
2215 1997 2343 2046 nos,
2376 1980 2423 2035 si
2458 1980 2707 2051 possint,
2742 1980 3092 2036 certioribus
3124 1983 3487 2053 argumentis
3520 2000 3629 2054 pu-

1982 2086 2181 2142 gnare,
2212 2086 2383 2140 quam
2417 2069 2510 2139 iis,
2562 2069 2774 2141 quibus
2835 2071 3185 2126 sententiam
3219 2088 3253 2126 a
3306 2071 3631 2128 Moshemio

1982 2161 2443 2215 demonstratam
2478 2158 2863 2215 Hoﬁ‘mannus
2904 2160 3290 2231 impugnavit,
3325 2178 3453 2231 quas
3486 2161 3632 2217 nihil

1983 2249 2277 2304 ﬁrmitatis
2296 2249 2511 2304 habere
2528 2248 2757 2320 egregie
2772 2250 3257 2303 commonstravit
3272 2250 3632 2307 Moshemius

1982 2338 2041 2393 in
2069 2338 2370 2393 Addendis
2414 2339 2484 2392 ad
2526 2337 2636 2392 vol.
2690 2342 2713 2390 Ι
2764 2337 2907 2392 diss.
2958 2353 3196 2392 suarum
3230 2340 3365 2393 Hist.
3425 2341 3627 2396 Eccles.

1984 2444 2039 2498 p.
2071 2429 2297 2482 711-48.
2332 2428 2516 2499 Atque
2548 2444 2653 2483 nos
2703 2427 2814 2498 ipsi
2865 2426 3031 2481 alteri
3092 2426 3419 2482 Hoﬂ‘manni
3451 2446 3627 2502 argu-

1982 2521 2177 2571 mento
2209 2534 2315 2571 suo
2346 2516 2471 2571 loco
2498 2516 3005 2587 respondebimus,
3041 2515 3289 2571 alterum
3338 2533 3469 2573 vere
3500 2535 3626 2572 mo-

1982 2622 2192 2661 nemus
2224 2623 2358 2661 cum
2390 2605 2519 2677 ipsa
2548 2605 2881 2660 Hoﬁ‘manni
2905 2606 3197 2660 sententia
3220 2622 3479 2678 pugnare
3521 2606 3631 2678 (lu-

1983 2698 2078 2752 bet
2107 2694 2263 2750 enim
2314 2694 2421 2749 hos
2473 2694 2886 2750 Moshemianaa
2934 2694 3303 2764 responsioni
3335 2696 3627 2768 adjicere).

1981 2791 2128 2841 Nam
2160 2786 2208 2840 si
2242 2802 2373 2840 vera
2418 2789 2557 2840 sunt
2607 2784 2784 2840 etiam
2835 2801 2964 2855 quae
3012 2786 3082 2839 de
3119 2785 3281 2840 cultu
3333 2787 3629 2858 Serapidis

1982 2880 2179 2931 Romae
2209 2891 2310 2946 per
2365 2878 2635 2929 Severum
2696 2874 2962 2929 restituto
3020 2874 3407 2930 Hoﬂ'mannus
3466 2876 3627 2943 dicit,

1984 2966 2135 3019 facta
2166 2980 2291 3019 esse
2321 2980 2387 3018 ea
2416 2967 2544 3018 tum
2576 2963 2834 3031 demum,
2860 2978 2991 3017 cum
3014 2967 3349 3033 AEgyptum,
3384 2964 3627 3018 devictis

1983 3054 2238 3120 Parthis,
2270 3056 2655 3124 peragrasset,
2702 3051 2810 3106 hoc
2849 3055 2937 3106 est
2985 3068 3136 3106 anno
3167 3052 3335 3119 CCII;
3371 3052 3627 3107 concidit

1984 3145 2064 3210 id,
2109 3142 2266 3214 quod
2324 3146 2496 3197 antea
2552 3141 2883 3196 decreverat
2945 3148 3075 3195 ante
3124 3140 3318 3196 Severi
3367 3142 3627 3196 edictum

241 3234 614 3304 rediissetque
662 3232 722 3286 in
753 3231 1003 3303 Syriam,
1047 3235 1112 3286 ut
1168 3247 1229 3286 se
1261 3236 1493 3304 pararet
1547 3233 1617 3287 ad
1652 3231 1871 3288 bellum
1904 3213 1945 3279 C
1985 3213 2269 3304 scriptum
2300 3231 2736 3304 Apologeticum
2778 3246 2944 3297 esse;
2994 3230 3272 3301 quoniam
3324 3235 3457 3287 ante
3488 3249 3627 3288 ann.

237 3321 445 3377 Parthis
504 3320 721 3390 majori
776 3336 908 3374 cum
970 3320 1023 3375 vi
1102 3319 1495 3376 inferendum.
1566 3321 1871 3377 Enimvero

241 3411 495 3465 credibile
554 3416 670 3477 est,
729 3414 1004 3464 Severum
1061 3410 1178 3465 fere
1232 3414 1365 3481 post
1421 3410 1680 3465 medium
1732 3428 1869 3465 ann.

239 3499 497 3568 CXCVIII,
534 3499 725 3555 fuisse
756 3499 1039 3555 adversus
1067 3499 1314 3554 Parthos
1362 3500 1688 3571 profectum
1721 3502 1869 3571 (ill):

242 3604 473 3657 quorum
503 3590 772 3659 impetus
803 3604 937 3643 cum
969 3587 1339 3659 aliquantum
1382 3590 1781 3660 repressisset,
1813 3591 1875 3645 in

242 3676 443 3749 Syriam
476 3676 659 3733 rediit
688 3677 855 3743 forte,
890 3681 955 3731 ut
982 3675 1061 3731 ibi
1094 3676 1345 3731 hiemem
1377 3679 1745 3749 transigeret.
1771 3679 1877 3733 Ubi

243 3781 359 3820 cum
392 3771 633 3838 pararet
687 3782 773 3837 ea,
828 3782 955 3836 qua:
1016 3766 1345 3821 necessaria
1401 3767 1752 3822 videbantur
1808 3769 1880 3823 ad

242 3855 472 3911 Parthos
522 3855 679 3910 bello
739 3854 1194 3925 persequendos,
1247 3854 1594 3912 Plautianus
1642 3856 1879 3912 investi-

242 3944 381 4013 gavit
408 3961 530 4012 eos,
567 3960 719 4013 quos
740 3943 1089 4014 superstites
1112 3948 1348 3997 noverat
1377 3959 1407 3998 e
1438 3944 1599 4015 Nigri
1631 3944 1838 3999 amicis
1863 3962 1877 4013 ;

242 4034 377 4102 quod
408 4034 597 4105 igitur
629 4033 746 4087 fere
790 4032 1007 4087 factum
1056 4036 1144 4087 est
1176 4032 1284 4086 sub
1332 4033 1471 4087 anni
1531 4033 1738 4089 CXCIX
1772 4035 1881 4088 ini-

237 4120 391 4177 tium.
442 4124 643 4187 Quare
703 4122 902 4177 nullus
959 4138 1064 4193 ego
1121 4122 1348 4185 dubito,
1409 4122 1550 4192 quin
1592 4125 1883 4179 sententia

239 4209 552 4279 Moshemii,
589 4228 707 4283 qua
738 4229 875 4267 ann.
923 4211 1185 4267 CXCVIII
1234 4211 1423 4266 medio
1473 4211 1629 4267 hunc
1662 4214 1881 4270 librum

235 4306 526 4356 exaratum
560 4317 693 4356 esse
751 4301 1073 4367 existimat,
1125 4300 1512 4372 relinquenda
1570 4302 1646 4357 sit
1677 4304 1790 4359 ista
1820 4305 1879 4360 in

238 4403 307 4458 re,
341 4395 653 4461 propterea
684 4391 839 4462 quod
898 4395 1024 4445 tum
1078 4391 1252 4444 modo
1304 4391 1585 4446 adversus
1636 4394 1880 4450 Parthos

237 4480 521 4547 profectus
552 4483 647 4534 est
686 4479 955 4546 Severus,
986 4483 1161 4550 atque
1209 4478 1613 4534 Teatullianus
1644 4498 1759 4536 non
1809 4483 1880 4536 de

1988 3324 2123 3379 CCII
2156 3323 2402 3377 Romam
2437 3322 2683 3376 Severus
2736 3337 2851 3375 non
2897 3319 3087 3389 rediit,
3148 3324 3206 3375 et
3261 3325 3460 3376 tamen
3492 3338 3632 3377 ann.

1990 3412 2126 3468 CCII
2156 3412 2409 3466 edictum
2458 3411 2738 3465 adversus
2782 3408 3148 3464 Christianos
3193 3410 3633 3481 promulgatum

1992 3502 2192 3566 fuisse,
2222 3516 2392 3555 nemo
2438 3516 2592 3555 unus
2638 3514 2846 3554 vocare
2904 3499 2964 3552 in
3021 3500 3477 3554 controversiam
3532 3516 3635 3570 po-

1992 3596 2125 3648 test.

1990 3756 2017 3822 §
2086 3754 2170 3807 17.
2240 3782 2307 3792 —
2374 3751 2532 3806 Libri
2591 3749 2697 3804 duo
2751 3749 2827 3805 ad
2895 3751 3159 3806 Nationes
3224 3766 3369 3805 anno
3451 3749 3641 3805 CXCIX

2710 3824 2921 3891 scripti.

2063 3952 2271 4004 Narrat
2300 3949 2359 4003 in
2391 3946 2764 4020 Apologetico
2797 3964 2902 4001 suo
2932 3946 3331 4001 Tertullianus
3361 3947 3512 4019 (cap.
3546 3947 3643 4018 46)

1986 4041 2243 4109 proxime
2274 4037 2453 4092 fuisse
2484 4037 2821 4107 quemdam,
2856 4035 2955 4106 qui
3006 4035 3320 4105 imaginem
3355 4040 3637 4107 togatam,

1993 4127 2233 4183 auribus
2254 4127 2599 4181 instructam
2624 4124 3084 4193 asininis,altero
3104 4125 3249 4195 pede
3271 4124 3637 4195 ungulatam,

1993 4216 2194 4273 addita
2237 4214 2635 4285 inscriptione,
2682 4216 2824 4269 Deus
2877 4215 3322 4269 Christianorum
3380 4214 3640 4269 onochoe-

1993 4310 2085 4377 tes,
2119 4304 2504 4377 proposuerit.
2537 4303 2695 4358 Idem
2728 4319 2907 4370 nuper
2957 4304 3175 4357 factum
3216 4318 3344 4357 esse
3378 4302 3551 4357 refert
3581 4302 3641 4356 in

1992 4396 2182 4468 priore
2212 4395 2282 4450 ad
2319 4395 2579 4449 Nationes
2625 4392 2772 4446 libro
2805 4408 2855 4446 c.
2909 4393 3035 4459 14.;
3088 4393 3242 4463 quod
3294 4396 3642 4463 argumento

1990 4501 2117 4541 esse
2148 4488 2357 4555 potest,
2390 4484 2592 4538 eodem
2627 4483 2743 4538 fere
2772 4486 3035 4553 tempore
3084 4498 3217 4536 cum
3267 4481 3641 4552 Apologetico

237 4569 529 4623 exstinctis
561 4567 781 4633 Albini,
832 4568 932 4622 sed
982 4568 1145 4639 Nigri
1205 4567 1409 4622 amicis
1468 4568 1748 4641 loquitur,
1781 4572 1879 4642 qui
1914 4589 1956 4652 D
1991 4579 2307 4644 utrumque
2338 4575 2422 4629 ad
2454 4573 2707 4628 Nationes
2734 4572 2951 4627 librum
2985 4571 3205 4626 editum
3237 4570 3438 4635 fuisse,
3471 4575 3644 4639 atque

235 4662 385 4711 erant
416 4657 618 4711 adhuc
649 4661 784 4728 post
817 4656 1159 4711 Albinianos
1182 4657 1658 4727 superstites,sed
1690 4677 1880 4731 neque

238 4748 481 4816 tempore
516 4747 652 4814 isto,
692 4747 847 4817 quod
881 4747 1161 4812 diximus,
1214 4746 1520 4817 posteriori
1573 4748 1722 4803 facta
1752 4766 1880 4806 esse

235 4834 448 4892 videtur
480 4837 608 4891 haec
637 4838 1018 4893 inimicorum
1052 4837 1244 4891 Severi
1295 4837 1739 4907 pervestigatio;
1771 4840 1880 4896 hoc

235 4925 373 4979 enim
406 4930 709 4998 pugnaret
739 4943 873 4982 cum
907 4943 992 4994 eo,
1030 4926 1186 4998 quod
1212 4926 1338 4996 jam
1370 4942 1506 4980 ann.
1541 4927 1625 4982 CC
1652 4928 1878 4983 Tertul-

232 5010 409 5069 lianus
445 5015 948 5071 Montanistarum
1000 5015 1269 5087 partibus
1300 5014 1564 5084 accessit,
1618 5017 1880 5089 scripsit-

234 5116 334 5171 que
365 5108 501 5159 ante
535 5104 688 5160 hanc
720 5106 934 5161 factam
964 5105 1034 5161 ab
1066 5103 1325 5160 Ecclesia
1361 5104 1785 5162 seccessionem
1818 5106 1882 5162 li-

234 5188 360 5246 bros
392 5193 470 5249 ad
501 5196 768 5250 Nationes
797 5199 855 5249 et
884 5194 948 5249 de
979 5195 1299 5251 Testimonio
1329 5195 1557 5257 animae,
1590 5196 1750 5251 I20
1780 5197 1883 5267 qui

233 5296 298 5334 ne
314 5283 621 5339 minimam
649 5285 889 5356 quidem
909 5286 1043 5341 dant
1066 5283 1354 5340 Montanis
1366 5284 1440 5338 mi
1460 5283 1880 5357 suspicionem,

232 5373 281 5422 et
304 5375 443 5424 sunt
474 5372 818 5444 Apologetico
848 5374 1178 5446 superiores
1207 5391 1219 5441 ;
1253 5373 1406 5444 quod
1441 5373 1512 5428 de
1543 5373 1884 5449 librosuper

294 5531 405 5607 (Ivi)
438 5533 713 5607 Profectio
757 5535 989 5605 Augusti
1033 5535 1412 5607 conjungitur
1461 5536 1613 5607 apud
1666 5538 1882 5594 Medio-

231 5599 475 5680 harbum
511 5599 583 5680 ad
616 5624 666 5661 a.
703 5624 751 5662 c.
790 5599 909 5678 199,
961 5625 1018 5680 p.
1052 5599 1178 5670 472,
1210 5599 1286 5663 ef
1312 5606 1466 5678 apud
1500 5599 1883 5668 Vaillantium

232 5676 286 5727 in
314 5676 497 5732 Num.
535 5677 742 5751 impp.,
773 5676 1048 5753 vol.’I,_p.
1085 5680 1210 5749 113,
1234 5676 1365 5735 cum
1398 5680 1495 5734 Tr.
1528 5684 1590 5735 P.
1626 5682 1713 5737 VI.
1741 5700 1878 5742 ann.

1990 4667 2090 4733 ita,
2145 4666 2202 4718 ni
2264 4664 2452 4729 fallor,
2515 4668 2579 4717 ut
2638 4667 2768 4734 post
2814 4680 2947 4718 eum
3004 4662 3062 4717 hi
3122 4662 3314 4717 lucem
3371 4661 3643 4717 viderint.

1990 4754 2339 4824 Utrumque,
2390 4753 2674 4821 inquam,
2724 4753 2900 4806 verba
2946 4752 3125 4815 enim,
3159 4752 3377 4823 quibus
3428 4750 3643 4804 librum

1991 4844 2371 4915 posteriorem
2405 4841 2654 4907 orditur,
2690 4841 2888 4895 statim
2923 4858 3057 4895 eum
3100 4840 3275 4912 priori
3310 4840 3644 4909 subjectum

1994 4934 2314 4989 ostendunt
2346 4934 2477 5002 post
2506 4928 2977 5000 Apologeticum:
3014 4935 3139 4985 tum
3172 4930 3449 5001 quoniam
3498 4928 3644 4983 illud

1988 5026 2241 5097 proxime
2268 5020 2504 5075 videtur
2562 5018 2793 5072 brevius
2841 5020 3122 5091 temporis
3176 5020 3431 5091 spatium
3484 5017 3645 5072 desi-

1992 5128 2192 5186 gnare,
2227 5127 2405 5183 quam
2436 5124 2615 5180 nuper
2642 5129 2659 5174 ;
2692 5110 3125 5180 tum,quoniam
3157 5106 3533 5163 verisimilius
3555 5110 3647 5162 est

1993 5204 2040 5259 si
2075 5202 2207 5273 quis
2242 5200 2397 5255 dicat
2427 5196 2852 5253 Tertullianum
2884 5198 3133 5269 primum
3176 5194 3452 5269 praesides
3486 5211 3646 5250 com-

1992 5291 2262 5365 pellasse,
2299 5305 2550 5362 quorum
2584 5288 2902 5343 auctoritas
2951 5289 3142 5359 major
3193 5289 3350 5342 esset
3380 5284 3645 5341 animus-

1993 5400 2107 5455 que
2138 5378 2501 5436 tractabilior
2531 5394 2707 5450 quam
2764 5376 2986 5450 populi.
3035 5382 3223 5450 Atque
3274 5380 3413 5433 sunt
3444 5380 3647 5447 praeter

1995 5540 2198 5599 CXCIX
2232 5538 2443 5595 medio.
2478 5538 2589 5593 Sed
2623 5539 2775 5611 apud
2825 5538 2993 5595 illum
3026 5557 3080 5611 p.
3111 5541 3240 5605 2'73,
3291 5537 3439 5611 alius
3471 5550 3643 5611 num-

1997 5632 2130 5669 mus
2161 5613 2337 5669 habet
2366 5611 2556 5666 Severi
2587 5607 2683 5685 Tr'.
2717 5612 2925 5685 P.‘VI,
2948 5607 3081 5685 cum
3132 5609 3478 5685 cognomine
3514 5607 3638 5661 Par.

1998 5689 2089 5744 Ar.
2126 5687 2230 5742 Ad.
2264 5684 2569 5757 signisque
2598 5682 2853 5740 victoriae
2882 5684 3033 5741 aliis.
