4148 6188
449 326 567 387 163

1532 312 2049 378 DISSERTATIO
2089 310 2196 372 DE
2240 308 2451 371 VERA
2492 308 2781 374 El‘ATE

3744 310 3858 371 164

450 461 573 516 haec
605 474 721 514 non
750 474 959 527 pauca,
982 456 1198 526 quibus
1226 468 1426 511 eorum
1451 454 1589 507 aetas
1621 448 1803 505 multo
1834 445 2103 519 superior
2128 450 2183 516 Α
2216 443 2599 513 sectionibus,
2634 441 2778 497 nihil
2811 440 3090 514 reperies,
3122 442 3278 514 quod
3309 440 3386 498 sit
3416 441 3475 498 in
3521 442 3859 515 Apologetico

448 549 635 604 edicto
668 547 861 603 Severi
896 545 1144 616 intelligi
1179 544 1399 616 possit;
1432 559 1465 597 a
1496 540 1710 613 quibus
1739 552 2098 595 enumeran-

449 638 540 692 dis
572 653 663 692 me
695 653 852 691 nunc
880 634 1119 707 quidem
1152 633 1446 699 contineo,
1490 631 1590 686 sed
1622 633 1755 683 utor
1796 631 1990 682 tamen
2026 625 2098 681 ad

448 726 598 781 hanc
632 741 751 780 rem
786 725 1017 780 duobus
1050 722 1434 795 argumentis.
1456 720 1647 775 Unum
1678 722 1787 785 est,
1819 715 1971 786 quod
1998 714 2097 770 isti

448 815 582 869 libri
634 816 753 870 sint
810 814 1026 886 populo
1076 813 1135 867 in
1186 811 1393 884 primis
1452 807 1771 874 destinati;
1826 805 2095 871 alterum,

447 915 597 982 quod
633 913 935 969 victoriam
969 930 998 967 a
1031 912 1206 984 Nigro
1234 916 1408 982 atque
1434 908 1636 963 Albino
1670 912 1951 977 tanquam
1982 919 2097 958 non

444 1005 525 1057 ita
556 1003 739 1058 multo
772 1004 919 1059 121
958 1005 1090 1057 ante
1145 1003 1497 1072 reportatam
1548 996 1898 1068 signiﬁcent.
1946 992 2097 1049 Nus-

449 1092 605 1162 piam
642 1091 917 1163 przesides
967 1089 1303 1160 alloquitur,
1348 1094 1410 1141 ut
1458 1087 1592 1142 fecit
1621 1087 1681 1140 in
1741 1084 2093 1156 Apologetico,

449 1182 547 1234 sed
583 1180 753 1235 unice
784 1179 1089 1251 populum,
1119 1196 1151 1233 a
1203 1195 1317 1249 quo
1376 1176 1616 1231 memini
1672 1173 2094 1229 Tertullianum

448 1269 661 1324 alicubi
696 1270 871 1323 etiam
906 1272 979 1337 (ν.
1006 1285 1051 1322 c.
1091 1267 1105 1320 l
1149 1284 1238 1323 Ic.
1271 1266 1325 1338 3)
1359 1266 1573 1320 diserte
1594 1264 1868 1335 praesides
1891 1262 2095 1317 distin-

442 1360 616 1413 xisse.
656 1357 941 1428 Deinceps
972 1358 1100 1427 hos,
1160 1357 1241 1410 ait
1299 1356 1514 1427 quibus
1572 1352 1783 1407 dicavit
1834 1352 1980 1407 istos
2024 1351 2091 1404 li-

440 1448 600 1513 bros,
635 1463 942 1502 accusasse
973 1447 1333 1501 Christianos
1381 1446 1440 1515 (1.
1475 1462 1489 1499 ι
1526 1461 1575 1499 c.
1608 1444 1699 1512 20)
1728 1462 1740 1509 ;
1774 1443 1926 1513 quod
1962 1443 2091 1512 qui-

442 1539 569 1592 dem
622 1536 929 1591 convenire
986 1536 1151 1590 video
1210 1535 1269 1589 in
1304 1534 1603 1606 praesides,
1665 1539 1858 1587 tamen
1909 1531 2092 1586 multo

444 1626 633 1697 magis
666 1626 915 1681 refertur
945 1626 1013 1680 ad
1051 1624 1296 1696 plebem.
1343 1625 1603 1695 Denique
1650 1622 1847 1693 ipsum
1878 1636 2089 1692 cogno-

442 1730 575 1769 men
610 1715 1106 1785 Nationum,quod
1136 1718 1225 1768 est
1274 1713 1330 1767 in
1381 1713 1589 1767 horum
1641 1710 1922 1765 librorum
1969 1709 2092 1780 epi-

2211 536 2529 589 tractatum
2542 574 2554 587 .

2246 702 2390 772 §l8.
2423 732 2492 744 --
2548 701 2712 758 Liber
2767 701 2832 757 de
2887 703 3194 828 testimpnio
3251 704 3454 760 animae
3509 702 3687 759 eidem
3714 720 3858 761 anno

2886 790 3061 828 asserz
3090 791 3176 828 ur.

2886 790 3176 829 asserztur.

2277 927 2403 982 Stat
2432 926 2577 982 mihi
2609 928 2813 983 eadem
2846 928 3140 983 sententia
3196 929 3267 984 de
3304 944 3371 984 eo
3422 928 3643 996 libello,
3679 945 3853 1001 quem

2206 1016 2602 1072 Tertullianus
2624 1018 2696 1072 de
2724 1018 3041 1073 Testimonio
3064 1020 3263 1072 animm
3292 1017 3664 1090 conscripsit.
3695 1020 3856 1073 Hunc

2206 1106 2479 1177 equidem
2512 1123 2625 1161 non
2653 1123 2797 1178 nego
2820 1107 3101 1177 aequalem
3126 1124 3254 1162 esse
3279 1107 3446 1162 libris
3469 1109 3553 1163 ad
3573 1109 3853 1164 Nationes.

2206 1196 2359 1251 122
2386 1195 2493 1250 Sed
2552 1195 2755 1250 dubito
2813 1212 2886 1250 an
2947 1200 3100 1250 recte
3159 1197 3231 1250 ab
3289 1195 3660 1264 Hoﬁ'manno,
3703 1195 3742 1251 l.
3778 1213 3852 1268 c.,

2205 1301 2262 1355 p.
2295 1285 2385 1353 34,
2420 1283 2648 1339 dicatur
2680 1283 2862 1340 altera
2890 1284 3059 1355 quasi
3092 1302 3225 1356 pars
3264 1301 3393 1340 esse
3424 1287 3854 1351 commentarii,

2204 1389 2378 1443 quem
2414 1374 2469 1426 in
2504 1371 2918 1443 Apologeticum
2964 1373 3366 1429 Tertullianus
3415 1375 3688 1442 ediderit,
3721 1392 3853 1430 cum

2202 1460 2335 1516 libri
2367 1462 2435 1516 ad
2463 1463 2732 1517 Nationes
2774 1463 3024 1533 priorem
3077 1462 3395 1518 tﬂ'ecerint.
3446 1463 3710 1535 Namque
3742 1464 3855 1519 ista

2203 1550 2374 1605 verba
2404 1551 2747 1621 Apologetici
2777 1567 2824 1605 c.
2858 1552 2943 1616 17,
2976 1551 3143 1605 vultis
3171 1553 3452 1607 exanimae
3481 1554 3657 1623 ipsius
3701 1555 3853 1608 testi-

2201 1640 2384 1694 monio
2423 1639 2880 1711 comprobemus?
2914 1656 3040 1710 quae
3100 1657 3304 1695 ansam
3368 1641 3710 1696 Hoﬁ'manno
3768 1643 3850 1697 ita

2202 1728 2489 1783 sentiendi
2524 1728 2877 1794 dedere,non
2911 1728 2991 1782 ita
3015 1734 3349 1798 comparata
3381 1729 3652 1783 videntur
3683 1730 3850 1797 mihi,

438 1804 683 1875 graphe,
718 1803 1096 1858 manifestum
1119 1808 1208 1856 est
1229 1820 1262 1857 a
1292 1800 1654 1857 Tertulliano
1686 1800 1939 1853 inditum
1962 1815 2080 1853 esse

2202 1822 2263 1871 ut
2296 1817 2525 1887 possint
2555 1817 2798 1871 lectores
2829 1834 3033 1872 omnes
3065 1818 3134 1872 ad
3167 1818 3346 1888 hujus
3377 1817 3671 1888 opinionis
3706 1820 3850 1873 veri-

434 1893 531 1961 iis,
567 1892 664 1964 qui
700 1892 880 1946 dediti
913 1896 1078 1946 erant
1110 1890 1293 1946 cultui
1344 1891 1582 1945 deorum
1613 1908 1626 1957 ;
1662 1890 1756 1943 hic
1791 1905 1921 1945 vero
1956 1905 2086 1959 pro-

438 1981 558 2052 prie
590 1980 816 2052 plebem
869 1979 1337 2051 superstitiosam
1392 1978 1660 2049 designat
1702 1978 1857 2033 haud
1892 1977 2088 2043 dubie,

437 2074 742 2142 propterea
772 2070 926 2141 quod
977 2085 1124 2141 pene
1167 2069 1393 2133 eadem,
1445 2085 1573 2139 quae
1623 2067 1921 2138 disputata
1950 2071 2089 2121 sunt

437 2158 497 2213 in
539 2164 789 2229 utroque
837 2156 1055 2223 libello,
1100 2159 1224 2227 jam
1276 2156 1614 2229 praesidibus
1669 2156 2090 2211 consideranda

437 2248 744 2319 proposuit
775 2246 833 2301 in
865 2246 1232 2316 Apologetico.
1264 2246 1374 2301 Sed
1407 2262 1638 2318 nuperis
1677 2244 1891 2314 stragis
1926 2244 2086 2315 Nigri

433 2335 751 2409 Albinique
783 2335 1136 2391 mentionem
1169 2334 1359 2405 injicit
1408 2334 1515 2389 hoc
1548 2334 1739 2398 modo,
1774 2338 1839 2388 ut
1868 2332 2089 2404 Syriam

435 2426 766 2481 cadaverum
796 2425 1051 2480 odoribus
1090 2425 1326 2494 spirare,
1366 2423 1688 2495 Galliasque
1714 2422 1898 2478 adhuc
1941 2422 2086 2477 Rho-

434 2515 581 2570 dano
612 2532 708 2571 suo
757 2531 867 2570 non
914 2515 1101 2569 lavare
1147 2514 1339 2580 dicat;
1401 2514 1554 2583 quod
1607 2511 1748 2583 quid
1808 2511 1919 2565 sibi
1964 2510 2088 2566 vult

430 2604 589 2659 aliud
624 2620 802 2675 quam
837 2604 968 2671 hoc,
1000 2603 1096 2657 vix
1132 2602 1304 2657 ﬁnem
1346 2602 1492 2657 bello
1519 2601 1709 2657 Severi
1742 2616 1874 2655 cum
1908 2600 2083 2672 Nigro

427 2697 602 2764 atque
635 2692 844 2747 Albino
876 2691 1058 2746 fuisse
1090 2690 1432 2762 impositum
1455 2690 1483 2745 ‘l
1515 2691 1649 2755 Quae
1682 2690 1917 2762 quidem
1952 2706 2082 2744 om-

436 2781 551 2849 nia,
588 2781 730 2836 istos
762 2781 831 2835 ad
882 2781 1142 2836 Nationes
1172 2779 1351 2836 libros
1396 2797 1511 2835 non
1536 2785 1667 2850 post
1696 2780 1951 2835 edictum
1984 2780 2082 2834 Se-

422 2870 540 2923 veri
574 2870 762 2924 aditos
792 2869 995 2938 fuisse,
1033 2869 1133 2923 sed
1181 2873 1334 2933 ante,
1368 2868 1697 2924 luculenter
1740 2868 2078 2935 ostendunt,

430 2971 789 3039 possuntque
834 2968 1076 3022 edocere
1131 2983 1356 3033 omnes,
1396 2983 1509 3021 non
1563 2971 1768 3037 praeter
1820 2982 1941 3021 rem
1974 2965 2081 3021 hos

426 3054 607 3112 libros
664 3055 905 3110 comites
962 3056 1129 3111 datos
1186 3042 1219 3110 ὁ.
1276 3056 1445 3110 nobis
1501 3056 1684 3110 fuisse
1740 3056 2079 3127 Apologetico

426 3145 793 3211 Tertulliani,
827 3145 1045 3217 quippe
1075 3161 1222 3215 quos
1256 3161 1322 3198 ea
1353 3145 1422 3199 de
1466 3161 1645 3199 causa
1675 3148 1903 3214 oportet
1934 3143 2073 3198 scri-

427 3239 558 3305 ptos
590 3251 738 3300 esse,
771 3251 902 3288 cum
930 3236 1053 3304 jam
1088 3234 1332 3289 dimidia
1365 3251 1467 3305 par
1514 3251 1653 3288 ann.
1687 3234 1893 3288 CXCIX
1927 3233 2067 3287 fuis-

427 3328 516 3379 set
564 3339 863 3378 convcrsa.
922 3324 999 3377 Ex
1061 3340 1175 3394 quo
1235 3326 1496 3393 apparet,
1559 3321 1757 3388 simul,
1806 3322 2069 3392 ipsorum

425 3415 718 3467 auctorem
778 3416 905 3465 tum
964 3413 1226 3467 nondum
1300 3412 1516 3466 abiisse
1573 3412 1631 3465 in
1689 3410 2071 3465 Montanista-

425 3518 557 3556 rum
591 3500 964 3566 sententiam,
990 3500 1284 3572 siquidem
1328 3499 1385 3553 id
1415 3501 1652 3554 demum
1679 3515 1813 3553 ann.
1841 3501 1919 3552 CC
1942 3514 2074 3554 con-

422 3590 576 3661 tigit,
609 3606 798 3661 neque
828 3589 1208 3645 inveniuntur
1237 3588 1296 3641 in
1328 3587 1494 3642 libris
1523 3587 1673 3651 istis,
1723 3604 1849 3658 quae
1880 3587 2071 3659 suspi-

422 3680 647 3734 cionem
679 3678 1055 3733 Montanismi
1115 3693 1344 3732 movere
1400 3675 1769 3747 aliquantum
1822 3676 2067 3747 possint.

418 3778 493 3831 At
524 3793 706 3832 unum
738 3776 846 3831 hoc
868 3775 1013 3831 mihi
1038 3773 1541 3829 animadversione
1568 3772 1812 3844 dignum
1845 3773 2075 3828 videtur

423 3866 479 3920 in
513 3865 847 3920 Hoﬁ‘manni
888 3863 1270 3933 argumentis,
1304 3863 1405 3934 qui
1455 3863 1644 3917 eidem
1695 3862 2073 3918 similitudini

420 3954 724 4024 insistens,
756 3970 880 4025 qua
912 3956 1324 4024 argumentum
1377 3950 1720 4022 Apologctici
1748 3951 2073 4021 horumque

418 4042 703 4099 librorum
734 4042 1062 4109 intercedit,
1091 4041 1430 4112 pronuntiat
1461 4040 1518 4094 in
1551 4039 1904 4095 contrariam
1939 4056 2071 4110 par-

420 4138 539 4189 tem
574 4150 688 4187 non
724 4132 885 4186 bene.
928 4130 1192 4201 Namque
1222 4144 1289 4183 ea
1319 4130 1446 4199 ejus
1479 4129 1676 4199 opinio
1716 4146 1840 4200 qua:
1873 4130 1931 4182 in
1964 4128 2073 4183 hoc

415 4226 706 4289 versatur,
749 4220 889 4294 quod
933 4220 1065 4274 libri
1094 4217 1164 4273 ad
1222 4219 1471 4273 nationes
1500 4234 1624 4272 cum
1682 4218 1872 4273 libello
1902 4216 1966 4271 de
1995 4220 2071 4270 te-

415 4312 674 4367 stimonio
731 4312 939 4365 animae
968 4324 1079 4362 non
1137 4308 1400 4378 diﬂerant
1429 4307 1495 4361 ab
1554 4306 1914 4375 Apologetico,
1963 4307 2077 4358 nisi

413 4402 761 4473 prolixitate,
812 4397 1169 4467 eamdemque
1217 4396 1606 4467 defensionem,
1641 4411 1809 4466 quam
1867 4395 2073 4449 Tertul-

419 4491 606 4543 lianus
637 4489 697 4541 in
726 4488 1069 4557 Apologetico
1116 4486 1261 4539 velut
1310 4487 1369 4538 in
1397 4500 1643 4555 pugnum
1666 4491 2074 4554 compresserat,

2197 1909 2375 1960 tatem
2409 1906 2838 1976 agnoscendum
2869 1906 3174 1975 adducere,
3196 1922 3326 1961 cum
3361 1907 3563 1962 eodem
3595 1906 3694 1961 illo
3727 1907 3853 1962 loco

2199 1994 2598 2049 Tertullianus
2624 1999 2680 2048 et
2709 1995 3111 2049 demonstrare
3144 2010 3205 2050 se
3250 2010 3421 2066 posse
3452 2012 3635 2050 unum
3673 1998 3850 2051 Deum

2197 2099 2265 2139 ex
2292 2084 2422 2154 ejus
2452 2083 2727 2154 operibus
2758 2084 2912 2137 dicat
2941 2100 2953 2150 ;
2999 2084 3068 2137 de
3102 2100 3213 2154 qua
3240 2100 3299 2137 re
3330 2088 3525 2138 tamen
3562 2100 3850 2155 nusquam

2196 2188 2331 2227 eum
2365 2172 2603 2228 memini
2634 2189 2701 2227 ex
2728 2172 3000 2227 instituto
3033 2172 3358 2243 disputare,
3382 2173 3589 2228 saltem
3613 2173 3669 2227 in
3703 2176 3853 2229 libro

2196 2261 2321 2327 tali,
2356 2261 2452 2331 qui
2486 2262 2563 2316 sit
2592 2262 2794 2316 eodem
2849 2265 3110 2329 tempore
3154 2278 3287 2316 cum
3337 2263 3675 2331 Apologetico
3706 2262 3853 2316 scri-

2196 2356 2352 2421 ptus.
2404 2349 2630 2404 Certius
2684 2350 2840 2404 hunc
2903 2347 3120 2404 librum
3179 2348 3526 2421 Apologetico
3567 2350 3849 2422 aqualem

2197 2455 2327 2494 esse
2357 2439 2530 2493 verba
2578 2439 2783 2493 decent
2830 2455 2917 2507 ea,
2978 2438 3195 2508 quibus
3228 2439 3285 2492 in
3337 2439 3593 2494 sectione
3623 2440 3857 2510 quinta,

2196 2544 2253 2599 p.
2285 2527 2376 2594 84,
2412 2528 2599 2582 utitur
2628 2526 3066 2582 Tertullianus:
3123 2528 3337 2582 Divina
3383 2529 3689 2599 Scriptura.”
3725 2544 3857 2598 quae

2191 2632 2358 2685 penes
2384 2631 2479 2672 nos
2507 2616 2591 2671 vel
2620 2616 2843 2671 Iudaeos
2867 2618 3016 2684 sunt,
3044 2615 3216 2669 multo
3258 2617 3619 2671 saecularibus
3649 2618 3854 2673 litteris

2194 2722 2305 2760 non
2337 2704 2548 2761 modica
2594 2708 2815 2759 tantum
2844 2708 3008 2759 aetate
3033 2705 3225 2774 aliqua
3271 2704 3614 2772 antecedunt,
3648 2709 3708 2759 ut
3734 2706 3853 2761 loco

2191 2810 2288 2849 suo
2335 2793 2669 2848 edocuimus.
2726 2792 2842 2847 Hoc
2890 2809 3023 2847 vero
3074 2793 3316 2847 ubinam
3366 2793 3581 2862 docuit,
3644 2792 3756 2848 nisi
3791 2793 3852 2847 in

2190 2884 2576 2954 Apologetico?
2606 2898 2733 2953 cap.
2769 2882 2833 2936 18
2880 2898 3042 2952 seqq.
3090 2884 3271 2947 Quem
3304 2898 3438 2936 cum
3488 2882 3600 2937 sub
3630 2882 3846 2937 initum
3900 2878 3911 2885 ’

2190 2988 2328 3027 ann.
2362 2970 2589 3036 CXCIX,
2620 2987 2720 3025 eos
2750 2987 2882 3026 vero
2914 2970 2985 3024 ad
3014 2970 3273 3026 Nationes
3320 2969 3493 3041 paulo
3525 2975 3655 3042 post
3686 2987 3847 3026 com-

2190 3062 2471 3133 posuerit,
2507 3077 2658 3114 anno
2691 3058 2804 3114 isto
2838 3075 2983 3130 pene
3014 3057 3240 3129 expleto
3278 3063 3545 3113 nostrum
3578 3058 3842 3115 libellum

2187 3149 2445 3206 edidisse
2478 3149 2807 3203 censendus
2855 3152 2962 3203 est.
2998 3148 3192 3217 Neque
3242 3147 3298 3201 id
3353 3147 3627 3203 abhorret
3674 3148 3747 3202 ab
3779 3164 3847 3203 eo

2184 3240 2335 3310 quod
2352 3238 2462 3293 sibi
2482 3238 2539 3290 in
2563 3236 3171 3291 libelloTertullianus
3184 3237 3623 3307 exsequendum
3643 3253 3851 3307 sump-

2183 3327 2280 3393 sit,
2304 3331 2365 3381 ut
2392 3326 2588 3382 aemuli
2606 3330 3087 3396 persecutoresque
3121 3324 3568 3380 Christianorum
3588 3329 3845 3381 veritatis

2182 3424 2233 3472 et
2259 3417 2466 3471 erroris
2508 3416 2567 3469 in
2618 3430 2676 3470 se
2722 3422 2773 3469 et
2815 3415 3137 3484 iniquitatis
3186 3415 3245 3469 in
3294 3429 3385 3468 eos
3428 3416 3847 3469 revincerentur

2181 3508 2252 3575 (ο.
2291 3506 2359 3573 1).
2393 3504 2504 3559 Sed
2536 3503 2594 3557 in
2628 3502 2836 3571 alium,
2860 3520 3117 3575 eumque
3150 3503 3531 3574 posteriorem
3566 3520 3841 3575 eo,quem

2183 3593 2458 3660 diximus,
2506 3608 2727 3647 annum
2778 3592 3213 3663 conjiciendum
3268 3592 3424 3647 hunc
3474 3592 3687 3647 librum
3721 3610 3839 3649 non

2183 3687 2346 3754 puto.
2380 3681 2602 3736 Etenim
2653 3687 2945 3753 praeterea,
3000 3682 3153 3752 quod
3216 3680 3377 3735 nulla
3427 3682 3484 3735 in
3544 3681 3657 3737 isto
3693 3680 3845 3737 libro

2191 3769 2541 3842 signiﬁcatio
2573 3768 2949 3825 Montanismi
2980 3775 3280 3841 appareat,
3304 3768 3457 3825 haud
3492 3770 3686 3841 inepte
3709 3770 3847 3841 quis

2183 3860 2413 3925 dixerit,
2452 3858 2609 3913 hunc
2639 3858 2818 3913 veluti
2876 3860 3261 3929 appendicem
3311 3875 3441 3914 esse
3497 3860 3844 3929 Apologetico

2182 3947 2469 4018 librisque
2519 3948 2587 4003 ad
2640 3946 2905 4002 nationes
2954 3948 3287 4018 adjectum;
3343 3947 3622 4018 quoniam
3683 3950 3741 4001 in
3772 3964 3842 4003 eo

2184 4036 2480 4108 disputata
2510 4040 2599 4091 est
2644 4035 2815 4107 paulo
2864 4035 3118 4106 amplius
3170 4036 3436 4091 doctrina
3483 4035 3837 4092 Christiana.

2182 4130 2381 4196 Neque
2428 4123 2583 4179 ullus
2612 4126 2740 4195 ejus
2773 4124 3004 4196 generis
3057 4124 3206 4179 liber
3253 4125 3534 4180 adversus
3566 4125 3836 4195 ineptum

2184 4215 2427 4269 deorum
2468 4213 2689 4268 cultum
2724 4219 2813 4267 est
2840 4231 2873 4268 a
2920 4212 3282 4268 Tertulliano
3314 4214 3700 4284 compositus,
3736 4213 3839 4283 qui

2186 4307 2383 4374 posset
2415 4302 2509 4356 alii
2544 4302 2792 4373 tempori
2826 4301 3128 4371 vindicari,
3159 4318 3336 4373 quam
3371 4301 3527 4363 huic,
3562 4319 3677 4372 quo
3709 4302 3845 4374 ipsa

2184 4391 2458 4446 violentia
2478 4391 2534 4445 in
2554 4390 2916 4446 Christianos
2931 4389 3837 4461 requirebatdemonstrationem

2186 4497 2435 4535 summis
2467 4479 2771 4548 injustitiaz
2803 4481 3135 4551 conspicuae
3157 4479 3214 4533 in
3248 4479 3662 4551 superstitione
3686 4479 3839 4534 ferro

416 4577 712 4649 aliquanto
772 4577 944 4630 latius
991 4574 1307 4643 explicent;
1365 4590 1431 4627 ea
1480 4589 1611 4627 vero
1666 4588 1770 4627 nec
1828 4578 1982 4627 recte
2015 4590 2076 4629 se
2107 4564 2152 4629 D
2186 4568 2559 4639 ﬂammisque
2591 4568 2987 4640 propaganda.

419 4666 595 4720 habet
623 4663 885 4728 omnino,
946 4678 1051 4716 nec
1084 4667 1172 4715 est
1219 4662 1291 4715 ad
1352 4677 1473 4715 rem
1505 4661 1872 4715 efﬁciendam
1929 4662 2072 4717 satis

416 4755 648 4809 idonea.
685 4759 761 4807 De
792 4752 981 4823 ipsius
1010 4749 1341 4822 argumenti
1390 4749 1761 4805 conclusione
1805 4750 1951 4804 nihil
1985 4754 2071 4804 at-

416 4844 567 4899 tinet
592 4843 784 4897 dicere
810 4858 822 4909 ;
849 4843 938 4895 est
958 4839 1113 4893 enim
1142 4839 1248 4893 hoc
1264 4839 1408 4893 satis
1431 4838 1797 4911 disputatum
1823 4856 1855 4894 a
1878 4838 2071 4906 nobis,

418 4946 476 4998 et
531 4941 723 4996 adhuc
776 4939 1134 5010 quibusdam
1211 4937 1270 4992 in
1326 4937 1473 4994 locis
1531 4938 1950 5009 disputabitur.
2010 4942 2074 4993 Et

419 5030 690 5103 quamvis
723 5029 782 5083 in
815 5026 1157 5100 Apologetico
1190 5026 1307 5082 fere
1338 5026 1556 5083 similia
1604 5028 1797 5082 tradat
1844 5026 2069 5082 Tertul-

418 5121 615 5176 lianus
645 5135 871 5184 eorum,
928 5135 1053 5189 qute
1104 5117 1340 5171 fuerunt
1395 5117 1454 5171 in
1486 5116 1654 5171 libris
1713 5117 1781 5171 ad
1810 5117 2072 5173 Nationes

419 5207 720 5280 exposita;
752 5206 934 5261 multa
981 5211 1179 5260 tamen
1234 5210 1373 5260 sunt
1423 5206 1482 5260 in
1518 5205 1651 5273 isto,
1704 5221 1834 5277 quae
1884 5205 1945 5259 in
1979 5205 2072 5261 his

419 5314 662 5370 prorsus
699 5313 811 5351 non
842 5298 1156 5361 exstant,et
1186 5294 1447 5349 vicissim
1481 5293 1540 5348 in
1574 5292 1821 5363 his,quae
1853 5294 2072 5350 frustra

418 5388 477 5443 in
536 5386 873 5457 Apologetico
925 5387 1287 5454 quaeruntur.
1363 5382 1527 5446 Quod
1585 5381 1685 5452 qui
1745 5383 2072 5454 perspicere

421 5476 653 5551 plenius
684 5474 842 5541 velit,
874 5489 1009 5527 eum
1041 5473 1111 5525 ad
1163 5470 1503 5526 universum
1534 5470 1753 5526 librum
1786 5473 2070 5543 posterio-

419 5584 540 5623 rem
593 5562 973 5629 remittimus,
1035 5560 1191 5632 quod
1249 5564 1517 5614 versatur
1573 5558 1631 5614 in
1689 5560 2070 5633 explodendis

421 5655 731 5733 gentilium
763 5652 914 5709 diis:
967 5649 1067 5707 ubi
1100 5649 1150 5706 si
1194 5648 1503 5707 dicesseris
1551 5650 1621 5707 ab
1654 5649 1880 5710 ultimis
1938 5651 2071 5709 libri

2731 4744 3130 4802 ARTICULUS
3174 4745 3274 4799 III.

2182 4841 2265 4893 De
2295 4835 2453 4891 libris
2486 4834 2835 4901 Tertulliani,
2867 4850 3102 4962 quorm
3119 4842 3170 4889 et
3188 4841 3318 4888 mtas
3348 4836 3399 4888 et
3429 4833 3846 4889 Montanismus

2884 4922 3012 4961 cons
3109 4947 3121 4960 .

2884 4922 3121 4961 constat.

2180 5023 2291 5091 §1.
2323 5053 2393 5063 ——
2443 5021 2612 5078 Liber
2667 5021 2732 5077 de
2787 5022 3215 5148 Coronatanno
3275 5019 3380 5076 CCI
3432 5019 3655 5077 docetur
3702 5032 3836 5076 con-

2879 5110 3024 5148 εον-η)
3053 5109 3139 5148 us.

2879 5109 3139 5164 scriptus.

2254 5207 2314 5263 In
2349 5206 2649 5279 superiore
2679 5206 3097 5278 disputationis
3128 5210 3293 5279 parte
3324 5206 3471 5263 satis
3502 5204 3841 5277 expositum

2183 5314 2311 5354 esse
2342 5301 2621 5367 putamus
2650 5297 2721 5350 de
2753 5295 2919 5351 libris
2950 5296 3046 5365 iis,
3078 5312 3329 5368 quorum
3361 5299 3501 5351 aetas
3525 5300 3580 5349 et
3612 5296 3843 5365 paritas

2182 5386 2461 5442 doctrinae
2506 5388 2659 5440 certo
2716 5384 2967 5454 quodam
3035 5386 3208 5441 modo
3267 5384 3416 5441 efﬁci
3476 5399 3647 5456 posse
3676 5383 3843 5438 vide-

2181 5475 2414 5530 bantur.
2447 5474 2613 5530 Nunc
2645 5473 2913 5545 sequitur
2942 5472 3089 5529 alter
3118 5474 3304 5542 locus,
3324 5474 3423 5546 qui
3457 5472 3841 5547 pertractabit

2181 5580 2302 5628 eos,
2336 5578 2589 5635 quorum
2640 5566 2779 5618 tetas
2829 5578 2943 5618 non
2997 5563 3197 5621 minus
3252 5566 3502 5633 constat,
3546 5578 3724 5633 quam
3755 5560 3840 5628 id,

2182 5652 2338 5727 quod
2368 5650 2487 5709 sint
2517 5668 2551 5707 a
2581 5650 2941 5710 Tertulliano
2974 5658 3099 5710 tum
3128 5653 3294 5723 editi,
3331 5668 3465 5710 cum
3495 5651 3565 5708 ad
3594 5650 3846 5707 Montani
