  <div class='ocr_page' id='page_1' title='image "/cluster/home/n/w/nwhite01/storage/ocr_20150623/1/hvd.32044096580337/090.png"; bbox 0 0 4148 6188; ppageno 0'>
   <div class='ocr_carea' id='block_1_1' title="bbox 326 358 447 417">
    <p class='ocr_par' dir='ltr' id='par_1_1' title="bbox 326 358 447 417">
     <span class='ocr_line' id='line_1_1' title="bbox 326 358 447 417; baseline -0.017 0"><span class='ocrx_word' id='word_1_1' title='bbox 326 358 447 417; x_wconf 80' lang='grc'><strong>165</strong></span> 
     </span>
    </p>
   </div>
   <div class='ocr_carea' id='block_1_2' title="bbox 1190 347 2885 413">
    <p class='ocr_par' dir='ltr' id='par_1_2' title="bbox 1190 347 2885 413">
     <span class='ocr_line' id='line_1_2' title="bbox 1190 347 2885 413; baseline -0.001 -2"><span class='ocrx_word' id='word_1_2' title='bbox 1190 352 1291 413; x_wconf 81' lang='lat' dir='ltr'><strong>AC</strong></span> <span class='ocrx_word' id='word_1_3' title='bbox 1332 349 1726 411; x_wconf 78' lang='lat' dir='ltr'><strong>DOCTRINA</strong></span> <span class='ocrx_word' id='word_1_4' title='bbox 1774 347 2280 411; x_wconf 82' lang='lat' dir='ltr'><strong>SCRIPTORUM</strong></span> <span class='ocrx_word' id='word_1_5' title='bbox 2323 348 2885 411; x_wconf 78' lang='lat' dir='ltr'><strong>TERTULLIANI.</strong></span> 
     </span>
    </p>
   </div>
   <div class='ocr_carea' id='block_1_3' title="bbox 3624 356 3740 415">
    <p class='ocr_par' dir='ltr' id='par_1_3' title="bbox 3624 356 3740 415">
     <span class='ocr_line' id='line_1_3' title="bbox 3624 356 3740 415; baseline -0.009 0"><span class='ocrx_word' id='word_1_6' title='bbox 3624 356 3740 415; x_wconf 77' lang='lat'><strong>166</strong></span> 
     </span>
    </p>
   </div>
   <div class='ocr_carea' id='block_1_4' title="bbox 325 482 3738 564">
    <p class='ocr_par' dir='ltr' id='par_1_4' title="bbox 325 482 3738 564">
     <span class='ocr_line' id='line_1_4' title="bbox 325 482 3738 564; baseline -0.001 -15"><span class='ocrx_word' id='word_1_7' title='bbox 325 489 700 564; x_wconf 88' lang='lat' dir='ltr'><strong>disciplinam</strong></span> <span class='ocrx_word' id='word_1_8' title='bbox 748 504 830 557; x_wconf 90' lang='lat' dir='ltr'><strong>se,</strong></span> <span class='ocrx_word' id='word_1_9' title='bbox 882 486 1085 544; x_wconf 90' lang='lat' dir='ltr'><strong>relicta</strong></span> <span class='ocrx_word' id='word_1_10' title='bbox 1128 490 1347 554; x_wconf 77' lang='lat' dir='ltr'><strong>vetere,</strong></span> <span class='ocrx_word' id='word_1_11' title='bbox 1395 483 1765 540; x_wconf 84' lang='lat' dir='ltr'><strong>contulisset.</strong></span> <span class='ocrx_word' id='word_1_12' title='bbox 1823 483 1987 539; x_wconf 82' lang='lat' dir='ltr'><strong>Inter</strong></span> <span class='ocrx_word' id='word_1_13' title='bbox 2016 484 2069 552; x_wconf 75' lang='grc' dir='ltr'><strong>Α</strong></span> <span class='ocrx_word' id='word_1_14' title='bbox 2100 483 2158 537; x_wconf 91' lang='lat' dir='ltr'><strong>in</strong></span> <span class='ocrx_word' id='word_1_15' title='bbox 2193 482 2512 555; x_wconf 87' lang='lat' dir='ltr'><strong>periculum</strong></span> <span class='ocrx_word' id='word_1_16' title='bbox 2544 482 2812 539; x_wconf 82' lang='lat' dir='ltr'><strong>nonnulli</strong></span> <span class='ocrx_word' id='word_1_17' title='bbox 2861 484 3192 555; x_wconf 83' lang='lat' dir='ltr'><strong>credebant,</strong></span> <span class='ocrx_word' id='word_1_18' title='bbox 3224 501 3355 542; x_wconf 87' lang='lat' dir='ltr'><strong>esse</strong></span> <span class='ocrx_word' id='word_1_19' title='bbox 3410 502 3562 555; x_wconf 91' lang='lat' dir='ltr'><strong>eam,</strong></span> <span class='ocrx_word' id='word_1_20' title='bbox 3620 507 3738 563; x_wconf 89' lang='lat' dir='ltr'><strong>qua</strong></span> 
     </span>
    </p>
   </div>
   <div class='ocr_carea' id='block_1_5' title="bbox 324 572 1979 653">
    <p class='ocr_par' dir='ltr' id='par_1_5' title="bbox 324 572 1979 653">
     <span class='ocr_line' id='line_1_5' title="bbox 324 572 1979 653; baseline -0.007 -15"><span class='ocrx_word' id='word_1_21' title='bbox 324 599 471 653; x_wconf 89' lang='lat' dir='ltr'><strong>quos</strong></span> <span class='ocrx_word' id='word_1_22' title='bbox 506 579 765 653; x_wconf 90' lang='lat' dir='ltr'><strong>primum</strong></span> <span class='ocrx_word' id='word_1_23' title='bbox 794 578 987 634; x_wconf 90' lang='lat' dir='ltr'><strong>locum</strong></span> <span class='ocrx_word' id='word_1_24' title='bbox 1022 580 1179 632; x_wconf 89' lang='lat' dir='ltr'><strong>tenet</strong></span> <span class='ocrx_word' id='word_1_25' title='bbox 1210 576 1359 632; x_wconf 90' lang='lat' dir='ltr'><strong>liber</strong></span> <span class='ocrx_word' id='word_1_26' title='bbox 1378 574 1443 630; x_wconf 88' lang='lat' dir='ltr'><strong>de</strong></span> <span class='ocrx_word' id='word_1_27' title='bbox 1476 572 1777 643; x_wconf 58' lang='lat' dir='ltr'><strong>Coronaﬁn</strong></span> <span class='ocrx_word' id='word_1_28' title='bbox 1808 574 1979 643; x_wconf 86' lang='lat' dir='ltr'><strong>cujus</strong></span> 
     </span>
    </p>
   </div>
   <div class='ocr_carea' id='block_1_6' title="bbox 321 663 1982 741">
    <p class='ocr_par' dir='ltr' id='par_1_6' title="bbox 321 663 1982 741">
     <span class='ocr_line' id='line_1_6' title="bbox 321 663 1982 741; baseline -0.007 -13"><span class='ocrx_word' id='word_1_29' title='bbox 321 677 551 728; x_wconf 68' lang='lat' dir='ltr'><strong>etatem</strong></span> <span class='ocrx_word' id='word_1_30' title='bbox 582 674 649 725; x_wconf 88' lang='lat' dir='ltr'><strong>ut</strong></span> <span class='ocrx_word' id='word_1_31' title='bbox 678 669 1049 741; x_wconf 91' lang='lat' dir='ltr'><strong>inquiramus</strong></span> <span class='ocrx_word' id='word_1_32' title='bbox 1079 664 1248 737; x_wconf 84' lang='lat' dir='ltr'><strong>paulo</strong></span> <span class='ocrx_word' id='word_1_33' title='bbox 1266 664 1715 737; x_wconf 75' lang='lat' dir='ltr'><strong>plenius,operte</strong></span> <span class='ocrx_word' id='word_1_34' title='bbox 1748 663 1982 718; x_wconf 89' lang='lat' dir='ltr'><strong>videtur</strong></span> 
     </span>
    </p>
   </div>
   <div class='ocr_carea' id='block_1_7' title="bbox 321 753 1983 835">
    <p class='ocr_par' dir='ltr' id='par_1_7' title="bbox 321 753 1983 835">
     <span class='ocr_line' id='line_1_7' title="bbox 321 753 1983 835; baseline -0.008 -18"><span class='ocrx_word' id='word_1_35' title='bbox 321 762 579 835; x_wconf 92' lang='lat' dir='ltr'><strong>pretium</strong></span> <span class='ocrx_word' id='word_1_36' title='bbox 610 775 741 815; x_wconf 89' lang='lat' dir='ltr'><strong>esse</strong></span> <span class='ocrx_word' id='word_1_37' title='bbox 772 774 839 814; x_wconf 90' lang='lat' dir='ltr'><strong>eo</strong></span> <span class='ocrx_word' id='word_1_38' title='bbox 868 758 1081 830; x_wconf 88' lang='lat' dir='ltr'><strong>magis,</strong></span> <span class='ocrx_word' id='word_1_39' title='bbox 1108 773 1223 828; x_wconf 92' lang='lat' dir='ltr'><strong>quo</strong></span> <span class='ocrx_word' id='word_1_40' title='bbox 1274 754 1490 810; x_wconf 77' lang='lat' dir='ltr'><strong>certius</strong></span> <span class='ocrx_word' id='word_1_41' title='bbox 1522 753 1615 808; x_wconf 89' lang='lat' dir='ltr'><strong>hic</strong></span> <span class='ocrx_word' id='word_1_42' title='bbox 1650 753 1828 808; x_wconf 90' lang='lat' dir='ltr'><strong>veluti</strong></span> <span class='ocrx_word' id='word_1_43' title='bbox 1878 772 1983 805; x_wconf 74' lang='lat' dir='ltr'><strong>m-</strong></span> 
     </span>
    </p>
   </div>
   <div class='ocr_carea' id='block_1_8' title="bbox 322 844 1983 925">
    <p class='ocr_par' dir='ltr' id='par_1_8' title="bbox 322 844 1983 925">
     <span class='ocr_line' id='line_1_8' title="bbox 322 844 1983 925; baseline -0.004 -22"><span class='ocrx_word' id='word_1_44' title='bbox 322 850 592 925; x_wconf 68' lang='grc' dir='ltr'><strong>ραὶπηγμι</strong></span> <span class='ocrx_word' id='word_1_45' title='bbox 621 853 729 917; x_wconf 86' lang='lat' dir='ltr'><strong>est,</strong></span> <span class='ocrx_word' id='word_1_46' title='bbox 766 849 836 903; x_wconf 90' lang='lat' dir='ltr'><strong>ad</strong></span> <span class='ocrx_word' id='word_1_47' title='bbox 861 848 1014 919; x_wconf 91' lang='lat' dir='ltr'><strong>quod</strong></span> <span class='ocrx_word' id='word_1_48' title='bbox 1045 845 1315 919; x_wconf 85' lang='lat' dir='ltr'><strong>exigendi</strong></span> <span class='ocrx_word' id='word_1_49' title='bbox 1350 848 1488 901; x_wconf 90' lang='lat' dir='ltr'><strong>sunt</strong></span> <span class='ocrx_word' id='word_1_50' title='bbox 1523 844 1715 898; x_wconf 70' lang='lat' dir='ltr'><strong>cmteri</strong></span> <span class='ocrx_word' id='word_1_51' title='bbox 1777 859 1983 897; x_wconf 89' lang='lat' dir='ltr'><strong>omnes</strong></span> 
     </span>
    </p>
   </div>
   <div class='ocr_carea' id='block_1_9' title="bbox 320 933 1984 1005">
    <p class='ocr_par' dir='ltr' id='par_1_9' title="bbox 320 933 1984 1005">
     <span class='ocr_line' id='line_1_9' title="bbox 320 933 1984 1005; baseline -0.006 -9"><span class='ocrx_word' id='word_1_52' title='bbox 320 940 480 1005; x_wconf 83' lang='lat' dir='ltr'><strong>libri,</strong></span> <span class='ocrx_word' id='word_1_53' title='bbox 516 940 566 995; x_wconf 91' lang='lat' dir='ltr'><strong>si</strong></span> <span class='ocrx_word' id='word_1_54' title='bbox 596 938 745 994; x_wconf 88' lang='lat' dir='ltr'><strong>illud</strong></span> <span class='ocrx_word' id='word_1_55' title='bbox 776 938 971 992; x_wconf 88' lang='lat' dir='ltr'><strong>veniat</strong></span> <span class='ocrx_word' id='word_1_56' title='bbox 1001 937 1057 991; x_wconf 89' lang='lat' dir='ltr'><strong>in</strong></span> <span class='ocrx_word' id='word_1_57' title='bbox 1091 934 1570 999; x_wconf 87' lang='lat' dir='ltr'><strong>controversiam,</strong></span> <span class='ocrx_word' id='word_1_58' title='bbox 1604 937 1805 987; x_wconf 91' lang='lat' dir='ltr'><strong>utrum</strong></span> <span class='ocrx_word' id='word_1_59' title='bbox 1865 933 1984 987; x_wconf 92' lang='lat' dir='ltr'><strong>sint</strong></span> 
     </span>
    </p>
   </div>
   <div class='ocr_carea' id='block_1_10' title="bbox 322 1022 1983 1095">
    <p class='ocr_par' dir='ltr' id='par_1_10' title="bbox 322 1022 1983 1095">
     <span class='ocr_line' id='line_1_10' title="bbox 322 1022 1983 1095; baseline -0.006 -9"><span class='ocrx_word' id='word_1_60' title='bbox 322 1036 459 1086; x_wconf 88' lang='lat' dir='ltr'><strong>ante</strong></span> <span class='ocrx_word' id='word_1_61' title='bbox 506 1027 856 1084; x_wconf 84' lang='lat' dir='ltr'><strong>Tertulliani</strong></span> <span class='ocrx_word' id='word_1_62' title='bbox 924 1026 1308 1081; x_wconf 78' lang='lat' dir='ltr'><strong>defectionem</strong></span> <span class='ocrx_word' id='word_1_63' title='bbox 1342 1023 1565 1095; x_wconf 84' lang='lat' dir='ltr'><strong>scripti,</strong></span> <span class='ocrx_word' id='word_1_64' title='bbox 1599 1039 1799 1077; x_wconf 87' lang='lat' dir='ltr'><strong>necne.</strong></span> <span class='ocrx_word' id='word_1_65' title='bbox 1860 1022 1983 1086; x_wconf 88' lang='lat' dir='ltr'><strong>Qua</strong></span> 
     </span>
    </p>
   </div>
   <div class='ocr_carea' id='block_1_11' title="bbox 320 1111 1983 1176">
    <p class='ocr_par' dir='ltr' id='par_1_11' title="bbox 320 1111 1983 1176">
     <span class='ocr_line' id='line_1_11' title="bbox 320 1111 1983 1176; baseline -0.006 0"><span class='ocrx_word' id='word_1_66' title='bbox 320 1122 396 1176; x_wconf 87' lang='lat' dir='ltr'><strong>de</strong></span> <span class='ocrx_word' id='word_1_67' title='bbox 428 1135 487 1175; x_wconf 90' lang='lat' dir='ltr'><strong>re</strong></span> <span class='ocrx_word' id='word_1_68' title='bbox 520 1136 657 1174; x_wconf 90' lang='lat' dir='ltr'><strong>cum</strong></span> <span class='ocrx_word' id='word_1_69' title='bbox 708 1117 1009 1172; x_wconf 83' lang='lat' dir='ltr'><strong>videamus</strong></span> <span class='ocrx_word' id='word_1_70' title='bbox 1042 1116 1247 1170; x_wconf 89' lang='lat' dir='ltr'><strong>doctos</strong></span> <span class='ocrx_word' id='word_1_71' title='bbox 1280 1114 1553 1168; x_wconf 81' lang='lat' dir='ltr'><strong>homines</strong></span> <span class='ocrx_word' id='word_1_72' title='bbox 1601 1112 1782 1166; x_wconf 89' lang='lat' dir='ltr'><strong>variis</strong></span> <span class='ocrx_word' id='word_1_73' title='bbox 1831 1111 1983 1166; x_wconf 90' lang='lat' dir='ltr'><strong>inter</strong></span> 
     </span>
    </p>
   </div>
   <div class='ocr_carea' id='block_1_12' title="bbox 317 1200 1981 1274">
    <p class='ocr_par' dir='ltr' id='par_1_12' title="bbox 317 1200 1981 1274">
     <span class='ocr_line' id='line_1_12' title="bbox 317 1200 1981 1274; baseline -0.006 -9"><span class='ocrx_word' id='word_1_74' title='bbox 317 1227 382 1265; x_wconf 88' lang='lat' dir='ltr'><strong>se</strong></span> <span class='ocrx_word' id='word_1_75' title='bbox 412 1208 705 1264; x_wconf 87' lang='lat' dir='ltr'><strong>dissidere</strong></span> <span class='ocrx_word' id='word_1_76' title='bbox 735 1206 1065 1274; x_wconf 85' lang='lat' dir='ltr'><strong>sententiis,</strong></span> <span class='ocrx_word' id='word_1_77' title='bbox 1116 1204 1333 1274; x_wconf 88' lang='lat' dir='ltr'><strong>quibus</strong></span> <span class='ocrx_word' id='word_1_78' title='bbox 1386 1201 1744 1272; x_wconf 89' lang='lat' dir='ltr'><strong>impedivere</strong></span> <span class='ocrx_word' id='word_1_79' title='bbox 1794 1200 1981 1269; x_wconf 84' lang='lat' dir='ltr'><strong>magis</strong></span> 
     </span>
    </p>
   </div>
   <div class='ocr_carea' id='block_1_13' title="bbox 316 1290 1981 1364">
    <p class='ocr_par' dir='ltr' id='par_1_13' title="bbox 316 1290 1981 1364">
     <span class='ocr_line' id='line_1_13' title="bbox 316 1290 1981 1364; baseline -0.006 -11"><span class='ocrx_word' id='word_1_80' title='bbox 316 1299 628 1355; x_wconf 82' lang='lat' dir='ltr'><strong>veritatem</strong></span> <span class='ocrx_word' id='word_1_81' title='bbox 662 1295 1073 1351; x_wconf 89' lang='lat' dir='ltr'><strong>inveniendam</strong></span> <span class='ocrx_word' id='word_1_82' title='bbox 1106 1309 1283 1364; x_wconf 89' lang='lat' dir='ltr'><strong>quam</strong></span> <span class='ocrx_word' id='word_1_83' title='bbox 1307 1292 1650 1362; x_wconf 84' lang='lat' dir='ltr'><strong>expedivere</strong></span> <span class='ocrx_word' id='word_1_84' title='bbox 1686 1310 1701 1355; x_wconf 86' lang='lat'><strong><em>;</em></strong></span> <span class='ocrx_word' id='word_1_85' title='bbox 1736 1290 1981 1344; x_wconf 86' lang='lat' dir='ltr'><strong>candide</strong></span> 
     </span>
    </p>
   </div>
   <div class='ocr_carea' id='block_1_14' title="bbox 314 1380 1981 1456">
    <p class='ocr_par' dir='ltr' id='par_1_14' title="bbox 314 1380 1981 1456">
     <span class='ocr_line' id='line_1_14' title="bbox 314 1380 1981 1456; baseline -0.007 -13"><span class='ocrx_word' id='word_1_86' title='bbox 314 1389 612 1453; x_wconf 89' lang='lat' dir='ltr'><strong>dicemus,</strong></span> <span class='ocrx_word' id='word_1_87' title='bbox 656 1401 784 1456; x_wconf 73' lang='lat' dir='ltr'><strong>quae</strong></span> <span class='ocrx_word' id='word_1_88' title='bbox 817 1384 933 1437; x_wconf 89' lang='lat' dir='ltr'><strong>veri</strong></span> <span class='ocrx_word' id='word_1_89' title='bbox 968 1381 1182 1437; x_wconf 82' lang='lat' dir='ltr'><strong>similia</strong></span> <span class='ocrx_word' id='word_1_90' title='bbox 1215 1381 1491 1435; x_wconf 90' lang='lat' dir='ltr'><strong>videntur</strong></span> <span class='ocrx_word' id='word_1_91' title='bbox 1522 1380 1713 1443; x_wconf 91' lang='lat' dir='ltr'><strong>nobis,</strong></span> <span class='ocrx_word' id='word_1_92' title='bbox 1749 1394 1815 1434; x_wconf 87' lang='lat' dir='ltr'><strong>ac</strong></span> <span class='ocrx_word' id='word_1_93' title='bbox 1864 1395 1981 1432; x_wconf 91' lang='lat' dir='ltr'><strong>una</strong></span> 
     </span>
    </p>
   </div>
   <div class='ocr_carea' id='block_1_15' title="bbox 315 1464 1979 1544">
    <p class='ocr_par' dir='ltr' id='par_1_15' title="bbox 315 1464 1979 1544">
     <span class='ocr_line' id='line_1_15' title="bbox 315 1464 1979 1544; baseline -0.006 -14"><span class='ocrx_word' id='word_1_94' title='bbox 315 1482 561 1531; x_wconf 83' lang='lat' dir='ltr'><strong>utemur</strong></span> <span class='ocrx_word' id='word_1_95' title='bbox 609 1489 793 1544; x_wconf 90' lang='lat' dir='ltr'><strong>eaque</strong></span> <span class='ocrx_word' id='word_1_96' title='bbox 842 1472 1032 1543; x_wconf 91' lang='lat' dir='ltr'><strong>prima</strong></span> <span class='ocrx_word' id='word_1_97' title='bbox 1078 1470 1210 1523; x_wconf 75' lang='lat' dir='ltr'><strong>libri</strong></span> <span class='ocrx_word' id='word_1_98' title='bbox 1262 1470 1539 1535; x_wconf 89' lang='lat' dir='ltr'><strong>sectione,</strong></span> <span class='ocrx_word' id='word_1_99' title='bbox 1592 1485 1622 1522; x_wconf 92' lang='lat' dir='ltr'><strong>e</strong></span> <span class='ocrx_word' id='word_1_100' title='bbox 1680 1485 1798 1539; x_wconf 87' lang='lat' dir='ltr'><strong>qua</strong></span> <span class='ocrx_word' id='word_1_101' title='bbox 1844 1464 1979 1529; x_wconf 49' lang='lat' dir='ltr'><strong>{erui</strong></span> 
     </span>
    </p>
   </div>
   <div class='ocr_carea' id='block_1_16' title="bbox 318 1557 1980 1637">
    <p class='ocr_par' dir='ltr' id='par_1_16' title="bbox 318 1557 1980 1637">
     <span class='ocr_line' id='line_1_16' title="bbox 318 1557 1980 1637; baseline -0.005 -18"><span class='ocrx_word' id='word_1_102' title='bbox 318 1569 517 1637; x_wconf 85' lang='lat' dir='ltr'><strong>potest</strong></span> <span class='ocrx_word' id='word_1_103' title='bbox 546 1568 603 1618; x_wconf 93' lang='lat' dir='ltr'><strong>et</strong></span> <span class='ocrx_word' id='word_1_104' title='bbox 633 1563 762 1633; x_wconf 89' lang='lat' dir='ltr'><strong>ipsa</strong></span> <span class='ocrx_word' id='word_1_105' title='bbox 793 1558 1093 1631; x_wconf 86' lang='lat' dir='ltr'><strong>scriptoris</strong></span> <span class='ocrx_word' id='word_1_106' title='bbox 1127 1557 1413 1625; x_wconf 83' lang='lat' dir='ltr'><strong>doctrina,</strong></span> <span class='ocrx_word' id='word_1_107' title='bbox 1447 1561 1504 1611; x_wconf 89' lang='lat' dir='ltr'><strong>et</strong></span> <span class='ocrx_word' id='word_1_108' title='bbox 1536 1562 1793 1627; x_wconf 87' lang='lat' dir='ltr'><strong>tempus,</strong></span> <span class='ocrx_word' id='word_1_109' title='bbox 1828 1557 1980 1611; x_wconf 72' lang='lat'><strong>1‘28</strong></span> 
     </span>
    </p>
   </div>
   <div class='ocr_carea' id='block_1_17' title="bbox 319 1644 1977 1724">
    <p class='ocr_par' dir='ltr' id='par_1_17' title="bbox 319 1644 1977 1724">
     <span class='ocr_line' id='line_1_17' title="bbox 319 1644 1977 1724; baseline -0.007 -16"><span class='ocrx_word' id='word_1_110' title='bbox 319 1670 440 1724; x_wconf 77' lang='lat' dir='ltr'><strong>quo</strong></span> <span class='ocrx_word' id='word_1_111' title='bbox 472 1652 658 1707; x_wconf 81' lang='lat' dir='ltr'><strong>istum</strong></span> <span class='ocrx_word' id='word_1_112' title='bbox 684 1650 899 1705; x_wconf 86' lang='lat' dir='ltr'><strong>librum</strong></span> <span class='ocrx_word' id='word_1_113' title='bbox 930 1649 988 1702; x_wconf 92' lang='lat' dir='ltr'><strong>in</strong></span> <span class='ocrx_word' id='word_1_114' title='bbox 1007 1647 1299 1719; x_wconf 90' lang='lat' dir='ltr'><strong>publicum</strong></span> <span class='ocrx_word' id='word_1_115' title='bbox 1337 1644 1795 1717; x_wconf 88' lang='lat' dir='ltr'><strong>protulit.Atque</strong></span> <span class='ocrx_word' id='word_1_116' title='bbox 1817 1644 1977 1698; x_wconf 86' lang='lat' dir='ltr'><strong>illam</strong></span> 
     </span>
    </p>
   </div>
   <div class='ocr_carea' id='block_1_18' title="bbox 319 1733 1982 1809">
    <p class='ocr_par' dir='ltr' id='par_1_18' title="bbox 319 1733 1982 1809">
     <span class='ocr_line' id='line_1_18' title="bbox 319 1733 1982 1809; baseline -0.006 -12"><span class='ocrx_word' id='word_1_117' title='bbox 319 1742 509 1797; x_wconf 86' lang='lat' dir='ltr'><strong>cuivis</strong></span> <span class='ocrx_word' id='word_1_118' title='bbox 542 1741 679 1795; x_wconf 89' lang='lat' dir='ltr'><strong>licet</strong></span> <span class='ocrx_word' id='word_1_119' title='bbox 713 1737 1039 1809; x_wconf 86' lang='lat' dir='ltr'><strong>intelligere</strong></span> <span class='ocrx_word' id='word_1_120' title='bbox 1057 1754 1125 1792; x_wconf 86' lang='lat' dir='ltr'><strong>ex</strong></span> <span class='ocrx_word' id='word_1_121' title='bbox 1147 1736 1260 1791; x_wconf 89' lang='lat' dir='ltr'><strong>ista</strong></span> <span class='ocrx_word' id='word_1_122' title='bbox 1284 1735 1678 1804; x_wconf 86' lang='lat' dir='ltr'><strong>disputatione</strong></span> <span class='ocrx_word' id='word_1_123' title='bbox 1709 1733 1982 1788; x_wconf 89' lang='lat' dir='ltr'><strong>universa</strong></span> 
     </span>
    </p>
   </div>
   <div class='ocr_carea' id='block_1_19' title="bbox 2092 572 3738 648">
    <p class='ocr_par' dir='ltr' id='par_1_19' title="bbox 2092 572 3738 648">
     <span class='ocr_line' id='line_1_19' title="bbox 2092 572 3738 648; baseline 0.005 -22"><span class='ocrx_word' id='word_1_124' title='bbox 2092 572 2439 628; x_wconf 85' lang='lat' dir='ltr'><strong>fruebantur</strong></span> <span class='ocrx_word' id='word_1_125' title='bbox 2469 573 2782 629; x_wconf 84' lang='lat' dir='ltr'><strong>Christiani</strong></span> <span class='ocrx_word' id='word_1_126' title='bbox 2818 574 3082 629; x_wconf 90' lang='lat' dir='ltr'><strong>nondum</strong></span> <span class='ocrx_word' id='word_1_127' title='bbox 3113 575 3304 629; x_wconf 90' lang='lat' dir='ltr'><strong>Severi</strong></span> <span class='ocrx_word' id='word_1_128' title='bbox 3327 574 3453 647; x_wconf 87' lang='lat' dir='ltr'><strong>lege</strong></span> <span class='ocrx_word' id='word_1_129' title='bbox 3504 578 3738 648; x_wconf 90' lang='lat' dir='ltr'><strong>publica</strong></span> 
     </span>
    </p>
   </div>
   <div class='ocr_carea' id='block_1_20' title="bbox 2093 662 3745 734">
    <p class='ocr_par' dir='ltr' id='par_1_20' title="bbox 2093 662 3745 734">
     <span class='ocr_line' id='line_1_20' title="bbox 2093 662 3745 734; baseline 0.004 -16"><span class='ocrx_word' id='word_1_130' title='bbox 2093 662 2392 734; x_wconf 82' lang='lat' dir='ltr'><strong>exagitati,</strong></span> <span class='ocrx_word' id='word_1_131' title='bbox 2449 679 2624 733; x_wconf 88' lang='lat' dir='ltr'><strong>quam</strong></span> <span class='ocrx_word' id='word_1_132' title='bbox 2686 662 2866 717; x_wconf 87' lang='lat' dir='ltr'><strong>latam</strong></span> <span class='ocrx_word' id='word_1_133' title='bbox 2926 680 3053 718; x_wconf 90' lang='lat' dir='ltr'><strong>esse</strong></span> <span class='ocrx_word' id='word_1_134' title='bbox 3104 681 3238 719; x_wconf 90' lang='lat' dir='ltr'><strong>ann.</strong></span> <span class='ocrx_word' id='word_1_135' title='bbox 3300 665 3454 732; x_wconf 86' lang='lat' dir='ltr'><strong>CCII,</strong></span> <span class='ocrx_word' id='word_1_136' title='bbox 3517 672 3745 724; x_wconf 89' lang='lat' dir='ltr'><strong>constat</strong></span> 
     </span>
    </p>
   </div>
   <div class='ocr_carea' id='block_1_21' title="bbox 2091 752 3747 827">
    <p class='ocr_par' dir='ltr' id='par_1_21' title="bbox 2091 752 3747 827">
     <span class='ocr_line' id='line_1_21' title="bbox 2091 752 3747 827; baseline 0.004 -20"><span class='ocrx_word' id='word_1_137' title='bbox 2091 753 2243 807; x_wconf 87' lang='lat' dir='ltr'><strong>inter</strong></span> <span class='ocrx_word' id='word_1_138' title='bbox 2272 769 2492 808; x_wconf 90' lang='lat' dir='ltr'><strong>omnes.</strong></span> <span class='ocrx_word' id='word_1_139' title='bbox 2531 753 2691 807; x_wconf 85' lang='lat' dir='ltr'><strong>Ilunc</strong></span> <span class='ocrx_word' id='word_1_140' title='bbox 2723 753 2897 821; x_wconf 81' lang='lat' dir='ltr'><strong>igitur</strong></span> <span class='ocrx_word' id='word_1_141' title='bbox 2926 752 3142 808; x_wconf 89' lang='lat' dir='ltr'><strong>librum</strong></span> <span class='ocrx_word' id='word_1_142' title='bbox 3175 754 3461 825; x_wconf 89' lang='lat' dir='ltr'><strong>scriptum</strong></span> <span class='ocrx_word' id='word_1_143' title='bbox 3520 761 3747 827; x_wconf 90' lang='lat' dir='ltr'><strong>oportet</strong></span> 
     </span>
    </p>
   </div>
   <div class='ocr_carea' id='block_1_22' title="bbox 2093 841 3744 914">
    <p class='ocr_par' dir='ltr' id='par_1_22' title="bbox 2093 841 3744 914">
     <span class='ocr_line' id='line_1_22' title="bbox 2093 841 3744 914; baseline 0.002 -17"><span class='ocrx_word' id='word_1_144' title='bbox 2093 858 2221 898; x_wconf 87' lang='lat' dir='ltr'><strong>esse</strong></span> <span class='ocrx_word' id='word_1_145' title='bbox 2249 842 2307 897; x_wconf 91' lang='lat' dir='ltr'><strong>iu</strong></span> <span class='ocrx_word' id='word_1_146' title='bbox 2342 841 2648 897; x_wconf 88' lang='lat' dir='ltr'><strong>intervallo</strong></span> <span class='ocrx_word' id='word_1_147' title='bbox 2680 859 2766 909; x_wconf 91' lang='lat' dir='ltr'><strong>eo,</strong></span> <span class='ocrx_word' id='word_1_148' title='bbox 2804 843 2957 914; x_wconf 90' lang='lat' dir='ltr'><strong>quod</strong></span> <span class='ocrx_word' id='word_1_149' title='bbox 3010 844 3081 897; x_wconf 92' lang='lat' dir='ltr'><strong>ab</strong></span> <span class='ocrx_word' id='word_1_150' title='bbox 3138 861 3289 898; x_wconf 88' lang='lat' dir='ltr'><strong>anno</strong></span> <span class='ocrx_word' id='word_1_151' title='bbox 3350 848 3509 899; x_wconf 84' lang='lat' dir='ltr'><strong>sexto</strong></span> <span class='ocrx_word' id='word_1_152' title='bbox 3552 848 3744 901; x_wconf 90' lang='lat' dir='ltr'><strong>Severi</strong></span> 
     </span>
    </p>
   </div>
   <div class='ocr_carea' id='block_1_23' title="bbox 2092 932 3743 1004">
    <p class='ocr_par' dir='ltr' id='par_1_23' title="bbox 2092 932 3743 1004">
     <span class='ocr_line' id='line_1_23' title="bbox 2092 932 3743 1004; baseline 0.002 -16"><span class='ocrx_word' id='word_1_153' title='bbox 2092 934 2163 988; x_wconf 88' lang='lat' dir='ltr'><strong>ad</strong></span> <span class='ocrx_word' id='word_1_154' title='bbox 2227 948 2445 987; x_wconf 91' lang='lat' dir='ltr'><strong>nonum</strong></span> <span class='ocrx_word' id='word_1_155' title='bbox 2506 932 2747 988; x_wconf 86' lang='lat' dir='ltr'><strong>efﬂuxit.</strong></span> <span class='ocrx_word' id='word_1_156' title='bbox 2812 934 2869 987; x_wconf 92' lang='lat' dir='ltr'><strong>In</strong></span> <span class='ocrx_word' id='word_1_157' title='bbox 2904 949 3019 1003; x_wconf 89' lang='lat' dir='ltr'><strong>quo</strong></span> <span class='ocrx_word' id='word_1_158' title='bbox 3053 934 3333 1003; x_wconf 91' lang='lat' dir='ltr'><strong>temporis</strong></span> <span class='ocrx_word' id='word_1_159' title='bbox 3388 935 3576 1004; x_wconf 88' lang='lat' dir='ltr'><strong>spatio</strong></span> <span class='ocrx_word' id='word_1_160' title='bbox 3625 940 3743 992; x_wconf 89' lang='lat' dir='ltr'><strong>tres</strong></span> 
     </span>
    </p>
   </div>
   <div class='ocr_carea' id='block_1_24' title="bbox 2092 1021 3740 1094">
    <p class='ocr_par' dir='ltr' id='par_1_24' title="bbox 2092 1021 3740 1094">
     <span class='ocr_line' id='line_1_24' title="bbox 2092 1021 3740 1094; baseline 0.003 -17"><span class='ocrx_word' id='word_1_161' title='bbox 2092 1022 2388 1077; x_wconf 90' lang='lat' dir='ltr'><strong>observari</strong></span> <span class='ocrx_word' id='word_1_162' title='bbox 2413 1039 2596 1077; x_wconf 88' lang='lat' dir='ltr'><strong>annos</strong></span> <span class='ocrx_word' id='word_1_163' title='bbox 2628 1022 3053 1094; x_wconf 83' lang='lat' dir='ltr'><strong>imperatorum</strong></span> <span class='ocrx_word' id='word_1_164' title='bbox 3086 1021 3436 1079; x_wconf 85' lang='lat' dir='ltr'><strong>liberalitate</strong></span> <span class='ocrx_word' id='word_1_165' title='bbox 3470 1028 3740 1082; x_wconf 90' lang='lat' dir='ltr'><strong>notatos:</strong></span> 
     </span>
    </p>
   </div>
   <div class='ocr_carea' id='block_1_25' title="bbox 2091 1110 3745 1182">
    <p class='ocr_par' dir='ltr' id='par_1_25' title="bbox 2091 1110 3745 1182">
     <span class='ocr_line' id='line_1_25' title="bbox 2091 1110 3745 1182; baseline 0.003 -19"><span class='ocrx_word' id='word_1_166' title='bbox 2091 1110 2348 1182; x_wconf 87' lang='lat' dir='ltr'><strong>primum</strong></span> <span class='ocrx_word' id='word_1_167' title='bbox 2379 1111 2551 1181; x_wconf 90' lang='lat' dir='ltr'><strong>paulo</strong></span> <span class='ocrx_word' id='word_1_168' title='bbox 2600 1116 2915 1179; x_wconf 83' lang='lat' dir='ltr'><strong>antequam</strong></span> <span class='ocrx_word' id='word_1_169' title='bbox 2973 1114 3214 1165; x_wconf 89' lang='lat' dir='ltr'><strong>Severus</strong></span> <span class='ocrx_word' id='word_1_170' title='bbox 3274 1111 3745 1182; x_wconf 78' lang='lat' dir='ltr'><strong>proficisceretur</strong></span> 
     </span>
    </p>
   </div>
   <div class='ocr_carea' id='block_1_26' title="bbox 2091 1198 3742 1271">
    <p class='ocr_par' dir='ltr' id='par_1_26' title="bbox 2091 1198 3742 1271">
     <span class='ocr_line' id='line_1_26' title="bbox 2091 1198 3742 1271; baseline 0.002 -17"><span class='ocrx_word' id='word_1_171' title='bbox 2091 1200 2151 1254; x_wconf 93' lang='lat' dir='ltr'><strong>in</strong></span> <span class='ocrx_word' id='word_1_172' title='bbox 2185 1200 2476 1255; x_wconf 86' lang='lat' dir='ltr'><strong>Orientem</strong></span> <span class='ocrx_word' id='word_1_173' title='bbox 2512 1198 2963 1254; x_wconf 83' lang='lat' dir='ltr'><strong>ann.tCXCVll[.</strong></span> <span class='ocrx_word' id='word_1_174' title='bbox 3012 1200 3143 1271; x_wconf 85' lang='grc'><strong>(15).</strong></span> <span class='ocrx_word' id='word_1_175' title='bbox 3196 1200 3460 1256; x_wconf 77' lang='lat' dir='ltr'><strong>Alterum</strong></span> <span class='ocrx_word' id='word_1_176' title='bbox 3520 1219 3742 1259; x_wconf 88' lang='lat' dir='ltr'><strong>annum</strong></span> 
     </span>
    </p>
   </div>
   <div class='ocr_carea' id='block_1_27' title="bbox 2090 1288 3738 1362">
    <p class='ocr_par' dir='ltr' id='par_1_27' title="bbox 2090 1288 3738 1362">
     <span class='ocr_line' id='line_1_27' title="bbox 2090 1288 3738 1362; baseline 0.002 -18"><span class='ocrx_word' id='word_1_177' title='bbox 2090 1290 2221 1353; x_wconf 86' lang='lat' dir='ltr'><strong>CCI,</strong></span> <span class='ocrx_word' id='word_1_178' title='bbox 2256 1306 2390 1344; x_wconf 91' lang='lat' dir='ltr'><strong>cum</strong></span> <span class='ocrx_word' id='word_1_179' title='bbox 2425 1290 2476 1344; x_wconf 93' lang='lat' dir='ltr'><strong>is</strong></span> <span class='ocrx_word' id='word_1_180' title='bbox 2523 1288 2817 1343; x_wconf 90' lang='lat' dir='ltr'><strong>militibus</strong></span> <span class='ocrx_word' id='word_1_181' title='bbox 2860 1289 3007 1359; x_wconf 84' lang='lat' dir='ltr'><strong>suis,</strong></span> <span class='ocrx_word' id='word_1_182' title='bbox 3041 1290 3365 1359; x_wconf 64' lang='lat' dir='ltr'><strong>{propterea</strong></span> <span class='ocrx_word' id='word_1_183' title='bbox 3426 1293 3582 1362; x_wconf 91' lang='lat' dir='ltr'><strong>quod</strong></span> <span class='ocrx_word' id='word_1_184' title='bbox 3637 1295 3738 1349; x_wconf 89' lang='lat' dir='ltr'><strong>Ca-</strong></span> 
     </span>
    </p>
   </div>
   <div class='ocr_carea' id='block_1_28' title="bbox 2092 1378 3738 1452">
    <p class='ocr_par' dir='ltr' id='par_1_28' title="bbox 2092 1378 3738 1452">
     <span class='ocr_line' id='line_1_28' title="bbox 2092 1378 3738 1452; baseline 0.002 -19"><span class='ocrx_word' id='word_1_185' title='bbox 2092 1378 2376 1433; x_wconf 84' lang='lat' dir='ltr'><strong>racallum</strong></span> <span class='ocrx_word' id='word_1_186' title='bbox 2417 1381 2769 1449; x_wconf 88' lang='lat' dir='ltr'><strong>Augustum,</strong></span> <span class='ocrx_word' id='word_1_187' title='bbox 2832 1378 3035 1432; x_wconf 89' lang='lat' dir='ltr'><strong>Getam</strong></span> <span class='ocrx_word' id='word_1_188' title='bbox 3095 1378 3402 1447; x_wconf 66' lang='lat' dir='ltr'><strong>Caesarem,</strong></span> <span class='ocrx_word' id='word_1_189' title='bbox 3455 1380 3738 1452; x_wconf 84' lang='lat' dir='ltr'><strong>dixerant,</strong></span> 
     </span>
    </p>
   </div>
   <div class='ocr_carea' id='block_1_29' title="bbox 2091 1467 3738 1540">
    <p class='ocr_par' dir='ltr' id='par_1_29' title="bbox 2091 1467 3738 1540">
     <span class='ocr_line' id='line_1_29' title="bbox 2091 1467 3738 1540; baseline 0.002 -18"><span class='ocrx_word' id='word_1_190' title='bbox 2091 1468 2529 1539; x_wconf 83' lang='lat' dir='ltr'><strong>Ctesiphontem</strong></span> <span class='ocrx_word' id='word_1_191' title='bbox 2562 1467 2927 1540; x_wconf 76' lang='lat' dir='ltr'><strong>spoliantium</strong></span> <span class='ocrx_word' id='word_1_192' title='bbox 2952 1467 3465 1539; x_wconf 74' lang='lat' dir='ltr'><strong>tradidisset(16);</strong></span> <span class='ocrx_word' id='word_1_193' title='bbox 3498 1471 3738 1525; x_wconf 89' lang='lat' dir='ltr'><strong>tertium</strong></span> 
     </span>
    </p>
   </div>
   <div class='ocr_carea' id='block_1_30' title="bbox 2091 1556 3739 1633">
    <p class='ocr_par' dir='ltr' id='par_1_30' title="bbox 2091 1556 3739 1633">
     <span class='ocr_line' id='line_1_30' title="bbox 2091 1556 3739 1633; baseline 0 -20"><span class='ocrx_word' id='word_1_194' title='bbox 2091 1575 2225 1613; x_wconf 90' lang='lat' dir='ltr'><strong>ann.</strong></span> <span class='ocrx_word' id='word_1_195' title='bbox 2258 1558 2417 1626; x_wconf 85' lang='lat' dir='ltr'><strong>CCII,</strong></span> <span class='ocrx_word' id='word_1_196' title='bbox 2461 1574 2593 1612; x_wconf 89' lang='lat' dir='ltr'><strong>cum</strong></span> <span class='ocrx_word' id='word_1_197' title='bbox 2645 1558 2886 1613; x_wconf 90' lang='lat' dir='ltr'><strong>Severus</strong></span> <span class='ocrx_word' id='word_1_198' title='bbox 2940 1561 2995 1612; x_wconf 90' lang='lat' dir='ltr'><strong>et</strong></span> <span class='ocrx_word' id='word_1_199' title='bbox 3043 1556 3379 1613; x_wconf 89' lang='lat' dir='ltr'><strong>Caracallus</strong></span> <span class='ocrx_word' id='word_1_200' title='bbox 3419 1559 3529 1614; x_wconf 90' lang='lat' dir='ltr'><strong>iter</strong></span> <span class='ocrx_word' id='word_1_201' title='bbox 3564 1561 3739 1633; x_wconf 63' lang='lat' dir='ltr'><strong>[Egy-</strong></span> 
     </span>
    </p>
   </div>
   <div class='ocr_carea' id='block_1_31' title="bbox 2091 1646 3739 1719">
    <p class='ocr_par' dir='ltr' id='par_1_31' title="bbox 2091 1646 3739 1719">
     <span class='ocr_line' id='line_1_31' title="bbox 2091 1646 3739 1719; baseline 0.002 -18"><span class='ocrx_word' id='word_1_202' title='bbox 2091 1648 2349 1719; x_wconf 92' lang='lat' dir='ltr'><strong>ptiacum</strong></span> <span class='ocrx_word' id='word_1_203' title='bbox 2386 1647 2813 1701; x_wconf 88' lang='lat' dir='ltr'><strong>meditarentur</strong></span> <span class='ocrx_word' id='word_1_204' title='bbox 2838 1648 2969 1718; x_wconf 84' lang='grc'><strong>(17).</strong></span> <span class='ocrx_word' id='word_1_205' title='bbox 2993 1646 3213 1701; x_wconf 92' lang='lat' dir='ltr'><strong>Horum</strong></span> <span class='ocrx_word' id='word_1_206' title='bbox 3246 1648 3401 1703; x_wconf 76' lang='lat'><strong>124</strong></span> <span class='ocrx_word' id='word_1_207' title='bbox 3428 1647 3739 1718; x_wconf 63' lang='lat' dir='ltr'><strong>{annorum</strong></span> 
     </span>
    </p>
   </div>
   <div class='ocr_carea' id='block_1_32' title="bbox 2092 1734 3737 1807">
    <p class='ocr_par' dir='ltr' id='par_1_32' title="bbox 2092 1734 3737 1807">
     <span class='ocr_line' id='line_1_32' title="bbox 2092 1734 3737 1807; baseline 0.003 -16"><span class='ocrx_word' id='word_1_208' title='bbox 2092 1738 2346 1807; x_wconf 91' lang='lat' dir='ltr'><strong>primum</strong></span> <span class='ocrx_word' id='word_1_209' title='bbox 2380 1736 2577 1791; x_wconf 90' lang='lat' dir='ltr'><strong>statim</strong></span> <span class='ocrx_word' id='word_1_210' title='bbox 2594 1734 2687 1790; x_wconf 90' lang='lat' dir='ltr'><strong>hic</strong></span> <span class='ocrx_word' id='word_1_211' title='bbox 2718 1734 3162 1806; x_wconf 87' lang='lat' dir='ltr'><strong>intelligendum</strong></span> <span class='ocrx_word' id='word_1_212' title='bbox 3179 1753 3291 1791; x_wconf 89' lang='lat' dir='ltr'><strong>non</strong></span> <span class='ocrx_word' id='word_1_213' title='bbox 3307 1752 3437 1791; x_wconf 86' lang='lat' dir='ltr'><strong>esse</strong></span> <span class='ocrx_word' id='word_1_214' title='bbox 3468 1738 3737 1796; x_wconf 82' lang='lat' dir='ltr'><strong>defendo.</strong></span> 
     </span>
    </p>
   </div>
   <div class='ocr_carea' id='block_1_33' title="bbox 317 1821 3739 1930">
    <p class='ocr_par' dir='ltr' id='par_1_33' title="bbox 317 1821 3739 1930">
     <span class='ocr_line' id='line_1_33' title="bbox 317 1821 3739 1930; baseline -0.001 -43"><span class='ocrx_word' id='word_1_215' title='bbox 317 1834 394 1887; x_wconf 87' lang='lat' dir='ltr'><strong>de</strong></span> <span class='ocrx_word' id='word_1_216' title='bbox 426 1830 725 1903; x_wconf 82' lang='lat' dir='ltr'><strong>fugiendis</strong></span> <span class='ocrx_word' id='word_1_217' title='bbox 758 1828 851 1894; x_wconf 91' lang='lat' dir='ltr'><strong>iis,</strong></span> <span class='ocrx_word' id='word_1_218' title='bbox 901 1842 1026 1898; x_wconf 57' lang='lat' dir='ltr'><strong>quae</strong></span> <span class='ocrx_word' id='word_1_219' title='bbox 1080 1824 1167 1879; x_wconf 90' lang='lat' dir='ltr'><strong>vel</strong></span> <span class='ocrx_word' id='word_1_220' title='bbox 1223 1823 1527 1878; x_wconf 86' lang='lat' dir='ltr'><strong>minimam</strong></span> <span class='ocrx_word' id='word_1_221' title='bbox 1580 1821 1978 1893; x_wconf 77' lang='lat' dir='ltr'><strong>suspicionem</strong></span> <span class='ocrx_word' id='word_1_222' title='bbox 2012 1867 2059 1930; x_wconf 78' lang='grc' dir='ltr'><strong>Β</strong></span> <span class='ocrx_word' id='word_1_223' title='bbox 2094 1826 2315 1880; x_wconf 84' lang='lat' dir='ltr'><strong>Etenim</strong></span> <span class='ocrx_word' id='word_1_224' title='bbox 2349 1824 2639 1895; x_wconf 84' lang='lat' dir='ltr'><strong>disputari</strong></span> <span class='ocrx_word' id='word_1_225' title='bbox 2684 1828 2899 1896; x_wconf 87' lang='lat' dir='ltr'><strong>potest,</strong></span> <span class='ocrx_word' id='word_1_226' title='bbox 2949 1828 3146 1879; x_wconf 90' lang='lat' dir='ltr'><strong>utrum</strong></span> <span class='ocrx_word' id='word_1_227' title='bbox 3187 1824 3295 1879; x_wconf 88' lang='lat' dir='ltr'><strong>hoc</strong></span> <span class='ocrx_word' id='word_1_228' title='bbox 3325 1825 3739 1897; x_wconf 89' lang='lat' dir='ltr'><strong>gladiatorium</strong></span> 
     </span>
    </p>
   </div>
   <div class='ocr_carea' id='block_1_34' title="bbox 316 1912 1981 1982">
    <p class='ocr_par' dir='ltr' id='par_1_34' title="bbox 316 1912 1981 1982">
     <span class='ocr_line' id='line_1_34' title="bbox 316 1912 1981 1982; baseline -0.007 -7"><span class='ocrx_word' id='word_1_229' title='bbox 316 1919 520 1975; x_wconf 89' lang='lat' dir='ltr'><strong>cultus</strong></span> <span class='ocrx_word' id='word_1_230' title='bbox 552 1916 1093 1975; x_wconf 90' lang='lat' dir='ltr'><strong>commentitiorum</strong></span> <span class='ocrx_word' id='word_1_231' title='bbox 1125 1913 1364 1968; x_wconf 87' lang='lat' dir='ltr'><strong>deorum</strong></span> <span class='ocrx_word' id='word_1_232' title='bbox 1400 1912 1649 1966; x_wconf 85' lang='lat' dir='ltr'><strong>excitare</strong></span> <span class='ocrx_word' id='word_1_233' title='bbox 1698 1914 1981 1982; x_wconf 85' lang='lat' dir='ltr'><strong>possent;</strong></span> 
     </span>
    </p>
   </div>
   <div class='ocr_carea' id='block_1_35' title="bbox 317 2000 1979 2067">
    <p class='ocr_par' dir='ltr' id='par_1_35' title="bbox 317 2000 1979 2067">
     <span class='ocr_line' id='line_1_35' title="bbox 317 2000 1979 2067; baseline -0.007 -2"><span class='ocrx_word' id='word_1_234' title='bbox 317 2010 426 2065; x_wconf 89' lang='lat' dir='ltr'><strong>ubi</strong></span> <span class='ocrx_word' id='word_1_235' title='bbox 474 2010 865 2065; x_wconf 84' lang='lat' dir='ltr'><strong>disserentem</strong></span> <span class='ocrx_word' id='word_1_236' title='bbox 914 2005 1111 2060; x_wconf 88' lang='lat' dir='ltr'><strong>audiet</strong></span> <span class='ocrx_word' id='word_1_237' title='bbox 1162 2000 1609 2067; x_wconf 88' lang='lat' dir='ltr'><strong>Tertullianum,</strong></span> <span class='ocrx_word' id='word_1_238' title='bbox 1682 2017 1797 2054; x_wconf 90' lang='lat' dir='ltr'><strong>non</strong></span> <span class='ocrx_word' id='word_1_239' title='bbox 1846 2016 1979 2054; x_wconf 88' lang='lat' dir='ltr'><strong>eum</strong></span> 
     </span>
    </p>
   </div>
   <div class='ocr_carea' id='block_1_36' title="bbox 315 2090 1976 2173">
    <p class='ocr_par' dir='ltr' id='par_1_36' title="bbox 315 2090 1976 2173">
     <span class='ocr_line' id='line_1_36' title="bbox 315 2090 1976 2173; baseline -0.007 -18"><span class='ocrx_word' id='word_1_240' title='bbox 315 2100 566 2173; x_wconf 89' lang='lat' dir='ltr'><strong>quidem</strong></span> <span class='ocrx_word' id='word_1_241' title='bbox 629 2096 955 2169; x_wconf 88' lang='lat' dir='ltr'><strong>placidum,</strong></span> <span class='ocrx_word' id='word_1_242' title='bbox 1015 2093 1373 2161; x_wconf 89' lang='lat' dir='ltr'><strong>modestum,</strong></span> <span class='ocrx_word' id='word_1_243' title='bbox 1426 2096 1601 2162; x_wconf 89' lang='lat' dir='ltr'><strong>atque</strong></span> <span class='ocrx_word' id='word_1_244' title='bbox 1658 2090 1976 2155; x_wconf 89' lang='lat' dir='ltr'><strong>cedentem,</strong></span> 
     </span>
    </p>
   </div>
   <div class='ocr_carea' id='block_1_37' title="bbox 312 2179 1981 2252">
    <p class='ocr_par' dir='ltr' id='par_1_37' title="bbox 312 2179 1981 2252">
     <span class='ocr_line' id='line_1_37' title="bbox 312 2179 1981 2252; baseline -0.007 -7"><span class='ocrx_word' id='word_1_245' title='bbox 312 2190 422 2246; x_wconf 88' lang='lat' dir='ltr'><strong>sed</strong></span> <span class='ocrx_word' id='word_1_246' title='bbox 456 2191 787 2252; x_wconf 88' lang='lat' dir='ltr'><strong>austerum,</strong></span> <span class='ocrx_word' id='word_1_247' title='bbox 820 2184 922 2238; x_wconf 90' lang='lat' dir='ltr'><strong>sed</strong></span> <span class='ocrx_word' id='word_1_248' title='bbox 957 2181 1384 2248; x_wconf 88' lang='lat' dir='ltr'><strong>vehementem,</strong></span> <span class='ocrx_word' id='word_1_249' title='bbox 1416 2180 1516 2233; x_wconf 91' lang='lat' dir='ltr'><strong>sed</strong></span> <span class='ocrx_word' id='word_1_250' title='bbox 1568 2180 1654 2233; x_wconf 90' lang='lat' dir='ltr'><strong>ira</strong></span> <span class='ocrx_word' id='word_1_251' title='bbox 1702 2179 1981 2233; x_wconf 88' lang='lat' dir='ltr'><strong>adversus</strong></span> 
     </span>
    </p>
   </div>
   <div class='ocr_carea' id='block_1_38' title="bbox 312 2268 1979 2335">
    <p class='ocr_par' dir='ltr' id='par_1_38' title="bbox 312 2268 1979 2335">
     <span class='ocr_line' id='line_1_38' title="bbox 312 2268 1979 2335; baseline -0.008 -1"><span class='ocrx_word' id='word_1_252' title='bbox 312 2294 495 2335; x_wconf 89' lang='lat' dir='ltr'><strong>secus</strong></span> <span class='ocrx_word' id='word_1_253' title='bbox 520 2274 843 2332; x_wconf 84' lang='lat' dir='ltr'><strong>sentientes</strong></span> <span class='ocrx_word' id='word_1_254' title='bbox 874 2270 1218 2327; x_wconf 90' lang='lat' dir='ltr'><strong>mirabiliter</strong></span> <span class='ocrx_word' id='word_1_255' title='bbox 1256 2269 1589 2335; x_wconf 89' lang='lat' dir='ltr'><strong>incensum,</strong></span> <span class='ocrx_word' id='word_1_256' title='bbox 1626 2272 1687 2321; x_wconf 89' lang='lat' dir='ltr'><strong>ut</strong></span> <span class='ocrx_word' id='word_1_257' title='bbox 1718 2268 1833 2321; x_wconf 84' lang='lat' dir='ltr'><strong>fere</strong></span> <span class='ocrx_word' id='word_1_258' title='bbox 1886 2284 1979 2321; x_wconf 84' lang='lat' dir='ltr'><strong>so-</strong></span> 
     </span>
    </p>
   </div>
   <div class='ocr_carea' id='block_1_39' title="bbox 313 2354 1981 2436">
    <p class='ocr_par' dir='ltr' id='par_1_39' title="bbox 313 2354 1981 2436">
     <span class='ocr_line' id='line_1_39' title="bbox 313 2354 1981 2436; baseline -0.009 -13"><span class='ocrx_word' id='word_1_259' title='bbox 313 2369 443 2424; x_wconf 85' lang='lat' dir='ltr'><strong>ient</strong></span> <span class='ocrx_word' id='word_1_260' title='bbox 472 2364 645 2436; x_wconf 88' lang='lat' dir='ltr'><strong>ii,qui</strong></span> <span class='ocrx_word' id='word_1_261' title='bbox 680 2363 853 2417; x_wconf 92' lang='lat' dir='ltr'><strong>modo</strong></span> <span class='ocrx_word' id='word_1_262' title='bbox 885 2361 956 2416; x_wconf 89' lang='lat' dir='ltr'><strong>ad</strong></span> <span class='ocrx_word' id='word_1_263' title='bbox 982 2357 1357 2430; x_wconf 86' lang='lat' dir='ltr'><strong>disciplinam</strong></span> <span class='ocrx_word' id='word_1_264' title='bbox 1379 2356 1635 2427; x_wconf 87' lang='lat' dir='ltr'><strong>aliquam</strong></span> <span class='ocrx_word' id='word_1_265' title='bbox 1666 2354 1981 2427; x_wconf 86' lang='lat' dir='ltr'><strong>progressi,</strong></span> 
     </span>
    </p>
   </div>
   <div class='ocr_carea' id='block_1_40' title="bbox 314 2443 1976 2529">
    <p class='ocr_par' dir='ltr' id='par_1_40' title="bbox 314 2443 1976 2529">
     <span class='ocr_line' id='line_1_40' title="bbox 314 2443 1976 2529; baseline -0.008 -18"><span class='ocrx_word' id='word_1_266' title='bbox 314 2456 649 2529; x_wconf 89' lang='lat' dir='ltr'><strong>plurimum</strong></span> <span class='ocrx_word' id='word_1_267' title='bbox 697 2450 809 2506; x_wconf 89' lang='lat' dir='ltr'><strong>sibi</strong></span> <span class='ocrx_word' id='word_1_268' title='bbox 874 2464 1079 2521; x_wconf 88' lang='lat' dir='ltr'><strong>sapere</strong></span> <span class='ocrx_word' id='word_1_269' title='bbox 1146 2447 1441 2502; x_wconf 89' lang='lat' dir='ltr'><strong>videntur.</strong></span> <span class='ocrx_word' id='word_1_270' title='bbox 1504 2444 1759 2499; x_wconf 85' lang='lat' dir='ltr'><strong>Alterius</strong></span> <span class='ocrx_word' id='word_1_271' title='bbox 1821 2443 1976 2499; x_wconf 91' lang='lat' dir='ltr'><strong>enim</strong></span> 
     </span>
    </p>
   </div>
   <div class='ocr_carea' id='block_1_41' title="bbox 315 2534 1980 2611">
    <p class='ocr_par' dir='ltr' id='par_1_41' title="bbox 315 2534 1980 2611">
     <span class='ocr_line' id='line_1_41' title="bbox 315 2534 1980 2611; baseline -0.008 -10"><span class='ocrx_word' id='word_1_272' title='bbox 315 2551 491 2601; x_wconf 80' lang='lat' dir='ltr'><strong>sectae</strong></span> <span class='ocrx_word' id='word_1_273' title='bbox 523 2546 771 2611; x_wconf 77' lang='lat' dir='ltr'><strong>pastores</strong></span> <span class='ocrx_word' id='word_1_274' title='bbox 804 2540 946 2594; x_wconf 91' lang='lat' dir='ltr'><strong>dum</strong></span> <span class='ocrx_word' id='word_1_275' title='bbox 980 2537 1060 2591; x_wconf 90' lang='lat' dir='ltr'><strong>ait</strong></span> <span class='ocrx_word' id='word_1_276' title='bbox 1089 2552 1217 2593; x_wconf 89' lang='lat' dir='ltr'><strong>esse</strong></span> <span class='ocrx_word' id='word_1_277' title='bbox 1250 2536 1307 2590; x_wconf 87' lang='lat' dir='ltr'><strong>in</strong></span> <span class='ocrx_word' id='word_1_278' title='bbox 1338 2551 1469 2607; x_wconf 86' lang='lat' dir='ltr'><strong>pace</strong></span> <span class='ocrx_word' id='word_1_279' title='bbox 1483 2535 1749 2599; x_wconf 84' lang='lat' dir='ltr'><strong>leones,in</strong></span> <span class='ocrx_word' id='word_1_280' title='bbox 1780 2534 1980 2605; x_wconf 69' lang='lat' dir='ltr'><strong>praelia</strong></span> 
     </span>
    </p>
   </div>
   <div class='ocr_carea' id='block_1_42' title="bbox 312 2623 1971 2701">
    <p class='ocr_par' dir='ltr' id='par_1_42' title="bbox 312 2623 1971 2701">
     <span class='ocr_line' id='line_1_42' title="bbox 312 2623 1971 2701; baseline -0.008 -12"><span class='ocrx_word' id='word_1_281' title='bbox 312 2649 522 2697; x_wconf 80' lang='lat' dir='ltr'><strong>cervos,</strong></span> <span class='ocrx_word' id='word_1_282' title='bbox 556 2645 753 2701; x_wconf 84' lang='lat' dir='ltr'><strong>eosque</strong></span> <span class='ocrx_word' id='word_1_283' title='bbox 798 2630 1073 2698; x_wconf 87' lang='lat' dir='ltr'><strong>respuisse</strong></span> <span class='ocrx_word' id='word_1_284' title='bbox 1124 2626 1367 2697; x_wconf 86' lang='lat' dir='ltr'><strong>Spiritus</strong></span> <span class='ocrx_word' id='word_1_285' title='bbox 1405 2625 1586 2679; x_wconf 78' lang='lat' dir='ltr'><strong>sancti</strong></span> <span class='ocrx_word' id='word_1_286' title='bbox 1628 2623 1971 2694; x_wconf 69' lang='lat' dir='ltr'><strong>propheticis,</strong></span> 
     </span>
    </p>
   </div>
   <div class='ocr_carea' id='block_1_43' title="bbox 320 2711 1981 2795">
    <p class='ocr_par' dir='ltr' id='par_1_43' title="bbox 320 2711 1981 2795">
     <span class='ocr_line' id='line_1_43' title="bbox 320 2711 1981 2795; baseline -0.008 -16"><span class='ocrx_word' id='word_1_287' title='bbox 320 2726 572 2795; x_wconf 85' lang='lat' dir='ltr'><strong>apparet</strong></span> <span class='ocrx_word' id='word_1_288' title='bbox 622 2736 764 2774; x_wconf 87' lang='lat' dir='ltr'><strong>sane</strong></span> <span class='ocrx_word' id='word_1_289' title='bbox 802 2715 1059 2772; x_wconf 83' lang='lat' dir='ltr'><strong>Montani</strong></span> <span class='ocrx_word' id='word_1_290' title='bbox 1110 2715 1464 2785; x_wconf 91' lang='lat' dir='ltr'><strong>discipulum</strong></span> <span class='ocrx_word' id='word_1_291' title='bbox 1511 2712 1604 2767; x_wconf 92' lang='lat' dir='ltr'><strong>hic</strong></span> <span class='ocrx_word' id='word_1_292' title='bbox 1636 2711 1817 2783; x_wconf 89' lang='lat' dir='ltr'><strong>loqui,</strong></span> <span class='ocrx_word' id='word_1_293' title='bbox 1866 2728 1981 2766; x_wconf 91' lang='lat' dir='ltr'><strong>non</strong></span> 
     </span>
    </p>
   </div>
   <div class='ocr_carea' id='block_1_44' title="bbox 330 2800 1986 2873">
    <p class='ocr_par' dir='ltr' id='par_1_44' title="bbox 330 2800 1986 2873">
     <span class='ocr_line' id='line_1_44' title="bbox 330 2800 1986 2873; baseline -0.008 -6"><span class='ocrx_word' id='word_1_294' title='bbox 330 2803 1517 2873; x_wconf 69' lang='lat' dir='ltr'><strong>communisEcclesitesodalemNamque</strong></span> <span class='ocrx_word' id='word_1_295' title='bbox 1549 2800 1642 2855; x_wconf 90' lang='lat' dir='ltr'><strong>his</strong></span> <span class='ocrx_word' id='word_1_296' title='bbox 1691 2800 1882 2855; x_wconf 91' lang='lat' dir='ltr'><strong>verbis</strong></span> <span class='ocrx_word' id='word_1_297' title='bbox 1928 2804 1986 2856; x_wconf 90' lang='lat' dir='ltr'><strong>et</strong></span> 
     </span>
    </p>
   </div>
   <div class='ocr_carea' id='block_1_45' title="bbox 329 2890 1981 2969">
    <p class='ocr_par' dir='ltr' id='par_1_45' title="bbox 329 2890 1981 2969">
     <span class='ocr_line' id='line_1_45' title="bbox 329 2890 1981 2969; baseline -0.007 -15"><span class='ocrx_word' id='word_1_298' title='bbox 329 2899 488 2954; x_wconf 88' lang='lat' dir='ltr'><strong>alius</strong></span> <span class='ocrx_word' id='word_1_299' title='bbox 520 2914 583 2952; x_wconf 86' lang='lat' dir='ltr'><strong>se</strong></span> <span class='ocrx_word' id='word_1_300' title='bbox 616 2896 809 2969; x_wconf 87' lang='lat' dir='ltr'><strong>gregis</strong></span> <span class='ocrx_word' id='word_1_301' title='bbox 842 2911 970 2949; x_wconf 82' lang='lat' dir='ltr'><strong>esse</strong></span> <span class='ocrx_word' id='word_1_302' title='bbox 1004 2893 1309 2965; x_wconf 81' lang='lat' dir='ltr'><strong>proﬁtetur</strong></span> <span class='ocrx_word' id='word_1_303' title='bbox 1338 2908 1400 2945; x_wconf 88' lang='lat' dir='ltr'><strong>ac</strong></span> <span class='ocrx_word' id='word_1_304' title='bbox 1445 2890 1503 2956; x_wconf 88' lang='lat' dir='ltr'><strong>ii,</strong></span> <span class='ocrx_word' id='word_1_305' title='bbox 1554 2906 1801 2959; x_wconf 85' lang='lat' dir='ltr'><strong>quorum</strong></span> <span class='ocrx_word' id='word_1_306' title='bbox 1846 2890 1981 2944; x_wconf 87' lang='lat' dir='ltr'><strong>doc-</strong></span> 
     </span>
    </p>
   </div>
   <div class='ocr_carea' id='block_1_46' title="bbox 325 2978 1982 3058">
    <p class='ocr_par' dir='ltr' id='par_1_46' title="bbox 325 2978 1982 3058">
     <span class='ocr_line' id='line_1_46' title="bbox 325 2978 1982 3058; baseline -0.008 -13"><span class='ocrx_word' id='word_1_307' title='bbox 325 2994 485 3045; x_wconf 90' lang='lat' dir='ltr'><strong>tores</strong></span> <span class='ocrx_word' id='word_1_308' title='bbox 519 2988 852 3058; x_wconf 88' lang='lat' dir='ltr'><strong>impugnat,</strong></span> <span class='ocrx_word' id='word_1_309' title='bbox 886 2987 942 3038; x_wconf 89' lang='lat' dir='ltr'><strong>et</strong></span> <span class='ocrx_word' id='word_1_310' title='bbox 973 2982 1112 3054; x_wconf 93' lang='lat' dir='ltr'><strong>quid</strong></span> <span class='ocrx_word' id='word_1_311' title='bbox 1154 2997 1328 3037; x_wconf 91' lang='lat' dir='ltr'><strong>suum</strong></span> <span class='ocrx_word' id='word_1_312' title='bbox 1379 2981 1658 3035; x_wconf 87' lang='lat' dir='ltr'><strong>adversus</strong></span> <span class='ocrx_word' id='word_1_313' title='bbox 1708 2996 1805 3034; x_wconf 91' lang='lat' dir='ltr'><strong>eos</strong></span> <span class='ocrx_word' id='word_1_314' title='bbox 1858 2978 1982 3033; x_wconf 89' lang='lat' dir='ltr'><strong>ani-</strong></span> 
     </span>
    </p>
   </div>
   <div class='ocr_carea' id='block_1_47' title="bbox 327 3066 1981 3144">
    <p class='ocr_par' dir='ltr' id='par_1_47' title="bbox 327 3066 1981 3144">
     <span class='ocr_line' id='line_1_47' title="bbox 327 3066 1981 3144; baseline -0.007 -11"><span class='ocrx_word' id='word_1_315' title='bbox 327 3094 497 3133; x_wconf 88' lang='lat' dir='ltr'><strong>mum</strong></span> <span class='ocrx_word' id='word_1_316' title='bbox 532 3072 861 3143; x_wconf 88' lang='lat' dir='ltr'><strong>concitarit,</strong></span> <span class='ocrx_word' id='word_1_317' title='bbox 898 3069 1456 3144; x_wconf 82' lang='lat' dir='ltr'><strong>perspicueindicat,</strong></span> <span class='ocrx_word' id='word_1_318' title='bbox 1506 3068 1785 3123; x_wconf 88' lang='lat' dir='ltr'><strong>nimirum</strong></span> <span class='ocrx_word' id='word_1_319' title='bbox 1812 3066 1981 3138; x_wconf 89' lang='lat' dir='ltr'><strong>illud,</strong></span> 
     </span>
    </p>
   </div>
   <div class='ocr_carea' id='block_1_48' title="bbox 327 3157 1982 3237">
    <p class='ocr_par' dir='ltr' id='par_1_48' title="bbox 327 3157 1982 3237">
     <span class='ocr_line' id='line_1_48' title="bbox 327 3157 1982 3237; baseline -0.007 -16"><span class='ocrx_word' id='word_1_320' title='bbox 327 3166 489 3237; x_wconf 88' lang='lat' dir='ltr'><strong>quod</strong></span> <span class='ocrx_word' id='word_1_321' title='bbox 518 3180 724 3220; x_wconf 89' lang='lat' dir='ltr'><strong>secum</strong></span> <span class='ocrx_word' id='word_1_322' title='bbox 756 3162 959 3216; x_wconf 88' lang='lat' dir='ltr'><strong>eadem</strong></span> <span class='ocrx_word' id='word_1_323' title='bbox 1002 3158 1283 3215; x_wconf 87' lang='lat' dir='ltr'><strong>Paracleti</strong></span> <span class='ocrx_word' id='word_1_324' title='bbox 1332 3158 1818 3213; x_wconf 83' lang='lat' dir='ltr'><strong>Montanistarum</strong></span> <span class='ocrx_word' id='word_1_325' title='bbox 1880 3157 1982 3211; x_wconf 92' lang='lat' dir='ltr'><strong>de-</strong></span> 
     </span>
    </p>
   </div>
   <div class='ocr_carea' id='block_1_49' title="bbox 2093 1912 3740 1986">
    <p class='ocr_par' dir='ltr' id='par_1_49' title="bbox 2093 1912 3740 1986">
     <span class='ocr_line' id='line_1_49' title="bbox 2093 1912 3740 1986; baseline 0.001 -16"><span class='ocrx_word' id='word_1_326' title='bbox 2093 1932 2309 1970; x_wconf 89' lang='lat' dir='ltr'><strong>munus</strong></span> <span class='ocrx_word' id='word_1_327' title='bbox 2358 1918 2414 1969; x_wconf 92' lang='lat' dir='ltr'><strong>et</strong></span> <span class='ocrx_word' id='word_1_328' title='bbox 2461 1912 2848 1983; x_wconf 90' lang='lat' dir='ltr'><strong>congiarium,</strong></span> <span class='ocrx_word' id='word_1_329' title='bbox 2897 1912 3071 1983; x_wconf 61' lang='lat' dir='ltr'><strong>{quod</strong></span> <span class='ocrx_word' id='word_1_330' title='bbox 3135 1912 3309 1967; x_wconf 88' lang='lat' dir='ltr'><strong>habet</strong></span> <span class='ocrx_word' id='word_1_331' title='bbox 3373 1915 3740 1986; x_wconf 88' lang='lat' dir='ltr'><strong>Spartianus,</strong></span> 
     </span>
    </p>
   </div>
   <div class='ocr_carea' id='block_1_50' title="bbox 2091 2001 3741 2076">
    <p class='ocr_par' dir='ltr' id='par_1_50' title="bbox 2091 2001 3741 2076">
     <span class='ocr_line' id='line_1_50' title="bbox 2091 2001 3741 2076; baseline 0.002 -19"><span class='ocrx_word' id='word_1_332' title='bbox 2091 2004 2243 2059; x_wconf 90' lang='lat' dir='ltr'><strong>idem</strong></span> <span class='ocrx_word' id='word_1_333' title='bbox 2278 2003 2355 2058; x_wconf 87' lang='lat' dir='ltr'><strong>sit</strong></span> <span class='ocrx_word' id='word_1_334' title='bbox 2379 2020 2443 2057; x_wconf 89' lang='lat' dir='ltr'><strong>ac</strong></span> <span class='ocrx_word' id='word_1_335' title='bbox 2472 2002 2641 2067; x_wconf 91' lang='lat' dir='ltr'><strong>illud,</strong></span> <span class='ocrx_word' id='word_1_336' title='bbox 2664 2001 2818 2072; x_wconf 92' lang='lat' dir='ltr'><strong>quod</strong></span> <span class='ocrx_word' id='word_1_337' title='bbox 2852 2002 3055 2056; x_wconf 88' lang='lat' dir='ltr'><strong>datum</strong></span> <span class='ocrx_word' id='word_1_338' title='bbox 3090 2018 3122 2057; x_wconf 90' lang='lat' dir='ltr'><strong>a</strong></span> <span class='ocrx_word' id='word_1_339' title='bbox 3150 2005 3355 2058; x_wconf 89' lang='lat' dir='ltr'><strong>Severo</strong></span> <span class='ocrx_word' id='word_1_340' title='bbox 3405 2004 3587 2059; x_wconf 87' lang='lat' dir='ltr'><strong>fuisse</strong></span> <span class='ocrx_word' id='word_1_341' title='bbox 3636 2021 3741 2076; x_wconf 92' lang='lat' dir='ltr'><strong>po-</strong></span> 
     </span>
    </p>
   </div>
   <div class='ocr_carea' id='block_1_51' title="bbox 2092 2090 3739 2166">
    <p class='ocr_par' dir='ltr' id='par_1_51' title="bbox 2092 2090 3739 2166">
     <span class='ocr_line' id='line_1_51' title="bbox 2092 2090 3739 2166; baseline 0.002 -19"><span class='ocrx_word' id='word_1_342' title='bbox 2092 2094 2230 2166; x_wconf 91' lang='lat' dir='ltr'><strong>pulo</strong></span> <span class='ocrx_word' id='word_1_343' title='bbox 2263 2093 2626 2147; x_wconf 87' lang='lat' dir='ltr'><strong>Herodianus</strong></span> <span class='ocrx_word' id='word_1_344' title='bbox 2649 2090 2825 2145; x_wconf 88' lang='lat' dir='ltr'><strong>refert</strong></span> <span class='ocrx_word' id='word_1_345' title='bbox 2856 2090 2976 2161; x_wconf 92' lang='lat' dir='ltr'><strong>(lib.</strong></span> <span class='ocrx_word' id='word_1_346' title='bbox 3004 2107 3085 2156; x_wconf 82' lang='lat' dir='ltr'><strong>Ill,</strong></span> <span class='ocrx_word' id='word_1_347' title='bbox 3122 2106 3171 2145; x_wconf 91' lang='lat' dir='ltr'><strong>c.</strong></span> <span class='ocrx_word' id='word_1_348' title='bbox 3220 2091 3275 2159; x_wconf 92' lang='lat'><strong>8,</strong></span> <span class='ocrx_word' id='word_1_349' title='bbox 3310 2092 3402 2149; x_wconf 92' lang='lat' dir='ltr'><strong>ed.</strong></span> <span class='ocrx_word' id='word_1_350' title='bbox 3455 2092 3621 2149; x_wconf 90' lang='lat' dir='ltr'><strong>Boec.</strong></span> <span class='ocrx_word' id='word_1_351' title='bbox 3680 2111 3739 2166; x_wconf 91' lang='lat' dir='ltr'><strong>p.</strong></span> 
     </span>
    </p>
   </div>
   <div class='ocr_carea' id='block_1_52' title="bbox 2098 2180 3740 2253">
    <p class='ocr_par' dir='ltr' id='par_1_52' title="bbox 2098 2180 3740 2253">
     <span class='ocr_line' id='line_1_52' title="bbox 2098 2180 3740 2253; baseline 0.001 -15"><span class='ocrx_word' id='word_1_352' title='bbox 2098 2184 2214 2250; x_wconf 83' lang='grc'><strong>145)</strong></span> <span class='ocrx_word' id='word_1_353' title='bbox 2247 2199 2312 2237; x_wconf 94' lang='lat' dir='ltr'><strong>eo</strong></span> <span class='ocrx_word' id='word_1_354' title='bbox 2346 2186 2621 2253; x_wconf 88' lang='lat' dir='ltr'><strong>tempore,</strong></span> <span class='ocrx_word' id='word_1_355' title='bbox 2658 2197 2775 2252; x_wconf 93' lang='lat' dir='ltr'><strong>quo</strong></span> <span class='ocrx_word' id='word_1_356' title='bbox 2801 2181 2873 2235; x_wconf 91' lang='lat' dir='ltr'><strong>ab</strong></span> <span class='ocrx_word' id='word_1_357' title='bbox 2903 2180 3116 2235; x_wconf 85' lang='lat' dir='ltr'><strong>Aibino</strong></span> <span class='ocrx_word' id='word_1_358' title='bbox 3147 2181 3296 2235; x_wconf 89' lang='lat' dir='ltr'><strong>victo</strong></span> <span class='ocrx_word' id='word_1_359' title='bbox 3348 2181 3592 2238; x_wconf 82' lang='lat' dir='ltr'><strong>Romam</strong></span> <span class='ocrx_word' id='word_1_360' title='bbox 3651 2201 3740 2240; x_wconf 89' lang='lat' dir='ltr'><strong>re-</strong></span> 
     </span>
    </p>
   </div>
   <div class='ocr_carea' id='block_1_53' title="bbox 2092 2269 3737 2343">
    <p class='ocr_par' dir='ltr' id='par_1_53' title="bbox 2092 2269 3737 2343">
     <span class='ocr_line' id='line_1_53' title="bbox 2092 2269 3737 2343; baseline 0.001 -16"><span class='ocrx_word' id='word_1_361' title='bbox 2092 2273 2297 2327; x_wconf 88' lang='lat' dir='ltr'><strong>dierat.</strong></span> <span class='ocrx_word' id='word_1_362' title='bbox 2352 2276 2551 2343; x_wconf 87' lang='lat' dir='ltr'><strong>Neque</strong></span> <span class='ocrx_word' id='word_1_363' title='bbox 2599 2270 2756 2325; x_wconf 92' lang='lat' dir='ltr'><strong>enim</strong></span> <span class='ocrx_word' id='word_1_364' title='bbox 2796 2269 2972 2339; x_wconf 88' lang='lat' dir='ltr'><strong>objici</strong></span> <span class='ocrx_word' id='word_1_365' title='bbox 3008 2269 3183 2325; x_wconf 88' lang='lat' dir='ltr'><strong>debet</strong></span> <span class='ocrx_word' id='word_1_366' title='bbox 3230 2270 3310 2336; x_wconf 91' lang='lat' dir='ltr'><strong>id,</strong></span> <span class='ocrx_word' id='word_1_367' title='bbox 3353 2271 3737 2342; x_wconf 90' lang='lat' dir='ltr'><strong>Spantianum</strong></span> 
     </span>
    </p>
   </div>
   <div class='ocr_carea' id='block_1_54' title="bbox 2092 2358 3739 2432">
    <p class='ocr_par' dir='ltr' id='par_1_54' title="bbox 2092 2358 3739 2432">
     <span class='ocr_line' id='line_1_54' title="bbox 2092 2358 3739 2432; baseline 0.001 -16"><span class='ocrx_word' id='word_1_368' title='bbox 2092 2362 2205 2417; x_wconf 91' lang='lat' dir='ltr'><strong>alio</strong></span> <span class='ocrx_word' id='word_1_369' title='bbox 2238 2361 2364 2416; x_wconf 91' lang='lat' dir='ltr'><strong>loca</strong></span> <span class='ocrx_word' id='word_1_370' title='bbox 2395 2361 2476 2431; x_wconf 89' lang='lat' dir='ltr'><strong>(in</strong></span> <span class='ocrx_word' id='word_1_371' title='bbox 2510 2361 2637 2417; x_wconf 87' lang='lat' dir='ltr'><strong>Sev.</strong></span> <span class='ocrx_word' id='word_1_372' title='bbox 2692 2376 2740 2415; x_wconf 92' lang='lat' dir='ltr'><strong>c.</strong></span> <span class='ocrx_word' id='word_1_373' title='bbox 2800 2358 3092 2429; x_wconf 73' lang='lat' dir='ltr'><strong>12)idem,</strong></span> <span class='ocrx_word' id='word_1_374' title='bbox 3143 2360 3298 2430; x_wconf 91' lang='lat' dir='ltr'><strong>quod</strong></span> <span class='ocrx_word' id='word_1_375' title='bbox 3348 2360 3546 2415; x_wconf 89' lang='lat' dir='ltr'><strong>statim</strong></span> <span class='ocrx_word' id='word_1_376' title='bbox 3608 2367 3739 2432; x_wconf 90' lang='lat' dir='ltr'><strong>post</strong></span> 
     </span>
    </p>
   </div>
   <div class='ocr_carea' id='block_1_55' title="bbox 2092 2447 3737 2522">
    <p class='ocr_par' dir='ltr' id='par_1_55' title="bbox 2092 2447 3737 2522">
     <span class='ocr_line' id='line_1_55' title="bbox 2092 2447 3737 2522; baseline 0.001 -17"><span class='ocrx_word' id='word_1_377' title='bbox 2092 2451 2343 2506; x_wconf 89' lang='lat' dir='ltr'><strong>reditum</strong></span> <span class='ocrx_word' id='word_1_378' title='bbox 2376 2451 2622 2505; x_wconf 89' lang='lat' dir='ltr'><strong>Severus</strong></span> <span class='ocrx_word' id='word_1_379' title='bbox 2653 2447 2855 2517; x_wconf 90' lang='lat' dir='ltr'><strong>edidit,</strong></span> <span class='ocrx_word' id='word_1_380' title='bbox 2889 2463 3401 2505; x_wconf 89' lang='lat' dir='ltr'><strong>commemorasse.</strong></span> <span class='ocrx_word' id='word_1_381' title='bbox 3448 2449 3737 2522; x_wconf 90' lang='lat' dir='ltr'><strong>Namque,</strong></span> 
     </span>
    </p>
   </div>
   <div class='ocr_carea' id='block_1_56' title="bbox 2094 2535 3732 2609">
    <p class='ocr_par' dir='ltr' id='par_1_56' title="bbox 2094 2535 3732 2609">
     <span class='ocr_line' id='line_1_56' title="bbox 2094 2535 3732 2609; baseline 0.001 -16"><span class='ocrx_word' id='word_1_382' title='bbox 2094 2544 2157 2594; x_wconf 91' lang='lat' dir='ltr'><strong>ut</strong></span> <span class='ocrx_word' id='word_1_383' title='bbox 2186 2539 2558 2609; x_wconf 91' lang='lat' dir='ltr'><strong>Spartianum</strong></span> <span class='ocrx_word' id='word_1_384' title='bbox 2592 2555 2708 2592; x_wconf 92' lang='lat' dir='ltr'><strong>non</strong></span> <span class='ocrx_word' id='word_1_385' title='bbox 2742 2535 2932 2591; x_wconf 89' lang='lat' dir='ltr'><strong>dicam</strong></span> <span class='ocrx_word' id='word_1_386' title='bbox 2956 2536 3159 2591; x_wconf 88' lang='lat' dir='ltr'><strong>eadem</strong></span> <span class='ocrx_word' id='word_1_387' title='bbox 3207 2537 3427 2607; x_wconf 71' lang='lat' dir='ltr'><strong>smpius</strong></span> <span class='ocrx_word' id='word_1_388' title='bbox 3450 2542 3732 2609; x_wconf 87' lang='lat' dir='ltr'><strong>tanquam</strong></span> 
     </span>
    </p>
   </div>
   <div class='ocr_carea' id='block_1_57' title="bbox 2092 2625 3739 2700">
    <p class='ocr_par' dir='ltr' id='par_1_57' title="bbox 2092 2625 3739 2700">
     <span class='ocr_line' id='line_1_57' title="bbox 2092 2625 3739 2700; baseline 0 -17"><span class='ocrx_word' id='word_1_389' title='bbox 2092 2628 2322 2684; x_wconf 89' lang='lat' dir='ltr'><strong>diversa</strong></span> <span class='ocrx_word' id='word_1_390' title='bbox 2355 2633 2631 2699; x_wconf 87' lang='lat' dir='ltr'><strong>repetere,</strong></span> <span class='ocrx_word' id='word_1_391' title='bbox 2666 2628 2715 2681; x_wconf 92' lang='lat' dir='ltr'><strong>is</strong></span> <span class='ocrx_word' id='word_1_392' title='bbox 2748 2625 2982 2696; x_wconf 90' lang='lat' dir='ltr'><strong>quidem</strong></span> <span class='ocrx_word' id='word_1_393' title='bbox 3016 2642 3080 2681; x_wconf 90' lang='lat' dir='ltr'><strong>eo</strong></span> <span class='ocrx_word' id='word_1_394' title='bbox 3112 2626 3170 2682; x_wconf 90' lang='lat' dir='ltr'><strong>in</strong></span> <span class='ocrx_word' id='word_1_395' title='bbox 3201 2626 3327 2681; x_wconf 92' lang='lat' dir='ltr'><strong>loco</strong></span> <span class='ocrx_word' id='word_1_396' title='bbox 3376 2644 3489 2683; x_wconf 92' lang='lat' dir='ltr'><strong>non</strong></span> <span class='ocrx_word' id='word_1_397' title='bbox 3548 2628 3739 2700; x_wconf 90' lang='lat' dir='ltr'><strong>loqui-</strong></span> 
     </span>
    </p>
   </div>
   <div class='ocr_carea' id='block_1_58' title="bbox 2090 2714 3736 2789">
    <p class='ocr_par' dir='ltr' id='par_1_58' title="bbox 2090 2714 3736 2789">
     <span class='ocr_line' id='line_1_58' title="bbox 2090 2714 3736 2789; baseline 0.001 -17"><span class='ocrx_word' id='word_1_398' title='bbox 2090 2722 2188 2773; x_wconf 90' lang='lat' dir='ltr'><strong>tur</strong></span> <span class='ocrx_word' id='word_1_399' title='bbox 2243 2718 2314 2771; x_wconf 92' lang='lat' dir='ltr'><strong>de</strong></span> <span class='ocrx_word' id='word_1_400' title='bbox 2364 2716 2634 2772; x_wconf 89' lang='lat' dir='ltr'><strong>donativo</strong></span> <span class='ocrx_word' id='word_1_401' title='bbox 2680 2731 2957 2770; x_wconf 88' lang='lat' dir='ltr'><strong>concesso</strong></span> <span class='ocrx_word' id='word_1_402' title='bbox 3004 2714 3317 2784; x_wconf 89' lang='lat' dir='ltr'><strong>militibus,</strong></span> <span class='ocrx_word' id='word_1_403' title='bbox 3392 2718 3489 2772; x_wconf 91' lang='lat' dir='ltr'><strong>sed</strong></span> <span class='ocrx_word' id='word_1_404' title='bbox 3537 2718 3606 2773; x_wconf 93' lang='lat' dir='ltr'><strong>de</strong></span> <span class='ocrx_word' id='word_1_405' title='bbox 3650 2734 3736 2789; x_wconf 89' lang='lat' dir='ltr'><strong>eo,</strong></span> 
     </span>
    </p>
   </div>
   <div class='ocr_carea' id='block_1_59' title="bbox 2092 2803 3735 2877">
    <p class='ocr_par' dir='ltr' id='par_1_59' title="bbox 2092 2803 3735 2877">
     <span class='ocr_line' id='line_1_59' title="bbox 2092 2803 3735 2877; baseline 0.001 -16"><span class='ocrx_word' id='word_1_406' title='bbox 2092 2807 2242 2877; x_wconf 89' lang='lat' dir='ltr'><strong>quod</strong></span> <span class='ocrx_word' id='word_1_407' title='bbox 2309 2807 2553 2861; x_wconf 89' lang='lat' dir='ltr'><strong>Severus</strong></span> <span class='ocrx_word' id='word_1_408' title='bbox 2624 2803 2913 2858; x_wconf 90' lang='lat' dir='ltr'><strong>militibus</strong></span> <span class='ocrx_word' id='word_1_409' title='bbox 2976 2808 3207 2858; x_wconf 88' lang='lat' dir='ltr'><strong>tantum</strong></span> <span class='ocrx_word' id='word_1_410' title='bbox 3286 2806 3735 2876; x_wconf 89' lang='lat' dir='ltr'><strong>stipendiorum.</strong></span> 
     </span>
    </p>
   </div>
   <div class='ocr_carea' id='block_1_60' title="bbox 2093 2892 3739 2966">
    <p class='ocr_par' dir='ltr' id='par_1_60' title="bbox 2093 2892 3739 2966">
     <span class='ocr_line' id='line_1_60' title="bbox 2093 2892 3739 2966; baseline 0.001 -17"><span class='ocrx_word' id='word_1_411' title='bbox 2093 2899 2381 2966; x_wconf 90' lang='lat' dir='ltr'><strong>quantum</strong></span> <span class='ocrx_word' id='word_1_412' title='bbox 2405 2910 2573 2947; x_wconf 91' lang='lat' dir='ltr'><strong>nemo</strong></span> <span class='ocrx_word' id='word_1_413' title='bbox 2606 2892 2981 2963; x_wconf 88' lang='lat' dir='ltr'><strong>principium,</strong></span> <span class='ocrx_word' id='word_1_414' title='bbox 3015 2892 3257 2946; x_wconf 88' lang='lat' dir='ltr'><strong>dederit.</strong></span> <span class='ocrx_word' id='word_1_415' title='bbox 3282 2895 3445 2957; x_wconf 81' lang='lat' dir='ltr'><strong>Quod</strong></span> <span class='ocrx_word' id='word_1_416' title='bbox 3477 2894 3524 2949; x_wconf 91' lang='lat' dir='ltr'><strong>si</strong></span> <span class='ocrx_word' id='word_1_417' title='bbox 3556 2895 3739 2966; x_wconf 89' lang='lat' dir='ltr'><strong>igitur</strong></span> 
     </span>
    </p>
   </div>
   <div class='ocr_carea' id='block_1_61' title="bbox 2092 2982 3740 3055">
    <p class='ocr_par' dir='ltr' id='par_1_61' title="bbox 2092 2982 3740 3055">
     <span class='ocr_line' id='line_1_61' title="bbox 2092 2982 3740 3055; baseline 0.001 -16"><span class='ocrx_word' id='word_1_418' title='bbox 2092 2984 2247 3039; x_wconf 90' lang='lat' dir='ltr'><strong>idem</strong></span> <span class='ocrx_word' id='word_1_419' title='bbox 2280 2982 2643 3053; x_wconf 88' lang='lat' dir='ltr'><strong>congiarium</strong></span> <span class='ocrx_word' id='word_1_420' title='bbox 2668 2986 2913 3052; x_wconf 90' lang='lat' dir='ltr'><strong>uterque</strong></span> <span class='ocrx_word' id='word_1_421' title='bbox 2945 2982 3363 3052; x_wconf 80' lang='lat' dir='ltr'><strong>respexit,sane</strong></span> <span class='ocrx_word' id='word_1_422' title='bbox 3390 2982 3740 3055; x_wconf 88' lang='lat' dir='ltr'><strong>intelligitur</strong></span> 
     </span>
    </p>
   </div>
   <div class='ocr_carea' id='block_1_62' title="bbox 2094 3069 3736 3139">
    <p class='ocr_par' dir='ltr' id='par_1_62' title="bbox 2094 3069 3736 3139">
     <span class='ocr_line' id='line_1_62' title="bbox 2094 3069 3736 3139; baseline 0.001 -12"><span class='ocrx_word' id='word_1_423' title='bbox 2094 3090 2207 3127; x_wconf 90' lang='lat' dir='ltr'><strong>non</strong></span> <span class='ocrx_word' id='word_1_424' title='bbox 2238 3073 2391 3127; x_wconf 89' lang='lat' dir='ltr'><strong>idem</strong></span> <span class='ocrx_word' id='word_1_425' title='bbox 2413 3070 2667 3125; x_wconf 88' lang='lat' dir='ltr'><strong>voluisse</strong></span> <span class='ocrx_word' id='word_1_426' title='bbox 2692 3069 3280 3139; x_wconf 89' lang='lat' dir='ltr'><strong>Tertullianum,cum</strong></span> <span class='ocrx_word' id='word_1_427' title='bbox 3313 3088 3466 3126; x_wconf 90' lang='lat' dir='ltr'><strong>anno</strong></span> <span class='ocrx_word' id='word_1_428' title='bbox 3497 3072 3736 3128; x_wconf 91' lang='lat' dir='ltr'><strong>demum</strong></span> 
     </span>
    </p>
   </div>
   <div class='ocr_carea' id='block_1_63' title="bbox 2092 3157 3735 3230">
    <p class='ocr_par' dir='ltr' id='par_1_63' title="bbox 2092 3157 3735 3230">
     <span class='ocr_line' id='line_1_63' title="bbox 2092 3157 3735 3230; baseline 0.001 -15"><span class='ocrx_word' id='word_1_429' title='bbox 2092 3160 2379 3227; x_wconf 87' lang='lat' dir='ltr'><strong>CXCVIII,</strong></span> <span class='ocrx_word' id='word_1_430' title='bbox 2415 3178 2448 3214; x_wconf 91' lang='lat' dir='ltr'><strong>a</strong></span> <span class='ocrx_word' id='word_1_431' title='bbox 2477 3164 2683 3215; x_wconf 70' lang='lat' dir='ltr'><strong>senatu</strong></span> <span class='ocrx_word' id='word_1_432' title='bbox 2716 3157 2971 3230; x_wconf 87' lang='lat' dir='ltr'><strong>dignitas</strong></span> <span class='ocrx_word' id='word_1_433' title='bbox 3001 3162 3252 3230; x_wconf 88' lang='lat' dir='ltr'><strong>Augusti</strong></span> <span class='ocrx_word' id='word_1_434' title='bbox 3285 3159 3341 3215; x_wconf 91' lang='lat' dir='ltr'><strong>in</strong></span> <span class='ocrx_word' id='word_1_435' title='bbox 3376 3160 3735 3217; x_wconf 87' lang='lat' dir='ltr'><strong>Caracallum</strong></span> 
     </span>
    </p>
   </div>
   <div class='ocr_carea' id='block_1_64' title="bbox 328 3238 3735 3322">
    <p class='ocr_par' dir='ltr' id='par_1_64' title="bbox 328 3238 3735 3322">
     <span class='ocr_line' id='line_1_64' title="bbox 328 3238 3735 3322; baseline -0.001 -11"><span class='ocrx_word' id='word_1_436' title='bbox 328 3260 492 3311; x_wconf 88' lang='lat' dir='ltr'><strong>creta</strong></span> <span class='ocrx_word' id='word_1_437' title='bbox 524 3269 641 3308; x_wconf 90' lang='lat' dir='ltr'><strong>non</strong></span> <span class='ocrx_word' id='word_1_438' title='bbox 674 3251 921 3306; x_wconf 82' lang='lat' dir='ltr'><strong>fuissent</strong></span> <span class='ocrx_word' id='word_1_439' title='bbox 951 3247 1158 3303; x_wconf 87' lang='lat' dir='ltr'><strong>secuti.</strong></span> <span class='ocrx_word' id='word_1_440' title='bbox 1193 3247 1353 3303; x_wconf 89' lang='lat' dir='ltr'><strong>Hanc</strong></span> <span class='ocrx_word' id='word_1_441' title='bbox 1375 3247 1643 3302; x_wconf 90' lang='lat' dir='ltr'><strong>eamdem</strong></span> <span class='ocrx_word' id='word_1_442' title='bbox 1676 3245 1809 3301; x_wconf 89' lang='lat' dir='ltr'><strong>libri</strong></span> <span class='ocrx_word' id='word_1_443' title='bbox 1853 3260 1982 3301; x_wconf 91' lang='lat' dir='ltr'><strong>sec-</strong></span> <span class='ocrx_word' id='word_1_444' title='bbox 2017 3238 2059 3304; x_wconf 85' lang='lat' dir='ltr'><strong>C</strong></span> <span class='ocrx_word' id='word_1_445' title='bbox 2098 3251 2329 3305; x_wconf 87' lang='lat' dir='ltr'><strong>collata.</strong></span> <span class='ocrx_word' id='word_1_446' title='bbox 2364 3254 2580 3304; x_wconf 89' lang='lat' dir='ltr'><strong>Verum</strong></span> <span class='ocrx_word' id='word_1_447' title='bbox 2605 3250 2653 3303; x_wconf 90' lang='lat' dir='ltr'><strong>si</strong></span> <span class='ocrx_word' id='word_1_448' title='bbox 2686 3249 2860 3302; x_wconf 89' lang='lat' dir='ltr'><strong>detur</strong></span> <span class='ocrx_word' id='word_1_449' title='bbox 2894 3248 2949 3302; x_wconf 92' lang='lat' dir='ltr'><strong>id</strong></span> <span class='ocrx_word' id='word_1_450' title='bbox 2974 3248 3337 3314; x_wconf 88' lang='lat' dir='ltr'><strong>etiam,a|iud</strong></span> <span class='ocrx_word' id='word_1_451' title='bbox 3370 3250 3735 3322; x_wconf 80' lang='lat' dir='ltr'><strong>congiarium</strong></span> 
     </span>
    </p>
   </div>
   <div class='ocr_carea' id='block_1_65' title="bbox 325 3336 1983 3408">
    <p class='ocr_par' dir='ltr' id='par_1_65' title="bbox 325 3336 1983 3408">
     <span class='ocr_line' id='line_1_65' title="bbox 325 3336 1983 3408; baseline -0.007 -8"><span class='ocrx_word' id='word_1_452' title='bbox 325 3346 555 3401; x_wconf 86' lang='lat' dir='ltr'><strong>tionem</strong></span> <span class='ocrx_word' id='word_1_453' title='bbox 588 3341 661 3396; x_wconf 92' lang='lat' dir='ltr'><strong>iis</strong></span> <span class='ocrx_word' id='word_1_454' title='bbox 691 3340 883 3394; x_wconf 88' lang='lat' dir='ltr'><strong>verbis</strong></span> <span class='ocrx_word' id='word_1_455' title='bbox 906 3337 1151 3404; x_wconf 88' lang='lat' dir='ltr'><strong>orditur,</strong></span> <span class='ocrx_word' id='word_1_456' title='bbox 1187 3354 1313 3408; x_wconf 66' lang='lat' dir='ltr'><strong>quae</strong></span> <span class='ocrx_word' id='word_1_457' title='bbox 1339 3337 1516 3392; x_wconf 85' lang='lat' dir='ltr'><strong>fontis</strong></span> <span class='ocrx_word' id='word_1_458' title='bbox 1544 3336 1731 3391; x_wconf 89' lang='lat' dir='ltr'><strong>instar</strong></span> <span class='ocrx_word' id='word_1_459' title='bbox 1761 3340 1919 3404; x_wconf 91' lang='lat' dir='ltr'><strong>sunt,</strong></span> <span class='ocrx_word' id='word_1_460' title='bbox 1954 3350 1983 3389; x_wconf 90' lang='lat' dir='ltr'><strong>e</strong></span> 
     </span>
    </p>
   </div>
   <div class='ocr_carea' id='block_1_66' title="bbox 329 3425 1983 3505">
    <p class='ocr_par' dir='ltr' id='par_1_66' title="bbox 329 3425 1983 3505">
     <span class='ocr_line' id='line_1_66' title="bbox 329 3425 1983 3505; baseline -0.007 -16"><span class='ocrx_word' id='word_1_461' title='bbox 329 3450 453 3505; x_wconf 92' lang='lat' dir='ltr'><strong>quo</strong></span> <span class='ocrx_word' id='word_1_462' title='bbox 484 3430 681 3487; x_wconf 89' lang='lat' dir='ltr'><strong>omnis</strong></span> <span class='ocrx_word' id='word_1_463' title='bbox 734 3428 1061 3483; x_wconf 88' lang='lat' dir='ltr'><strong>haurienda</strong></span> <span class='ocrx_word' id='word_1_464' title='bbox 1110 3431 1198 3481; x_wconf 89' lang='lat' dir='ltr'><strong>est</strong></span> <span class='ocrx_word' id='word_1_465' title='bbox 1237 3426 1422 3481; x_wconf 72' lang='lat' dir='ltr'><strong>aztatis</strong></span> <span class='ocrx_word' id='word_1_466' title='bbox 1458 3425 1684 3481; x_wconf 91' lang='lat' dir='ltr'><strong>notitia.</strong></span> <span class='ocrx_word' id='word_1_467' title='bbox 1723 3426 1807 3479; x_wconf 90' lang='lat' dir='ltr'><strong>Ita</strong></span> <span class='ocrx_word' id='word_1_468' title='bbox 1851 3440 1983 3478; x_wconf 91' lang='lat' dir='ltr'><strong>vero</strong></span> 
     </span>
    </p>
   </div>
   <div class='ocr_carea' id='block_1_67' title="bbox 332 3516 1982 3587">
    <p class='ocr_par' dir='ltr' id='par_1_67' title="bbox 332 3516 1982 3587">
     <span class='ocr_line' id='line_1_67' title="bbox 332 3516 1982 3587; baseline -0.007 -9"><span class='ocrx_word' id='word_1_469' title='bbox 332 3523 470 3578; x_wconf 90' lang='lat' dir='ltr'><strong>ille:</strong></span> <span class='ocrx_word' id='word_1_470' title='bbox 506 3521 769 3577; x_wconf 76' lang='lat' dir='ltr'><strong>Proxime</strong></span> <span class='ocrx_word' id='word_1_471' title='bbox 781 3520 924 3587; x_wconf 77' lang='lat' dir='ltr'><strong>facta</strong></span> <span class='ocrx_word' id='word_1_472' title='bbox 954 3520 1032 3571; x_wconf 82' lang='lat' dir='ltr'><strong>est</strong></span> <span class='ocrx_word' id='word_1_473' title='bbox 1063 3516 1367 3571; x_wconf 78' lang='lat' dir='ltr'><strong>liberalitas</strong></span> <span class='ocrx_word' id='word_1_474' title='bbox 1387 3516 1982 3586; x_wconf 65' lang='lat' dir='ltr'><strong>praestantissimorum</strong></span> 
     </span>
    </p>
   </div>
   <div class='ocr_carea' id='block_1_68' title="bbox 330 3602 1986 3682">
    <p class='ocr_par' dir='ltr' id='par_1_68' title="bbox 330 3602 1986 3682">
     <span class='ocr_line' id='line_1_68' title="bbox 330 3602 1986 3682; baseline -0.009 -13"><span class='ocrx_word' id='word_1_475' title='bbox 330 3613 739 3682; x_wconf 83' lang='lat' dir='ltr'><strong>Imperatorum</strong></span> <span class='ocrx_word' id='word_1_476' title='bbox 762 3650 774 3672; x_wconf 90' lang='lat'><strong>,</strong></span> <span class='ocrx_word' id='word_1_477' title='bbox 801 3606 1260 3677; x_wconf 76' lang='lat' dir='ltr'><strong>expungebantur</strong></span> <span class='ocrx_word' id='word_1_478' title='bbox 1289 3605 1348 3657; x_wconf 86' lang='lat' dir='ltr'><strong>in</strong></span> <span class='ocrx_word' id='word_1_479' title='bbox 1374 3604 1541 3657; x_wconf 81' lang='lat' dir='ltr'><strong>castri</strong></span> <span class='ocrx_word' id='word_1_480' title='bbox 1590 3604 1803 3657; x_wconf 77' lang='lat' dir='ltr'><strong>milites</strong></span> <span class='ocrx_word' id='word_1_481' title='bbox 1863 3602 1921 3655; x_wconf 86' lang='lat' dir='ltr'><strong>la</strong></span> <span class='ocrx_word' id='word_1_482' title='bbox 1933 3618 1986 3655; x_wconf 81' lang='lat' dir='ltr'><strong>u-</strong></span> 
     </span>
    </p>
   </div>
   <div class='ocr_carea' id='block_1_69' title="bbox 332 3690 1982 3766">
    <p class='ocr_par' dir='ltr' id='par_1_69' title="bbox 332 3690 1982 3766">
     <span class='ocr_line' id='line_1_69' title="bbox 332 3690 1982 3766; baseline -0.007 -10"><span class='ocrx_word' id='word_1_483' title='bbox 332 3702 509 3756; x_wconf 81' lang='lat' dir='ltr'><strong>reali.</strong></span> <span class='ocrx_word' id='word_1_484' title='bbox 569 3696 871 3754; x_wconf 80' lang='lat' dir='ltr'><strong>Adhibetur</strong></span> <span class='ocrx_word' id='word_1_485' title='bbox 908 3695 1131 3766; x_wconf 82' lang='lat' dir='ltr'><strong>quidam</strong></span> <span class='ocrx_word' id='word_1_486' title='bbox 1170 3694 1289 3747; x_wconf 85' lang='lat' dir='ltr'><strong>illic</strong></span> <span class='ocrx_word' id='word_1_487' title='bbox 1336 3694 1513 3761; x_wconf 86' lang='lat' dir='ltr'><strong>magis</strong></span> <span class='ocrx_word' id='word_1_488' title='bbox 1585 3693 1683 3746; x_wconf 85' lang='lat' dir='ltr'><strong>Dei</strong></span> <span class='ocrx_word' id='word_1_489' title='bbox 1750 3690 1982 3745; x_wconf 83' lang='lat' dir='ltr'><strong>miles...</strong></span> 
     </span>
    </p>
   </div>
   <div class='ocr_carea' id='block_1_70' title="bbox 331 3781 1982 3856">
    <p class='ocr_par' dir='ltr' id='par_1_70' title="bbox 331 3781 1982 3856">
     <span class='ocr_line' id='line_1_70' title="bbox 331 3781 1982 3856; baseline -0.008 -10"><span class='ocrx_word' id='word_1_490' title='bbox 331 3792 487 3846; x_wconf 87' lang='lat' dir='ltr'><strong>solus</strong></span> <span class='ocrx_word' id='word_1_491' title='bbox 521 3788 700 3843; x_wconf 84' lang='lat' dir='ltr'><strong>libero</strong></span> <span class='ocrx_word' id='word_1_492' title='bbox 730 3786 931 3856; x_wconf 85' lang='lat' dir='ltr'><strong>capite,</strong></span> <span class='ocrx_word' id='word_1_493' title='bbox 990 3786 1374 3837; x_wconf 85' lang='lat' dir='ltr'><strong>coronamenlo</strong></span> <span class='ocrx_word' id='word_1_494' title='bbox 1421 3782 1477 3835; x_wconf 86' lang='lat' dir='ltr'><strong>in</strong></span> <span class='ocrx_word' id='word_1_495' title='bbox 1522 3796 1693 3834; x_wconf 88' lang='lat' dir='ltr'><strong>manu</strong></span> <span class='ocrx_word' id='word_1_496' title='bbox 1742 3781 1982 3834; x_wconf 84' lang='lat' dir='ltr'><strong>otioso...</strong></span> 
     </span>
    </p>
   </div>
   <div class='ocr_carea' id='block_1_71' title="bbox 333 3868 1986 3943">
    <p class='ocr_par' dir='ltr' id='par_1_71' title="bbox 333 3868 1986 3943">
     <span class='ocr_line' id='line_1_71' title="bbox 333 3868 1986 3943; baseline -0.008 -8"><span class='ocrx_word' id='word_1_497' title='bbox 333 3884 607 3936; x_wconf 66' lang='grc' dir='ltr'><strong>Μαι-τηαν</strong></span> <span class='ocrx_word' id='word_1_498' title='bbox 664 3876 883 3930; x_wconf 79' lang='lat' dir='ltr'><strong>tribuno</strong></span> <span class='ocrx_word' id='word_1_499' title='bbox 940 3872 1203 3943; x_wconf 76' lang='lat' dir='ltr'><strong>defertur.</strong></span> <span class='ocrx_word' id='word_1_500' title='bbox 1264 3870 1463 3925; x_wconf 84' lang='lat' dir='ltr'><strong>Statim</strong></span> <span class='ocrx_word' id='word_1_501' title='bbox 1515 3870 1808 3925; x_wconf 83' lang='lat' dir='ltr'><strong>tribunus:</strong></span> <span class='ocrx_word' id='word_1_502' title='bbox 1857 3868 1986 3931; x_wconf 84' lang='lat' dir='ltr'><strong>Cur,</strong></span> 
     </span>
    </p>
   </div>
   <div class='ocr_carea' id='block_1_72' title="bbox 328 3959 1989 4039">
    <p class='ocr_par' dir='ltr' id='par_1_72' title="bbox 328 3959 1989 4039">
     <span class='ocr_line' id='line_1_72' title="bbox 328 3959 1989 4039; baseline -0.007 -16"><span class='ocrx_word' id='word_1_503' title='bbox 328 3969 541 4039; x_wconf 83' lang='lat' dir='ltr'><strong>inquit,</strong></span> <span class='ocrx_word' id='word_1_504' title='bbox 571 3970 687 4021; x_wconf 85' lang='lat' dir='ltr'><strong>tam</strong></span> <span class='ocrx_word' id='word_1_505' title='bbox 718 3964 963 4018; x_wconf 75' lang='lat' dir='ltr'><strong>diversus</strong></span> <span class='ocrx_word' id='word_1_506' title='bbox 1006 3960 1243 4015; x_wconf 84' lang='lat' dir='ltr'><strong>habitu?</strong></span> <span class='ocrx_word' id='word_1_507' title='bbox 1285 3959 1513 4029; x_wconf 87' lang='lat' dir='ltr'><strong>Negavis</strong></span> <span class='ocrx_word' id='word_1_508' title='bbox 1564 3960 1659 4013; x_wconf 85' lang='lat' dir='ltr'><strong>ille</strong></span> <span class='ocrx_word' id='word_1_509' title='bbox 1706 3959 1815 4012; x_wconf 86' lang='lat' dir='ltr'><strong>sibi</strong></span> <span class='ocrx_word' id='word_1_510' title='bbox 1865 3974 1989 4012; x_wconf 89' lang='lat' dir='ltr'><strong>eum</strong></span> 
     </span>
    </p>
   </div>
   <div class='ocr_carea' id='block_1_73' title="bbox 330 4048 1985 4120">
    <p class='ocr_par' dir='ltr' id='par_1_73' title="bbox 330 4048 1985 4120">
     <span class='ocr_line' id='line_1_73' title="bbox 330 4048 1985 4120; baseline -0.008 -7"><span class='ocrx_word' id='word_1_511' title='bbox 330 4059 551 4113; x_wconf 74' lang='lat' dir='ltr'><strong>czeteris</strong></span> <span class='ocrx_word' id='word_1_512' title='bbox 573 4054 758 4108; x_wconf 85' lang='lat' dir='ltr'><strong>licere.</strong></span> <span class='ocrx_word' id='word_1_513' title='bbox 787 4054 997 4106; x_wconf 85' lang='lat' dir='ltr'><strong>Causas</strong></span> <span class='ocrx_word' id='word_1_514' title='bbox 1012 4049 1409 4120; x_wconf 76' lang='lat' dir='ltr'><strong>expostulatus;</strong></span> <span class='ocrx_word' id='word_1_515' title='bbox 1453 4048 1820 4103; x_wconf 78' lang='lat' dir='ltr'><strong>Christianus</strong></span> <span class='ocrx_word' id='word_1_516' title='bbox 1842 4063 1985 4112; x_wconf 88' lang='lat' dir='ltr'><strong>sum,</strong></span> 
     </span>
    </p>
   </div>
   <div class='ocr_carea' id='block_1_74' title="bbox 332 4136 1987 4216">
    <p class='ocr_par' dir='ltr' id='par_1_74' title="bbox 332 4136 1987 4216">
     <span class='ocr_line' id='line_1_74' title="bbox 332 4136 1987 4216; baseline -0.007 -15"><span class='ocrx_word' id='word_1_517' title='bbox 332 4144 649 4216; x_wconf 74' lang='lat' dir='ltr'><strong>respondit.</strong></span> <span class='ocrx_word' id='word_1_518' title='bbox 685 4142 869 4211; x_wconf 85' lang='lat' dir='ltr'><strong>Hujus</strong></span> <span class='ocrx_word' id='word_1_519' title='bbox 902 4140 1110 4195; x_wconf 90' lang='lat' dir='ltr'><strong>militis</strong></span> <span class='ocrx_word' id='word_1_520' title='bbox 1142 4140 1358 4193; x_wconf 85' lang='lat' dir='ltr'><strong>factum</strong></span> <span class='ocrx_word' id='word_1_521' title='bbox 1392 4154 1523 4192; x_wconf 89' lang='lat' dir='ltr'><strong>cum</strong></span> <span class='ocrx_word' id='word_1_522' title='bbox 1575 4138 1766 4193; x_wconf 69' lang='lat' dir='ltr'><strong>caeteri</strong></span> <span class='ocrx_word' id='word_1_523' title='bbox 1827 4136 1987 4191; x_wconf 83' lang='lat' dir='ltr'><strong>Chri-</strong></span> 
     </span>
    </p>
   </div>
   <div class='ocr_carea' id='block_1_75' title="bbox 332 4227 1990 4303">
    <p class='ocr_par' dir='ltr' id='par_1_75' title="bbox 332 4227 1990 4303">
     <span class='ocr_line' id='line_1_75' title="bbox 332 4227 1990 4303; baseline -0.005 -13"><span class='ocrx_word' id='word_1_524' title='bbox 332 4234 514 4290; x_wconf 87' lang='lat' dir='ltr'><strong>stiani</strong></span> <span class='ocrx_word' id='word_1_525' title='bbox 542 4227 1393 4303; x_wconf 80' lang='lat' dir='ltr'><strong>improbarent,existimantes,</strong></span> <span class='ocrx_word' id='word_1_526' title='bbox 1438 4243 1502 4281; x_wconf 91' lang='lat' dir='ltr'><strong>eo</strong></span> <span class='ocrx_word' id='word_1_527' title='bbox 1534 4232 1651 4281; x_wconf 87' lang='lat' dir='ltr'><strong>tam</strong></span> <span class='ocrx_word' id='word_1_528' title='bbox 1688 4227 1899 4281; x_wconf 90' lang='lat' dir='ltr'><strong>bonam</strong></span> <span class='ocrx_word' id='word_1_529' title='bbox 1933 4231 1990 4281; x_wconf 91' lang='lat' dir='ltr'><strong>et</strong></span> 
     </span>
    </p>
   </div>
   <div class='ocr_carea' id='block_1_76' title="bbox 330 4314 1986 4393">
    <p class='ocr_par' dir='ltr' id='par_1_76' title="bbox 330 4314 1986 4393">
     <span class='ocr_line' id='line_1_76' title="bbox 330 4314 1986 4393; baseline -0.005 -15"><span class='ocrx_word' id='word_1_530' title='bbox 330 4325 579 4393; x_wconf 86' lang='lat' dir='ltr'><strong>longam</strong></span> <span class='ocrx_word' id='word_1_531' title='bbox 640 4336 840 4391; x_wconf 86' lang='lat' dir='ltr'><strong>pacem</strong></span> <span class='ocrx_word' id='word_1_532' title='bbox 892 4316 1227 4389; x_wconf 84' lang='lat' dir='ltr'><strong>periclitari,</strong></span> <span class='ocrx_word' id='word_1_533' title='bbox 1288 4320 1495 4370; x_wconf 87' lang='lat' dir='ltr'><strong>contra</strong></span> <span class='ocrx_word' id='word_1_534' title='bbox 1551 4315 1758 4370; x_wconf 85' lang='lat' dir='ltr'><strong>nititur</strong></span> <span class='ocrx_word' id='word_1_535' title='bbox 1844 4314 1986 4370; x_wconf 90' lang='lat' dir='ltr'><strong>illud</strong></span> 
     </span>
    </p>
   </div>
   <div class='ocr_carea' id='block_1_77' title="bbox 330 4404 1986 4477">
    <p class='ocr_par' dir='ltr' id='par_1_77' title="bbox 330 4404 1986 4477">
     <span class='ocr_line' id='line_1_77' title="bbox 330 4404 1986 4477; baseline -0.007 -8"><span class='ocrx_word' id='word_1_536' title='bbox 330 4409 598 4469; x_wconf 85' lang='lat' dir='ltr'><strong>summis</strong></span> <span class='ocrx_word' id='word_1_537' title='bbox 628 4407 900 4462; x_wconf 86' lang='lat' dir='ltr'><strong>laudibus</strong></span> <span class='ocrx_word' id='word_1_538' title='bbox 958 4407 1201 4461; x_wconf 81' lang='lat' dir='ltr'><strong>ell&#39;erens</strong></span> <span class='ocrx_word' id='word_1_539' title='bbox 1232 4404 1649 4460; x_wconf 87' lang='lat' dir='ltr'><strong>Tertullianus.</strong></span> <span class='ocrx_word' id='word_1_540' title='bbox 1683 4408 1869 4477; x_wconf 84' lang='lat' dir='ltr'><strong>Atque</strong></span> <span class='ocrx_word' id='word_1_541' title='bbox 1930 4405 1986 4459; x_wconf 92' lang='lat' dir='ltr'><strong>in</strong></span> 
     </span>
    </p>
   </div>
   <div class='ocr_carea' id='block_1_78' title="bbox 331 4492 1989 4569">
    <p class='ocr_par' dir='ltr' id='par_1_78' title="bbox 331 4492 1989 4569">
     <span class='ocr_line' id='line_1_78' title="bbox 331 4492 1989 4569; baseline -0.006 -12"><span class='ocrx_word' id='word_1_542' title='bbox 331 4503 454 4557; x_wconf 89' lang='lat' dir='ltr'><strong>isto</strong></span> <span class='ocrx_word' id='word_1_543' title='bbox 487 4498 613 4554; x_wconf 90' lang='lat' dir='ltr'><strong>loco</strong></span> <span class='ocrx_word' id='word_1_544' title='bbox 648 4496 899 4569; x_wconf 90' lang='lat' dir='ltr'><strong>primum</strong></span> <span class='ocrx_word' id='word_1_545' title='bbox 932 4496 1199 4550; x_wconf 88' lang='lat' dir='ltr'><strong>videmus</strong></span> <span class='ocrx_word' id='word_1_546' title='bbox 1219 4494 1291 4548; x_wconf 90' lang='lat' dir='ltr'><strong>ab</strong></span> <span class='ocrx_word' id='word_1_547' title='bbox 1317 4510 1383 4549; x_wconf 92' lang='lat' dir='ltr'><strong>eo</strong></span> <span class='ocrx_word' id='word_1_548' title='bbox 1412 4493 1823 4550; x_wconf 89' lang='lat' dir='ltr'><strong>liberalitatem</strong></span> <span class='ocrx_word' id='word_1_549' title='bbox 1880 4492 1989 4548; x_wconf 89' lang='lat' dir='ltr'><strong>im-</strong></span> 
     </span>
    </p>
   </div>
   <div class='ocr_carea' id='block_1_79' title="bbox 332 4584 2066 4676">
    <p class='ocr_par' dir='ltr' id='par_1_79' title="bbox 332 4584 2066 4676">
     <span class='ocr_line' id='line_1_79' title="bbox 332 4584 2066 4676; baseline -0.005 -31"><span class='ocrx_word' id='word_1_550' title='bbox 332 4594 679 4664; x_wconf 88' lang='lat' dir='ltr'><strong>peratorum</strong></span> <span class='ocrx_word' id='word_1_551' title='bbox 714 4585 1050 4657; x_wconf 89' lang='lat' dir='ltr'><strong>nuperrime</strong></span> <span class='ocrx_word' id='word_1_552' title='bbox 1081 4584 1295 4639; x_wconf 83' lang='lat' dir='ltr'><strong>factam</strong></span> <span class='ocrx_word' id='word_1_553' title='bbox 1322 4584 1789 4650; x_wconf 87' lang='lat' dir='ltr'><strong>commemorari,</strong></span> <span class='ocrx_word' id='word_1_554' title='bbox 1840 4599 1989 4654; x_wconf 92' lang='lat' dir='ltr'><strong>quos</strong></span> <span class='ocrx_word' id='word_1_555' title='bbox 2018 4612 2066 4676; x_wconf 83' lang='lat' dir='ltr'>D</span> 
     </span>
    </p>
   </div>
   <div class='ocr_carea' id='block_1_80' title="bbox 332 4672 1985 4747">
    <p class='ocr_par' dir='ltr' id='par_1_80' title="bbox 332 4672 1985 4747">
     <span class='ocr_line' id='line_1_80' title="bbox 332 4672 1985 4747; baseline -0.004 -11"><span class='ocrx_word' id='word_1_556' title='bbox 332 4680 547 4736; x_wconf 83' lang='lat' dir='ltr'><strong>dubito</strong></span> <span class='ocrx_word' id='word_1_557' title='bbox 572 4695 644 4732; x_wconf 86' lang='lat' dir='ltr'><strong>an</strong></span> <span class='ocrx_word' id='word_1_558' title='bbox 677 4675 813 4747; x_wconf 90' lang='lat' dir='ltr'><strong>quis</strong></span> <span class='ocrx_word' id='word_1_559' title='bbox 844 4674 990 4729; x_wconf 89' lang='lat' dir='ltr'><strong>alios</strong></span> <span class='ocrx_word' id='word_1_560' title='bbox 1021 4673 1202 4729; x_wconf 73' lang='lat' dir='ltr'><strong>fuisse</strong></span> <span class='ocrx_word' id='word_1_561' title='bbox 1233 4672 1461 4742; x_wconf 83' lang='lat' dir='ltr'><strong>dixerit,</strong></span> <span class='ocrx_word' id='word_1_562' title='bbox 1497 4689 1672 4744; x_wconf 91' lang='lat' dir='ltr'><strong>quam</strong></span> <span class='ocrx_word' id='word_1_563' title='bbox 1712 4674 1985 4729; x_wconf 91' lang='lat' dir='ltr'><strong>Severum</strong></span> 
     </span>
    </p>
   </div>
   <div class='ocr_carea' id='block_1_81' title="bbox 332 4762 1987 4833">
    <p class='ocr_par' dir='ltr' id='par_1_81' title="bbox 332 4762 1987 4833">
     <span class='ocr_line' id='line_1_81' title="bbox 332 4762 1987 4833; baseline -0.005 -8"><span class='ocrx_word' id='word_1_564' title='bbox 332 4775 392 4825; x_wconf 87' lang='lat' dir='ltr'><strong>et</strong></span> <span class='ocrx_word' id='word_1_565' title='bbox 424 4765 813 4830; x_wconf 78' lang='lat' dir='ltr'><strong>Caracallum,</strong></span> <span class='ocrx_word' id='word_1_566' title='bbox 848 4768 1164 4833; x_wconf 92' lang='lat' dir='ltr'><strong>utrumque</strong></span> <span class='ocrx_word' id='word_1_567' title='bbox 1204 4762 1551 4833; x_wconf 84' lang='lat' dir='ltr'><strong>Augustum.</strong></span> <span class='ocrx_word' id='word_1_568' title='bbox 1601 4764 1673 4817; x_wconf 91' lang='lat' dir='ltr'><strong>At</strong></span> <span class='ocrx_word' id='word_1_569' title='bbox 1720 4763 1877 4819; x_wconf 92' lang='lat' dir='ltr'><strong>enim</strong></span> <span class='ocrx_word' id='word_1_570' title='bbox 1930 4764 1987 4817; x_wconf 88' lang='lat' dir='ltr'><strong>in</strong></span> 
     </span>
    </p>
   </div>
   <div class='ocr_carea' id='block_1_82' title="bbox 335 4851 1988 4929">
    <p class='ocr_par' dir='ltr' id='par_1_82' title="bbox 335 4851 1988 4929">
     <span class='ocr_line' id='line_1_82' title="bbox 335 4851 1988 4929; baseline -0.004 -15"><span class='ocrx_word' id='word_1_571' title='bbox 335 4856 748 4929; x_wconf 87' lang='lat' dir='ltr'><strong>superioribus</strong></span> <span class='ocrx_word' id='word_1_572' title='bbox 775 4852 1140 4909; x_wconf 88' lang='lat' dir='ltr'><strong>Caracallum</strong></span> <span class='ocrx_word' id='word_1_573' title='bbox 1197 4851 1538 4907; x_wconf 89' lang='lat' dir='ltr'><strong>dicebamus</strong></span> <span class='ocrx_word' id='word_1_574' title='bbox 1560 4852 1841 4925; x_wconf 87' lang='lat' dir='ltr'><strong>dignitate</strong></span> <span class='ocrx_word' id='word_1_575' title='bbox 1871 4855 1988 4908; x_wconf 90' lang='lat' dir='ltr'><strong>Au-</strong></span> 
     </span>
    </p>
   </div>
   <div class='ocr_carea' id='block_1_83' title="bbox 337 4942 1988 5017">
    <p class='ocr_par' dir='ltr' id='par_1_83' title="bbox 337 4942 1988 5017">
     <span class='ocr_line' id='line_1_83' title="bbox 337 4942 1988 5017; baseline -0.004 -16"><span class='ocrx_word' id='word_1_576' title='bbox 337 4946 501 5017; x_wconf 86' lang='lat' dir='ltr'><strong>gusti</strong></span> <span class='ocrx_word' id='word_1_577' title='bbox 534 4949 661 4999; x_wconf 87' lang='lat' dir='ltr'><strong>tum</strong></span> <span class='ocrx_word' id='word_1_578' title='bbox 712 4943 893 4997; x_wconf 82' lang='lat' dir='ltr'><strong>fuisse</strong></span> <span class='ocrx_word' id='word_1_579' title='bbox 940 4944 1234 5009; x_wconf 89' lang='lat' dir='ltr'><strong>ornatum,</strong></span> <span class='ocrx_word' id='word_1_580' title='bbox 1291 4957 1423 4996; x_wconf 91' lang='lat' dir='ltr'><strong>cum</strong></span> <span class='ocrx_word' id='word_1_581' title='bbox 1477 4942 1721 4998; x_wconf 88' lang='lat' dir='ltr'><strong>Severus</strong></span> <span class='ocrx_word' id='word_1_582' title='bbox 1770 4942 1880 4998; x_wconf 90' lang='lat' dir='ltr'><strong>iter</strong></span> <span class='ocrx_word' id='word_1_583' title='bbox 1928 4942 1988 4996; x_wconf 93' lang='lat' dir='ltr'><strong>in</strong></span> 
     </span>
    </p>
   </div>
   <div class='ocr_carea' id='block_1_84' title="bbox 336 5030 1991 5102">
    <p class='ocr_par' dir='ltr' id='par_1_84' title="bbox 336 5030 1991 5102">
     <span class='ocr_line' id='line_1_84' title="bbox 336 5030 1991 5102; baseline -0.002 -11"><span class='ocrx_word' id='word_1_584' title='bbox 336 5035 638 5091; x_wconf 86' lang='lat' dir='ltr'><strong>Orientem</strong></span> <span class='ocrx_word' id='word_1_585' title='bbox 671 5032 957 5087; x_wconf 83' lang='lat' dir='ltr'><strong>adversus</strong></span> <span class='ocrx_word' id='word_1_586' title='bbox 989 5030 1231 5087; x_wconf 87' lang='lat' dir='ltr'><strong>Parthos</strong></span> <span class='ocrx_word' id='word_1_587' title='bbox 1263 5039 1513 5102; x_wconf 87' lang='lat' dir='ltr'><strong>pararet,</strong></span> <span class='ocrx_word' id='word_1_588' title='bbox 1556 5046 1671 5101; x_wconf 90' lang='lat' dir='ltr'><strong>quo</strong></span> <span class='ocrx_word' id='word_1_589' title='bbox 1702 5032 1816 5085; x_wconf 86' lang='lat' dir='ltr'><strong>fere</strong></span> <span class='ocrx_word' id='word_1_590' title='bbox 1847 5032 1991 5087; x_wconf 89' lang='lat' dir='ltr'><strong>abiit</strong></span> 
     </span>
    </p>
   </div>
   <div class='ocr_carea' id='block_1_85' title="bbox 339 5117 1986 5193">
    <p class='ocr_par' dir='ltr' id='par_1_85' title="bbox 339 5117 1986 5193">
     <span class='ocr_line' id='line_1_85' title="bbox 339 5117 1986 5193; baseline -0.002 -18"><span class='ocrx_word' id='word_1_591' title='bbox 339 5126 473 5193; x_wconf 89' lang='lat' dir='ltr'><strong>post</strong></span> <span class='ocrx_word' id='word_1_592' title='bbox 504 5120 815 5175; x_wconf 90' lang='lat' dir='ltr'><strong>dimidiam</strong></span> <span class='ocrx_word' id='word_1_593' title='bbox 868 5122 1093 5189; x_wconf 87' lang='lat' dir='ltr'><strong>partem</strong></span> <span class='ocrx_word' id='word_1_594' title='bbox 1126 5118 1261 5174; x_wconf 85' lang='lat' dir='ltr'><strong>anni</strong></span> <span class='ocrx_word' id='word_1_595' title='bbox 1312 5117 1569 5173; x_wconf 88' lang='lat' dir='ltr'><strong>CXCVIII</strong></span> <span class='ocrx_word' id='word_1_596' title='bbox 1596 5134 1935 5173; x_wconf 85' lang='lat' dir='ltr'><strong>conversam</strong></span> <span class='ocrx_word' id='word_1_597' title='bbox 1972 5137 1986 5187; x_wconf 87' lang='lat'><strong>;</strong></span> 
     </span>
    </p>
   </div>
   <div class='ocr_carea' id='block_1_86' title="bbox 337 5208 1987 5281">
    <p class='ocr_par' dir='ltr' id='par_1_86' title="bbox 337 5208 1987 5281">
     <span class='ocr_line' id='line_1_86' title="bbox 337 5208 1987 5281; baseline -0.002 -16"><span class='ocrx_word' id='word_1_598' title='bbox 337 5214 397 5265; x_wconf 88' lang='lat' dir='ltr'><strong>et</strong></span> <span class='ocrx_word' id='word_1_599' title='bbox 430 5214 633 5281; x_wconf 87' lang='lat' dir='ltr'><strong>postea</strong></span> <span class='ocrx_word' id='word_1_600' title='bbox 689 5208 1093 5274; x_wconf 87' lang='lat' dir='ltr'><strong>ostendemus,</strong></span> <span class='ocrx_word' id='word_1_601' title='bbox 1147 5224 1371 5280; x_wconf 90' lang='lat' dir='ltr'><strong>pacem,</strong></span> <span class='ocrx_word' id='word_1_602' title='bbox 1406 5224 1580 5278; x_wconf 90' lang='lat' dir='ltr'><strong>quam</strong></span> <span class='ocrx_word' id='word_1_603' title='bbox 1633 5208 1726 5262; x_wconf 89' lang='lat' dir='ltr'><strong>hic</strong></span> <span class='ocrx_word' id='word_1_604' title='bbox 1777 5208 1987 5263; x_wconf 86' lang='lat' dir='ltr'><strong>adduci</strong></span> 
     </span>
    </p>
   </div>
   <div class='ocr_carea' id='block_1_87' title="bbox 412 5404 1988 5533">
    <p class='ocr_par' dir='ltr' id='par_1_87' title="bbox 412 5404 1988 5533">
     <span class='ocr_line' id='line_1_87' title="bbox 412 5404 1988 5533; baseline 0 -72"><span class='ocrx_word' id='word_1_605' title='bbox 412 5408 525 5533; x_wconf 44' lang='lat'><strong>$15)</strong></span> <span class='ocrx_word' id='word_1_606' title='bbox 561 5405 909 5477; x_wconf 88' lang='lat' dir='ltr'><strong>Spartianus</strong></span> <span class='ocrx_word' id='word_1_607' title='bbox 939 5404 998 5460; x_wconf 90' lang='lat' dir='ltr'><strong>in</strong></span> <span class='ocrx_word' id='word_1_608' title='bbox 1030 5408 1259 5474; x_wconf 90' lang='lat' dir='ltr'><strong>Severo,</strong></span> <span class='ocrx_word' id='word_1_609' title='bbox 1284 5423 1333 5461; x_wconf 89' lang='lat' dir='ltr'><strong>c.</strong></span> <span class='ocrx_word' id='word_1_610' title='bbox 1367 5407 1452 5461; x_wconf 69' lang='grc'><strong>14.</strong></span> <span class='ocrx_word' id='word_1_611' title='bbox 1484 5424 1495 5462; x_wconf 94' lang='lat'>:</span> <span class='ocrx_word' id='word_1_612' title='bbox 1533 5429 1559 5455; x_wconf 84' lang='lat'><strong><em>«</em></strong></span> <span class='ocrx_word' id='word_1_613' title='bbox 1598 5407 1886 5463; x_wconf 79' lang='lat' dir='ltr'><strong>Profectus</strong></span> <span class='ocrx_word' id='word_1_614' title='bbox 1919 5407 1988 5461; x_wconf 91' lang='lat' dir='ltr'><strong>ad</strong></span> 
     </span>
     <span class='ocr_line' id='line_1_88' title="bbox 445 5478 1988 5533; baseline 0 0"><span class='ocrx_word' id='word_1_615' title='bbox 445 5480 566 5533; x_wconf 88' lang='lat' dir='ltr'><strong>lum</strong></span> <span class='ocrx_word' id='word_1_616' title='bbox 600 5478 935 5533; x_wconf 87' lang='lat' dir='ltr'><strong>Parthicum</strong></span> <span class='ocrx_word' id='word_1_617' title='bbox 968 5482 1075 5533; x_wconf 90' lang='lat' dir='ltr'><strong>est.</strong></span> <span class='ocrx_word' id='word_1_618' title='bbox 1110 5478 1263 5533; x_wconf 90' lang='lat' dir='ltr'><strong>edito</strong></span> <span class='ocrx_word' id='word_1_619' title='bbox 1296 5478 1635 5533; x_wconf 72' lang='lat' dir='ltr'><strong>gladiatorio</strong></span> <span class='ocrx_word' id='word_1_620' title='bbox 1668 5486 1988 5533; x_wconf 87' lang='lat' dir='ltr'><strong>numere.et</strong></span> 
     </span>
    </p>
   </div>
   <div class='ocr_carea' id='block_1_88' title="bbox 336 5478 1993 5605">
    <p class='ocr_par' dir='ltr' id='par_1_88' title="bbox 336 5478 1993 5605">
     <span class='ocr_line' id='line_1_89' title="bbox 336 5478 1993 5550; baseline 0.001 -16"><span class='ocrx_word' id='word_1_621' title='bbox 336 5478 566 5535; x_wconf 85' lang='lat' dir='ltr'><strong>bellum</strong></span> <span class='ocrx_word' id='word_1_622' title='bbox 600 5478 935 5534; x_wconf 87' lang='lat' dir='ltr'><strong>Parthicum</strong></span> <span class='ocrx_word' id='word_1_623' title='bbox 968 5482 1075 5542; x_wconf 89' lang='lat' dir='ltr'><strong>est,</strong></span> <span class='ocrx_word' id='word_1_624' title='bbox 1110 5478 1263 5533; x_wconf 90' lang='lat' dir='ltr'><strong>edito</strong></span> <span class='ocrx_word' id='word_1_625' title='bbox 1296 5478 1635 5550; x_wconf 86' lang='lat' dir='ltr'><strong>gladiatorio</strong></span> <span class='ocrx_word' id='word_1_626' title='bbox 1668 5486 1993 5550; x_wconf 86' lang='lat' dir='ltr'><strong>numerc,ct</strong></span> 
     </span>
     <span class='ocr_line' id='line_1_90' title="bbox 337 5548 1137 5605; baseline -0.003 0"><span class='ocrx_word' id='word_1_627' title='bbox 337 5551 641 5605; x_wconf 69' lang='lat' dir='ltr'><strong>congiario</strong></span> <span class='ocrx_word' id='word_1_628' title='bbox 674 5548 891 5605; x_wconf 85' lang='lat' dir='ltr'><strong>oonulo</strong></span> <span class='ocrx_word' id='word_1_629' title='bbox 931 5550 1137 5605; x_wconf 81' lang='lat' dir='ltr'><strong>dato.»</strong></span> 
     </span>
    </p>
   </div>
   <div class='ocr_carea' id='block_1_89' title="bbox 337 5566 1991 5705">
    <p class='ocr_par' dir='ltr' id='par_1_89' title="bbox 337 5566 1991 5705">
     <span class='ocr_line' id='line_1_91' title="bbox 337 5566 1137 5622; baseline -0.008 -15"><span class='ocrx_word' id='word_1_630' title='bbox 337 5568 641 5622; x_wconf 80' lang='lat' dir='ltr'><strong>congiario</strong></span> <span class='ocrx_word' id='word_1_631' title='bbox 674 5566 891 5621; x_wconf 78' lang='lat' dir='ltr'><strong>populo</strong></span> <span class='ocrx_word' id='word_1_632' title='bbox 931 5566 1137 5613; x_wconf 80' lang='lat' dir='ltr'><strong>cato,»</strong></span> 
     </span>
     <span class='ocr_line' id='line_1_92' title="bbox 351 5621 1991 5705; baseline 0.001 -27"><span class='ocrx_word' id='word_1_633' title='bbox 351 5696 367 5705; x_wconf 84' lang='lat'><em>_</em></span> <span class='ocrx_word' id='word_1_634' title='bbox 406 5624 729 5705; x_wconf 40' lang='lat' dir='ltr'><strong>(wildem,</strong></span> <span class='ocrx_word' id='word_1_635' title='bbox 987 5645 1014 5671; x_wconf 83' lang='lat'><strong>«</strong></span> <span class='ocrx_word' id='word_1_636' title='bbox 1045 5621 1276 5705; x_wconf 38' lang='lat' dir='ltr'><strong>‘Harum.</strong></span> <span class='ocrx_word' id='word_1_637' title='bbox 1320 5622 1782 5705; x_wconf 61' lang='lat' dir='ltr'><strong>appellationum</strong></span> <span class='ocrx_word' id='word_1_638' title='bbox 1813 5640 1991 5680; x_wconf 88' lang='lat' dir='ltr'><strong>causa</strong></span> 
     </span>
    </p>
   </div>
   <div class='ocr_carea' id='block_1_90' title="bbox 336 5693 1992 5768">
    <p class='ocr_par' dir='ltr' id='par_1_90' title="bbox 336 5693 1992 5768">
     <span class='ocr_line' id='line_1_93' title="bbox 336 5693 1992 5768; baseline 0.004 -18"><span class='ocrx_word' id='word_1_639' title='bbox 336 5694 683 5753; x_wconf 83' lang='lat' dir='ltr'><strong>donativum</strong></span> <span class='ocrx_word' id='word_1_640' title='bbox 721 5693 1012 5751; x_wconf 88' lang='lat' dir='ltr'><strong>militibus</strong></span> <span class='ocrx_word' id='word_1_641' title='bbox 1044 5693 1449 5768; x_wconf 85' lang='lat' dir='ltr'><strong>largissimum</strong></span> <span class='ocrx_word' id='word_1_642' title='bbox 1490 5695 1668 5765; x_wconf 88' lang='lat' dir='ltr'><strong>dedit,</strong></span> <span class='ocrx_word' id='word_1_643' title='bbox 1714 5712 1992 5755; x_wconf 83' lang='lat' dir='ltr'><strong>concessa</strong></span> 
     </span>
    </p>
   </div>
   <div class='ocr_carea' id='block_1_91' title="bbox 2095 3336 3737 3409">
    <p class='ocr_par' dir='ltr' id='par_1_91' title="bbox 2095 3336 3737 3409">
     <span class='ocr_line' id='line_1_94' title="bbox 2095 3336 3737 3409; baseline 0.001 -15"><span class='ocrx_word' id='word_1_644' title='bbox 2095 3342 2166 3395; x_wconf 87' lang='lat' dir='ltr'><strong>ab</strong></span> <span class='ocrx_word' id='word_1_645' title='bbox 2191 3340 2538 3405; x_wconf 87' lang='lat' dir='ltr'><strong>Herodiano,</strong></span> <span class='ocrx_word' id='word_1_646' title='bbox 2574 3355 2605 3392; x_wconf 90' lang='lat' dir='ltr'><strong>a</strong></span> <span class='ocrx_word' id='word_1_647' title='bbox 2652 3337 2959 3409; x_wconf 90' lang='lat' dir='ltr'><strong>Spartiano</strong></span> <span class='ocrx_word' id='word_1_648' title='bbox 3008 3336 3167 3391; x_wconf 93' lang='lat' dir='ltr'><strong>aliud</strong></span> <span class='ocrx_word' id='word_1_649' title='bbox 3218 3337 3501 3409; x_wconf 85' lang='lat' dir='ltr'><strong>intelligi;</strong></span> <span class='ocrx_word' id='word_1_650' title='bbox 3541 3344 3737 3395; x_wconf 90' lang='lat' dir='ltr'><strong>tamen</strong></span> 
     </span>
    </p>
   </div>
   <div class='ocr_carea' id='block_1_92' title="bbox 2096 3426 3740 3500">
    <p class='ocr_par' dir='ltr' id='par_1_92' title="bbox 2096 3426 3740 3500">
     <span class='ocr_line' id='line_1_95' title="bbox 2096 3426 3740 3500; baseline 0.002 -18"><span class='ocrx_word' id='word_1_651' title='bbox 2096 3431 2246 3500; x_wconf 87' lang='lat' dir='ltr'><strong>quod</strong></span> <span class='ocrx_word' id='word_1_652' title='bbox 2282 3445 2348 3482; x_wconf 86' lang='lat' dir='ltr'><strong>ex</strong></span> <span class='ocrx_word' id='word_1_653' title='bbox 2409 3429 2511 3481; x_wconf 90' lang='lat' dir='ltr'><strong>hoc</strong></span> <span class='ocrx_word' id='word_1_654' title='bbox 2546 3428 2735 3499; x_wconf 92' lang='lat' dir='ltr'><strong>primo</strong></span> <span class='ocrx_word' id='word_1_655' title='bbox 2782 3427 2906 3481; x_wconf 90' lang='lat' dir='ltr'><strong>loco</strong></span> <span class='ocrx_word' id='word_1_656' title='bbox 2958 3426 3359 3495; x_wconf 87' lang='lat' dir='ltr'><strong>excitavimus,</strong></span> <span class='ocrx_word' id='word_1_657' title='bbox 3386 3444 3500 3483; x_wconf 90' lang='lat' dir='ltr'><strong>non</strong></span> <span class='ocrx_word' id='word_1_658' title='bbox 3551 3432 3740 3500; x_wconf 85' lang='lat' dir='ltr'><strong>potest</strong></span> 
     </span>
    </p>
   </div>
   <div class='ocr_carea' id='block_1_93' title="bbox 2097 3514 3739 3589">
    <p class='ocr_par' dir='ltr' id='par_1_93' title="bbox 2097 3514 3739 3589">
     <span class='ocr_line' id='line_1_96' title="bbox 2097 3514 3739 3589; baseline -0.001 -15"><span class='ocrx_word' id='word_1_659' title='bbox 2097 3519 2165 3574; x_wconf 89' lang='lat' dir='ltr'><strong>ad</strong></span> <span class='ocrx_word' id='word_1_660' title='bbox 2192 3518 2383 3573; x_wconf 92' lang='lat' dir='ltr'><strong>locum</strong></span> <span class='ocrx_word' id='word_1_661' title='bbox 2415 3515 2757 3571; x_wconf 87' lang='lat' dir='ltr'><strong>Tertulliani</strong></span> <span class='ocrx_word' id='word_1_662' title='bbox 2792 3514 2991 3570; x_wconf 89' lang='lat' dir='ltr'><strong>referri</strong></span> <span class='ocrx_word' id='word_1_663' title='bbox 3022 3530 3149 3569; x_wconf 89' lang='lat' dir='ltr'><strong>eam</strong></span> <span class='ocrx_word' id='word_1_664' title='bbox 3191 3516 3262 3570; x_wconf 93' lang='lat' dir='ltr'><strong>ob</strong></span> <span class='ocrx_word' id='word_1_665' title='bbox 3303 3532 3566 3587; x_wconf 87' lang='lat' dir='ltr'><strong>causam,</strong></span> <span class='ocrx_word' id='word_1_666' title='bbox 3600 3519 3739 3589; x_wconf 91' lang='lat' dir='ltr'><strong>quia</strong></span> 
     </span>
    </p>
   </div>
   <div class='ocr_carea' id='block_1_94' title="bbox 2094 3602 3741 3678">
    <p class='ocr_par' dir='ltr' id='par_1_94' title="bbox 2094 3602 3741 3678">
     <span class='ocr_line' id='line_1_97' title="bbox 2094 3602 3741 3678; baseline 0.002 -18"><span class='ocrx_word' id='word_1_667' title='bbox 2094 3606 2206 3677; x_wconf 91' lang='lat' dir='ltr'><strong>ipsi</strong></span> <span class='ocrx_word' id='word_1_668' title='bbox 2234 3607 2303 3661; x_wconf 92' lang='lat' dir='ltr'><strong>do</strong></span> <span class='ocrx_word' id='word_1_669' title='bbox 2341 3606 2633 3677; x_wconf 87' lang='lat' dir='ltr'><strong>congiario</strong></span> <span class='ocrx_word' id='word_1_670' title='bbox 2681 3622 2798 3659; x_wconf 90' lang='lat' dir='ltr'><strong>non</strong></span> <span class='ocrx_word' id='word_1_671' title='bbox 2848 3604 2960 3659; x_wconf 90' lang='lat' dir='ltr'><strong>nisi</strong></span> <span class='ocrx_word' id='word_1_672' title='bbox 3012 3602 3225 3676; x_wconf 91' lang='lat' dir='ltr'><strong>populo</strong></span> <span class='ocrx_word' id='word_1_673' title='bbox 3264 3604 3399 3659; x_wconf 90' lang='lat' dir='ltr'><strong>dato</strong></span> <span class='ocrx_word' id='word_1_674' title='bbox 3450 3605 3741 3678; x_wconf 90' lang='lat' dir='ltr'><strong>editisque</strong></span> 
     </span>
    </p>
   </div>
   <div class='ocr_carea' id='block_1_95' title="bbox 2096 3693 3742 3767">
    <p class='ocr_par' dir='ltr' id='par_1_95' title="bbox 2096 3693 3742 3767">
     <span class='ocr_line' id='line_1_98' title="bbox 2096 3693 3742 3767; baseline 0.001 -16"><span class='ocrx_word' id='word_1_675' title='bbox 2096 3695 2469 3767; x_wconf 87' lang='lat' dir='ltr'><strong>spectaculis,</strong></span> <span class='ocrx_word' id='word_1_676' title='bbox 2515 3693 2870 3749; x_wconf 87' lang='lat' dir='ltr'><strong>Tertulliano</strong></span> <span class='ocrx_word' id='word_1_677' title='bbox 2921 3697 3115 3749; x_wconf 90' lang='lat' dir='ltr'><strong>autem</strong></span> <span class='ocrx_word' id='word_1_678' title='bbox 3167 3694 3237 3748; x_wconf 91' lang='lat' dir='ltr'><strong>de</strong></span> <span class='ocrx_word' id='word_1_679' title='bbox 3279 3710 3338 3748; x_wconf 90' lang='lat' dir='ltr'><strong>re</strong></span> <span class='ocrx_word' id='word_1_680' title='bbox 3406 3693 3575 3765; x_wconf 90' lang='lat' dir='ltr'><strong>plane</strong></span> <span class='ocrx_word' id='word_1_681' title='bbox 3627 3696 3742 3752; x_wconf 87' lang='lat' dir='ltr'><strong>alia</strong></span> 
     </span>
    </p>
   </div>
   <div class='ocr_carea' id='block_1_96' title="bbox 2099 3781 3741 3840">
    <p class='ocr_par' dir='ltr' id='par_1_96' title="bbox 2099 3781 3741 3840">
     <span class='ocr_line' id='line_1_99' title="bbox 2099 3781 3741 3840; baseline 0.001 -1"><span class='ocrx_word' id='word_1_682' title='bbox 2099 3784 2387 3839; x_wconf 88' lang='lat' dir='ltr'><strong>militibus</strong></span> <span class='ocrx_word' id='word_1_683' title='bbox 2418 3784 2476 3839; x_wconf 90' lang='lat' dir='ltr'><strong>in</strong></span> <span class='ocrx_word' id='word_1_684' title='bbox 2511 3784 2719 3838; x_wconf 88' lang='lat' dir='ltr'><strong>castris</strong></span> <span class='ocrx_word' id='word_1_685' title='bbox 2764 3798 3039 3838; x_wconf 89' lang='lat' dir='ltr'><strong>concessa</strong></span> <span class='ocrx_word' id='word_1_686' title='bbox 3068 3786 3156 3837; x_wconf 87' lang='lat' dir='ltr'><strong>est</strong></span> <span class='ocrx_word' id='word_1_687' title='bbox 3204 3781 3449 3837; x_wconf 90' lang='lat' dir='ltr'><strong>dictum.</strong></span> <span class='ocrx_word' id='word_1_688' title='bbox 3490 3785 3595 3839; x_wconf 89' lang='lat' dir='ltr'><strong>Sed</strong></span> <span class='ocrx_word' id='word_1_689' title='bbox 3640 3802 3741 3840; x_wconf 89' lang='lat' dir='ltr'><strong>ne-</strong></span> 
     </span>
    </p>
   </div>
   <div class='ocr_carea' id='block_1_97' title="bbox 2098 3871 3743 3946">
    <p class='ocr_par' dir='ltr' id='par_1_97' title="bbox 2098 3871 3743 3946">
     <span class='ocr_line' id='line_1_100' title="bbox 2098 3871 3743 3946; baseline 0.001 -17"><span class='ocrx_word' id='word_1_690' title='bbox 2098 3890 2210 3946; x_wconf 90' lang='lat' dir='ltr'><strong>que</strong></span> <span class='ocrx_word' id='word_1_691' title='bbox 2240 3873 2339 3928; x_wconf 89' lang='lat' dir='ltr'><strong>illa</strong></span> <span class='ocrx_word' id='word_1_692' title='bbox 2380 3878 2674 3944; x_wconf 85' lang='lat' dir='ltr'><strong>postrema</strong></span> <span class='ocrx_word' id='word_1_693' title='bbox 2694 3871 2981 3927; x_wconf 88' lang='lat' dir='ltr'><strong>sententia</strong></span> <span class='ocrx_word' id='word_1_694' title='bbox 3010 3871 3371 3927; x_wconf 89' lang='lat' dir='ltr'><strong>admittenda</strong></span> <span class='ocrx_word' id='word_1_695' title='bbox 3401 3878 3508 3943; x_wconf 85' lang='lat' dir='ltr'><strong>est,</strong></span> <span class='ocrx_word' id='word_1_696' title='bbox 3544 3878 3606 3928; x_wconf 92' lang='lat' dir='ltr'><strong>ut</strong></span> <span class='ocrx_word' id='word_1_697' title='bbox 3629 3874 3743 3931; x_wconf 86' lang='lat' dir='ltr'><strong>ista</strong></span> 
     </span>
    </p>
   </div>
   <div class='ocr_carea' id='block_1_98' title="bbox 2096 3959 3740 4033">
    <p class='ocr_par' dir='ltr' id='par_1_98' title="bbox 2096 3959 3740 4033">
     <span class='ocr_line' id='line_1_101' title="bbox 2096 3959 3740 4033; baseline 0.002 -17"><span class='ocrx_word' id='word_1_698' title='bbox 2096 3960 2437 4027; x_wconf 89' lang='lat' dir='ltr'><strong>liberalitas,</strong></span> <span class='ocrx_word' id='word_1_699' title='bbox 2474 3961 2635 4016; x_wconf 82' lang='lat' dir='ltr'><strong>linito</strong></span> <span class='ocrx_word' id='word_1_700' title='bbox 2666 3961 2723 4015; x_wconf 93' lang='lat' dir='ltr'><strong>in</strong></span> <span class='ocrx_word' id='word_1_701' title='bbox 2746 3960 2978 4016; x_wconf 91' lang='lat' dir='ltr'><strong>Oriente</strong></span> <span class='ocrx_word' id='word_1_702' title='bbox 3014 3959 3187 4028; x_wconf 89' lang='lat' dir='ltr'><strong>bello,</strong></span> <span class='ocrx_word' id='word_1_703' title='bbox 3228 3961 3288 4015; x_wconf 91' lang='lat' dir='ltr'><strong>in</strong></span> <span class='ocrx_word' id='word_1_704' title='bbox 3336 3962 3498 4033; x_wconf 85' lang='lat' dir='ltr'><strong>Syria</strong></span> <span class='ocrx_word' id='word_1_705' title='bbox 3556 3965 3740 4019; x_wconf 89' lang='lat' dir='ltr'><strong>conti-</strong></span> 
     </span>
    </p>
   </div>
   <div class='ocr_carea' id='block_1_99' title="bbox 2099 4050 3744 4122">
    <p class='ocr_par' dir='ltr' id='par_1_99' title="bbox 2099 4050 3744 4122">
     <span class='ocr_line' id='line_1_102' title="bbox 2099 4050 3744 4122; baseline 0.001 -16"><span class='ocrx_word' id='word_1_706' title='bbox 2099 4050 2245 4121; x_wconf 88' lang='lat' dir='ltr'><strong>gerit</strong></span> <span class='ocrx_word' id='word_1_707' title='bbox 2275 4052 2591 4117; x_wconf 89' lang='lat' dir='ltr'><strong>ann.CCll,</strong></span> <span class='ocrx_word' id='word_1_708' title='bbox 2626 4055 2757 4121; x_wconf 91' lang='lat' dir='ltr'><strong>post</strong></span> <span class='ocrx_word' id='word_1_709' title='bbox 2805 4053 3145 4121; x_wconf 88' lang='lat' dir='ltr'><strong>susceptum</strong></span> <span class='ocrx_word' id='word_1_710' title='bbox 3196 4050 3267 4104; x_wconf 88' lang='lat' dir='ltr'><strong>ab</strong></span> <span class='ocrx_word' id='word_1_711' title='bbox 3325 4055 3578 4122; x_wconf 90' lang='lat' dir='ltr'><strong>utroque</strong></span> <span class='ocrx_word' id='word_1_712' title='bbox 3630 4058 3744 4107; x_wconf 83' lang='lat' dir='ltr'><strong>Au-</strong></span> 
     </span>
    </p>
   </div>
   <div class='ocr_carea' id='block_1_100' title="bbox 2098 4137 3741 4212">
    <p class='ocr_par' dir='ltr' id='par_1_100' title="bbox 2098 4137 3741 4212">
     <span class='ocr_line' id='line_1_103' title="bbox 2098 4137 3741 4212; baseline 0.001 -17"><span class='ocrx_word' id='word_1_713' title='bbox 2098 4144 2272 4212; x_wconf 89' lang='lat' dir='ltr'><strong>gusto</strong></span> <span class='ocrx_word' id='word_1_714' title='bbox 2302 4138 2694 4195; x_wconf 88' lang='lat' dir='ltr'><strong>consulatum.</strong></span> <span class='ocrx_word' id='word_1_715' title='bbox 2721 4137 2829 4203; x_wconf 87' lang='lat' dir='ltr'><strong>Qui</strong></span> <span class='ocrx_word' id='word_1_716' title='bbox 2880 4138 3035 4193; x_wconf 92' lang='lat' dir='ltr'><strong>enim</strong></span> <span class='ocrx_word' id='word_1_717' title='bbox 3070 4139 3198 4208; x_wconf 88' lang='lat' dir='ltr'><strong>ejus</strong></span> <span class='ocrx_word' id='word_1_718' title='bbox 3246 4139 3328 4193; x_wconf 90' lang='lat' dir='ltr'><strong>rei</strong></span> <span class='ocrx_word' id='word_1_719' title='bbox 3359 4139 3521 4195; x_wconf 91' lang='lat' dir='ltr'><strong>solus</strong></span> <span class='ocrx_word' id='word_1_720' title='bbox 3573 4158 3741 4197; x_wconf 89' lang='lat' dir='ltr'><strong>men-</strong></span> 
     </span>
    </p>
   </div>
   <div class='ocr_carea' id='block_1_101' title="bbox 2099 4228 3737 4299">
    <p class='ocr_par' dir='ltr' id='par_1_101' title="bbox 2099 4228 3737 4299">
     <span class='ocr_line' id='line_1_104' title="bbox 2099 4228 3737 4299; baseline 0.001 -15"><span class='ocrx_word' id='word_1_721' title='bbox 2099 4230 2318 4284; x_wconf 90' lang='lat' dir='ltr'><strong>tionem</strong></span> <span class='ocrx_word' id='word_1_722' title='bbox 2371 4228 2561 4297; x_wconf 85' lang='lat' dir='ltr'><strong>injicit</strong></span> <span class='ocrx_word' id='word_1_723' title='bbox 2609 4229 2787 4283; x_wconf 66' lang='lat' dir='ltr'><strong>.Elius</strong></span> <span class='ocrx_word' id='word_1_724' title='bbox 2832 4228 3184 4298; x_wconf 83' lang='lat' dir='ltr'><strong>Spartianus,</strong></span> <span class='ocrx_word' id='word_1_725' title='bbox 3228 4228 3418 4283; x_wconf 86' lang='lat' dir='ltr'><strong>datum</strong></span> <span class='ocrx_word' id='word_1_726' title='bbox 3460 4246 3592 4299; x_wconf 85' lang='lat' dir='ltr'><strong>esse,</strong></span> <span class='ocrx_word' id='word_1_727' title='bbox 3637 4231 3737 4298; x_wconf 91' lang='lat' dir='ltr'><strong>ait,</strong></span> 
     </span>
    </p>
   </div>
   <div class='ocr_carea' id='block_1_102' title="bbox 2096 4318 3741 4388">
    <p class='ocr_par' dir='ltr' id='par_1_102' title="bbox 2096 4318 3741 4388">
     <span class='ocr_line' id='line_1_105' title="bbox 2096 4318 3741 4388; baseline 0.001 -14"><span class='ocrx_word' id='word_1_728' title='bbox 2096 4320 2366 4374; x_wconf 81' lang='lat' dir='ltr'><strong>militibus</strong></span> <span class='ocrx_word' id='word_1_729' title='bbox 2398 4318 2733 4371; x_wconf 83' lang='lat' dir='ltr'><strong>cumulatius</strong></span> <span class='ocrx_word' id='word_1_730' title='bbox 2748 4318 3275 4388; x_wconf 83' lang='lat' dir='ltr'><strong>stipendium,quod</strong></span> <span class='ocrx_word' id='word_1_731' title='bbox 3308 4318 3510 4374; x_wconf 89' lang='lat' dir='ltr'><strong>dubito</strong></span> <span class='ocrx_word' id='word_1_732' title='bbox 3542 4336 3613 4374; x_wconf 90' lang='lat' dir='ltr'><strong>an</strong></span> <span class='ocrx_word' id='word_1_733' title='bbox 3638 4321 3741 4376; x_wconf 88' lang='lat' dir='ltr'><strong>do-</strong></span> 
     </span>
    </p>
   </div>
   <div class='ocr_carea' id='block_1_103' title="bbox 2100 4404 3743 4477">
    <p class='ocr_par' dir='ltr' id='par_1_103' title="bbox 2100 4404 3743 4477">
     <span class='ocr_line' id='line_1_106' title="bbox 2100 4404 3743 4477; baseline 0.002 -16"><span class='ocrx_word' id='word_1_734' title='bbox 2100 4408 2363 4463; x_wconf 90' lang='lat' dir='ltr'><strong>nativum</strong></span> <span class='ocrx_word' id='word_1_735' title='bbox 2388 4406 2499 4461; x_wconf 90' lang='lat' dir='ltr'><strong>dici</strong></span> <span class='ocrx_word' id='word_1_736' title='bbox 2533 4406 2737 4477; x_wconf 87' lang='lat' dir='ltr'><strong>possit,</strong></span> <span class='ocrx_word' id='word_1_737' title='bbox 2770 4405 2942 4475; x_wconf 90' lang='lat' dir='ltr'><strong>quale</strong></span> <span class='ocrx_word' id='word_1_738' title='bbox 2982 4404 3379 4460; x_wconf 90' lang='lat' dir='ltr'><strong>&#39;l‘ertullianus</strong></span> <span class='ocrx_word' id='word_1_739' title='bbox 3413 4406 3743 4477; x_wconf 84' lang='lat' dir='ltr'><strong>significare</strong></span> 
     </span>
    </p>
   </div>
   <div class='ocr_carea' id='block_1_104' title="bbox 2097 4494 3742 4566">
    <p class='ocr_par' dir='ltr' id='par_1_104' title="bbox 2097 4494 3742 4566">
     <span class='ocr_line' id='line_1_107' title="bbox 2097 4494 3742 4566; baseline 0.002 -15"><span class='ocrx_word' id='word_1_740' title='bbox 2097 4498 2344 4551; x_wconf 86' lang='lat' dir='ltr'><strong>videtur.</strong></span> <span class='ocrx_word' id='word_1_741' title='bbox 2371 4499 2444 4550; x_wconf 80' lang='lat' dir='ltr'><strong>Ao</strong></span> <span class='ocrx_word' id='word_1_742' title='bbox 2474 4496 2520 4550; x_wconf 92' lang='lat' dir='ltr'><strong>si</strong></span> <span class='ocrx_word' id='word_1_743' title='bbox 2557 4495 2641 4552; x_wconf 92' lang='lat' dir='ltr'><strong>vel</strong></span> <span class='ocrx_word' id='word_1_744' title='bbox 2674 4494 2925 4550; x_wconf 84' lang='lat' dir='ltr'><strong>maxime</strong></span> <span class='ocrx_word' id='word_1_745' title='bbox 2956 4495 3093 4560; x_wconf 89' lang='lat' dir='ltr'><strong>sint,</strong></span> <span class='ocrx_word' id='word_1_746' title='bbox 3121 4495 3219 4566; x_wconf 90' lang='lat' dir='ltr'><strong>qui</strong></span> <span class='ocrx_word' id='word_1_747' title='bbox 3258 4495 3466 4551; x_wconf 89' lang='lat' dir='ltr'><strong>malint</strong></span> <span class='ocrx_word' id='word_1_748' title='bbox 3508 4496 3567 4552; x_wconf 90' lang='lat' dir='ltr'><strong>in</strong></span> <span class='ocrx_word' id='word_1_749' title='bbox 3626 4499 3742 4554; x_wconf 90' lang='lat' dir='ltr'><strong>isto</strong></span> 
     </span>
    </p>
   </div>
   <div class='ocr_carea' id='block_1_105' title="bbox 2098 4584 3744 4660">
    <p class='ocr_par' dir='ltr' id='par_1_105' title="bbox 2098 4584 3744 4660">
     <span class='ocr_line' id='line_1_108' title="bbox 2098 4584 3744 4660; baseline 0.001 -19"><span class='ocrx_word' id='word_1_750' title='bbox 2098 4586 2222 4641; x_wconf 86' lang='lat' dir='ltr'><strong>loco</strong></span> <span class='ocrx_word' id='word_1_751' title='bbox 2280 4585 2573 4656; x_wconf 88' lang='lat' dir='ltr'><strong>Spartiani</strong></span> <span class='ocrx_word' id='word_1_752' title='bbox 2627 4584 2968 4639; x_wconf 88' lang='lat' dir='ltr'><strong>donativum</strong></span> <span class='ocrx_word' id='word_1_753' title='bbox 3012 4584 3359 4657; x_wconf 86' lang='lat' dir='ltr'><strong>intelligere,</strong></span> <span class='ocrx_word' id='word_1_754' title='bbox 3414 4602 3511 4641; x_wconf 90' lang='lat' dir='ltr'><strong>eos</strong></span> <span class='ocrx_word' id='word_1_755' title='bbox 3574 4603 3744 4660; x_wconf 90' lang='lat' dir='ltr'><strong>spero</strong></span> 
     </span>
    </p>
   </div>
   <div class='ocr_carea' id='block_1_106' title="bbox 2097 4675 3746 4748">
    <p class='ocr_par' dir='ltr' id='par_1_106' title="bbox 2097 4675 3746 4748">
     <span class='ocr_line' id='line_1_109' title="bbox 2097 4675 3746 4748; baseline 0.002 -18"><span class='ocrx_word' id='word_1_756' title='bbox 2097 4692 2212 4731; x_wconf 92' lang='lat' dir='ltr'><strong>non</strong></span> <span class='ocrx_word' id='word_1_757' title='bbox 2245 4675 2480 4747; x_wconf 91' lang='lat' dir='ltr'><strong>penitus</strong></span> <span class='ocrx_word' id='word_1_758' title='bbox 2511 4678 2970 4745; x_wconf 90' lang='lat' dir='ltr'><strong>comtempturos</strong></span> <span class='ocrx_word' id='word_1_759' title='bbox 3001 4676 3350 4730; x_wconf 89' lang='lat' dir='ltr'><strong>sententiam</strong></span> <span class='ocrx_word' id='word_1_760' title='bbox 3398 4692 3611 4744; x_wconf 89' lang='lat' dir='ltr'><strong>meam,</strong></span> <span class='ocrx_word' id='word_1_761' title='bbox 3632 4694 3746 4748; x_wconf 88' lang='lat' dir='ltr'><strong>qua</strong></span> 
     </span>
    </p>
   </div>
   <div class='ocr_carea' id='block_1_107' title="bbox 2096 4763 3742 4836">
    <p class='ocr_par' dir='ltr' id='par_1_107' title="bbox 2096 4763 3742 4836">
     <span class='ocr_line' id='line_1_110' title="bbox 2096 4763 3742 4836; baseline 0.002 -17"><span class='ocrx_word' id='word_1_762' title='bbox 2096 4764 2505 4820; x_wconf 87' lang='lat' dir='ltr'><strong>liberalitatem</strong></span> <span class='ocrx_word' id='word_1_763' title='bbox 2539 4781 2571 4819; x_wconf 90' lang='lat' dir='ltr'><strong>a</strong></span> <span class='ocrx_word' id='word_1_764' title='bbox 2616 4763 2973 4819; x_wconf 89' lang='lat' dir='ltr'><strong>Tertulliano</strong></span> <span class='ocrx_word' id='word_1_765' title='bbox 3023 4765 3346 4836; x_wconf 83' lang='lat' dir='ltr'><strong>expositam</strong></span> <span class='ocrx_word' id='word_1_766' title='bbox 3396 4767 3565 4821; x_wconf 89' lang='lat' dir='ltr'><strong>credo</strong></span> <span class='ocrx_word' id='word_1_767' title='bbox 3614 4784 3742 4822; x_wconf 90' lang='lat' dir='ltr'><strong>eam</strong></span> 
     </span>
    </p>
   </div>
   <div class='ocr_carea' id='block_1_108' title="bbox 2098 4854 3743 4926">
    <p class='ocr_par' dir='ltr' id='par_1_108' title="bbox 2098 4854 3743 4926">
     <span class='ocr_line' id='line_1_111' title="bbox 2098 4854 3743 4926; baseline 0.001 -16"><span class='ocrx_word' id='word_1_768' title='bbox 2098 4855 2406 4926; x_wconf 87' lang='lat' dir='ltr'><strong>attingere,</strong></span> <span class='ocrx_word' id='word_1_769' title='bbox 2432 4855 2503 4910; x_wconf 90' lang='lat' dir='ltr'><strong>de</strong></span> <span class='ocrx_word' id='word_1_770' title='bbox 2525 4871 2642 4925; x_wconf 89' lang='lat' dir='ltr'><strong>qua</strong></span> <span class='ocrx_word' id='word_1_771' title='bbox 2680 4854 3053 4925; x_wconf 88' lang='lat' dir='ltr'><strong>Spartianum</strong></span> <span class='ocrx_word' id='word_1_772' title='bbox 3114 4854 3375 4909; x_wconf 91' lang='lat' dir='ltr'><strong>locutum</strong></span> <span class='ocrx_word' id='word_1_773' title='bbox 3426 4871 3554 4910; x_wconf 90' lang='lat' dir='ltr'><strong>esse</strong></span> <span class='ocrx_word' id='word_1_774' title='bbox 3604 4856 3743 4926; x_wconf 87' lang='lat' dir='ltr'><strong>dixi,</strong></span> 
     </span>
    </p>
   </div>
   <div class='ocr_carea' id='block_1_109' title="bbox 2098 4943 3745 5016">
    <p class='ocr_par' dir='ltr' id='par_1_109' title="bbox 2098 4943 3745 5016">
     <span class='ocr_line' id='line_1_112' title="bbox 2098 4943 3745 5016; baseline 0.001 -16"><span class='ocrx_word' id='word_1_775' title='bbox 2098 4945 2239 5000; x_wconf 90' lang='lat' dir='ltr'><strong>dum</strong></span> <span class='ocrx_word' id='word_1_776' title='bbox 2270 4961 2337 4999; x_wconf 90' lang='lat' dir='ltr'><strong>ea</strong></span> <span class='ocrx_word' id='word_1_777' title='bbox 2361 4944 2663 5013; x_wconf 86' lang='lat' dir='ltr'><strong>referebat,</strong></span> <span class='ocrx_word' id='word_1_778' title='bbox 2688 4960 2813 5013; x_wconf 65' lang='lat' dir='ltr'><strong>quae</strong></span> <span class='ocrx_word' id='word_1_779' title='bbox 2836 4943 3173 4998; x_wconf 86' lang='lat' dir='ltr'><strong>acciderunt</strong></span> <span class='ocrx_word' id='word_1_780' title='bbox 3212 4946 3340 5013; x_wconf 91' lang='lat' dir='ltr'><strong>post</strong></span> <span class='ocrx_word' id='word_1_781' title='bbox 3402 4950 3745 5016; x_wconf 84' lang='lat' dir='ltr'><strong>occupatam</strong></span> 
     </span>
    </p>
   </div>
   <div class='ocr_carea' id='block_1_110' title="bbox 2098 5030 3745 5106">
    <p class='ocr_par' dir='ltr' id='par_1_110' title="bbox 2098 5030 3745 5106">
     <span class='ocr_line' id='line_1_113' title="bbox 2098 5030 3745 5106; baseline 0 -17"><span class='ocrx_word' id='word_1_782' title='bbox 2098 5033 2552 5106; x_wconf 89' lang='lat' dir='ltr'><strong>Ctesiphontem.</strong></span> <span class='ocrx_word' id='word_1_783' title='bbox 2590 5034 2723 5098; x_wconf 76' lang='lat' dir='ltr'><strong>Qua:</strong></span> <span class='ocrx_word' id='word_1_784' title='bbox 2756 5030 2838 5086; x_wconf 89' lang='lat' dir='ltr'><strong>ita</strong></span> <span class='ocrx_word' id='word_1_785' title='bbox 2868 5048 3001 5087; x_wconf 90' lang='lat' dir='ltr'><strong>cum</strong></span> <span class='ocrx_word' id='word_1_786' title='bbox 3045 5031 3580 5103; x_wconf 88' lang='lat' dir='ltr'><strong>circumspicimus,</strong></span> <span class='ocrx_word' id='word_1_787' title='bbox 3629 5052 3745 5090; x_wconf 92' lang='lat' dir='ltr'><strong>non</strong></span> 
     </span>
    </p>
   </div>
   <div class='ocr_carea' id='block_1_111' title="bbox 2099 5122 3744 5196">
    <p class='ocr_par' dir='ltr' id='par_1_111' title="bbox 2099 5122 3744 5196">
     <span class='ocr_line' id='line_1_114' title="bbox 2099 5122 3744 5196; baseline 0.001 -18"><span class='ocrx_word' id='word_1_788' title='bbox 2099 5123 2296 5179; x_wconf 90' lang='lat' dir='ltr'><strong>omnia</strong></span> <span class='ocrx_word' id='word_1_789' title='bbox 2327 5122 2541 5186; x_wconf 87' lang='lat' dir='ltr'><strong>solum,</strong></span> <span class='ocrx_word' id='word_1_790' title='bbox 2577 5122 2625 5176; x_wconf 91' lang='lat' dir='ltr'><strong>si</strong></span> <span class='ocrx_word' id='word_1_791' title='bbox 2647 5122 2939 5178; x_wconf 88' lang='lat' dir='ltr'><strong>contentio</strong></span> <span class='ocrx_word' id='word_1_792' title='bbox 2971 5122 3238 5193; x_wconf 76' lang='lat' dir='ltr'><strong>quaedam</strong></span> <span class='ocrx_word' id='word_1_793' title='bbox 3272 5126 3327 5177; x_wconf 91' lang='lat' dir='ltr'><strong>et</strong></span> <span class='ocrx_word' id='word_1_794' title='bbox 3381 5126 3744 5196; x_wconf 90' lang='lat' dir='ltr'><strong>comparatio</strong></span> 
     </span>
    </p>
   </div>
   <div class='ocr_carea' id='block_1_112' title="bbox 2100 5210 3751 5287">
    <p class='ocr_par' dir='ltr' id='par_1_112' title="bbox 2100 5210 3751 5287">
     <span class='ocr_line' id='line_1_115' title="bbox 2100 5210 3751 5287; baseline 0.002 -20"><span class='ocrx_word' id='word_1_795' title='bbox 2100 5214 2219 5278; x_wconf 81' lang='lat' dir='ltr'><strong>fiat,</strong></span> <span class='ocrx_word' id='word_1_796' title='bbox 2245 5213 2391 5267; x_wconf 82' lang='lat' dir='ltr'><strong>bene</strong></span> <span class='ocrx_word' id='word_1_797' title='bbox 2422 5228 2483 5265; x_wconf 89' lang='lat' dir='ltr'><strong>se</strong></span> <span class='ocrx_word' id='word_1_798' title='bbox 2514 5211 2750 5282; x_wconf 87' lang='lat' dir='ltr'><strong>habere,</strong></span> <span class='ocrx_word' id='word_1_799' title='bbox 2802 5212 2905 5266; x_wconf 89' lang='lat' dir='ltr'><strong>sed</strong></span> <span class='ocrx_word' id='word_1_800' title='bbox 2947 5210 3221 5284; x_wconf 85' lang='lat' dir='ltr'><strong>explicari</strong></span> <span class='ocrx_word' id='word_1_801' title='bbox 3296 5213 3473 5269; x_wconf 87' lang='lat' dir='ltr'><strong>etiam</strong></span> <span class='ocrx_word' id='word_1_802' title='bbox 3524 5215 3751 5287; x_wconf 86' lang='lat' dir='ltr'><strong>egregie</strong></span> 
     </span>
    </p>
   </div>
   <div class='ocr_carea' id='block_1_113' title="bbox 2102 5408 3749 5537">
    <p class='ocr_par' dir='ltr' id='par_1_113' title="bbox 2102 5408 3749 5537">
     <span class='ocr_line' id='line_1_116' title="bbox 2102 5408 3749 5537; baseline 0.003 -73"><span class='ocrx_word' id='word_1_803' title='bbox 2102 5410 2260 5537; x_wconf 56' lang='grc' dir='ltr'><strong>ἕωἹί</strong></span> <span class='ocrx_word' id='word_1_804' title='bbox 2296 5410 2491 5482; x_wconf 69' lang='lat' dir='ltr'><strong>praeda</strong></span> <span class='ocrx_word' id='word_1_805' title='bbox 2513 5408 2711 5481; x_wconf 91' lang='lat' dir='ltr'><strong>oppidi</strong></span> <span class='ocrx_word' id='word_1_806' title='bbox 2746 5408 3021 5464; x_wconf 90' lang='lat' dir='ltr'><strong>Parthicii</strong></span> <span class='ocrx_word' id='word_1_807' title='bbox 3074 5411 3229 5482; x_wconf 91' lang='lat' dir='ltr'><strong>quod</strong></span> <span class='ocrx_word' id='word_1_808' title='bbox 3266 5412 3482 5469; x_wconf 91' lang='lat' dir='ltr'><strong>milites</strong></span> <span class='ocrx_word' id='word_1_809' title='bbox 3527 5430 3749 5485; x_wconf 54' lang='lat' dir='ltr'><strong>quare-</strong></span> 
     </span>
     <span class='ocr_line' id='line_1_117' title="bbox 2142 5499 2327 5537; baseline -0.005 -1"><span class='ocrx_word' id='word_1_810' title='bbox 2142 5499 2211 5537; x_wconf 90' lang='lat' dir='ltr'><strong>an</strong></span> <span class='ocrx_word' id='word_1_811' title='bbox 2252 5524 2262 5535; x_wconf 92' lang='lat'><strong>.</strong></span> <span class='ocrx_word' id='word_1_812' title='bbox 2301 5504 2327 5530; x_wconf 92' lang='grc'><strong>››</strong></span> 
     </span>
    </p>
   </div>
   <div class='ocr_carea' id='block_1_114' title="bbox 2142 5488 3751 5625">
    <p class='ocr_par' dir='ltr' id='par_1_114' title="bbox 2142 5488 3751 5625">
     <span class='ocr_line' id='line_1_118' title="bbox 2142 5488 3751 5625; baseline 0.001 -18"><span class='ocrx_word' id='word_1_813' title='bbox 2142 5488 2425 5621; x_wconf 40' lang='lat' dir='ltr'><strong>a(nit&#39;7.)»ld.,</strong></span> <span class='ocrx_word' id='word_1_814' title='bbox 2457 5553 2599 5607; x_wconf 91' lang='lat' dir='ltr'><strong>ibid.</strong></span> <span class='ocrx_word' id='word_1_815' title='bbox 2627 5568 2640 5607; x_wconf 91' lang='lat'>:</span> <span class='ocrx_word' id='word_1_816' title='bbox 2677 5573 2703 5602; x_wconf 84' lang='lat'><strong><em>«</em></strong></span> <span class='ocrx_word' id='word_1_817' title='bbox 2736 5556 2875 5608; x_wconf 91' lang='lat' dir='ltr'><strong>Post</strong></span> <span class='ocrx_word' id='word_1_818' title='bbox 2905 5552 3013 5609; x_wconf 90' lang='lat' dir='ltr'><strong>hoc</strong></span> <span class='ocrx_word' id='word_1_819' title='bbox 3044 5554 3203 5625; x_wconf 87' lang='lat' dir='ltr'><strong>(cum</strong></span> <span class='ocrx_word' id='word_1_820' title='bbox 3234 5554 3419 5611; x_wconf 86' lang='lat' dir='ltr'><strong>ﬁlium</strong></span> <span class='ocrx_word' id='word_1_821' title='bbox 3470 5555 3751 5622; x_wconf 78' lang='lat' dir='ltr'><strong>majorem</strong></span> 
     </span>
    </p>
   </div>
   <div class='ocr_carea' id='block_1_115' title="bbox 2100 5624 3755 5709">
    <p class='ocr_par' dir='ltr' id='par_1_115' title="bbox 2100 5624 3755 5709">
     <span class='ocr_line' id='line_1_119' title="bbox 2100 5624 3755 5709; baseline 0 -28"><span class='ocrx_word' id='word_1_822' title='bbox 2100 5624 2401 5709; x_wconf 74' lang='lat' dir='ltr'><strong>consulem</strong></span> <span class='ocrx_word' id='word_1_823' title='bbox 2440 5642 2637 5709; x_wconf 67' lang='lat' dir='ltr'><strong>secum</strong></span> <span class='ocrx_word' id='word_1_824' title='bbox 2672 5625 3082 5709; x_wconf 44' lang='lat' dir='ltr'><strong>designasse‘t),</strong></span> <span class='ocrx_word' id='word_1_825' title='bbox 3133 5626 3603 5709; x_wconf 61' lang='lat' dir='ltr'><strong>datostipendio</strong></span> <span class='ocrx_word' id='word_1_826' title='bbox 3654 5641 3755 5681; x_wconf 88' lang='lat' dir='ltr'><strong>cu-</strong></span> 
     </span>
    </p>
   </div>
   <div class='ocr_carea' id='block_1_116' title="bbox 2101 5697 3451 5770">
    <p class='ocr_par' dir='ltr' id='par_1_116' title="bbox 2101 5697 3451 5770">
     <span class='ocr_line' id='line_1_120' title="bbox 2101 5697 3451 5770; baseline -0.004 -14"><span class='ocrx_word' id='word_1_827' title='bbox 2101 5698 2411 5756; x_wconf 89' lang='lat' dir='ltr'><strong>mulatiore</strong></span> <span class='ocrx_word' id='word_1_828' title='bbox 2433 5697 2742 5767; x_wconf 86' lang='lat' dir='ltr'><strong>militibus,</strong></span> <span class='ocrx_word' id='word_1_829' title='bbox 2776 5697 3184 5756; x_wconf 85' lang='lat' dir='ltr'><strong>Alexandriam</strong></span> <span class='ocrx_word' id='word_1_830' title='bbox 3211 5698 3393 5770; x_wconf 88' lang='lat' dir='ltr'><strong>petiit.</strong></span> <span class='ocrx_word' id='word_1_831' title='bbox 3431 5721 3451 5748; x_wconf 70' lang='grc' dir='ltr'><strong><em>ι</em></strong></span> 
     </span>
    </p>
   </div>
  </div>
