4072 6190
375 362 490 422 167

1450 347 1974 414 DISSERTATIO
2017 346 2120 407 DE
2163 345 2373 407 VERA
2414 346 2698 408 IETATE

3663 342 3781 403 168

372 494 622 550 alterum
672 506 844 563 posse
892 506 960 546 ex
1003 490 1183 545 altero
1258 486 1805 544 animadvertimus.
1864 482 2011 537 Nam
2045 480 2099 548 Α
2128 480 2397 535 Parthica
2425 480 2711 545 exordiar,
2745 495 2862 534 non
2893 478 3178 534 Eusebius
3208 478 3397 533 solum
3431 478 3599 548 cujus
3630 477 3781 533 forte

371 584 628 656 primum
663 582 774 636 isto
805 586 1067 652 tempore
1096 581 1244 634 duos
1279 578 1459 633 fuisse
1484 578 1783 648 Augustos
1834 571 2023 626 nemi-

374 690 507 729 nem
541 671 835 742 prazterire
876 674 1103 741 potest;
1157 673 1280 724 erat
1331 668 1486 723 enim
1527 662 1855 719 Caracallus
1895 663 2021 731 jam

2138 569 2377 641 quidam
2435 573 2588 625 stare
2638 568 2837 625 nolent
2903 568 3149 639 judicio,
3198 568 3347 622 hanc
3404 566 3706 623 victoriam
3753 582 3787 621 a

2137 659 2730 729 Parthis,Adiabenis,
2766 658 3175 735 Arabibusque
3199 674 3371 729 repor
3388 661 3569 713 tatam
3601 660 3792 712 trans-

371 768 504 819 ante
556 760 986 833 expeditionem
1056 758 1384 814 Parthicam
1445 773 1582 810 ann.
1631 752 1910 821 CXCVIII,
1971 754 2027 805 et
2136 749 2246 803 fert
2294 748 2353 803 in
2412 765 2549 803 ann.
2611 749 2715 804 CC.
2774 748 3053 819 (Chronic.
3106 748 3241 814 1.11,
3287 748 3359 802 ad
3419 747 3478 801 h.
3538 764 3590 802 a.
3641 746 3782 801 edit.

369 868 525 907 nunc
557 868 591 905 a
646 848 935 903 militibus
983 847 1159 902 etiam
1207 846 1494 916 particeps
1527 841 1757 914 imperii
1804 840 2021 895 dictus.

370 943 590 998 Deinde
645 939 980 995 donativum
1050 936 1342 991 militibus
1418 936 1621 989 datum
1675 930 2021 1003 Spartianus

370 1032 808 1094 commemorat,
840 1028 995 1082 unde
1026 1025 1128 1080 illa
1159 1024 1482 1080 liberalitas
1513 1023 1933 1093 imperatorum
1958 1019 2016 1072 in

370 1119 577 1176 castris
626 1116 989 1184 intelligitur.
1075 1115 1337 1186 Denique
1394 1115 1502 1169 sub
1560 1111 1792 1167 initium
1847 1110 2021 1174 hujus

368 1210 502 1265 anni
535 1209 659 1274 CCI,
684 1206 943 1262 nondum
977 1209 1102 1260 erat
1143 1206 1235 1259 lex
1280 1202 1547 1274 quaedam
1579 1218 1612 1255 a
1641 1202 1843 1255 Severo
1886 1214 2019 1270 pro-

366 1298 646 1370 mulgata,
680 1313 808 1368 quae
841 1312 1047 1350 omnes
1070 1312 1099 1347 a
1128 1293 1414 1363 religione
1430 1290 1902 1346 Christianorum
1932 1303 2021 1341 ar-

367 1404 539 1453 ceret,
593 1401 842 1457 quorum
909 1383 1190 1438 familiam
1245 1398 1380 1437 mox
1428 1382 1726 1436 turbatam
1780 1395 1909 1433 esse
1953 1396 2020 1433 ea

367 1475 686 1548 apparebit.
719 1474 827 1528 Sed
859 1473 966 1527 hoc
1007 1471 1346 1527 donativum
1410 1471 1593 1525 fuisse
1625 1469 1733 1523 sub
1783 1467 2018 1523 initium

368 1565 503 1621 anni
533 1564 660 1632 CCI,
705 1562 993 1618 militibus
1017 1560 1423 1628 distributum,
1453 1559 1509 1613 id
1540 1573 1675 1612 vero
1718 1574 1850 1611 cum
1910 1557 2018 1611 ha-

366 1655 497 1709 beat
530 1653 790 1724 aliquam
822 1650 1270 1719 dubitationem,
1305 1648 1599 1721 quomodo
1626 1644 1837 1702 calculi
1872 1647 2011 1701 sub-

367 1742 619 1798 ducendi
650 1742 787 1809 sint,
835 1740 1090 1795 breviter
1136 1755 1515 1810 exponemus.
1575 1736 1869 1808 Principio
1918 1752 2015 1790 ve-

370 1832 542 1888 limus
573 1828 959 1885 animadverti
992 1827 1147 1898 quod
1177 1826 1289 1881 alio
1320 1826 1577 1897 quodam
1633 1824 1757 1879 loco
1807 1824 2015 1894 dispu-

364 1920 615 1975 tavimus
673 1918 873 1987 (supra
921 1916 951 1985 §
1002 1916 1088 1981 16,
1143 1914 1251 1969 col.
1318 1914 1437 1977 119,
1496 1912 1639 1983 not.)
1730 1912 2007 1966 Severum

361 2008 589 2081 expleta
638 2006 817 2078 priori
869 2008 1029 2077 parte
1088 2003 1224 2059 anni
1267 2002 1551 2071 CXCXIII,
1604 2001 1661 2055 in
1717 2000 2007 2055 Orientem

364 2098 549 2153 fuisse
580 2097 921 2168 profectum.
958 2093 1100 2148 Huic
1124 2092 1275 2148 bello
1304 2093 1587 2147 adversus
1627 2091 1871 2146 Parthos
1905 2108 2009 2147 su-

363 2193 562 2259 scepto
586 2187 760 2241 finem
795 2184 911 2240 fere
952 2182 1235 2254 imposuit
1284 2186 1562 2253 occupata
1610 2180 2003 2251 Ctesiphonte.

361 2276 705 2349 Nam,quod
738 2274 1197 2347 posteademum
1258 2271 1359 2326 Dio
1428 2271 1662 2326 Cassius
1729 2271 2003 2326 Severum

363 2367 537 2421 refert
577 2365 668 2420 bis
719 2364 938 2418 frustra
970 2366 1169 2416 Atram
1218 2360 1603 2431 impugnasse
1644 2377 1657 2427 ;
1710 2360 1768 2414 in
1828 2377 1916 2424 eo,
1956 2360 2003 2414 si

361 2459 514 2509 recte
546 2455 711 2524 dixit,
743 2453 989 2507 Severus
1020 2468 1133 2505 non
1163 2450 1391 2504 videtur
1422 2449 1674 2503 multum
1723 2448 2004 2520 temporis

362 2542 821 2613 consumpsisse,
874 2542 1023 2596 I25
1078 2555 1210 2593 cum
1256 2538 1436 2593 altera
1475 2554 1657 2609 eaque
1697 2538 2005 2593 vehemen-

362 2632 595 2685 tissima
625 2630 804 2698 hujus
835 2629 999 2684 urbis
1020 2630 1382 2700 oppugnatio
1426 2627 1631 2699 viginti
1681 2627 1760 2682 sit
1798 2628 2005 2683 diebus

362 2722 623 2775 confecta
690 2719 817 2789 (Dio
870 2718 905 2772 l.
966 2734 1130 2782 LXXV,
1179 2734 1229 2772 ο.
1286 2718 1369 2783 13,
1426 2734 1481 2787 ρ.
1524 2717 1703 2787 1265),
1758 2732 2005 2788 eamque

364 2808 563 2863 statim
626 2813 894 2862 secutum
939 2806 1046 2861 iter
1077 2805 1263 2861 Severi
1314 2807 1369 2859 in
1416 2804 1785 2860 Palaestinam
1832 2809 2005 2876 atque

365 2899 694 2969 zEgyptum.
730 2896 839 2950 Sed
872 2911 1105 2966 quoque
1131 2894 1302 2949 modo
1352 2893 1461 2948 hoc
1493 2894 1837 2965 accipiatur,
1886 2898 2007 2947 Cte-

363 2986 699 3056 siphontem
751 2983 988 3038 hiemali
1065 3000 1243 3054 prope
1295 2988 1549 3053 tempore
1591 2987 1822 3054 captam
1877 2997 2005 3037 esse

361 3075 706 3144 Spartianus
756 3072 1066 3128 confirmat
1106 3073 1159 3126 in
1195 3072 1322 3127 Sev.
1356 3088 1405 3126 c.
1442 3072 1526 3126 16.
1578 3071 1697 3126 Hoc
1728 3070 1841 3125 dici
1890 3087 2004 3125 non

365 3169 551 3235 potest
596 3163 879 3218 accidisse
936 3179 1072 3217 ann.
1126 3161 1432 3227 CXCVIII;
1479 3161 1772 3232 quomodo
1824 3161 2002 3227 enim,

364 3253 415 3309 ei
450 3253 714 3306 dicamus
744 3252 920 3306 etiam
955 3256 1225 3306 Severum
1261 3250 1460 3305 statim
1502 3254 1632 3321 post
1674 3255 2005 3321 susceptam

366 3359 399 3396 a
429 3339 719 3395 Caracallo
752 3340 994 3411 Augusti
1026 3339 1369 3411 dignitatem
1400 3343 1578 3393 Roma
1609 3338 1840 3405 abiisse,
1867 3355 2010 3409 quo-

367 3430 559 3499 modo,
594 3429 857 3500 inquam,
892 3432 1149 3500 tempore
1183 3432 1302 3483 tam
1345 3428 1501 3483 brevi
1533 3432 1761 3483 tantum
1794 3429 1904 3483 iter
1950 3428 2012 3483 in

364 3518 605 3575 ultimas
635 3517 802 3589 quasi
839 3518 1104 3589 regiones
1142 3516 1702 3589 perﬁcere,classem
1736 3534 2014 3574 exornare

364 3624 675 3680 peragrare
723 3608 1084 3677 Armeniam,
1158 3605 1508 3676 Seleuciam,
1545 3604 2013 3678 Babylonemque

362 3714 587 3769 capere,
622 3702 795 3767 atque
818 3700 1048 3751 vastare
1108 3695 1380 3750 Arabiam
1445 3695 1779 3766 potuisset?
1818 3696 2013 3766 Neque

362 3804 494 3843 vero
527 3786 581 3840 id
617 3786 803 3857 magis
862 3802 1014 3840 anno
1046 3784 1315 3856 sequenti
1374 3783 1692 3854 contigisse
1739 3785 2013 3839 credibile

360 3880 467 3930 est.
503 3875 726 3931 Etenim
762 3880 892 3945 post
914 3879 1143 3944 captam
1176 3872 1638 3945 Ctesiphontem,
1688 3877 2012 3945 Atramque

360 3964 451 4018 bis
482 3965 806 4029 obsessam,
840 3965 1084 4019 Severus
1117 3961 1271 4017 venit
1301 3962 1359 4015 in
1393 3962 1639 4033 Syriam,
1676 3960 1775 4015 ubi
1813 3966 2013 4033 postea

368 4054 561 4109 fasces
592 4052 825 4125 imperii
855 4053 1135 4123 suscepit.
1169 4052 1275 4106 Sed
1326 4067 1459 4105 eum
1496 4068 1647 4117 cum
1701 4050 1819 4105 filio
1872 4068 2009 4105 ann.

362 4142 521 4207 CCII,
556 4142 664 4197 hos
697 4141 1262 4205 habuisse,norunt,
1314 4138 1411 4209 qui
1466 4140 1648 4193 factos
1699 4139 2009 4194 consulue-

363 4237 503 4286 runt
536 4230 789 4286 universi
826 4230 1055 4301 ;itaque
1086 4229 1401 4283 dicendum
1437 4227 1567 4295 erit,
1612 4244 1712 4296 per
1744 4233 1860 4283 tres
1897 4228 2013 4282 fere

362 4326 463 4376 aut
493 4322 640 4376 duos
672 4338 856 4375 annos
888 4318 1035 4373 nihil
1070 4318 1259 4390 egisse
1290 4318 1562 4372 Severum
1599 4316 1657 4369 in
1712 4316 1862 4372 bello
1911 4317 2012 4371 ad-

359 4427 564 4465 versus
579 4415 813 4464 caeteros
828 4408 1415 4480 persequendo,quod
1450 4423 1689 4477 prorsus
1718 4406 2009 4461 abhorret.

365 4499 566 4552 Restat
595 4497 796 4566 igitur,
848 4500 911 4551 ut
960 4502 1188 4567 captam
1243 4512 1276 4549 a
1320 4495 1526 4550 Severo
1570 4494 2009 4565 Ctesiphontem

2133 838 2431 910 Scaligeri,
2466 856 2522 909 p.
2561 838 2704 910 182);
2731 839 2832 893 sed
2868 838 2997 892 fasti
3030 838 3204 893 etiam
3229 838 3401 909 (apud
3435 836 3781 903 Pamelium,

2137 929 2194 982 in
2240 927 2372 982 Vita
2408 928 2607 983 Tertul.
2668 944 2725 999 p.
2779 928 2970 999 18,11)
3028 931 3086 982 et
3134 926 3538 998 nummiapud
3574 925 3793 981 Medio-

2133 1016 2382 1071 barbum
2411 1016 2482 1071 ad
2516 1033 2653 1070 ann.
2714 1016 2773 1070 C.
2822 1016 2948 1070 201.
3004 1033 3061 1087 p.
3093 1016 3222 1082 274)
3270 1030 3592 1085 cognomen
3649 1017 3788 1069 Par-

2132 1106 2268 1160 thici
2294 1106 2530 1160 maximi
2558 1110 2763 1160 Severo
2794 1107 2887 1160 Tr.
2924 1105 2981 1161 Ρ.
3006 1104 3125 1161 VIII
3158 1104 3469 1160 sustinenti
3490 1104 3784 1175 tribuunt,

2127 1211 2301 1265 quam
2334 1194 2605 1266 progredi
2636 1211 2669 1249 a
2700 1193 2890 1249 medio
2921 1194 3058 1248 anni
3086 1197 3184 1262 CC,
3221 1210 3293 1248 an
3350 1193 3487 1247 anni
3545 1208 3792 1264 sequen-

2129 1284 2205 1338 tis
2238 1283 2492 1338 mediam
2552 1288 2797 1353 partem,
2860 1298 3030 1337 nemo
3082 1282 3331 1354 ignorat.
3385 1281 3666 1352 Deinceps
3728 1281 3787 1335 in

2129 1372 2487 1427 Caracallum
2515 1372 2787 1444 Augusti,
2839 1372 2897 1426 in
2958 1374 3159 1427 Getam
3217 1372 3458 1426 Caesaris
3528 1371 3785 1444 d‘gnita-

2127 1466 2244 1516 tem
2275 1479 2309 1516 a
2340 1460 2627 1516 militibus
2654 1460 2923 1515 eoliatam
2958 1476 3086 1516 esse
3134 1477 3270 1516 ann.
3318 1460 3450 1527 CCI,
3505 1476 3574 1515 ex
3618 1460 3787 1531 Spar-

2127 1552 2285 1605 tiano
2316 1550 2667 1622 intelligitur
2688 1551 2942 1621 quodam
2974 1550 3277 1620 modo,qui
3308 1549 3415 1604 hoc
3448 1550 3526 1603 ait
3557 1550 3775 1604 factum

2125 1655 2275 1705 esse,
2310 1657 2441 1695 cum
2474 1639 2807 1696 Caracallus
2855 1655 3074 1694 annum
3106 1638 3232 1693 XIII
3282 1642 3517 1710 ageret(
3548 1637 3587 1693 Ι.
3622 1655 3670 1692 c.
3725 1655 3777 1693 c.

2128 1730 2256 1797 16);
2285 1745 2459 1800 quem
2519 1746 2583 1784 eo
2645 1745 2796 1784 anno
2854 1728 2976 1799 egit
3006 1727 3161 1782 haud
3184 1728 3382 1794 dubie,
3415 1732 3481 1781 ut
3536 1732 3781 1798 apparet

2126 1834 2195 1874 ex
2224 1818 2296 1873 iis
2328 1835 2458 1889 qua:
2478 1819 2548 1872 de
2579 1818 2707 1887 ejus
2740 1817 2917 1872 natali
2961 1816 3106 1871 alias
3157 1815 3592 1888 disputavimus
3640 1814 3774 1884 §(6).

2121 1913 2202 1962 Ac
2250 1907 2429 1978 hujus
2453 1907 2690 1978 quidem
2725 1906 3043 1961 auctoritas
3075 1907 3123 1962 si
3151 1906 3293 1961 forte
3309 1905 3674 1977 repudianda
3693 1904 3771 1959 vi-

2118 1998 2289 2052 detur
2350 2000 2678 2069 propterea,
2753 1996 2906 2067 quod
2960 1995 3019 2049 in
3088 1994 3422 2050 definienda
3486 1993 3767 2051 Caracalii

2118 2090 2282 2141 aetate
2304 2086 2414 2140 sibi
2457 2086 2582 2156 ipse
2614 2103 2727 2141 non
2762 2087 3033 2139 constant
3063 2084 3394 2150 satis;hunc
3423 2088 3579 2139 certe
3608 2099 3777 2138 scru-

2115 2175 2321 2247 pulum
2361 2172 3607 2243 eximitelegantissimusnummusthesauri
3628 2172 3770 2228 olim

2116 2264 2414 2319 Schwartz
2448 2263 2696 2335 burgiei,
2730 2278 2885 2318 nunc
2919 2263 3193 2331 Gothani,
3246 2278 3422 2334 quem
3474 2262 3768 2317 memoriae

2115 2356 2293 2425 hujus
2324 2357 2405 2410 rei
2436 2356 2842 2411 conservandae
2876 2354 3237 2409 destinatum
3273 2354 3475 2422 fuisse,
3510 2353 3771 2409 dubitari

2116 2463 2230 2502 non
2264 2450 2453 2517 potest
2482 2447 2614 2517 (18).
2653 2448 2793 2517 Ejus
2817 2445 2897 2500 rei
2942 2445 3125 2500 altera
3177 2461 3310 2515 pars
3355 2448 3531 2515 caput
3572 2442 3768 2498 Severi

2114 2534 2316 2590 laurea
2347 2533 2604 2589 cinctum
2635 2535 2800 2590 offert
2826 2534 3024 2589 addita
3074 2532 3492 2604 inscriptione:
3546 2532 3773 2589 Severus

2114 2626 2250 2694 Aug.
2285 2629 2434 2682 Part.
2486 2626 2630 2681 Max.
2690 2631 2755 2681 P.
2817 2625 2883 2681 M.
2946 2631 3041 2681 Tr.
3099 2631 3161 2681 P.
3211 2626 3296 2681 IX.
3332 2624 3515 2680 altera
3546 2625 3771 2679 nudum

2115 2719 2268 2773 I26
2303 2717 2544 2781 Geta2,et
2575 2715 2851 2772 Caracalii
2876 2716 3204 2772 laureatum
3224 2716 3575 2788 eaput,qucd
3610 2715 3769 2771 hunc

2115 2808 2350 2877 quidem
2385 2811 2736 2875 Augustum,
2772 2805 2939 2861 illum
2971 2806 3251 2862 Caesarem
3305 2806 3486 2860 fuisse
3530 2803 3773 2873 indicat,

2115 2913 2248 2950 cum
2282 2896 2643 2967 epigruphe:
2707 2896 2965 2950 Ᾱζιενηίι.
3019 2899 3216 2967 imper.
3271 2896 3489 2966 Nempe
3543 2911 3610 2949 eo
3657 2910 3775 2949 non

2113 2986 2306 3041 solum
2338 2984 2719 3040 confirmatur
2747 2986 2826 3051 id,
2851 2984 3004 3055 quod
3037 2985 3384 3056 Spartianus
3417 2985 3488 3039 de
3518 2982 3775 3054 tempori

2113 3076 2292 3146 hujus
2315 3077 2385 3130 ab
2415 3075 2489 3129 iis
2525 3078 2811 3146 susceptae
2844 3074 3151 3146 dignitatis
3181 3073 3442 3141 tradidit,
3491 3073 3591 3128 sed
3652 3072 3772 3127 haec

2116 3166 2292 3220 etiam
2345 3168 2699 3234 sequuntur,
2750 3179 2876 3233 quae
2935 3168 3106 3217 antea
3156 3162 3435 3231 diximus,
3484 3177 3610 3217 eam
3646 3177 3769 3216 rem

2120 3271 2274 3309 anno
2297 3253 2404 3309 CCI
2443 3252 2755 3319 exstitisse,
2790 3251 3082 3322 siquidem
3132 3268 3198 3306 eo
3250 3268 3403 3306 anno
3452 3251 3593 3306 Trib.
3646 3252 3766 3305 Pot.

2120 3346 2187 3399 1X
2216 3341 2741 3411 Severussuscepit.
2795 3341 2906 3395 Sed
2956 3342 3265 3396 redeamus
3318 3341 3389 3394 ad
3438 3339 3657 3394 librum
3706 3338 3773 3393 de

2123 3435 2356 3489 Corona.
2393 3432 2579 3501 Hujus
2610 3429 2801 3485 locum
2836 3446 3017 3501 supra
3049 3445 3361 3484 excussum
3395 3428 3643 3482 dicimus
3673 3426 3771 3481 in-

2120 3521 2306 3594 telligi
2338 3520 2556 3591 optime
2587 3534 2780 3591 posse,
2826 3518 2874 3573 si
2926 3519 3272 3573 admittatur
3329 3516 3620 3571 sententia
3677 3532 3770 3585 ea,

2123 3628 2296 3682 quam
2332 3609 2502 3664 nobis
2536 3609 2814 3677 probasse
2834 3607 2976 3662 satis
3000 3607 3286 3662 videmur.
3320 3606 3585 3677 Namque
3613 3622 3683 3661 ex
3703 3622 3773 3660 ea

2121 3699 2370 3771 intelligi
2406 3697 2656 3753 maxime
2688 3700 2899 3768 potest,
2934 3697 3032 3767 qui
3071 3696 3284 3750 factum
3320 3695 3418 3761 sit,
3460 3700 3523 3750 ut
3557 3693 3774 3749 milites

2119 3788 2377 3845 laureati
2411 3787 2784 3851 incederent;
2820 3785 2971 3856 quod
3014 3801 3183 3839 nemo
3216 3784 3415 3838 mirari
3448 3784 3641 3850 debet,
3676 3783 3781 3853 qui

2123 3878 2338 3934 milites
2361 3877 2538 3932 etiam
2571 3874 3009 3945 triumphantes
3042 3873 3264 3928 cinctos
3307 3871 3539 3928 coronis
3590 3872 3774 3927 fuisse

2123 3969 2300 4033 novit,
2352 3965 2523 4036 quale
2574 3965 2714 4035 quid
2769 3963 2863 4018 hic
2908 3962 3089 4018 fuisse
3148 3963 3314 4017 facile
3404 3961 3775 4033 perspicitur.

2122 4057 2267 4111 Nam
2299 4060 2357 4109 et
2388 4070 2545 4108 nunc
2579 4053 2808 4108 subacti
2842 4068 2988 4124 pene
3019 4057 3186 4106 erant
3226 4066 3453 4117 omnes,
3489 4050 3776 4104 adversus

2124 4161 2271 4216 quos
2302 4146 2551 4199 Severus
2576 4142 2899 4197 exercitum
2949 4142 3215 4210 duxerat,
3276 4140 3333 4193 in
3385 4138 3592 4210 primis
3637 4138 3774 4192 Par-

2122 4235 2356 4289 thorum
2386 4231 2837 4287 bellicosissima
2869 4230 3048 4297 natio,
3081 4231 3283 4300 etipse
3313 4230 3581 4292 Severus,
3639 4244 3775 4282 cum

2123 4327 2360 4394 propter
2392 4321 2767 4376 articularem
2797 4321 3067 4374 morbum
3103 4335 3274 4389 agere
3304 4316 3663 4388 triumphum
3700 4317 3773 4372 de

2124 4412 2354 4467 Parthis
2386 4428 2497 4466 non
2524 4410 2820 4482 posset,de
2841 4409 3060 4464 Judreis
3087 4414 3273 4463 tamen
3304 4424 3436 4462 cum
3480 4406 3775 4478 agendum

2124 4501 2336 4565 1ilio,ac
2360 4500 2608 4554 Parthici
2636 4515 3013 4570 compensam
3047 4498 3294 4568 digratia
3317 4495 3604 4550 militibus
3632 4495 3781 4549 forte

375 4602 511 4640 ann.
546 4585 631 4639 CC
660 4586 777 4638 fere
806 4588 1061 4639 vertente
1094 4584 1382 4649 dicamus,
1470 4585 1641 4651 cujus
1697 4583 2026 4655 occupatio-
2050 4600 2098 4662 Ι)
2132 4591 2302 4661 signa
2330 4589 2828 4659 triumphantium
2855 4588 3161 4643 concessit.
3198 4585 3331 4648 Quae
3359 4585 3406 4641 si
3448 4588 3776 4647 teneamus,

364 4689 496 4728 nem
530 4689 663 4727 eum
695 4673 895 4727 statim
930 4673 1217 4742 exceperit
1246 4672 1493 4743 Augusti
1525 4672 1781 4743 dignitas
1813 4673 1869 4726 in
1905 4674 2012 4728 Ca-

366 4761 645 4817 racallum
680 4780 712 4816 a
743 4761 1030 4815 militibus
1063 4759 1296 4829 collata,
1331 4778 1395 4815 ac
1429 4761 1766 4816 donativum
1818 4761 1891 4817 iis
1947 4778 2014 4817 ea

367 4852 436 4905 de
466 4868 644 4905 causa
675 4866 1039 4917 concessum,
1075 4849 1184 4905 hoc
1217 4854 1369 4905 certe
1394 4868 1508 4905 non
1562 4850 1673 4906 alio
1730 4856 2011 4922 tempore,

366 4940 480 4994 nisi
513 4940 621 4995 sub
684 4939 819 4994 anni
862 4939 943 4993 CC
1004 4939 1180 4995 ﬁnem
1241 4944 1343 4994 aut
1426 4940 1727 5012 sequentis
1780 4939 2012 4994 initium

366 5029 630 5101 contigit.
666 5029 800 5091 Quin
831 5029 1069 5099 quidem
1104 5046 1197 5085 res
1229 5029 1459 5101 egregie
1511 5030 1895 5085 confirmatur
1942 5029 2014 5084 iis

367 5119 788 5189 antiquitatum
820 5120 1243 5186 monumentis,
1277 5136 1403 5189 quae
1436 5119 1744 5190 utriusque
1776 5119 1855 5173 rei
1891 5135 2012 5174 me-

367 5208 611 5264 moriam
646 5208 815 5263 nobis
860 5208 1252 5276 tradiderunt,
1286 5209 1535 5279 Etenim,
1570 5213 1635 5262 ut
1689 5224 1723 5261 a
1775 5207 2016 5264 victoria

440 5402 551 5474 (18)
584 5403 730 5456 Eum
765 5419 893 5458 cum
937 5406 1165 5460 erudito
1223 5403 1360 5458 orbe
1412 5403 1867 5459 communicavit
1910 5404 2014 5458 Po-

366 5474 637 5546 lycarpus
678 5475 1006 5546 ’l‘entzelius
1067 5476 1124 5529 in
1183 5475 1327 5529 diss.
1386 5475 1476 5529 Jo.
1538 5476 1721 5529 Andr.
1774 5476 2017 5531 Semidii

367 5545 635 5619 praesidio
684 5545 905 5616 habita,
966 5546 1093 5619 ubi,
1126 5546 1344 5619 selecta
1389 5547 1749 5619 numismata
1814 5565 2013 5617 aurea,

367 5618 639 5691 argentea
668 5623 722 5673 et
751 5634 897 5691 cerea
945 5618 1183 5691 maximi
1236 5618 1454 5691 moduli
1486 5635 1551 5674 ex
1607 5620 2016 5691 gazophylacio

364 5690 669 5749 Amstadio
700 5690 1249 5765 Schwartzburgico
1280 5690 1533 5763 explicat
1576 5707 1707 5763 pag.
1732 5693 1803 5745 22
1838 5690 2013 5763 seqq.

2122 4678 2298 4733 simul
2340 4677 2484 4731 illud
2531 4677 2810 4748 aperitur,
2865 4692 2979 4747 quo
3032 4675 3203 4729 modo
3244 4690 3399 4728 nunc
3467 4672 3778 4727 turbanda:

2124 4768 2284 4839 pacis
2333 4765 2588 4837 suspicio
2646 4765 2985 4820 ehristianis
3045 4764 3298 4835 potuerit
3346 4762 3583 4817 oboriri.
3645 4761 3784 4821 Jam

2124 4857 2278 4912 enim
2331 4855 2576 4927 postrati
2636 4858 2803 4909 erant
2859 4853 3058 4908 hostes
3132 4850 3502 4923 imperatoris
3550 4865 3781 4920 omnes,

2124 4945 2369 5017 ipsaque
2398 4944 2588 4999 Severi
2609 4944 2734 5013 jam
2771 4942 2943 4998 otiosi
2977 4942 3263 5014 asperitas
3292 4939 3630 4994 minabatur
3680 4955 3781 4994 se-

2122 5034 2427 5089 veritatem
2462 5029 3307 5104 summam,quam.districtus
3331 5028 3523 5084 adhuc
3545 5027 3778 5099 gravio-

2125 5123 2291 5178 ribus
2350 5122 2621 5194 negotiis,
2676 5138 2792 5176 non
2844 5123 3114 5191 potuerat
3169 5116 3357 5187 sequi.
3418 5118 3487 5171 Et
3545 5115 3643 5171 isti
3685 5116 3779 5171 in-

2128 5211 2498 5267 ﬂammanda:
2560 5210 2814 5265 maxime
2860 5209 3135 5264 idoneum
3204 5207 3513 5262 videbatur
3572 5204 3783 5261 militis

2128 5407 2316 5461 Aliam
2353 5404 2887 5475 inscriptionem,in
2922 5420 3040 5474 qua
3071 5399 3785 5475 nominatriumiislorum

2129 5495 2262 5533 cum
2297 5495 2448 5532 anno
2477 5472 2573 5531 Tr.
2608 5478 2667 5531 P.
2708 5478 2797 5530 IX.
2831 5472 3026 5531 Severi
3053 5482 3110 5532 et
3139 5476 3235 5531 Tr.
3271 5476 3329 5530 P.
3374 5476 3469 5529 lV.
3502 5472 3786 5528 Caracalii

2130 5551 2591 5619 conjunguntur,
2624 5549 2799 5604 habet
2828 5548 3082 5621 Scaliger
3111 5548 3169 5604 in
3228 5546 3616 5602 animadvers.
3664 5545 3788 5599 Eu-

2132 5624 2278 5693 seb.,
2312 5638 2443 5694 pag.
2472 5622 2593 5675 228.
