4072 6190
170 56 451 109 ⁸ᾞ⁴ξ“
476 56 499 63 ”
540 72 543 73 ν
740 56 773 61 ‘
832 56 843 67 ‘

239 291 332 352 169
416 358 427 369 ,
1056 280 1159 342 AC
1198 281 1594 342 DOCTRINA
1635 278 2142 344 SCRIPTORUM
2186 284 2717 346 TERTULLIANI

3482 286 3600 348 170

230 420 544 493 exemplum,
572 432 744 489 quem
775 432 865 482 eo,
917 413 1073 487 quod
1131 428 1407 469 coronam
1443 412 1836 485 repudiasset,
1867 415 1922 482 Α
1953 431 2085 471 rum
2146 416 2313 488 dixit,
2374 433 2509 472 cum
2561 415 2691 472 aliis
2755 416 2814 471 in
2868 416 3183 488 provinciis
3230 417 3601 491 urbibusque

230 508 559 588 parricidium
586 506 979 575 commisisse,
1037 504 1387 573 hostemque
1443 502 1686 558 Caesaris
1730 519 1835 574 pu-

228 603 407 659 blicum
436 596 741 665 exstitisse,
764 611 871 651 suo
905 610 1065 650 more
1110 593 1353 649 deorum
1401 591 1656 649 cultores
1678 591 1832 647 arbi-

229 691 509 747 trahantur.

223 862 395 935 §2.-e-
446 856 600 935 Secu‘s
646 855 1003 935 sentientium
1049 853 1351 935 epiniques
1405 851 1829 935 examinantur,

275 940 320 988 et
346 930 601 1000 imprimis
649 927 969 998 Ho/fmanm'
1007 928 1061 979 et
1094 924 1286 1000 ΔΟικςίξ,
1334 924 1430 994 qui
1486 924 1650 1000 illum
1694 939 1825 1000 ann.

275 997 841 1131 CXCVIéla;7buerant,
874 1000 927 1054 el
956 998 1145 1069 Pagii,
1173 997 1271 1069 qui
1297 1010 1422 1050 eum
1450 997 1830 1066 assignaverat

272 1092 386 1131 ann.
565 1113 579 1126 .

267 1231 344 1293 At,
380 1241 505 1282 cum
528 1224 623 1281 his
655 1220 1023 1296 argumentis
1055 1220 1358 1289 inductus,
1382 1216 1601 1273 librum
1632 1216 1700 1272 de
1730 1216 1826 1272 Co-

210 1334 321 1375 rona
339 1334 465 1373 ann.
495 1314 598 1370 CCI
633 1314 921 1385 scriptum
954 1324 1084 1367 esse
1116 1308 1491 1375 contendam,
1516 1306 1681 1362 video
1704 1305 1825 1377 ple-

210 1422 387 1478 rosque
401 1403 814 1469 contradicere,
851 1398 1193 1473 quamvisin
1220 1397 1481 1453 diversas
1503 1394 1674 1467 plane
1692 1411 1826 1466 par-

212 1504 279 1553 tes
304 1493 687 1569 pronuntient.
710 1491 979 1563 Namque
1000 1485 1469 1555 Orsius,familiae
1495 1484 1826 1540 Dominica-

212 1604 278 1641 ne
304 1583 667 1640 doctissimus
685 1578 1287 1648 monachus,ejusque
1308 1575 1659 1646 astipulator
1680 1574 1827 1629 Hoif-

212 1690 425 1730 manuus
483 1689 622 1727 ann.
687 1669 998 1736 CXCVIII;
1046 1666 1349 1735 Baronius,
1391 1681 1526 1720 anu.
1578 1662 1822 1731 CXCIX;

208 1764 405 1835 Pagius,
428 1779 565 1818 anu.
600 1760 759 1830 CCII,
790 1756 1088 1814 Pamelius
1119 1760 1177 1812 et
1198 1753 1470 1824 Allixius,
1499 1770 1636 1810 ann.
1658 1752 1822 1821 CCX;

206 1857 456 1923 postremo
483 1847 902 1906 Tillemontius
934 1846 1264 1917 imperante
1315 1842 1634 1897 Maximino
1686 1859 1823 1898 ann.

201 1940 625 2008 CCXXXV,eum
660 1938 885 1994 editum
942 1934 1125 1990 fuisse
1189 1933 1483 2004 opinatur.
1542 1932 1649 1987 Sed
1704 1930 1824 1998 isti,

201 2032 287 2087 sia
310 2030 661 2086 Tertulliano
685 2024 1052 2093 discesseris,
1088 2039 1294 2079 omnes
1328 2022 1398 2077 ad
1431 2038 1615 2077 unum
1666 2037 1821 2077 erra-

200 2124 309 2175 runt
334 2119 387 2175 in
418 2118 672 2190 eo,quod
690 2115 847 2171 aliud
880 2113 1223 2169 donativum
1256 2109 1546 2166 militibus
1566 2127 1598 2166 a
1617 2111 1824 2167 Severo

201 2210 371 2264 datum
398 2205 815 2274 intellexerint,
850 2219 1026 2276 quam
1088 2201 1243 2273 quod
1303 2200 1513 2256 debeat
1550 2199 1821 2272 intelligi.

201 2300 442 2363 Quocirca
486 2296 876 2369 supersedere
926 2308 1236 2365 possemus
1293 2290 1368 2346 iis
1426 2291 1825 2362 confutandis,

204 2390 336 2456 dum,
359 2388 525 2460 quale
558 2386 904 2443 donativum
937 2382 1034 2438 hic
1067 2381 1241 2436 fuerit
1272 2398 1305 2436 a
1335 2379 1699 2436 Tertulliano
1742 2381 1827 2435 in-

203 2477 444 2541 dicatum,
469 2474 808 2531 docuimus.
851 2475 921 2526 At
961 2470 1240 2543 quoniam
1290 2486 1357 2524 ex
1411 2469 1583 2523 istius
1639 2468 1825 2524 libelli

203 2570 427 2639 tempore
454 2565 676 2638 pendet
709 2562 1101 2635 plurimorum
1132 2560 1261 2630 ejus
1318 2558 1603 2614 librorum
1647 2557 1823 2614 chro-

205 2656 420 2727 nologia,
453 2655 713 2725 facitque
742 2652 855 2707 ista
890 2666 1061 2705 secus
1090 2648 1470 2705 sentientium
1505 2648 1823 2704 confutatio

201 2744 479 2813 plurimum
513 2744 593 2799 ad
644 2739 1098 2797 confirmandam
1150 2740 1412 2794 nostram
1444 2737 1824 2805 sententiam,

200 2836 309 2904 age!
341 2850 434 2888 eas
465 2831 779 2905 Opiniones
812 2828 1157 2884 brevissime
1187 2826 1612 2882 examinemus.
1636 2827 1823 2896 Atque

196 2922 272 2978 hic
298 2925 361 2978 de
382 2922 664 2995 opinione
693 2916 1054 2975 Tillemontii
1080 2914 1452 2970 nihilattinet
1482 2914 1674 2969 dicere
1690 2931 1821 2986 pro-

196 3016 379 3082 pterea,
410 3010 575 3083 quod
605 3014 730 3064 tota
762 3008 877 3062 ista
905 3022 997 3061 res
1028 3006 1174 3059 satis
1204 3007 1453 3059 tractata
1493 3003 1727 3058 videtur
1747 3003 1819 3058 ab

196 3101 504 3157 lloii‘manno
530 3100 623 3169 (In
657 3097 801 3154 diss.
843 3097 911 3152 de
943 3093 1275 3151 Tertulliani
1301 3092 1635 3149 omnibusin
1669 3091 1817 3148 Mon-

194 3193 392 3245 tanismo
444 3167 693 3259 scriptis,
739 3185 854 3259 §6,
902 3202 959 3256 p.
1016 3183 1088 3237 26
1135 3181 1328 3253 scqq.),
1388 3184 1444 3236 et
1502 3179 1673 3251 plane
1725 3196 1813 3234 se-
1848 3167 1890 3234 C

193 3278 362 3349 quitur
382 3278 551 3335 illam
570 3276 1001 3345 Imresim,quas
1019 3287 1209 3343 neque
1227 3287 1363 3325 ann.
1396 3269 1818 3341 CXCIX,neque

192 3370 315 3424 127
354 3368 523 3440 paulo
562 3370 696 3439 post
714 3362 1142 3421 Tertullianum
1173 3360 1298 3415 vult
1327 3360 1398 3415 ad
1430 3359 1817 3415 Montanistas

198 3457 493 3526 transiisse,
530 3456 692 3528 quod
726 3454 841 3511 alio
882 3452 1007 3508 loco
1038 3450 1491 3522 disputavimus.
1523 3448 1671 3504 Etin
1704 3448 1817 3504 ista

192 3546 395 3615 quidem
438 3551 607 3618 parte
667 3541 1085 3615 disputationis
1137 3540 1355 3595 rectius
1400 3542 1666 3594 versatus
1729 3540 1817 3592 est

192 3633 755 3705 Hoffmaunus,quam
771 3637 919 3696 tum,
952 3647 1085 3685 cum
1121 3645 1291 3684 suam
1321 3629 1447 3699 ipse
1477 3627 1813 3699 opinionem

189 3723 413 3792 protulit.
449 3723 599 3778 Vult
629 3721 787 3777 enim
819 3719 974 3775 hunc
1000 3718 1219 3773 librum
1253 3733 1318 3772 eo
1341 3721 1602 3787 tempore
1633 3715 1815 3771 fuisse

190 3812 578 3885 conscriptum,
609 3826 745 3866 cum
768 3826 881 3881 pax
928 3807 1403 3863 Christianorum
1438 3822 1509 3861 ne
1551 3822 1583 3859 a
1614 3805 1810 3876 praesi-

188 3900 329 3958 dibus
363 3904 626 3971 quidem,
661 3900 878 3955 nedum
928 3897 1115 3954 edicto
1164 3895 1413 3967 Augusti
1469 3893 1816 3950 labefactata

190 3989 353 4061 fuerit,
383 3995 438 4047 et
468 4007 628 4046 anno
660 3988 899 4061 quidem
964 3990 1027 4039 P.
1080 3990 1142 4040 G.
1191 3985 1259 4040 N.
1316 3983 1605 4051 CXCVIII;
1667 3999 1812 4054 quo-

189 4095 295 4135 rum
322 4080 485 4136 illum
518 4078 675 4134 efﬁci
697 4076 903 4143 credit,
935 4091 1000 4131 eo
1033 4074 1189 4146 quod
1223 4070 1623 4127 Tertullianus
1653 4071 1816 4127 Chri-

190 4168 375 4224 stianos
405 4169 625 4224 referat
674 4165 1011 4231 credidisse,
1046 4178 1246 4234 pacem
1299 4160 1658 4231 imprudenti
1706 4161 1814 4215 mi-

187 4255 304 4328 litis,
326 4274 497 4329 quem
535 4256 634 4312 hic
680 4254 957 4318 defendit,
1010 4252 1161 4307 facto
1216 4251 1520 4306 turbatum
1554 4250 1626 4304 iri
1661 4268 1674 4319 ;
1708 4250 1817 4305 hoc

186 4361 297 4400 vero
326 4344 755 4419 potentissimis
790 4344 870 4397 ait
901 4342 971 4397 ab
1002 4340 1167 4397 Orsio
1218 4342 1689 4396 demonstratum
1722 4356 1814 4395 ar-

185 4436 452 4505 gumentis
475 4451 630 4491 esse.
657 4435 791 4498 Quae
812 4447 945 4486 cum
970 4430 1391 4485 adhiberentur
1420 4429 1493 4484 ab
1525 4428 1819 4484 Hoffmau-

1945 504 2279 577 tranquillas
2313 505 2551 574 fuerint,
2583 506 2643 561 in
2690 504 2820 562 aliis
2876 520 3277 578 saepenumero
3332 525 3367 563 a
3407 511 3600 577 praesi-

1943 592 2117 649 dibus
2172 595 2473 666 turbatas,
2515 599 2572 651 et
2622 594 2801 651 talem
2862 595 2943 650 rei
2997 595 3341 651 Christianas
3390 597 3598 655 faciem

1944 685 2209 754 tempore
2240 685 2444 757 scripti
2467 685 2649 755 hujus
2681 684 2813 739 libri
2867 701 3065 740 revera
3107 684 3312 741 fuisse.
3347 685 3599 743 Pulchre

1943 771 2100 827 enim
2132 772 2189 826 id
2224 777 2415 845 potest
2435 772 2683 845 intelligi
2705 788 2734 829 e
2780 772 2930 828 libro
2987 771 3331 829 Tertulliani
3362 776 3440 830 ad
3458 776 3593 832 Sca-

1936 860 2158 932 pulam,
2219 878 2393 933 quem
2448 863 2669 918 editum
2724 878 2851 918 esse
2909 862 3236 935 imperante
3297 864 3590 921 Caracallo

1940 950 2180 1022 plurimi
2214 968 2417 1007 eorum
2448 951 3271 1024 confitentur,quiquidquam
3293 952 3477 1009 inisto
3495 970 3589 1026 ge-

1940 1055 2078 1095 nere
2108 1043 2445 1109 tentarunt;
2480 1045 2537 1096 et
2566 1041 2871 1113 apparebit
2898 1041 2955 1096 id
2990 1041 3227 1113 quidem
3261 1058 3331 1098 ex
3358 1042 3431 1098 iis
3465 1060 3589 1115 quae

1939 1133 2143 1200 postea
2164 1129 2668 1186 docebimus.Jam
2700 1129 2810 1186 isto
2832 1145 2899 1186 ex
2930 1129 3078 1186 libro
3111 1131 3243 1203 quis
3265 1148 3377 1187 non
3410 1132 3586 1202 videt,

1940 1227 2215 1283 maximis
2244 1230 2370 1283 tum
2400 1227 2835 1284 calamitatibus
2889 1228 3183 1300 expositos
3232 1228 3587 1287 christianos

1939 1317 2163 1373 fuisse?
2194 1317 2263 1372 Et
2285 1333 2456 1373 nemo
2488 1322 2683 1373 tamen
2717 1334 2871 1373 unus
2885 1324 2974 1373 est
2999 1318 3151 1373 inter
3171 1317 3590 1391 scriptoresve-

1936 1407 2220 1477 teres,qui
2251 1407 2614 1464 Christianos
2641 1408 2748 1462 sub
2761 1405 3056 1463 Caracallo
3070 1411 3304 1463 vexatos
3334 1424 3462 1464 esse
3475 1414 3593 1465 tra-

1939 1496 2055 1551 dat.
2090 1495 2255 1553 Unde
2287 1496 2391 1552 hoc
2412 1496 2739 1552 ?Nimirum
2771 1497 3068 1569 quiapace
3088 1500 3213 1552 tum
3246 1497 3591 1555 fruebantur

1940 1584 2102 1641 nullo
2134 1586 2383 1659 Augusti
2414 1585 2603 1641 edicto
2633 1586 2907 1653 turbata;
2942 1586 3042 1642 sed
3084 1604 3118 1642 a
3154 1587 3470 1659 praesidum
3494 1593 3587 1645 ta-

1940 1690 2071 1730 men
2105 1674 2447 1730 crudelitate
2495 1691 2610 1729 non
2659 1676 2947 1730 vacabant
2989 1675 3198 1731 ubivis.
3247 1677 3395 1731 Tum
3457 1694 3587 1734 vero

1937 1788 1999 1827 se
2029 1771 2109 1826 ita
2146 1788 2264 1827 rem
2294 1771 2573 1827 habuisse
2614 1772 2875 1840 omnino,
2932 1789 3067 1827 cum
3115 1772 3176 1827 in
3222 1772 3447 1830 litteras
3496 1792 3587 1831 re-

1938 1863 2113 1917 ferret
2142 1860 2533 1916 Tertullianus
2592 1860 2737 1917 istas
2784 1861 2850 1916 de
2909 1862 3123 1918 Corona
3150 1861 3476 1935 opiniones,
3508 1865 3588 1919 vi-

1938 1952 2059 2008 deri
2089 1951 2307 2023 optime
2340 1955 2554 2023 potest,
2600 1951 2649 2007 si
2700 1952 3090 2009 admittantur
3152 1968 3240 2021 ea,
3295 1969 3422 2025 quae
3480 1971 3588 2013 nos

1936 2042 2174 2114 quidem
2225 2041 2515 2097 sentimus
2561 2043 2631 2097 de
2683 2042 2859 2098 istius
2907 2042 3040 2097 libri
3100 2044 3283 2099 aetate.
3332 2044 3590 2119 Contigit

1935 2129 2092 2185 enim
2124 2129 2233 2185 hoc
2265 2130 2494 2186 facinus
2534 2130 2738 2186 militis
2787 2130 2847 2186 in
2880 2131 3132 2202 Oriente,
3184 2132 3328 2189 forte
3358 2134 3415 2189 in
3450 2139 3587 2191 Par-

1935 2218 2061 2274 thia
2095 2219 2296 2286 etiam,
2348 2220 2450 2275 ubi
2499 2225 2635 2276 ante
2693 2220 2884 2277 Severi
2925 2221 3182 2277 edictum
3233 2222 3587 2280 christianos

1936 2318 2261 2391 exagitatos
2292 2317 2473 2375 fuisse
2504 2336 2621 2375 non
2653 2319 2905 2391 legimus
2943 2321 3174 2392 uspiam
3206 2338 3218 2388 ;
3253 2322 3513 2392 scd,quaa
3556 2341 3589 2378 a

1933 2409 2287 2465 Tertulliano
2320 2416 2590 2466 enarrata
2620 2417 2761 2466 sunt
2789 2413 2843 2466 in
2875 2412 3216 2483 Apologetico
3246 2415 3588 2486 caeterisque

1935 2499 2064 2569 ejus
2095 2498 2324 2570 generis
2357 2498 2546 2569 libris,
2573 2498 2632 2555 in
2664 2500 2858 2556 Africa
2889 2501 3263 2571 potissimum
3295 2503 3585 2575 exstitere,

1936 2589 2091 2642 unde
2114 2588 2307 2643 caeteri
2339 2587 2397 2642 in
2432 2588 2661 2644 Oriente
2689 2589 3003 2644 Christiani
3037 2591 3204 2662 plane
3258 2593 3444 2647 vereri
3484 2611 3586 2665 po-

1933 2680 2146 2745 terant,
2180 2694 2252 2732 ne
2283 2694 2424 2749 pace
2457 2681 2692 2749 propter
2714 2678 2939 2735 facinus
2958 2679 3162 2735 militis
3194 2680 3581 2753 privarentur.

1932 2776 2039 2831 Sed
2073 2775 2323 2831 influent
2352 2776 2409 2830 in
2443 2776 2675 2832 animos
2706 2777 2950 2833 forsitan
2986 2779 3283 2850 potentius
3330 2780 3460 2837 Orsi
3491 2799 3581 2837 ar-

1931 2868 2241 2936 gumenta;
2266 2864 2462 2936 itaque
2484 2881 2751 2936 quanam
2783 2870 3118 2938 quantaque
3150 2868 3263 2923 ista
3320 2870 3458 2937 sint,
3508 2870 3587 2925 vi-

1933 2952 2224 3008 debimus.
2258 2953 2408 3008 Sunt
2435 2969 2569 3008 vero
2610 2955 2973 3010 excursionis
3013 2956 3269 3011 Orsianas
3302 2964 3417 3014 tres
3447 2958 3580 3024 loci,

1931 3040 2145 3111 quibus
2162 3058 2286 3097 rem
2318 3041 2496 3097 istam
2531 3042 2845 3115 descripsit
2874 3043 3012 3115 (19).
3072 3046 3333 3101 Primum
3361 3052 3578 3116 monet,

1930 3137 2088 3193 hunc
2112 3138 2331 3195 librum
2364 3157 2501 3195 ann.
2534 3140 2789 3198 CXCVIII
2823 3142 3112 3215 assignari
3146 3144 3581 3218 debere;repe-

1928 3228 2118 3300 ritque
2144 3228 2515 3285 liberalitatis
2546 3229 2738 3285 Severi
2771 3232 2925 3302 apud
2984 3235 3209 3288 veteres
3266 3234 3583 3307 scriptores

1924 3317 2209 3389 vestigia;
2246 3318 2454 3374 deinde
2512 3319 2767 3374 occurrit
2823 3320 3023 3392 Pagio,
3086 3322 3185 3393 qui
3233 3339 3370 3378 ann.
3420 3325 3577 3394 CCII,

1926 3408 2213 3478 scriptum
2230 3407 2388 3463 hunc
2406 3406 2622 3462 librum
2646 3408 3085 3465 existimaverat
3109 3428 3123 3478 ;
3150 3416 3275 3466 tum
3300 3414 3575 3481 ostendit,

1926 3512 2053 3567 qua:
2086 3497 2353 3553 adductae
2381 3502 2522 3552 sunt
2554 3514 2588 3552 a
2634 3497 3015 3569 Tertulliano,
3048 3501 3227 3571 hujus
3258 3500 3578 3558 liberalita-

1925 3584 2001 3641 tis
2038 3584 2377 3659 περιστάσεις
2409 3586 2562 3643 128
2591 3602 2796 3643 omnes
2814 3604 2946 3643 cum
2970 3589 3144 3645 rebus
3164 3592 3578 3648 ann.CXCVllI

1924 3683 2107 3755 gestis
2138 3684 2369 3756 egregie
2399 3684 2730 3751 convenire,
2781 3686 2883 3741 sed
2942 3703 3203 3759 pugnare
3252 3705 3386 3743 cum
3432 3705 3575 3761 quo-

1923 3788 2157 3844 cunque
2189 3789 2342 3828 anno
2367 3772 2501 3829 alio.
2536 3774 2722 3846 Igitur
2761 3778 2815 3830 et
2848 3791 2954 3830 nos
3004 3791 3322 3847 sequemur
3362 3780 3573 3835 doctis-

1924 3861 2060 3917 simi
2090 3861 2196 3920 viri
2218 3862 2480 3933 vestigia,
2529 3864 2807 3934 quoniam
2855 3880 3144 3934 veremur,
3206 3884 3278 3922 ne
3325 3868 3573 3924 miscea-

1925 3967 2058 4006 mus
2080 3967 2148 4006 ea
2179 3952 2444 4023 qusejam
2478 3952 2550 4007 ab
2575 3968 2641 4007 eo
2674 3954 2953 4024 permista
2986 3960 3125 4009 sunt
3167 3956 3331 4023 satis,
3379 3973 3444 4011 ac
3476 3974 3579 4028 per

1924 4049 2192 4121 singulos
2215 4049 2397 4117 locos,
2431 4066 2700 4121 quisnam
2735 4055 2891 4106 recte
2923 4051 3153 4120 dixerit,
3188 4070 3454 4125 quaenam
3487 4072 3578 4110 se-

1924 4155 2053 4207 cus,
2103 4138 2329 4209 adjecto
2389 4138 2637 4194 breviori
2686 4145 3165 4212 argumentorum
3205 4143 3578 4213 Pagianorum

1925 4236 2212 4303 examine,
2238 4235 2654 4293 indicabimus.
2691 4239 2753 4292 In
2786 4236 2913 4293 loco
2954 4239 3068 4295 isto
3112 4240 3324 4311 primo,
3358 4240 3457 4311 qui
3491 4246 3582 4295 est

1926 4327 1996 4382 de
2020 4342 2265 4381 numero
2324 4325 2701 4391 liberalitatis
2729 4327 2923 4383 Severi
2954 4330 3225 4401 Augusti,
3268 4329 3582 4401 quinquies

1926 4416 1997 4470 ab
2029 4432 2094 4470 eo
2118 4416 2365 4471 donatos
2388 4414 2607 4471 milites
2637 4432 2790 4483 esse,
2832 4417 3029 4473 nescio
3088 4435 3161 4474 an
3204 4419 3349 4474 satis
3401 4423 3580 4491 recte,

186 4530 327 4587 no,ut
379 4524 767 4580 labefactaret
823 4518 1131 4575 Moshemii
1169 4520 1266 4571 τοῦ
1338 4515 1635 4589 μακαρίτου
1691 4533 1817 4573 sen-

1932 4505 2091 4575 dicit,
2120 4504 2411 4576 siquidem
2455 4504 2679 4577 aliquot
2726 4506 2955 4561 nummi
3008 4508 3224 4579 septies
3260 4524 3387 4564 eam
3421 4526 3582 4565 com-

187 4613 400 4668 teotiam
470 4615 545 4669 de
597 4628 736 4667 vera
795 4613 963 4665 astate
1020 4608 1390 4679 Apologetici;
1442 4607 1537 4662 hic
1582 4607 1818 4679 quidem
1851 4595 1890 4603 ’
1931 4597 2265 4650 memorant
2316 4595 2397 4666 (ν.
2434 4595 2718 4651 Vaillantii
2763 4598 3104 4653 numismata
3179 4600 3353 4671 impp.
3406 4601 3582 4667 Rom.,

192 4702 255 4769 (in
280 4702 575 4758 Addeudis
607 4701 679 4756 ad
712 4699 826 4755 vol.
861 4704 909 4765 I,
960 4697 1103 4753 diss.
1138 4712 1383 4753 suarum
1416 4696 1473 4750 in
1507 4696 1641 4752 Hist.
1673 4697 1819 4751 Eccl.

193 4791 607 4860 pertinentium,
642 4805 781 4861 pag.
822 4787 923 4842 741
956 4788 1151 4857 seqq.),
1186 4784 1470 4849 concedit,
1503 4785 1673 4840 istam
1697 4800 1819 4839 rem

193 4879 281 4934 rite
307 4882 372 4936 ab
402 4880 573 4937 Orsio
605 4877 789 4933 fuisse
820 4874 1137 4948 expositam
1170 4892 1182 4942 ;
1210 4874 1309 4929 sed
1362 4877 1537 4946 negat
1566 4873 1620 4928 id
1670 4878 1823 4929 recte

194 4968 430 5037 proferri,
457 4969 616 5042 quod
651 4984 766 5023 non
799 4964 979 5022 simul
1040 4980 1181 5037 pace
1238 4964 1322 5018 uti
1381 4963 1688 5019 christiani
1720 4979 1821 5034 po-

190 5059 399 5124 tuerint,
428 5063 487 5114 et
517 5059 590 5113 ab
623 5057 898 5113 hostibus
958 5059 1156 5110 tamen
1191 5054 1317 5109 suis
1375 5052 1552 5108 variis
1588 5052 1823 5124 injuriis

192 5145 340 5211 afﬁci,
370 5150 558 5221 Atque
587 5163 692 5220 ego
720 5144 957 5201 tametsi
990 5143 1153 5200 Orsio
1204 5160 1321 5199 non
1381 5142 1693 5210 assentiar,
1720 5158 1822 5214 po-

188 5236 399 5308 tiusque
434 5236 699 5294 refellam
735 5239 957 5308 postea,
1014 5234 1314 5306 sapienter
1356 5236 1548 5289 tamen
1593 5231 1823 5288 Moshe-

190 5323 353 5380 mium
384 5326 801 5399 pronuntiasse
830 5340 1104 5398 agnosco,
1165 5322 1266 5379 ubi
1314 5339 1407 5379 res
1466 5321 1822 5379 Christiano-

246 5486 351 5554 (19)
385 5488 447 5543 In
482 5488 622 5544 diss.
656 5486 823 5552 hist.,
846 5502 963 5558 qua
991 5485 1315 5558 ostenditur
1344 5483 1693 5558 catholicam
1717 5487 1826 5558 Ec-

189 5555 411 5639 clesium
462 5561 651 5639 tribus
708 5555 1004 5639 prior—ibus
1035 5557 1289 5639 saeculis
1322 5556 1665 5639 capitalium
1710 5556 1826 5611 cri-

191 5628 405 5689 minum
455 5631 569 5690 reis
627 5627 832 5705 pacem
883 5635 941 5689 et
999 5627 1434 5689 absolutionem
1478 5630 1825 5701 neutiquam

457 5760 718 5821 PA'IBOL.
764 5758 813 5818 Ι.

1928 4697 2075 4749 tom.
2110 4693 2181 4759 II,
2213 4708 2344 4765 pag.
2366 4694 2533 4764 234);
2565 4694 2664 4749 sed
2700 4698 2891 4766 potest
2934 4695 2991 4750 id
3047 4695 3205 4752 salva
3253 4713 3315 4753 re
3354 4702 3584 4754 contro-

1929 4798 2102 4838 versa
2146 4783 2406 4837 concedi.
2459 4782 2658 4854 Neque
2714 4788 2914 4839 tamen
2962 4784 3021 4839 in
3081 4802 3146 4841 eo
3213 4785 3417 4843 Orsius
3471 4787 3584 4843 sibi

1931 4874 2161 4927 constat
2190 4871 2337 4942 ipse,
2373 4873 2529 4942 quod
2581 4872 3009 4928 Tertullianum
3041 4875 3111 4930 de
3141 4876 3414 4932 donativo
3446 4878 3585 4933 anni

1931 4959 2190 5016 CXCVIII
2220 4958 2480 5014 locutum
2512 4976 2639 5015 esse
2663 4961 2891 5031 judicet
2927 4963 3081 5035 (pag.
3120 4965 3263 5037 104),
3296 4970 3353 5021 et
3381 4970 3584 5037 postea

1932 5066 2067 5105 eum
2099 5053 2296 5104 tamen
2329 5048 2483 5103 dicat
2513 5048 2582 5104 de
2605 5050 3299 5120 quartaliberalitatease
3327 5054 3587 5112 indicata

1932 5146 2152 5203 dixisse
2182 5148 2263 5219 (p.
2292 5146 2437 5219 106).
2458 5148 2559 5203 Est
2592 5148 2749 5204 enim
2795 5148 2907 5205 ista
2937 5155 3168 5220 quarta,
3202 5156 3267 5209 ut
3304 5153 3429 5226 ipse
3458 5171 3585 5210 mo-

1933 5236 2081 5304 nuit,
2116 5236 2238 5292 haac
2270 5237 2475 5292 eadem
2498 5237 2693 5309 plane,
2727 5245 3213 5313 quaeoccupatam
3245 5244 3588 5317 Ctesiphon-

1930 5329 2049 5382 tem
2082 5329 2284 5382 secuta
2314 5328 2425 5382 est.
2464 5325 2729 5383 Alterum
2760 5327 2979 5401 locum,
3040 5347 3217 5403 quem
3276 5334 3433 5391 dedit
3463 5336 3583 5407 cpi-

1934 5487 2258 5567 denegasse
2284 5502 2297 5555 ;
2321 5489 2569 5567 s_e_ct_._n,_
2583 5503 2753 5567 _cap._
2783 5489 3261 5567 3.~pigressione
3288 5496 3343 5566 2,
3368 5511 3424 5567 p.
3460 5494 3581 5563 104,

1936 5559 2060 5616 113.
2094 5561 2174 5616 Ea
2194 5559 2415 5633 prodiit
2443 5559 2780 5633 Mediolani,
2812 5559 2988 5632 1730:
3004 5564 3055 5620 4.

3259 5761 3296 5817 6

3722 6088 3957 6150 Α
