  <div class='ocr_page' id='page_1' title='image "/cluster/home/n/w/nwhite01/storage/ocr_20150623/1/hvd.32044096580337/093.png"; bbox 0 0 4088 6192; ppageno 0'>
   <div class='ocr_carea' id='block_1_1' title="bbox 376 265 484 325">
    <p class='ocr_par' dir='ltr' id='par_1_1' title="bbox 376 265 484 325">
     <span class='ocr_line' id='line_1_1' title="bbox 376 265 484 325; baseline -0.019 -1"><span class='ocrx_word' id='word_1_1' title='bbox 376 265 484 325; x_wconf 73' lang='lat' dir='ltr'>l7!</span> 
     </span>
    </p>
   </div>
   <div class='ocr_carea' id='block_1_2' title="bbox 1454 254 2709 318">
    <p class='ocr_par' dir='ltr' id='par_1_2' title="bbox 1454 254 2709 318">
     <span class='ocr_line' id='line_1_2' title="bbox 1454 254 2709 318; baseline -0.001 -2"><span class='ocrx_word' id='word_1_2' title='bbox 1454 254 1971 318; x_wconf 79' lang='lat' dir='ltr'>DISSERTATIO</span> <span class='ocrx_word' id='word_1_3' title='bbox 2014 255 2116 315; x_wconf 84' lang='lat' dir='ltr'>DE</span> <span class='ocrx_word' id='word_1_4' title='bbox 2176 254 2383 315; x_wconf 84' lang='lat' dir='ltr'>VERA</span> <span class='ocrx_word' id='word_1_5' title='bbox 2426 254 2709 316; x_wconf 70' lang='lat' dir='ltr'>ETATE</span> 
     </span>
    </p>
   </div>
   <div class='ocr_carea' id='block_1_3' title="bbox 3683 259 3802 319">
    <p class='ocr_par' dir='ltr' id='par_1_3' title="bbox 3683 259 3802 319">
     <span class='ocr_line' id='line_1_3' title="bbox 3683 259 3802 319; baseline 0 0"><span class='ocrx_word' id='word_1_6' title='bbox 3683 259 3802 319; x_wconf 75' lang='grc'>172</span> 
     </span>
    </p>
   </div>
   <div class='ocr_carea' id='block_1_4' title="bbox 374 385 3799 465">
    <p class='ocr_par' dir='ltr' id='par_1_4' title="bbox 374 385 3799 465">
     <span class='ocr_line' id='line_1_4' title="bbox 374 385 3799 465; baseline -0.002 -13"><span class='ocrx_word' id='word_1_7' title='bbox 374 394 537 453; x_wconf 89' lang='lat' dir='ltr'>nioni</span> <span class='ocrx_word' id='word_1_8' title='bbox 568 393 732 465; x_wconf 77' lang='lat' dir='ltr'>Pagiz&#39;</span> <span class='ocrx_word' id='word_1_9' title='bbox 750 390 1175 453; x_wconf 70' lang='lat' dir='ltr'>examinandae,</span> <span class='ocrx_word' id='word_1_10' title='bbox 1208 406 1325 445; x_wconf 89' lang='lat' dir='ltr'>non</span> <span class='ocrx_word' id='word_1_11' title='bbox 1368 387 1753 461; x_wconf 78' lang='lat' dir='ltr'>repudiamus</span> <span class='ocrx_word' id='word_1_12' title='bbox 1793 403 1895 459; x_wconf 89' lang='lat' dir='ltr'>per</span> <span class='ocrx_word' id='word_1_13' title='bbox 1937 403 2018 453; x_wconf 84' lang='lat' dir='ltr'>se,</span> <span class='ocrx_word' id='word_1_14' title='bbox 2055 385 2108 453; x_wconf 85' lang='grc' dir='ltr'><strong>Α</strong></span> <span class='ocrx_word' id='word_1_15' title='bbox 2141 386 2343 441; x_wconf 89' lang='lat' dir='ltr'>multis</span> <span class='ocrx_word' id='word_1_16' title='bbox 2372 403 2696 443; x_wconf 79' lang='lat' dir='ltr'>versemur.</span> <span class='ocrx_word' id='word_1_17' title='bbox 2741 389 2889 441; x_wconf 89' lang='lat' dir='ltr'>Sunt</span> <span class='ocrx_word' id='word_1_18' title='bbox 2945 385 3099 442; x_wconf 90' lang='lat' dir='ltr'>enim</span> <span class='ocrx_word' id='word_1_19' title='bbox 3156 387 3253 442; x_wconf 89' lang='lat' dir='ltr'>isti</span> <span class='ocrx_word' id='word_1_20' title='bbox 3311 404 3345 443; x_wconf 88' lang='lat' dir='ltr'>a</span> <span class='ocrx_word' id='word_1_21' title='bbox 3391 388 3562 444; x_wconf 89' lang='lat' dir='ltr'>nobis</span> <span class='ocrx_word' id='word_1_22' title='bbox 3606 389 3799 446; x_wconf 90' lang='lat' dir='ltr'>eidem</span> 
     </span>
    </p>
   </div>
   <div class='ocr_carea' id='block_1_5' title="bbox 377 476 2029 551">
    <p class='ocr_par' dir='ltr' id='par_1_5' title="bbox 377 476 2029 551">
     <span class='ocr_line' id='line_1_5' title="bbox 377 476 2029 551; baseline -0.007 -10"><span class='ocrx_word' id='word_1_23' title='bbox 377 486 478 543; x_wconf 89' lang='lat' dir='ltr'>sed</span> <span class='ocrx_word' id='word_1_24' title='bbox 499 487 638 539; x_wconf 89' lang='lat' dir='ltr'>sunt</span> <span class='ocrx_word' id='word_1_25' title='bbox 662 487 860 537; x_wconf 88' lang='lat' dir='ltr'>tamen</span> <span class='ocrx_word' id='word_1_26' title='bbox 892 481 951 534; x_wconf 91' lang='lat' dir='ltr'>in</span> <span class='ocrx_word' id='word_1_27' title='bbox 984 480 1099 535; x_wconf 86' lang='lat' dir='ltr'>ista</span> <span class='ocrx_word' id='word_1_28' title='bbox 1142 478 1559 551; x_wconf 82' lang='lat' dir='ltr'>disputatione,</span> <span class='ocrx_word' id='word_1_29' title='bbox 1614 493 1743 548; x_wconf 65' lang='lat' dir='ltr'>qua:</span> <span class='ocrx_word' id='word_1_30' title='bbox 1790 476 2029 532; x_wconf 83' lang='lat' dir='ltr'>omnino</span> 
     </span>
    </p>
   </div>
   <div class='ocr_carea' id='block_1_6' title="bbox 380 565 2033 637">
    <p class='ocr_par' dir='ltr' id='par_1_6' title="bbox 380 565 2033 637">
     <span class='ocr_line' id='line_1_6' title="bbox 380 565 2033 637; baseline -0.007 -8"><span class='ocrx_word' id='word_1_31' title='bbox 380 572 613 630; x_wconf 80' lang='lat' dir='ltr'>admitti</span> <span class='ocrx_word' id='word_1_32' title='bbox 664 587 777 626; x_wconf 88' lang='lat' dir='ltr'>non</span> <span class='ocrx_word' id='word_1_33' title='bbox 838 570 1069 623; x_wconf 90' lang='lat' dir='ltr'>debent.</span> <span class='ocrx_word' id='word_1_34' title='bbox 1115 568 1342 623; x_wconf 90' lang='lat' dir='ltr'>Etenim</span> <span class='ocrx_word' id='word_1_35' title='bbox 1403 566 1459 621; x_wconf 88' lang='lat' dir='ltr'>id</span> <span class='ocrx_word' id='word_1_36' title='bbox 1519 567 1777 637; x_wconf 88' lang='lat' dir='ltr'>primum</span> <span class='ocrx_word' id='word_1_37' title='bbox 1835 565 2033 635; x_wconf 90' lang='lat' dir='ltr'>inepte</span> 
     </span>
    </p>
   </div>
   <div class='ocr_carea' id='block_1_7' title="bbox 379 652 2029 725">
    <p class='ocr_par' dir='ltr' id='par_1_7' title="bbox 379 652 2029 725">
     <span class='ocr_line' id='line_1_7' title="bbox 379 652 2029 725; baseline -0.007 -8"><span class='ocrx_word' id='word_1_38' title='bbox 379 657 1018 718; x_wconf 78' lang='lat' dir='ltr'>dicitzTertullianum</span> <span class='ocrx_word' id='word_1_39' title='bbox 1075 657 1146 711; x_wconf 90' lang='lat' dir='ltr'>de</span> <span class='ocrx_word' id='word_1_40' title='bbox 1200 656 1444 711; x_wconf 85' lang='lat' dir='ltr'>urbanis</span> <span class='ocrx_word' id='word_1_41' title='bbox 1500 654 1789 709; x_wconf 83' lang='lat' dir='ltr'>militibus</span> <span class='ocrx_word' id='word_1_42' title='bbox 1846 652 2029 725; x_wconf 87' lang='lat' dir='ltr'>loqui,</span> 
     </span>
    </p>
   </div>
   <div class='ocr_carea' id='block_1_8' title="bbox 379 743 2031 822">
    <p class='ocr_par' dir='ltr' id='par_1_8' title="bbox 379 743 2031 822">
     <span class='ocr_line' id='line_1_8' title="bbox 379 743 2031 822; baseline -0.005 -17"><span class='ocrx_word' id='word_1_43' title='bbox 379 750 596 822; x_wconf 85' lang='lat' dir='ltr'>quibus</span> <span class='ocrx_word' id='word_1_44' title='bbox 627 750 699 805; x_wconf 90' lang='lat' dir='ltr'>ad</span> <span class='ocrx_word' id='word_1_45' title='bbox 731 747 1059 803; x_wconf 84' lang='lat' dir='ltr'>custodiam</span> <span class='ocrx_word' id='word_1_46' title='bbox 1113 745 1288 800; x_wconf 81' lang='lat' dir='ltr'>Urbis</span> <span class='ocrx_word' id='word_1_47' title='bbox 1346 744 1600 799; x_wconf 85' lang='lat' dir='ltr'>fuissent</span> <span class='ocrx_word' id='word_1_48' title='bbox 1651 743 1723 797; x_wconf 91' lang='lat' dir='ltr'>ad</span> <span class='ocrx_word' id='word_1_49' title='bbox 1798 747 2031 814; x_wconf 88' lang='lat' dir='ltr'>portam</span> 
     </span>
    </p>
   </div>
   <div class='ocr_carea' id='block_1_9' title="bbox 378 831 2035 905">
    <p class='ocr_par' dir='ltr' id='par_1_9' title="bbox 378 831 2035 905">
     <span class='ocr_line' id='line_1_9' title="bbox 378 831 2035 905; baseline -0.006 -11"><span class='ocrx_word' id='word_1_50' title='bbox 378 839 735 893; x_wconf 86' lang='lat' dir='ltr'>Viminatem</span> <span class='ocrx_word' id='word_1_51' title='bbox 779 840 972 892; x_wconf 88' lang='lat' dir='ltr'>castra</span> <span class='ocrx_word' id='word_1_52' title='bbox 1022 834 1333 905; x_wconf 74' lang='lat' dir='ltr'>praetoria;</span> <span class='ocrx_word' id='word_1_53' title='bbox 1379 833 1552 903; x_wconf 84' lang='lat' dir='ltr'>cujus</span> <span class='ocrx_word' id='word_1_54' title='bbox 1609 832 1688 888; x_wconf 87' lang='lat' dir='ltr'>rei</span> <span class='ocrx_word' id='word_1_55' title='bbox 1749 848 1821 886; x_wconf 91' lang='lat' dir='ltr'>ne</span> <span class='ocrx_word' id='word_1_56' title='bbox 1868 831 2035 885; x_wconf 84' lang='lat' dir='ltr'>adest</span> 
     </span>
    </p>
   </div>
   <div class='ocr_carea' id='block_1_10' title="bbox 381 923 2031 999">
    <p class='ocr_par' dir='ltr' id='par_1_10' title="bbox 381 923 2031 999">
     <span class='ocr_line' id='line_1_10' title="bbox 381 923 2031 999; baseline -0.006 -15"><span class='ocrx_word' id='word_1_57' title='bbox 381 928 503 984; x_wconf 88' lang='lat' dir='ltr'>ulla</span> <span class='ocrx_word' id='word_1_58' title='bbox 533 927 770 999; x_wconf 86' lang='lat' dir='ltr'>quidem</span> <span class='ocrx_word' id='word_1_59' title='bbox 802 923 1175 998; x_wconf 81' lang='lat' dir='ltr'>signiﬁcatio,</span> <span class='ocrx_word' id='word_1_60' title='bbox 1207 928 1264 978; x_wconf 91' lang='lat' dir='ltr'>et</span> <span class='ocrx_word' id='word_1_61' title='bbox 1294 926 1456 977; x_wconf 85' lang='lat' dir='ltr'>extra</span> <span class='ocrx_word' id='word_1_62' title='bbox 1498 925 1741 977; x_wconf 90' lang='lat' dir='ltr'>Romam</span> <span class='ocrx_word' id='word_1_63' title='bbox 1769 924 2031 990; x_wconf 89' lang='lat' dir='ltr'>tempore</span> 
     </span>
    </p>
   </div>
   <div class='ocr_carea' id='block_1_11' title="bbox 382 1008 2033 1087">
    <p class='ocr_par' dir='ltr' id='par_1_11' title="bbox 382 1008 2033 1087">
     <span class='ocr_line' id='line_1_11' title="bbox 382 1008 2033 1087; baseline -0.007 -13"><span class='ocrx_word' id='word_1_64' title='bbox 382 1016 542 1083; x_wconf 88' lang='lat' dir='ltr'>belli,</span> <span class='ocrx_word' id='word_1_65' title='bbox 595 1016 728 1087; x_wconf 89' lang='lat' dir='ltr'>quis</span> <span class='ocrx_word' id='word_1_66' title='bbox 809 1014 1058 1079; x_wconf 84' lang='lat' dir='ltr'>dubitet,</span> <span class='ocrx_word' id='word_1_67' title='bbox 1111 1016 1302 1068; x_wconf 89' lang='lat' dir='ltr'>castra</span> <span class='ocrx_word' id='word_1_68' title='bbox 1355 1015 1626 1066; x_wconf 85' lang='lat' dir='ltr'>Severum</span> <span class='ocrx_word' id='word_1_69' title='bbox 1706 1008 2033 1064; x_wconf 83' lang='lat' dir='ltr'>habuisse?</span> 
     </span>
    </p>
   </div>
   <div class='ocr_carea' id='block_1_12' title="bbox 382 1100 2030 1176">
    <p class='ocr_par' dir='ltr' id='par_1_12' title="bbox 382 1100 2030 1176">
     <span class='ocr_line' id='line_1_12' title="bbox 382 1100 2030 1176; baseline -0.005 -15"><span class='ocrx_word' id='word_1_70' title='bbox 382 1106 689 1176; x_wconf 88' lang='lat' dir='ltr'>Deinceps,</span> <span class='ocrx_word' id='word_1_71' title='bbox 716 1104 872 1175; x_wconf 89' lang='lat' dir='ltr'>quod</span> <span class='ocrx_word' id='word_1_72' title='bbox 904 1106 1115 1157; x_wconf 56' lang='lat' dir='ltr'>nostra;</span> <span class='ocrx_word' id='word_1_73' title='bbox 1169 1101 1469 1157; x_wconf 62' lang='lat' dir='ltr'>sententias</span> <span class='ocrx_word' id='word_1_74' title='bbox 1517 1100 1770 1154; x_wconf 68' lang='lat' dir='ltr'>maxime</span> <span class='ocrx_word' id='word_1_75' title='bbox 1800 1103 2030 1153; x_wconf 89' lang='lat' dir='ltr'>contra-</span> 
     </span>
    </p>
   </div>
   <div class='ocr_carea' id='block_1_13' title="bbox 382 1187 2032 1261">
    <p class='ocr_par' dir='ltr' id='par_1_13' title="bbox 382 1187 2032 1261">
     <span class='ocr_line' id='line_1_13' title="bbox 382 1187 2032 1261; baseline -0.005 -11"><span class='ocrx_word' id='word_1_76' title='bbox 382 1196 536 1250; x_wconf 91' lang='lat' dir='ltr'>rium</span> <span class='ocrx_word' id='word_1_77' title='bbox 567 1190 1273 1261; x_wconf 88' lang='lat' dir='ltr'>videmus,liberalitatem</span> <span class='ocrx_word' id='word_1_78' title='bbox 1296 1205 1527 1244; x_wconf 90' lang='lat' dir='ltr'>omnem</span> <span class='ocrx_word' id='word_1_79' title='bbox 1554 1188 1695 1242; x_wconf 89' lang='lat' dir='ltr'>dicit</span> <span class='ocrx_word' id='word_1_80' title='bbox 1714 1187 2032 1252; x_wconf 84' lang='lat' dir='ltr'>pacistem-</span> 
     </span>
    </p>
   </div>
   <div class='ocr_carea' id='block_1_14' title="bbox 378 1276 2027 1356">
    <p class='ocr_par' dir='ltr' id='par_1_14' title="bbox 378 1276 2027 1356">
     <span class='ocr_line' id='line_1_14' title="bbox 378 1276 2027 1356; baseline -0.006 -16"><span class='ocrx_word' id='word_1_81' title='bbox 378 1301 516 1355; x_wconf 89' lang='lat' dir='ltr'>pore</span> <span class='ocrx_word' id='word_1_82' title='bbox 545 1287 797 1356; x_wconf 85' lang='lat' dir='ltr'>postque</span> <span class='ocrx_word' id='word_1_83' title='bbox 825 1280 1079 1337; x_wconf 88' lang='lat' dir='ltr'>reditum</span> <span class='ocrx_word' id='word_1_84' title='bbox 1112 1296 1143 1334; x_wconf 90' lang='lat' dir='ltr'>e</span> <span class='ocrx_word' id='word_1_85' title='bbox 1191 1277 1345 1333; x_wconf 91' lang='lat' dir='ltr'>bello</span> <span class='ocrx_word' id='word_1_86' title='bbox 1394 1278 1611 1333; x_wconf 91' lang='lat' dir='ltr'>editam</span> <span class='ocrx_word' id='word_1_87' title='bbox 1645 1276 1827 1331; x_wconf 88' lang='lat' dir='ltr'>fuisse</span> <span class='ocrx_word' id='word_1_88' title='bbox 1862 1293 1875 1343; x_wconf 89' lang='lat'>;</span> <span class='ocrx_word' id='word_1_89' title='bbox 1912 1292 2027 1346; x_wconf 87' lang='lat' dir='ltr'>qua</span> 
     </span>
    </p>
   </div>
   <div class='ocr_carea' id='block_1_15' title="bbox 378 1363 2027 1442">
    <p class='ocr_par' dir='ltr' id='par_1_15' title="bbox 378 1363 2027 1442">
     <span class='ocr_line' id='line_1_15' title="bbox 378 1363 2027 1442; baseline -0.007 -13"><span class='ocrx_word' id='word_1_90' title='bbox 378 1374 448 1429; x_wconf 89' lang='lat' dir='ltr'>de</span> <span class='ocrx_word' id='word_1_91' title='bbox 479 1390 538 1427; x_wconf 91' lang='lat' dir='ltr'>re</span> <span class='ocrx_word' id='word_1_92' title='bbox 565 1368 978 1442; x_wconf 88' lang='lat' dir='ltr'>Spanhemius,</span> <span class='ocrx_word' id='word_1_93' title='bbox 1014 1382 1185 1439; x_wconf 89' lang='lat' dir='ltr'>quem</span> <span class='ocrx_word' id='word_1_94' title='bbox 1214 1366 1403 1421; x_wconf 87' lang='lat' dir='ltr'>obiter</span> <span class='ocrx_word' id='word_1_95' title='bbox 1433 1364 1652 1433; x_wconf 84' lang='lat' dir='ltr'>citavit,</span> <span class='ocrx_word' id='word_1_96' title='bbox 1694 1363 1839 1417; x_wconf 89' lang='lat' dir='ltr'>nihil</span> <span class='ocrx_word' id='word_1_97' title='bbox 1864 1380 2027 1435; x_wconf 90' lang='lat' dir='ltr'>pror-</span> 
     </span>
    </p>
   </div>
   <div class='ocr_carea' id='block_1_16' title="bbox 377 1450 2025 1525">
    <p class='ocr_par' dir='ltr' id='par_1_16' title="bbox 377 1450 2025 1525">
     <span class='ocr_line' id='line_1_16' title="bbox 377 1450 2025 1525; baseline -0.008 -9"><span class='ocrx_word' id='word_1_98' title='bbox 377 1478 480 1517; x_wconf 87' lang='lat' dir='ltr'>sus</span> <span class='ocrx_word' id='word_1_99' title='bbox 527 1459 725 1513; x_wconf 89' lang='lat' dir='ltr'>habet.</span> <span class='ocrx_word' id='word_1_100' title='bbox 775 1456 936 1511; x_wconf 88' lang='lat' dir='ltr'>Istud</span> <span class='ocrx_word' id='word_1_101' title='bbox 986 1469 1119 1510; x_wconf 89' lang='lat' dir='ltr'>vero</span> <span class='ocrx_word' id='word_1_102' title='bbox 1177 1469 1283 1525; x_wconf 85' lang='lat' dir='ltr'>ego</span> <span class='ocrx_word' id='word_1_103' title='bbox 1339 1453 1388 1507; x_wconf 90' lang='lat' dir='ltr'>si</span> <span class='ocrx_word' id='word_1_104' title='bbox 1449 1453 1520 1506; x_wconf 92' lang='lat' dir='ltr'>de</span> <span class='ocrx_word' id='word_1_105' title='bbox 1577 1450 1892 1522; x_wconf 87' lang='lat' dir='ltr'>congiariis</span> <span class='ocrx_word' id='word_1_106' title='bbox 1914 1450 2025 1505; x_wconf 91' lang='lat' dir='ltr'>dici</span> 
     </span>
    </p>
   </div>
   <div class='ocr_carea' id='block_1_17' title="bbox 375 1539 2023 1623">
    <p class='ocr_par' dir='ltr' id='par_1_17' title="bbox 375 1539 2023 1623">
     <span class='ocr_line' id='line_1_17' title="bbox 375 1539 2023 1623; baseline -0.007 -18"><span class='ocrx_word' id='word_1_107' title='bbox 375 1566 547 1623; x_wconf 89' lang='lat' dir='ltr'>posse</span> <span class='ocrx_word' id='word_1_108' title='bbox 577 1546 916 1611; x_wconf 87' lang='lat' dir='ltr'>concedam,</span> <span class='ocrx_word' id='word_1_109' title='bbox 952 1545 1023 1598; x_wconf 92' lang='lat' dir='ltr'>de</span> <span class='ocrx_word' id='word_1_110' title='bbox 1055 1541 1365 1608; x_wconf 87' lang='lat' dir='ltr'>donativis,</span> <span class='ocrx_word' id='word_1_111' title='bbox 1402 1540 1695 1613; x_wconf 89' lang='lat' dir='ltr'>qualehoc</span> <span class='ocrx_word' id='word_1_112' title='bbox 1727 1539 2023 1595; x_wconf 86' lang='lat' dir='ltr'>erathaud</span> 
     </span>
    </p>
   </div>
   <div class='ocr_carea' id='block_1_18' title="bbox 375 1628 2026 1705">
    <p class='ocr_par' dir='ltr' id='par_1_18' title="bbox 375 1628 2026 1705">
     <span class='ocr_line' id='line_1_18' title="bbox 375 1628 2026 1705; baseline -0.007 -10"><span class='ocrx_word' id='word_1_113' title='bbox 375 1638 571 1705; x_wconf 89' lang='lat' dir='ltr'>dubie,</span> <span class='ocrx_word' id='word_1_114' title='bbox 595 1636 971 1691; x_wconf 86' lang='lat' dir='ltr'>vehementer</span> <span class='ocrx_word' id='word_1_115' title='bbox 1000 1632 1275 1704; x_wconf 85' lang='lat' dir='ltr'>equidem</span> <span class='ocrx_word' id='word_1_116' title='bbox 1315 1630 1546 1685; x_wconf 80' lang='lat' dir='ltr'>dubito.</span> <span class='ocrx_word' id='word_1_117' title='bbox 1579 1634 1701 1684; x_wconf 93' lang='lat' dir='ltr'>Imo</span> <span class='ocrx_word' id='word_1_118' title='bbox 1732 1628 1862 1700; x_wconf 89' lang='lat' dir='ltr'>ipsa</span> <span class='ocrx_word' id='word_1_119' title='bbox 1893 1634 2026 1700; x_wconf 90' lang='lat' dir='ltr'>post</span> 
     </span>
    </p>
   </div>
   <div class='ocr_carea' id='block_1_19' title="bbox 2140 474 3800 549">
    <p class='ocr_par' dir='ltr' id='par_1_19' title="bbox 2140 474 3800 549">
     <span class='ocr_line' id='line_1_19' title="bbox 2140 474 3800 549; baseline 0.002 -19"><span class='ocrx_word' id='word_1_120' title='bbox 2140 492 2295 531; x_wconf 92' lang='lat' dir='ltr'>anno</span> <span class='ocrx_word' id='word_1_121' title='bbox 2317 475 2577 531; x_wconf 84' lang='lat' dir='ltr'>CXCVIII</span> <span class='ocrx_word' id='word_1_122' title='bbox 2610 493 2674 531; x_wconf 89' lang='lat' dir='ltr'>ac</span> <span class='ocrx_word' id='word_1_123' title='bbox 2741 474 3007 546; x_wconf 89' lang='lat' dir='ltr'>sequenti</span> <span class='ocrx_word' id='word_1_124' title='bbox 3042 474 3339 543; x_wconf 88' lang='lat' dir='ltr'>vindicati,</span> <span class='ocrx_word' id='word_1_125' title='bbox 3401 477 3625 549; x_wconf 87' lang='lat' dir='ltr'>absque</span> <span class='ocrx_word' id='word_1_126' title='bbox 3679 479 3800 535; x_wconf 90' lang='lat' dir='ltr'>ullo</span> 
     </span>
    </p>
   </div>
   <div class='ocr_carea' id='block_1_20' title="bbox 2141 564 3800 635">
    <p class='ocr_par' dir='ltr' id='par_1_20' title="bbox 2141 564 3800 635">
     <span class='ocr_line' id='line_1_20' title="bbox 2141 564 3800 635; baseline 0.001 -16"><span class='ocrx_word' id='word_1_127' title='bbox 2141 582 2329 620; x_wconf 66' lang='lat' dir='ltr'>causa:</span> <span class='ocrx_word' id='word_1_128' title='bbox 2353 570 2563 619; x_wconf 66' lang='lat' dir='ltr'>nostra:</span> <span class='ocrx_word' id='word_1_129' title='bbox 2594 564 2967 630; x_wconf 85' lang='lat' dir='ltr'>detrimento,</span> <span class='ocrx_word' id='word_1_130' title='bbox 2992 569 3333 635; x_wconf 75' lang='lat' dir='ltr'>caeteraque,</span> <span class='ocrx_word' id='word_1_131' title='bbox 3359 565 3500 620; x_wconf 91' lang='lat' dir='ltr'>dum</span> <span class='ocrx_word' id='word_1_132' title='bbox 3524 567 3800 623; x_wconf 88' lang='lat' dir='ltr'>donativa</span> 
     </span>
    </p>
   </div>
   <div class='ocr_carea' id='block_1_21' title="bbox 2141 653 3797 728">
    <p class='ocr_par' dir='ltr' id='par_1_21' title="bbox 2141 653 3797 728">
     <span class='ocr_line' id='line_1_21' title="bbox 2141 653 3797 728; baseline 0.001 -19"><span class='ocrx_word' id='word_1_133' title='bbox 2141 658 2303 709; x_wconf 88' lang='lat' dir='ltr'>extra</span> <span class='ocrx_word' id='word_1_134' title='bbox 2328 658 2572 709; x_wconf 84' lang='lat' dir='ltr'>Romam</span> <span class='ocrx_word' id='word_1_135' title='bbox 2606 653 2923 709; x_wconf 88' lang='lat' dir='ltr'>distributa</span> <span class='ocrx_word' id='word_1_136' title='bbox 2963 668 3091 708; x_wconf 88' lang='lat' dir='ltr'>esse</span> <span class='ocrx_word' id='word_1_137' title='bbox 3121 653 3416 724; x_wconf 88' lang='lat' dir='ltr'>novimus,</span> <span class='ocrx_word' id='word_1_138' title='bbox 3450 672 3557 710; x_wconf 89' lang='lat' dir='ltr'>sua</span> <span class='ocrx_word' id='word_1_139' title='bbox 3589 662 3797 728; x_wconf 90' lang='lat' dir='ltr'>sponte</span> 
     </span>
    </p>
   </div>
   <div class='ocr_carea' id='block_1_22' title="bbox 2141 743 2475 799">
    <p class='ocr_par' dir='ltr' id='par_1_22' title="bbox 2141 743 2475 799">
     <span class='ocr_line' id='line_1_22' title="bbox 2141 743 2475 799; baseline -0.006 -1"><span class='ocrx_word' id='word_1_140' title='bbox 2141 743 2475 799; x_wconf 86' lang='lat' dir='ltr'>concidunt.</span> 
     </span>
    </p>
   </div>
   <div class='ocr_carea' id='block_1_23' title="bbox 2275 903 3646 977">
    <p class='ocr_par' dir='ltr' id='par_1_23' title="bbox 2275 903 3646 977">
     <span class='ocr_line' id='line_1_23' title="bbox 2275 903 3646 977; baseline 0.003 -19"><span class='ocrx_word' id='word_1_141' title='bbox 2275 905 2303 970; x_wconf 86' lang='lat'>§</span> <span class='ocrx_word' id='word_1_142' title='bbox 2332 904 2385 958; x_wconf 90' lang='lat'>3.</span> <span class='ocrx_word' id='word_1_143' title='bbox 2417 932 2488 945; x_wconf 89' lang='lat'>-—</span> <span class='ocrx_word' id='word_1_144' title='bbox 2514 904 2749 959; x_wconf 78' lang='lat' dir='ltr'>Baronii</span> <span class='ocrx_word' id='word_1_145' title='bbox 2767 912 3106 977; x_wconf 70' lang='lat' dir='ltr'>argumenta</span> <span class='ocrx_word' id='word_1_146' title='bbox 3127 903 3522 961; x_wconf 82' lang='lat' dir='ltr'>convellantur</span> <span class='ocrx_word' id='word_1_147' title='bbox 3545 922 3646 977; x_wconf 86' lang='lat' dir='ltr'>pro</span> 
     </span>
    </p>
   </div>
   <div class='ocr_carea' id='block_1_24' title="bbox 2766 975 3149 1031">
    <p class='ocr_par' dir='ltr' id='par_1_24' title="bbox 2766 975 3149 1031">
     <span class='ocr_line' id='line_1_24' title="bbox 2766 975 3149 1031; baseline 0.003 -2"><span class='ocrx_word' id='word_1_148' title='bbox 2766 993 2899 1030; x_wconf 85' lang='lat' dir='ltr'>ann.</span> <span class='ocrx_word' id='word_1_149' title='bbox 2934 975 3149 1031; x_wconf 84' lang='lat' dir='ltr'>CXCIX.</span> 
     </span>
    </p>
   </div>
   <div class='ocr_carea' id='block_1_25' title="bbox 2212 1100 3795 1172">
    <p class='ocr_par' dir='ltr' id='par_1_25' title="bbox 2212 1100 3795 1172">
     <span class='ocr_line' id='line_1_25' title="bbox 2212 1100 3795 1172; baseline 0.003 -18"><span class='ocrx_word' id='word_1_150' title='bbox 2212 1103 2456 1155; x_wconf 85' lang='lat' dir='ltr'>Restant</span> <span class='ocrx_word' id='word_1_151' title='bbox 2477 1100 2549 1155; x_wconf 92' lang='lat' dir='ltr'>de</span> <span class='ocrx_word' id='word_1_152' title='bbox 2581 1117 2733 1155; x_wconf 88' lang='lat' dir='ltr'>anno</span> <span class='ocrx_word' id='word_1_153' title='bbox 2766 1100 2966 1171; x_wconf 89' lang='lat' dir='ltr'>scripti</span> <span class='ocrx_word' id='word_1_154' title='bbox 3000 1100 3181 1172; x_wconf 88' lang='lat' dir='ltr'>hujus</span> <span class='ocrx_word' id='word_1_155' title='bbox 3209 1100 3390 1156; x_wconf 90' lang='lat' dir='ltr'>libelli</span> <span class='ocrx_word' id='word_1_156' title='bbox 3425 1102 3656 1158; x_wconf 87' lang='lat' dir='ltr'>decreta</span> <span class='ocrx_word' id='word_1_157' title='bbox 3688 1105 3795 1159; x_wconf 89' lang='lat' dir='ltr'>Ba-</span> 
     </span>
    </p>
   </div>
   <div class='ocr_carea' id='block_1_26' title="bbox 2142 1188 3795 1261">
    <p class='ocr_par' dir='ltr' id='par_1_26' title="bbox 2142 1188 3795 1261">
     <span class='ocr_line' id='line_1_26' title="bbox 2142 1188 3795 1261; baseline 0.002 -18"><span class='ocrx_word' id='word_1_158' title='bbox 2142 1188 2292 1243; x_wconf 91' lang='lat' dir='ltr'>ronii</span> <span class='ocrx_word' id='word_1_159' title='bbox 2328 1193 2502 1260; x_wconf 88' lang='lat' dir='ltr'>atque</span> <span class='ocrx_word' id='word_1_160' title='bbox 2562 1188 2806 1244; x_wconf 86' lang='lat' dir='ltr'>Pamelii</span> <span class='ocrx_word' id='word_1_161' title='bbox 2871 1189 2950 1243; x_wconf 87' lang='lat' dir='ltr'>ita</span> <span class='ocrx_word' id='word_1_162' title='bbox 3008 1195 3367 1261; x_wconf 87' lang='lat' dir='ltr'>comparata,</span> <span class='ocrx_word' id='word_1_163' title='bbox 3427 1194 3492 1244; x_wconf 91' lang='lat' dir='ltr'>ut</span> <span class='ocrx_word' id='word_1_164' title='bbox 3549 1192 3795 1247; x_wconf 90' lang='lat' dir='ltr'>convelli</span> 
     </span>
    </p>
   </div>
   <div class='ocr_carea' id='block_1_27' title="bbox 2141 1277 3796 1353">
    <p class='ocr_par' dir='ltr' id='par_1_27' title="bbox 2141 1277 3796 1353">
     <span class='ocr_line' id='line_1_27' title="bbox 2141 1277 3796 1353; baseline 0.003 -21"><span class='ocrx_word' id='word_1_165' title='bbox 2141 1277 2302 1332; x_wconf 90' lang='lat' dir='ltr'>nullo</span> <span class='ocrx_word' id='word_1_166' title='bbox 2334 1278 2567 1349; x_wconf 88' lang='lat' dir='ltr'>negotio</span> <span class='ocrx_word' id='word_1_167' title='bbox 2598 1278 2845 1349; x_wconf 85' lang='lat' dir='ltr'>possint.</span> <span class='ocrx_word' id='word_1_168' title='bbox 2893 1279 3158 1351; x_wconf 86' lang='lat' dir='ltr'>Namque</span> <span class='ocrx_word' id='word_1_169' title='bbox 3220 1279 3501 1335; x_wconf 75' lang='lat' dir='ltr'>Barnnius</span> <span class='ocrx_word' id='word_1_170' title='bbox 3552 1281 3631 1353; x_wconf 84' lang='lat' dir='ltr'>(V.</span> <span class='ocrx_word' id='word_1_171' title='bbox 3667 1283 3796 1351; x_wconf 83' lang='lat' dir='ltr'>ejus</span> 
     </span>
    </p>
   </div>
   <div class='ocr_carea' id='block_1_28' title="bbox 2138 1366 3792 1435">
    <p class='ocr_par' dir='ltr' id='par_1_28' title="bbox 2138 1366 3792 1435">
     <span class='ocr_line' id='line_1_28' title="bbox 2138 1366 3792 1435; baseline 0.002 -14"><span class='ocrx_word' id='word_1_172' title='bbox 2138 1366 2388 1422; x_wconf 74' lang='lat' dir='ltr'>Annales</span> <span class='ocrx_word' id='word_1_173' title='bbox 2417 1368 2725 1422; x_wconf 75' lang='lat' dir='ltr'>Ecclesiast.</span> <span class='ocrx_word' id='word_1_174' title='bbox 2780 1368 2849 1421; x_wconf 91' lang='lat' dir='ltr'>ad</span> <span class='ocrx_word' id='word_1_175' title='bbox 2886 1384 3022 1422; x_wconf 91' lang='lat' dir='ltr'>ann.</span> <span class='ocrx_word' id='word_1_176' title='bbox 3069 1368 3204 1433; x_wconf 92' lang='lat' dir='ltr'>CCI,</span> <span class='ocrx_word' id='word_1_177' title='bbox 3235 1372 3375 1424; x_wconf 90' lang='lat' dir='ltr'>tom.</span> <span class='ocrx_word' id='word_1_178' title='bbox 3414 1369 3486 1435; x_wconf 97' lang='lat' dir='ltr'>II,</span> <span class='ocrx_word' id='word_1_179' title='bbox 3545 1370 3637 1424; x_wconf 90' lang='lat' dir='ltr'>ed.</span> <span class='ocrx_word' id='word_1_180' title='bbox 3670 1370 3792 1426; x_wconf 93' lang='lat' dir='ltr'>Col.</span> 
     </span>
    </p>
   </div>
   <div class='ocr_carea' id='block_1_29' title="bbox 2141 1456 3789 1528">
    <p class='ocr_par' dir='ltr' id='par_1_29' title="bbox 2141 1456 3789 1528">
     <span class='ocr_line' id='line_1_29' title="bbox 2141 1456 3789 1528; baseline 0.002 -17"><span class='ocrx_word' id='word_1_181' title='bbox 2141 1458 2299 1525; x_wconf 82' lang='lat'>1609,</span> <span class='ocrx_word' id='word_1_182' title='bbox 2334 1472 2466 1528; x_wconf 86' lang='lat' dir='ltr'>pag.</span> <span class='ocrx_word' id='word_1_183' title='bbox 2499 1457 2647 1525; x_wconf 87' lang='lat'>299),</span> <span class='ocrx_word' id='word_1_184' title='bbox 2683 1461 2749 1511; x_wconf 90' lang='lat' dir='ltr'>ut</span> <span class='ocrx_word' id='word_1_185' title='bbox 2781 1457 3050 1526; x_wconf 87' lang='lat' dir='ltr'>probaret</span> <span class='ocrx_word' id='word_1_186' title='bbox 3079 1473 3212 1511; x_wconf 91' lang='lat' dir='ltr'>eum</span> <span class='ocrx_word' id='word_1_187' title='bbox 3244 1456 3461 1512; x_wconf 89' lang='lat' dir='ltr'>librum</span> <span class='ocrx_word' id='word_1_188' title='bbox 3488 1464 3789 1514; x_wconf 88' lang='lat' dir='ltr'>exaratum</span> 
     </span>
    </p>
   </div>
   <div class='ocr_carea' id='block_1_30' title="bbox 2137 1545 3795 1617">
    <p class='ocr_par' dir='ltr' id='par_1_30' title="bbox 2137 1545 3795 1617">
     <span class='ocr_line' id='line_1_30' title="bbox 2137 1545 3795 1617; baseline 0.001 -16"><span class='ocrx_word' id='word_1_189' title='bbox 2137 1561 2264 1601; x_wconf 87' lang='lat' dir='ltr'>esse</span> <span class='ocrx_word' id='word_1_190' title='bbox 2296 1562 2432 1600; x_wconf 88' lang='lat' dir='ltr'>ann.</span> <span class='ocrx_word' id='word_1_191' title='bbox 2483 1545 2592 1600; x_wconf 85' lang='lat' dir='ltr'>CCI</span> <span class='ocrx_word' id='word_1_192' title='bbox 2641 1550 2958 1617; x_wconf 87' lang='lat' dir='ltr'>antequam</span> <span class='ocrx_word' id='word_1_193' title='bbox 3018 1548 3266 1601; x_wconf 86' lang='lat' dir='ltr'>Severus</span> <span class='ocrx_word' id='word_1_194' title='bbox 3325 1547 3795 1617; x_wconf 79' lang='lat' dir='ltr'>proﬁcisceretur</span> 
     </span>
    </p>
   </div>
   <div class='ocr_carea' id='block_1_31' title="bbox 2135 1634 3788 1707">
    <p class='ocr_par' dir='ltr' id='par_1_31' title="bbox 2135 1634 3788 1707">
     <span class='ocr_line' id='line_1_31' title="bbox 2135 1634 3788 1707; baseline 0.003 -19"><span class='ocrx_word' id='word_1_195' title='bbox 2135 1635 2194 1688; x_wconf 90' lang='lat' dir='ltr'>in</span> <span class='ocrx_word' id='word_1_196' title='bbox 2223 1634 2541 1703; x_wconf 82' lang='lat' dir='ltr'>Orientem,</span> <span class='ocrx_word' id='word_1_197' title='bbox 2568 1634 2676 1689; x_wconf 89' lang='lat' dir='ltr'>hoc</span> <span class='ocrx_word' id='word_1_198' title='bbox 2706 1639 2813 1701; x_wconf 90' lang='lat' dir='ltr'>est,</span> <span class='ocrx_word' id='word_1_199' title='bbox 2840 1639 2902 1689; x_wconf 89' lang='lat' dir='ltr'>ut</span> <span class='ocrx_word' id='word_1_200' title='bbox 2934 1652 3040 1691; x_wconf 90' lang='lat' dir='ltr'>nos</span> <span class='ocrx_word' id='word_1_201' title='bbox 3066 1634 3226 1707; x_wconf 82' lang='lat' dir='ltr'>loqui</span> <span class='ocrx_word' id='word_1_202' title='bbox 3258 1636 3472 1691; x_wconf 90' lang='lat' dir='ltr'>rectius</span> <span class='ocrx_word' id='word_1_203' title='bbox 3504 1635 3788 1706; x_wconf 89' lang='lat' dir='ltr'>solemus,</span> 
     </span>
    </p>
   </div>
   <div class='ocr_carea' id='block_1_32' title="bbox 373 1718 3789 1822">
    <p class='ocr_par' dir='ltr' id='par_1_32' title="bbox 373 1718 3789 1822">
     <span class='ocr_line' id='line_1_32' title="bbox 373 1718 3789 1822; baseline -0.001 -38"><span class='ocrx_word' id='word_1_204' title='bbox 373 1731 605 1800; x_wconf 89' lang='lat' dir='ltr'>captam</span> <span class='ocrx_word' id='word_1_205' title='bbox 626 1723 1061 1796; x_wconf 87' lang='lat' dir='ltr'>Ctesiphontem</span> <span class='ocrx_word' id='word_1_206' title='bbox 1094 1721 1250 1776; x_wconf 89' lang='lat' dir='ltr'>edita</span> <span class='ocrx_word' id='word_1_207' title='bbox 1271 1719 1613 1785; x_wconf 87' lang='lat' dir='ltr'>liberalitas,</span> <span class='ocrx_word' id='word_1_208' title='bbox 1649 1718 1912 1819; x_wconf 70' lang='lat' dir='ltr'>admissa</span> <span class='ocrx_word' id='word_1_209' title='bbox 1944 1718 2023 1822; x_wconf 63' lang='lat' dir='ltr'>ab</span> <span class='ocrx_word' id='word_1_210' title='bbox 2055 1757 2102 1822; x_wconf 83' lang='lat' dir='ltr'><strong>B</strong></span> <span class='ocrx_word' id='word_1_211' title='bbox 2134 1740 2269 1778; x_wconf 87' lang='lat' dir='ltr'>ann.</span> <span class='ocrx_word' id='word_1_212' title='bbox 2305 1722 2534 1790; x_wconf 86' lang='lat' dir='ltr'>CXCIX,</span> <span class='ocrx_word' id='word_1_213' title='bbox 2568 1739 2878 1778; x_wconf 90' lang='lat' dir='ltr'>nummum</span> <span class='ocrx_word' id='word_1_214' title='bbox 2925 1724 3160 1791; x_wconf 87' lang='lat' dir='ltr'>excitat,</span> <span class='ocrx_word' id='word_1_215' title='bbox 3208 1724 3380 1795; x_wconf 80' lang='lat' dir='ltr'>cujus</span> <span class='ocrx_word' id='word_1_216' title='bbox 3440 1724 3616 1781; x_wconf 89' lang='lat' dir='ltr'>altera</span> <span class='ocrx_word' id='word_1_217' title='bbox 3650 1743 3789 1798; x_wconf 88' lang='lat' dir='ltr'>pars</span> 
     </span>
    </p>
   </div>
   <div class='ocr_carea' id='block_1_33' title="bbox 372 1805 2021 1885">
    <p class='ocr_par' dir='ltr' id='par_1_33' title="bbox 372 1805 2021 1885">
     <span class='ocr_line' id='line_1_33' title="bbox 372 1805 2021 1885; baseline -0.008 -12"><span class='ocrx_word' id='word_1_218' title='bbox 372 1818 557 1885; x_wconf 89' lang='lat' dir='ltr'>Orsio,</span> <span class='ocrx_word' id='word_1_219' title='bbox 591 1830 735 1870; x_wconf 91' lang='lat' dir='ltr'>num</span> <span class='ocrx_word' id='word_1_220' title='bbox 768 1812 885 1868; x_wconf 91' lang='lat' dir='ltr'>ullo</span> <span class='ocrx_word' id='word_1_221' title='bbox 930 1812 1101 1866; x_wconf 91' lang='lat' dir='ltr'>modo</span> <span class='ocrx_word' id='word_1_222' title='bbox 1163 1826 1265 1881; x_wconf 89' lang='lat' dir='ltr'>per</span> <span class='ocrx_word' id='word_1_223' title='bbox 1319 1809 1496 1864; x_wconf 87' lang='lat' dir='ltr'>verba</span> <span class='ocrx_word' id='word_1_224' title='bbox 1554 1806 1850 1878; x_wconf 87' lang='lat' dir='ltr'>Spartiani</span> <span class='ocrx_word' id='word_1_225' title='bbox 1907 1805 2021 1861; x_wconf 89' lang='lat' dir='ltr'>alia</span> 
     </span>
    </p>
   </div>
   <div class='ocr_carea' id='block_1_34' title="bbox 370 1894 2017 1976">
    <p class='ocr_par' dir='ltr' id='par_1_34' title="bbox 370 1894 2017 1976">
     <span class='ocr_line' id='line_1_34' title="bbox 370 1894 2017 1976; baseline -0.008 -14"><span class='ocrx_word' id='word_1_226' title='bbox 370 1904 619 1976; x_wconf 83' lang='lat' dir='ltr'>intelligi</span> <span class='ocrx_word' id='word_1_227' title='bbox 652 1906 863 1976; x_wconf 87' lang='lat' dir='ltr'>potest,</span> <span class='ocrx_word' id='word_1_228' title='bbox 899 1917 1077 1973; x_wconf 90' lang='lat' dir='ltr'>quam</span> <span class='ocrx_word' id='word_1_229' title='bbox 1108 1916 1234 1971; x_wconf 64' lang='lat' dir='ltr'>qua</span> <span class='ocrx_word' id='word_1_230' title='bbox 1266 1902 1427 1953; x_wconf 82' lang='lat' dir='ltr'>extra</span> <span class='ocrx_word' id='word_1_231' title='bbox 1456 1901 1701 1951; x_wconf 89' lang='lat' dir='ltr'>Romam</span> <span class='ocrx_word' id='word_1_232' title='bbox 1752 1896 1813 1951; x_wconf 91' lang='lat' dir='ltr'>in</span> <span class='ocrx_word' id='word_1_233' title='bbox 1870 1894 2017 1950; x_wconf 91' lang='lat' dir='ltr'>bello</span> 
     </span>
    </p>
   </div>
   <div class='ocr_carea' id='block_1_35' title="bbox 371 1985 2020 2058">
    <p class='ocr_par' dir='ltr' id='par_1_35' title="bbox 371 1985 2020 2058">
     <span class='ocr_line' id='line_1_35' title="bbox 371 1985 2020 2058; baseline -0.008 -7"><span class='ocrx_word' id='word_1_234' title='bbox 371 1996 529 2052; x_wconf 90' lang='lat' dir='ltr'>edita</span> <span class='ocrx_word' id='word_1_235' title='bbox 560 1992 788 2048; x_wconf 83' lang='lat' dir='ltr'>fuerit?</span> <span class='ocrx_word' id='word_1_236' title='bbox 818 1990 1118 2046; x_wconf 90' lang='lat' dir='ltr'>Postremo</span> <span class='ocrx_word' id='word_1_237' title='bbox 1167 1988 1223 2041; x_wconf 92' lang='lat' dir='ltr'>in</span> <span class='ocrx_word' id='word_1_238' title='bbox 1259 1986 1640 2058; x_wconf 89' lang='lat' dir='ltr'>responsione</span> <span class='ocrx_word' id='word_1_239' title='bbox 1666 1986 1737 2040; x_wconf 91' lang='lat' dir='ltr'>ad</span> <span class='ocrx_word' id='word_1_240' title='bbox 1771 1985 2020 2039; x_wconf 91' lang='lat' dir='ltr'>alterum</span> 
     </span>
    </p>
   </div>
   <div class='ocr_carea' id='block_1_36' title="bbox 370 2074 2019 2157">
    <p class='ocr_par' dir='ltr' id='par_1_36' title="bbox 370 2074 2019 2157">
     <span class='ocr_line' id='line_1_36' title="bbox 370 2074 2019 2157; baseline -0.008 -17"><span class='ocrx_word' id='word_1_241' title='bbox 370 2083 529 2157; x_wconf 88' lang='lat' dir='ltr'>Pagii</span> <span class='ocrx_word' id='word_1_242' title='bbox 554 2084 987 2150; x_wconf 70' lang='lat' dir='ltr'>argumentum,</span> <span class='ocrx_word' id='word_1_243' title='bbox 1021 2077 1173 2133; x_wconf 87' lang='lat' dir='ltr'>male</span> <span class='ocrx_word' id='word_1_244' title='bbox 1222 2078 1689 2148; x_wconf 85' lang='lat' dir='ltr'>argumentatur,</span> <span class='ocrx_word' id='word_1_245' title='bbox 1733 2074 1857 2128; x_wconf 89' lang='lat' dir='ltr'>dari</span> <span class='ocrx_word' id='word_1_246' title='bbox 1890 2074 2019 2144; x_wconf 89' lang='lat' dir='ltr'>ejus</span> 
     </span>
    </p>
   </div>
   <div class='ocr_carea' id='block_1_37' title="bbox 367 2161 2020 2246">
    <p class='ocr_par' dir='ltr' id='par_1_37' title="bbox 367 2161 2020 2246">
     <span class='ocr_line' id='line_1_37' title="bbox 367 2161 2020 2246; baseline -0.008 -17"><span class='ocrx_word' id='word_1_247' title='bbox 367 2172 703 2246; x_wconf 89' lang='lat' dir='ltr'>opinionem</span> <span class='ocrx_word' id='word_1_248' title='bbox 750 2186 864 2224; x_wconf 92' lang='lat' dir='ltr'>non</span> <span class='ocrx_word' id='word_1_249' title='bbox 908 2184 1081 2240; x_wconf 90' lang='lat' dir='ltr'>posse</span> <span class='ocrx_word' id='word_1_250' title='bbox 1128 2169 1453 2238; x_wconf 86' lang='lat' dir='ltr'>propterea,</span> <span class='ocrx_word' id='word_1_251' title='bbox 1515 2164 1670 2235; x_wconf 92' lang='lat' dir='ltr'>quod</span> <span class='ocrx_word' id='word_1_252' title='bbox 1711 2161 2020 2217; x_wconf 87' lang='lat' dir='ltr'>christiani</span> 
     </span>
    </p>
   </div>
   <div class='ocr_carea' id='block_1_38' title="bbox 364 2251 2020 2333">
    <p class='ocr_par' dir='ltr' id='par_1_38' title="bbox 364 2251 2020 2333">
     <span class='ocr_line' id='line_1_38' title="bbox 364 2251 2020 2333; baseline -0.008 -14"><span class='ocrx_word' id='word_1_253' title='bbox 364 2262 452 2319; x_wconf 92' lang='lat' dir='ltr'>vel</span> <span class='ocrx_word' id='word_1_254' title='bbox 484 2277 685 2333; x_wconf 89' lang='lat' dir='ltr'>pacem</span> <span class='ocrx_word' id='word_1_255' title='bbox 719 2276 753 2314; x_wconf 88' lang='lat' dir='ltr'>a</span> <span class='ocrx_word' id='word_1_256' title='bbox 798 2256 1148 2330; x_wconf 75' lang='lat' dir='ltr'>praesidibus</span> <span class='ocrx_word' id='word_1_257' title='bbox 1187 2253 1275 2310; x_wconf 91' lang='lat' dir='ltr'>vel</span> <span class='ocrx_word' id='word_1_258' title='bbox 1309 2254 1381 2309; x_wconf 90' lang='lat' dir='ltr'>ab</span> <span class='ocrx_word' id='word_1_259' title='bbox 1414 2254 1767 2325; x_wconf 88' lang='lat' dir='ltr'>Imperatore</span> <span class='ocrx_word' id='word_1_260' title='bbox 1782 2251 2020 2306; x_wconf 90' lang='lat' dir='ltr'>turban-</span> 
     </span>
    </p>
   </div>
   <div class='ocr_carea' id='block_1_39' title="bbox 367 2340 2015 2417">
    <p class='ocr_par' dir='ltr' id='par_1_39' title="bbox 367 2340 2015 2417">
     <span class='ocr_line' id='line_1_39' title="bbox 367 2340 2015 2417; baseline -0.008 -9"><span class='ocrx_word' id='word_1_261' title='bbox 367 2353 502 2407; x_wconf 90' lang='lat' dir='ltr'>dam</span> <span class='ocrx_word' id='word_1_262' title='bbox 532 2349 905 2414; x_wconf 88' lang='lat' dir='ltr'>timuissent;</span> <span class='ocrx_word' id='word_1_263' title='bbox 939 2363 969 2401; x_wconf 91' lang='lat' dir='ltr'>e</span> <span class='ocrx_word' id='word_1_264' title='bbox 1000 2345 1216 2417; x_wconf 91' lang='lat' dir='ltr'>quibus</span> <span class='ocrx_word' id='word_1_265' title='bbox 1247 2359 1354 2399; x_wconf 90' lang='lat' dir='ltr'>nec</span> <span class='ocrx_word' id='word_1_266' title='bbox 1381 2341 1523 2396; x_wconf 90' lang='lat' dir='ltr'>illud</span> <span class='ocrx_word' id='word_1_267' title='bbox 1558 2340 1789 2396; x_wconf 80' lang='lat' dir='ltr'>defendi</span> <span class='ocrx_word' id='word_1_268' title='bbox 1822 2356 2015 2413; x_wconf 89' lang='lat' dir='ltr'>posse,</span> 
     </span>
    </p>
   </div>
   <div class='ocr_carea' id='block_1_40' title="bbox 364 2429 2018 2513">
    <p class='ocr_par' dir='ltr' id='par_1_40' title="bbox 364 2429 2018 2513">
     <span class='ocr_line' id='line_1_40' title="bbox 364 2429 2018 2513; baseline -0.008 -17"><span class='ocrx_word' id='word_1_269' title='bbox 364 2441 500 2513; x_wconf 90' lang='lat' dir='ltr'>quia</span> <span class='ocrx_word' id='word_1_270' title='bbox 529 2441 647 2512; x_wconf 78' lang='lat' dir='ltr'>jam</span> <span class='ocrx_word' id='word_1_271' title='bbox 681 2454 817 2493; x_wconf 90' lang='lat' dir='ltr'>ann.</span> <span class='ocrx_word' id='word_1_272' title='bbox 855 2435 960 2490; x_wconf 87' lang='lat' dir='ltr'>CCI</span> <span class='ocrx_word' id='word_1_273' title='bbox 990 2434 1181 2490; x_wconf 84' lang='lat' dir='ltr'>vexati</span> <span class='ocrx_word' id='word_1_274' title='bbox 1206 2432 1459 2487; x_wconf 86' lang='lat' dir='ltr'>fuissent</span> <span class='ocrx_word' id='word_1_275' title='bbox 1487 2429 2018 2499; x_wconf 85' lang='lat' dir='ltr'>Christiani,neque</span> 
     </span>
    </p>
   </div>
   <div class='ocr_carea' id='block_1_41' title="bbox 363 2519 2017 2593">
    <p class='ocr_par' dir='ltr' id='par_1_41' title="bbox 363 2519 2017 2593">
     <span class='ocr_line' id='line_1_41' title="bbox 363 2519 2017 2593; baseline -0.009 -7"><span class='ocrx_word' id='word_1_276' title='bbox 363 2530 472 2586; x_wconf 89' lang='lat' dir='ltr'>hoc</span> <span class='ocrx_word' id='word_1_277' title='bbox 514 2528 714 2593; x_wconf 90' lang='lat' dir='ltr'>etiam,</span> <span class='ocrx_word' id='word_1_278' title='bbox 745 2524 927 2580; x_wconf 85' lang='lat' dir='ltr'>fuisse</span> <span class='ocrx_word' id='word_1_279' title='bbox 958 2523 1114 2579; x_wconf 90' lang='lat' dir='ltr'>enim</span> <span class='ocrx_word' id='word_1_280' title='bbox 1149 2538 1214 2578; x_wconf 91' lang='lat' dir='ltr'>eo</span> <span class='ocrx_word' id='word_1_281' title='bbox 1237 2536 1390 2577; x_wconf 91' lang='lat' dir='ltr'>anno</span> <span class='ocrx_word' id='word_1_282' title='bbox 1407 2524 1681 2575; x_wconf 87' lang='lat' dir='ltr'>Severum</span> <span class='ocrx_word' id='word_1_283' title='bbox 1715 2519 2017 2573; x_wconf 89' lang='lat' dir='ltr'>absentem</span> 
     </span>
    </p>
   </div>
   <div class='ocr_carea' id='block_1_42' title="bbox 362 2605 2018 2687">
    <p class='ocr_par' dir='ltr' id='par_1_42' title="bbox 362 2605 2018 2687">
     <span class='ocr_line' id='line_1_42' title="bbox 362 2605 2018 2687; baseline -0.007 -14"><span class='ocrx_word' id='word_1_284' title='bbox 362 2622 420 2673; x_wconf 90' lang='lat' dir='ltr'>et</span> <span class='ocrx_word' id='word_1_285' title='bbox 487 2613 1036 2687; x_wconf 88' lang='lat' dir='ltr'>occupatissimum.</span> <span class='ocrx_word' id='word_1_286' title='bbox 1098 2610 1259 2674; x_wconf 89' lang='lat' dir='ltr'>Quod</span> <span class='ocrx_word' id='word_1_287' title='bbox 1321 2607 1611 2681; x_wconf 90' lang='lat' dir='ltr'>posterius</span> <span class='ocrx_word' id='word_1_288' title='bbox 1649 2607 1864 2679; x_wconf 92' lang='lat' dir='ltr'>oppido</span> <span class='ocrx_word' id='word_1_289' title='bbox 1897 2605 2018 2661; x_wconf 90' lang='lat' dir='ltr'>leve</span> 
     </span>
    </p>
   </div>
   <div class='ocr_carea' id='block_1_43' title="bbox 362 2696 2019 2761">
    <p class='ocr_par' dir='ltr' id='par_1_43' title="bbox 362 2696 2019 2761">
     <span class='ocr_line' id='line_1_43' title="bbox 362 2696 2019 2761; baseline -0.007 0"><span class='ocrx_word' id='word_1_290' title='bbox 362 2710 471 2761; x_wconf 91' lang='lat' dir='ltr'>est.</span> <span class='ocrx_word' id='word_1_291' title='bbox 497 2709 643 2759; x_wconf 90' lang='lat' dir='ltr'>Nam</span> <span class='ocrx_word' id='word_1_292' title='bbox 672 2707 730 2759; x_wconf 89' lang='lat' dir='ltr'>et</span> <span class='ocrx_word' id='word_1_293' title='bbox 761 2701 1050 2756; x_wconf 90' lang='lat' dir='ltr'>militibus</span> <span class='ocrx_word' id='word_1_294' title='bbox 1080 2698 1353 2755; x_wconf 87' lang='lat' dir='ltr'>donetiva</span> <span class='ocrx_word' id='word_1_295' title='bbox 1391 2702 1551 2753; x_wconf 88' lang='lat' dir='ltr'>extra</span> <span class='ocrx_word' id='word_1_296' title='bbox 1589 2698 1830 2752; x_wconf 84' lang='lat' dir='ltr'>Romam</span> <span class='ocrx_word' id='word_1_297' title='bbox 1883 2696 2019 2749; x_wconf 89' lang='lat' dir='ltr'>data</span> 
     </span>
    </p>
   </div>
   <div class='ocr_carea' id='block_1_44' title="bbox 362 2784 2017 2860">
    <p class='ocr_par' dir='ltr' id='par_1_44' title="bbox 362 2784 2017 2860">
     <span class='ocr_line' id='line_1_44' title="bbox 362 2784 2017 2860; baseline -0.007 -11"><span class='ocrx_word' id='word_1_298' title='bbox 362 2797 522 2860; x_wconf 88' lang='lat' dir='ltr'>sunt,</span> <span class='ocrx_word' id='word_1_299' title='bbox 557 2796 613 2848; x_wconf 89' lang='lat' dir='ltr'>et</span> <span class='ocrx_word' id='word_1_300' title='bbox 642 2792 754 2847; x_wconf 90' lang='lat' dir='ltr'>isto</span> <span class='ocrx_word' id='word_1_301' title='bbox 776 2808 891 2847; x_wconf 86' lang='lat' dir='ltr'>ann</span> <span class='ocrx_word' id='word_1_302' title='bbox 924 2789 1031 2845; x_wconf 90' lang='lat' dir='ltr'>CCI</span> <span class='ocrx_word' id='word_1_303' title='bbox 1059 2787 1210 2845; x_wconf 89' lang='lat' dir='ltr'>bello</span> <span class='ocrx_word' id='word_1_304' title='bbox 1269 2785 1554 2842; x_wconf 91' lang='lat' dir='ltr'>Orientali</span> <span class='ocrx_word' id='word_1_305' title='bbox 1613 2785 1791 2839; x_wconf 77' lang='lat' dir='ltr'>tinem</span> <span class='ocrx_word' id='word_1_306' title='bbox 1849 2784 2017 2839; x_wconf 91' lang='lat' dir='ltr'>Seve-</span> 
     </span>
    </p>
   </div>
   <div class='ocr_carea' id='block_1_45' title="bbox 360 2874 2020 2954">
    <p class='ocr_par' dir='ltr' id='par_1_45' title="bbox 360 2874 2020 2954">
     <span class='ocr_line' id='line_1_45' title="bbox 360 2874 2020 2954; baseline -0.006 -15"><span class='ocrx_word' id='word_1_307' title='bbox 360 2901 463 2939; x_wconf 85' lang='lat' dir='ltr'>rus</span> <span class='ocrx_word' id='word_1_308' title='bbox 494 2881 798 2954; x_wconf 89' lang='lat' dir='ltr'>imposuit.</span> <span class='ocrx_word' id='word_1_309' title='bbox 842 2880 951 2935; x_wconf 88' lang='lat' dir='ltr'>Sed</span> <span class='ocrx_word' id='word_1_310' title='bbox 1002 2877 1171 2943; x_wconf 89' lang='lat' dir='ltr'>nihil,</span> <span class='ocrx_word' id='word_1_311' title='bbox 1233 2877 1437 2946; x_wconf 88' lang='lat' dir='ltr'>fateor,</span> <span class='ocrx_word' id='word_1_312' title='bbox 1494 2874 1878 2930; x_wconf 88' lang='lat' dir='ltr'>tribuendum</span> <span class='ocrx_word' id='word_1_313' title='bbox 1929 2878 2020 2929; x_wconf 91' lang='lat' dir='ltr'>est</span> 
     </span>
    </p>
   </div>
   <div class='ocr_carea' id='block_1_46' title="bbox 358 2963 2017 3044">
    <p class='ocr_par' dir='ltr' id='par_1_46' title="bbox 358 2963 2017 3044">
     <span class='ocr_line' id='line_1_46' title="bbox 358 2963 2017 3044; baseline -0.005 -18"><span class='ocrx_word' id='word_1_314' title='bbox 358 2971 524 3044; x_wconf 89' lang='lat' dir='ltr'>Pagii</span> <span class='ocrx_word' id='word_1_315' title='bbox 556 2967 918 3043; x_wconf 82' lang='lat' dir='ltr'>argumentis</span> <span class='ocrx_word' id='word_1_316' title='bbox 964 2968 1094 3038; x_wconf 85' lang='lat'>(20).</span> <span class='ocrx_word' id='word_1_317' title='bbox 1156 2964 1436 3021; x_wconf 89' lang='lat' dir='ltr'>Caracalli</span> <span class='ocrx_word' id='word_1_318' title='bbox 1497 2963 1653 3019; x_wconf 91' lang='lat' dir='ltr'>enim</span> <span class='ocrx_word' id='word_1_319' title='bbox 1711 2964 2017 3034; x_wconf 79' lang='lat' dir='ltr'>quinquen-</span> 
     </span>
    </p>
   </div>
   <div class='ocr_carea' id='block_1_47' title="bbox 355 3051 2013 3133">
    <p class='ocr_par' dir='ltr' id='par_1_47' title="bbox 355 3051 2013 3133">
     <span class='ocr_line' id='line_1_47' title="bbox 355 3051 2013 3133; baseline -0.006 -16"><span class='ocrx_word' id='word_1_320' title='bbox 355 3063 542 3127; x_wconf 76' lang='lat' dir='ltr'>nalia,</span> <span class='ocrx_word' id='word_1_321' title='bbox 597 3075 853 3133; x_wconf 89' lang='lat' dir='ltr'>quorum</span> <span class='ocrx_word' id='word_1_322' title='bbox 911 3073 1089 3112; x_wconf 87' lang='lat' dir='ltr'>causa</span> <span class='ocrx_word' id='word_1_323' title='bbox 1146 3056 1363 3111; x_wconf 90' lang='lat' dir='ltr'>editam</span> <span class='ocrx_word' id='word_1_324' title='bbox 1418 3052 1544 3108; x_wconf 91' lang='lat' dir='ltr'>vult</span> <span class='ocrx_word' id='word_1_325' title='bbox 1599 3051 2013 3108; x_wconf 87' lang='lat' dir='ltr'>liberalitatem</span> 
     </span>
    </p>
   </div>
   <div class='ocr_carea' id='block_1_48' title="bbox 352 3125 2088 3211">
    <p class='ocr_par' dir='ltr' id='par_1_48' title="bbox 352 3125 2088 3211">
     <span class='ocr_line' id='line_1_48' title="bbox 352 3125 2088 3211; baseline -0.007 -4"><span class='ocrx_word' id='word_1_326' title='bbox 352 3125 715 3207; x_wconf 78' lang='lat' dir='ltr'>Tertulliano</span> <span class='ocrx_word' id='word_1_327' title='bbox 747 3148 1289 3211; x_wconf 88' lang='lat' dir='ltr'>commemoratam,</span> <span class='ocrx_word' id='word_1_328' title='bbox 1350 3142 1423 3197; x_wconf 92' lang='lat' dir='ltr'>ad</span> <span class='ocrx_word' id='word_1_329' title='bbox 1465 3158 1601 3196; x_wconf 89' lang='lat' dir='ltr'>ann.</span> <span class='ocrx_word' id='word_1_330' title='bbox 1646 3140 1805 3195; x_wconf 75' lang='lat' dir='ltr'>CCIII</span> <span class='ocrx_word' id='word_1_331' title='bbox 1834 3141 2014 3211; x_wconf 90' lang='lat' dir='ltr'>perti-</span> <span class='ocrx_word' id='word_1_332' title='bbox 2045 3125 2088 3192; x_wconf 85' lang='lat' dir='ltr'>C</span> 
     </span>
    </p>
   </div>
   <div class='ocr_carea' id='block_1_49' title="bbox 355 3229 2016 3307">
    <p class='ocr_par' dir='ltr' id='par_1_49' title="bbox 355 3229 2016 3307">
     <span class='ocr_line' id='line_1_49' title="bbox 355 3229 2016 3307; baseline -0.007 -14"><span class='ocrx_word' id='word_1_333' title='bbox 355 3242 511 3305; x_wconf 88' lang='lat' dir='ltr'>nent,</span> <span class='ocrx_word' id='word_1_334' title='bbox 544 3236 647 3291; x_wconf 94' lang='lat' dir='ltr'>ubi</span> <span class='ocrx_word' id='word_1_335' title='bbox 680 3235 816 3307; x_wconf 91' lang='lat' dir='ltr'>quis</span> <span class='ocrx_word' id='word_1_336' title='bbox 846 3234 1169 3303; x_wconf 89' lang='lat' dir='ltr'>nescitjam</span> <span class='ocrx_word' id='word_1_337' title='bbox 1186 3231 1549 3286; x_wconf 88' lang='lat' dir='ltr'>Christianos</span> <span class='ocrx_word' id='word_1_338' title='bbox 1582 3229 1762 3284; x_wconf 82' lang='lat' dir='ltr'>fuisse</span> <span class='ocrx_word' id='word_1_339' title='bbox 1779 3232 2016 3300; x_wconf 90' lang='lat' dir='ltr'>propter</span> 
     </span>
    </p>
   </div>
   <div class='ocr_carea' id='block_1_50' title="bbox 353 3318 2012 3382">
    <p class='ocr_par' dir='ltr' id='par_1_50' title="bbox 353 3318 2012 3382">
     <span class='ocr_line' id='line_1_50' title="bbox 353 3318 2012 3382; baseline -0.006 0"><span class='ocrx_word' id='word_1_340' title='bbox 353 3325 547 3382; x_wconf 87' lang='lat' dir='ltr'>Severi</span> <span class='ocrx_word' id='word_1_341' title='bbox 577 3324 833 3380; x_wconf 90' lang='lat' dir='ltr'>edictum</span> <span class='ocrx_word' id='word_1_342' title='bbox 874 3321 1035 3378; x_wconf 91' lang='lat' dir='ltr'>omni</span> <span class='ocrx_word' id='word_1_343' title='bbox 1081 3321 1297 3375; x_wconf 90' lang='lat' dir='ltr'>scelere</span> <span class='ocrx_word' id='word_1_344' title='bbox 1326 3319 1612 3374; x_wconf 89' lang='lat' dir='ltr'>laceratos</span> <span class='ocrx_word' id='word_1_345' title='bbox 1642 3318 1669 3373; x_wconf 86' lang='lat'><strong>?</strong></span> <span class='ocrx_word' id='word_1_346' title='bbox 1699 3319 1845 3373; x_wconf 90' lang='lat' dir='ltr'>Tum</span> <span class='ocrx_word' id='word_1_347' title='bbox 1881 3334 2012 3373; x_wconf 86' lang='lat' dir='ltr'>vero</span> 
     </span>
    </p>
   </div>
   <div class='ocr_carea' id='block_1_51' title="bbox 356 3400 2009 3485">
    <p class='ocr_par' dir='ltr' id='par_1_51' title="bbox 356 3400 2009 3485">
     <span class='ocr_line' id='line_1_51' title="bbox 356 3400 2009 3485; baseline -0.006 -13"><span class='ocrx_word' id='word_1_348' title='bbox 356 3417 415 3472; x_wconf 89' lang='lat' dir='ltr'>in</span> <span class='ocrx_word' id='word_1_349' title='bbox 477 3415 659 3471; x_wconf 90' lang='lat' dir='ltr'>altero</span> <span class='ocrx_word' id='word_1_350' title='bbox 710 3415 1057 3485; x_wconf 87' lang='lat' dir='ltr'>argumento</span> <span class='ocrx_word' id='word_1_351' title='bbox 1123 3415 1179 3465; x_wconf 90' lang='lat' dir='ltr'>et</span> <span class='ocrx_word' id='word_1_352' title='bbox 1233 3410 1344 3465; x_wconf 89' lang='lat' dir='ltr'>hoc</span> <span class='ocrx_word' id='word_1_353' title='bbox 1412 3425 1716 3481; x_wconf 86' lang='lat' dir='ltr'>perperam</span> <span class='ocrx_word' id='word_1_354' title='bbox 1774 3400 2009 3476; x_wconf 82' lang='lat' dir='ltr'>dicitur,</span> 
     </span>
    </p>
   </div>
   <div class='ocr_carea' id='block_1_52' title="bbox 357 3497 2010 3578">
    <p class='ocr_par' dir='ltr' id='par_1_52' title="bbox 357 3497 2010 3578">
     <span class='ocr_line' id='line_1_52' title="bbox 357 3497 2010 3578; baseline -0.005 -16"><span class='ocrx_word' id='word_1_355' title='bbox 357 3510 577 3578; x_wconf 72' lang='lat' dir='ltr'>coeptas</span> <span class='ocrx_word' id='word_1_356' title='bbox 623 3519 751 3559; x_wconf 90' lang='lat' dir='ltr'>esse</span> <span class='ocrx_word' id='word_1_357' title='bbox 778 3502 924 3557; x_wconf 90' lang='lat' dir='ltr'>istas</span> <span class='ocrx_word' id='word_1_358' title='bbox 980 3498 1319 3554; x_wconf 88' lang='lat' dir='ltr'>inimicitias</span> <span class='ocrx_word' id='word_1_359' title='bbox 1366 3516 1397 3553; x_wconf 90' lang='lat' dir='ltr'>a</span> <span class='ocrx_word' id='word_1_360' title='bbox 1429 3497 1739 3562; x_wconf 90' lang='lat' dir='ltr'>militibus,</span> <span class='ocrx_word' id='word_1_361' title='bbox 1785 3501 1849 3551; x_wconf 94' lang='lat' dir='ltr'>ut</span> <span class='ocrx_word' id='word_1_362' title='bbox 1878 3497 2010 3553; x_wconf 86' lang='lat' dir='ltr'>Dio-</span> 
     </span>
    </p>
   </div>
   <div class='ocr_carea' id='block_1_53' title="bbox 361 3586 2011 3663">
    <p class='ocr_par' dir='ltr' id='par_1_53' title="bbox 361 3586 2011 3663">
     <span class='ocr_line' id='line_1_53' title="bbox 361 3586 2011 3663; baseline -0.006 -13"><span class='ocrx_word' id='word_1_363' title='bbox 361 3593 593 3651; x_wconf 89' lang='lat' dir='ltr'>cletiani</span> <span class='ocrx_word' id='word_1_364' title='bbox 623 3597 907 3663; x_wconf 89' lang='lat' dir='ltr'>tempore,</span> <span class='ocrx_word' id='word_1_365' title='bbox 966 3592 1141 3660; x_wconf 90' lang='lat' dir='ltr'>atque</span> <span class='ocrx_word' id='word_1_366' title='bbox 1200 3587 1393 3642; x_wconf 88' lang='lat' dir='ltr'>omnis</span> <span class='ocrx_word' id='word_1_367' title='bbox 1440 3587 1554 3642; x_wconf 88' lang='lat' dir='ltr'>ista</span> <span class='ocrx_word' id='word_1_368' title='bbox 1585 3586 1875 3641; x_wconf 90' lang='lat' dir='ltr'>sententia</span> <span class='ocrx_word' id='word_1_369' title='bbox 1905 3587 2011 3641; x_wconf 91' lang='lat' dir='ltr'>de-</span> 
     </span>
    </p>
   </div>
   <div class='ocr_carea' id='block_1_54' title="bbox 361 3675 2007 3753">
    <p class='ocr_par' dir='ltr' id='par_1_54' title="bbox 361 3675 2007 3753">
     <span class='ocr_line' id='line_1_54' title="bbox 361 3675 2007 3753; baseline -0.007 -13"><span class='ocrx_word' id='word_1_370' title='bbox 361 3683 621 3740; x_wconf 90' lang='lat' dir='ltr'>fenditur</span> <span class='ocrx_word' id='word_1_371' title='bbox 647 3684 883 3753; x_wconf 89' lang='lat' dir='ltr'>propter</span> <span class='ocrx_word' id='word_1_372' title='bbox 912 3695 1038 3734; x_wconf 88' lang='lat' dir='ltr'>eam</span> <span class='ocrx_word' id='word_1_373' title='bbox 1074 3676 1433 3749; x_wconf 89' lang='lat' dir='ltr'>opinionem,</span> <span class='ocrx_word' id='word_1_374' title='bbox 1496 3675 1649 3746; x_wconf 90' lang='lat' dir='ltr'>quod</span> <span class='ocrx_word' id='word_1_375' title='bbox 1708 3691 1798 3730; x_wconf 91' lang='lat' dir='ltr'>res</span> <span class='ocrx_word' id='word_1_376' title='bbox 1854 3675 2007 3730; x_wconf 86' lang='lat' dir='ltr'>chri-</span> 
     </span>
    </p>
   </div>
   <div class='ocr_carea' id='block_1_55' title="bbox 360 3765 2006 3829">
    <p class='ocr_par' dir='ltr' id='par_1_55' title="bbox 360 3765 2006 3829">
     <span class='ocr_line' id='line_1_55' title="bbox 360 3765 2006 3829; baseline -0.007 0"><span class='ocrx_word' id='word_1_377' title='bbox 360 3773 689 3829; x_wconf 80' lang='lat' dir='ltr'>stianorum</span> <span class='ocrx_word' id='word_1_378' title='bbox 724 3774 857 3825; x_wconf 84' lang='lat' dir='ltr'>ante</span> <span class='ocrx_word' id='word_1_379' title='bbox 910 3769 1202 3824; x_wconf 88' lang='lat' dir='ltr'>decimum</span> <span class='ocrx_word' id='word_1_380' title='bbox 1259 3766 1447 3821; x_wconf 84' lang='lat' dir='ltr'>Severi</span> <span class='ocrx_word' id='word_1_381' title='bbox 1487 3781 1708 3819; x_wconf 88' lang='lat' dir='ltr'>annum</span> <span class='ocrx_word' id='word_1_382' title='bbox 1744 3765 2006 3819; x_wconf 90' lang='lat' dir='ltr'>nondum</span> 
     </span>
    </p>
   </div>
   <div class='ocr_carea' id='block_1_56' title="bbox 353 3853 2005 3929">
    <p class='ocr_par' dir='ltr' id='par_1_56' title="bbox 353 3853 2005 3929">
     <span class='ocr_line' id='line_1_56' title="bbox 353 3853 2005 3929; baseline -0.006 -11"><span class='ocrx_word' id='word_1_383' title='bbox 353 3860 863 3919; x_wconf 83' lang='lat' dir='ltr'>fuissentturbatas</span> <span class='ocrx_word' id='word_1_384' title='bbox 890 3876 903 3925; x_wconf 92' lang='lat'>;</span> <span class='ocrx_word' id='word_1_385' title='bbox 938 3857 1093 3929; x_wconf 88' lang='lat' dir='ltr'>quod</span> <span class='ocrx_word' id='word_1_386' title='bbox 1124 3860 1213 3911; x_wconf 90' lang='lat' dir='ltr'>est</span> <span class='ocrx_word' id='word_1_387' title='bbox 1234 3871 1413 3926; x_wconf 88' lang='lat' dir='ltr'>supra</span> <span class='ocrx_word' id='word_1_388' title='bbox 1444 3853 1586 3909; x_wconf 87' lang='lat' dir='ltr'>satis</span> <span class='ocrx_word' id='word_1_389' title='bbox 1617 3853 2005 3908; x_wconf 81' lang='lat' dir='ltr'>confutatum.</span> 
     </span>
    </p>
   </div>
   <div class='ocr_carea' id='block_1_57' title="bbox 354 3940 2005 4020">
    <p class='ocr_par' dir='ltr' id='par_1_57' title="bbox 354 3940 2005 4020">
     <span class='ocr_line' id='line_1_57' title="bbox 354 3940 2005 4020; baseline -0.007 -12"><span class='ocrx_word' id='word_1_390' title='bbox 354 3950 588 4008; x_wconf 84' lang='lat' dir='ltr'>Tertius</span> <span class='ocrx_word' id='word_1_391' title='bbox 605 3948 857 4020; x_wconf 88' lang='lat' dir='ltr'>denique</span> <span class='ocrx_word' id='word_1_392' title='bbox 870 3945 1287 4019; x_wconf 84' lang='lat' dir='ltr'>disputationis</span> <span class='ocrx_word' id='word_1_393' title='bbox 1300 3944 1558 4000; x_wconf 87' lang='lat' dir='ltr'>Orsianae</span> <span class='ocrx_word' id='word_1_394' title='bbox 1580 3943 1733 3998; x_wconf 73' lang='lat' dir='ltr'>I29</span> <span class='ocrx_word' id='word_1_395' title='bbox 1756 3940 2005 4010; x_wconf 88' lang='lat' dir='ltr'>locus,in</span> 
     </span>
    </p>
   </div>
   <div class='ocr_carea' id='block_1_58' title="bbox 351 4034 2007 4113">
    <p class='ocr_par' dir='ltr' id='par_1_58' title="bbox 351 4034 2007 4113">
     <span class='ocr_line' id='line_1_58' title="bbox 351 4034 2007 4113; baseline -0.006 -16"><span class='ocrx_word' id='word_1_396' title='bbox 351 4058 463 4113; x_wconf 90' lang='lat' dir='ltr'>quo</span> <span class='ocrx_word' id='word_1_397' title='bbox 526 4040 704 4096; x_wconf 90' lang='lat' dir='ltr'>verba</span> <span class='ocrx_word' id='word_1_398' title='bbox 785 4035 1129 4094; x_wconf 87' lang='lat' dir='ltr'>Tertulliani</span> <span class='ocrx_word' id='word_1_399' title='bbox 1209 4034 1440 4091; x_wconf 89' lang='lat' dir='ltr'>nullum</span> <span class='ocrx_word' id='word_1_400' title='bbox 1498 4050 1720 4090; x_wconf 89' lang='lat' dir='ltr'>annum</span> <span class='ocrx_word' id='word_1_401' title='bbox 1796 4036 2007 4104; x_wconf 56' lang='lat' dir='ltr'>prater</span> 
     </span>
    </p>
   </div>
   <div class='ocr_carea' id='block_1_59' title="bbox 350 4121 2003 4197">
    <p class='ocr_par' dir='ltr' id='par_1_59' title="bbox 350 4121 2003 4197">
     <span class='ocr_line' id='line_1_59' title="bbox 350 4121 2003 4197; baseline -0.006 -11"><span class='ocrx_word' id='word_1_402' title='bbox 350 4130 613 4186; x_wconf 87' lang='lat' dir='ltr'>CXCVIII</span> <span class='ocrx_word' id='word_1_403' title='bbox 645 4127 927 4193; x_wconf 71' lang='lat' dir='ltr'>attingere</span> <span class='ocrx_word' id='word_1_404' title='bbox 956 4140 1128 4197; x_wconf 89' lang='lat' dir='ltr'>posse</span> <span class='ocrx_word' id='word_1_405' title='bbox 1160 4124 1442 4191; x_wconf 83' lang='lat' dir='ltr'>defendit,</span> <span class='ocrx_word' id='word_1_406' title='bbox 1478 4140 1594 4178; x_wconf 89' lang='lat' dir='ltr'>non</span> <span class='ocrx_word' id='word_1_407' title='bbox 1634 4126 1722 4177; x_wconf 92' lang='lat' dir='ltr'>est</span> <span class='ocrx_word' id='word_1_408' title='bbox 1751 4121 2003 4192; x_wconf 65' lang='lat' dir='ltr'>aequiore</span> 
     </span>
    </p>
   </div>
   <div class='ocr_carea' id='block_1_60' title="bbox 346 4210 1999 4285">
    <p class='ocr_par' dir='ltr' id='par_1_60' title="bbox 346 4210 1999 4285">
     <span class='ocr_line' id='line_1_60' title="bbox 346 4210 1999 4285; baseline -0.004 -12"><span class='ocrx_word' id='word_1_409' title='bbox 346 4220 484 4275; x_wconf 90' lang='lat' dir='ltr'>Jove</span> <span class='ocrx_word' id='word_1_410' title='bbox 514 4214 1048 4274; x_wconf 89' lang='lat' dir='ltr'>tractatus.Etenim</span> <span class='ocrx_word' id='word_1_411' title='bbox 1084 4212 1238 4285; x_wconf 92' lang='lat' dir='ltr'>quod</span> <span class='ocrx_word' id='word_1_412' title='bbox 1261 4213 1436 4268; x_wconf 90' lang='lat' dir='ltr'>istam</span> <span class='ocrx_word' id='word_1_413' title='bbox 1468 4210 1879 4266; x_wconf 89' lang='lat' dir='ltr'>liberalitatem</span> <span class='ocrx_word' id='word_1_414' title='bbox 1902 4215 1999 4266; x_wconf 88' lang='lat' dir='ltr'>Se-</span> 
     </span>
    </p>
   </div>
   <div class='ocr_carea' id='block_1_61' title="bbox 344 4300 1996 4375">
    <p class='ocr_par' dir='ltr' id='par_1_61' title="bbox 344 4300 1996 4375">
     <span class='ocr_line' id='line_1_61' title="bbox 344 4300 1996 4375; baseline -0.004 -14"><span class='ocrx_word' id='word_1_415' title='bbox 344 4307 465 4362; x_wconf 90' lang='lat' dir='ltr'>veri</span> <span class='ocrx_word' id='word_1_416' title='bbox 487 4307 779 4363; x_wconf 84' lang='lat' dir='ltr'>exstitisse</span> <span class='ocrx_word' id='word_1_417' title='bbox 808 4308 942 4360; x_wconf 88' lang='lat' dir='ltr'>ante</span> <span class='ocrx_word' id='word_1_418' title='bbox 988 4301 1421 4375; x_wconf 80' lang='lat' dir='ltr'>expeditionem</span> <span class='ocrx_word' id='word_1_419' title='bbox 1455 4300 1784 4373; x_wconf 88' lang='lat' dir='ltr'>parthicam</span> <span class='ocrx_word' id='word_1_420' title='bbox 1807 4304 1996 4371; x_wconf 87' lang='lat' dir='ltr'>putat,</span> 
     </span>
    </p>
   </div>
   <div class='ocr_carea' id='block_1_62' title="bbox 344 4389 2000 4465">
    <p class='ocr_par' dir='ltr' id='par_1_62' title="bbox 344 4389 2000 4465">
     <span class='ocr_line' id='line_1_62' title="bbox 344 4389 2000 4465; baseline -0.005 -13"><span class='ocrx_word' id='word_1_421' title='bbox 344 4398 404 4451; x_wconf 91' lang='lat' dir='ltr'>id</span> <span class='ocrx_word' id='word_1_422' title='bbox 438 4413 570 4451; x_wconf 88' lang='lat' dir='ltr'>vero</span> <span class='ocrx_word' id='word_1_423' title='bbox 603 4396 777 4451; x_wconf 88' lang='lat' dir='ltr'>habet</span> <span class='ocrx_word' id='word_1_424' title='bbox 808 4394 1069 4465; x_wconf 90' lang='lat' dir='ltr'>aliquam</span> <span class='ocrx_word' id='word_1_425' title='bbox 1100 4391 1565 4461; x_wconf 83' lang='lat' dir='ltr'>ambiguitatem.</span> <span class='ocrx_word' id='word_1_426' title='bbox 1617 4389 1763 4445; x_wconf 89' lang='lat' dir='ltr'>Nam</span> <span class='ocrx_word' id='word_1_427' title='bbox 1804 4390 1853 4444; x_wconf 91' lang='lat' dir='ltr'>si</span> <span class='ocrx_word' id='word_1_428' title='bbox 1886 4390 2000 4444; x_wconf 88' lang='lat' dir='ltr'>ista</span> 
     </span>
    </p>
   </div>
   <div class='ocr_carea' id='block_1_63' title="bbox 2135 1813 3790 1882">
    <p class='ocr_par' dir='ltr' id='par_1_63' title="bbox 2135 1813 3790 1882">
     <span class='ocr_line' id='line_1_63' title="bbox 2135 1813 3790 1882; baseline 0.002 -16"><span class='ocrx_word' id='word_1_429' title='bbox 2135 1816 2407 1867; x_wconf 90' lang='lat' dir='ltr'>Severum</span> <span class='ocrx_word' id='word_1_430' title='bbox 2444 1829 2578 1867; x_wconf 91' lang='lat' dir='ltr'>cum</span> <span class='ocrx_word' id='word_1_431' title='bbox 2623 1817 2715 1867; x_wconf 89' lang='lat' dir='ltr'>Tr.</span> <span class='ocrx_word' id='word_1_432' title='bbox 2782 1816 2843 1866; x_wconf 93' lang='lat' dir='ltr'>P.</span> <span class='ocrx_word' id='word_1_433' title='bbox 2891 1813 2984 1882; x_wconf 90' lang='lat' dir='ltr'>XI,</span> <span class='ocrx_word' id='word_1_434' title='bbox 3038 1813 3220 1868; x_wconf 88' lang='lat' dir='ltr'>altera</span> <span class='ocrx_word' id='word_1_435' title='bbox 3274 1813 3681 1871; x_wconf 89' lang='lat' dir='ltr'>liberalitatem</span> <span class='ocrx_word' id='word_1_436' title='bbox 3740 1816 3790 1869; x_wconf 91' lang='lat' dir='ltr'><strong>V</strong></span> 
     </span>
    </p>
   </div>
   <div class='ocr_carea' id='block_1_64' title="bbox 2132 1900 3789 1972">
    <p class='ocr_par' dir='ltr' id='par_1_64' title="bbox 2132 1900 3789 1972">
     <span class='ocr_line' id='line_1_64' title="bbox 2132 1900 3789 1972; baseline 0.001 -15"><span class='ocrx_word' id='word_1_437' title='bbox 2132 1901 2329 1967; x_wconf 90' lang='lat' dir='ltr'>habet,</span> <span class='ocrx_word' id='word_1_438' title='bbox 2363 1902 2643 1972; x_wconf 81' lang='lat' dir='ltr'>additque</span> <span class='ocrx_word' id='word_1_439' title='bbox 2674 1900 2856 1956; x_wconf 90' lang='lat' dir='ltr'>multo</span> <span class='ocrx_word' id='word_1_440' title='bbox 2886 1902 3062 1956; x_wconf 91' lang='lat' dir='ltr'>etiam</span> <span class='ocrx_word' id='word_1_441' title='bbox 3112 1903 3549 1959; x_wconf 87' lang='lat' dir='ltr'>asseverantius</span> <span class='ocrx_word' id='word_1_442' title='bbox 3585 1922 3597 1959; x_wconf 90' lang='lat'>:</span> <span class='ocrx_word' id='word_1_443' title='bbox 3632 1906 3789 1959; x_wconf 83' lang='lat' dir='ltr'>Hunc</span> 
     </span>
    </p>
   </div>
   <div class='ocr_carea' id='block_1_65' title="bbox 2082 1990 3785 2063">
    <p class='ocr_par' dir='ltr' id='par_1_65' title="bbox 2082 1990 3785 2063">
     <span class='ocr_line' id='line_1_65' title="bbox 2082 1990 3785 2063; baseline 0.004 -21"><span class='ocrx_word' id='word_1_444' title='bbox 2082 2038 2083 2041; x_wconf 45' lang='grc' dir='ltr'><strong>η</strong></span> <span class='ocrx_word' id='word_1_445' title='bbox 2128 2007 2421 2045; x_wconf 84' lang='lat' dir='ltr'>nummum</span> <span class='ocrx_word' id='word_1_446' title='bbox 2466 1990 2540 2045; x_wconf 88' lang='lat' dir='ltr'>ad</span> <span class='ocrx_word' id='word_1_447' title='bbox 2584 2007 2670 2045; x_wconf 85' lang='lat' dir='ltr'>res</span> <span class='ocrx_word' id='word_1_448' title='bbox 2716 1999 2953 2054; x_wconf 80' lang='lat' dir='ltr'>nostras,</span> <span class='ocrx_word' id='word_1_449' title='bbox 2994 1991 3060 2047; x_wconf 87' lang='lat' dir='ltr'>de</span> <span class='ocrx_word' id='word_1_450' title='bbox 3097 1992 3292 2063; x_wconf 79' lang='lat' dir='ltr'>quibus</span> <span class='ocrx_word' id='word_1_451' title='bbox 3336 1994 3523 2047; x_wconf 78' lang='lat' dir='ltr'>acturi</span> <span class='ocrx_word' id='word_1_452' title='bbox 3570 2009 3785 2061; x_wconf 81' lang='lat' dir='ltr'>sumus,</span> 
     </span>
    </p>
   </div>
   <div class='ocr_carea' id='block_1_66' title="bbox 2124 2079 3788 2154">
    <p class='ocr_par' dir='ltr' id='par_1_66' title="bbox 2124 2079 3788 2154">
     <span class='ocr_line' id='line_1_66' title="bbox 2124 2079 3788 2154; baseline 0.002 -20"><span class='ocrx_word' id='word_1_453' title='bbox 2124 2080 2405 2152; x_wconf 80' lang='lat' dir='ltr'>pertinere</span> <span class='ocrx_word' id='word_1_454' title='bbox 2423 2084 2567 2136; x_wconf 85' lang='lat' dir='ltr'>certo</span> <span class='ocrx_word' id='word_1_455' title='bbox 2598 2082 2759 2136; x_wconf 79' lang='lat' dir='ltr'>scias.</span> <span class='ocrx_word' id='word_1_456' title='bbox 2811 2080 2972 2145; x_wconf 86' lang='lat' dir='ltr'>Quod</span> <span class='ocrx_word' id='word_1_457' title='bbox 3030 2080 3175 2135; x_wconf 89' lang='lat' dir='ltr'>mihi</span> <span class='ocrx_word' id='word_1_458' title='bbox 3223 2079 3453 2136; x_wconf 90' lang='lat' dir='ltr'>videtur</span> <span class='ocrx_word' id='word_1_459' title='bbox 3483 2098 3548 2137; x_wconf 91' lang='lat' dir='ltr'>eo</span> <span class='ocrx_word' id='word_1_460' title='bbox 3572 2082 3788 2154; x_wconf 82' lang='lat' dir='ltr'>planis-</span> 
     </span>
    </p>
   </div>
   <div class='ocr_carea' id='block_1_67' title="bbox 2129 2168 3787 2241">
    <p class='ocr_par' dir='ltr' id='par_1_67' title="bbox 2129 2168 3787 2241">
     <span class='ocr_line' id='line_1_67' title="bbox 2129 2168 3787 2241; baseline 0.001 -16"><span class='ocrx_word' id='word_1_461' title='bbox 2129 2169 2279 2225; x_wconf 87' lang='lat' dir='ltr'>sime</span> <span class='ocrx_word' id='word_1_462' title='bbox 2310 2170 2481 2225; x_wconf 91' lang='lat' dir='ltr'>modo</span> <span class='ocrx_word' id='word_1_463' title='bbox 2515 2170 2761 2235; x_wconf 89' lang='lat' dir='ltr'>dictum,</span> <span class='ocrx_word' id='word_1_464' title='bbox 2813 2185 2927 2240; x_wconf 89' lang='lat' dir='ltr'>quo</span> <span class='ocrx_word' id='word_1_465' title='bbox 2960 2168 3098 2224; x_wconf 89' lang='lat' dir='ltr'>olim</span> <span class='ocrx_word' id='word_1_466' title='bbox 3139 2169 3520 2241; x_wconf 60' lang='lat' dir='ltr'>Pythagorici,</span> <span class='ocrx_word' id='word_1_467' title='bbox 3549 2188 3682 2226; x_wconf 90' lang='lat' dir='ltr'>cum</span> <span class='ocrx_word' id='word_1_468' title='bbox 3716 2189 3787 2227; x_wconf 86' lang='lat' dir='ltr'>ex</span> 
     </span>
    </p>
   </div>
   <div class='ocr_carea' id='block_1_68' title="bbox 2126 2258 3786 2331">
    <p class='ocr_par' dir='ltr' id='par_1_68' title="bbox 2126 2258 3786 2331">
     <span class='ocr_line' id='line_1_68' title="bbox 2126 2258 3786 2331; baseline 0.002 -19"><span class='ocrx_word' id='word_1_469' title='bbox 2126 2258 2201 2313; x_wconf 90' lang='lat' dir='ltr'>iis</span> <span class='ocrx_word' id='word_1_470' title='bbox 2232 2262 2607 2329; x_wconf 68' lang='lat' dir='ltr'>qumreretur,</span> <span class='ocrx_word' id='word_1_471' title='bbox 2638 2274 2819 2329; x_wconf 88' lang='lat' dir='ltr'>quare</span> <span class='ocrx_word' id='word_1_472' title='bbox 2848 2258 2931 2312; x_wconf 88' lang='lat' dir='ltr'>ita</span> <span class='ocrx_word' id='word_1_473' title='bbox 2954 2258 3089 2330; x_wconf 90' lang='lat' dir='ltr'>quid</span> <span class='ocrx_word' id='word_1_474' title='bbox 3124 2258 3448 2324; x_wconf 88' lang='lat' dir='ltr'>esset,illud</span> <span class='ocrx_word' id='word_1_475' title='bbox 3472 2276 3646 2315; x_wconf 87' lang='lat' dir='ltr'>suum</span> <span class='ocrx_word' id='word_1_476' title='bbox 3669 2261 3786 2331; x_wconf 76' lang='lat' dir='ltr'>Ipse</span> 
     </span>
    </p>
   </div>
   <div class='ocr_carea' id='block_1_69' title="bbox 2127 2346 3780 2419">
    <p class='ocr_par' dir='ltr' id='par_1_69' title="bbox 2127 2346 3780 2419">
     <span class='ocr_line' id='line_1_69' title="bbox 2127 2346 3780 2419; baseline 0.002 -17"><span class='ocrx_word' id='word_1_477' title='bbox 2127 2347 2270 2405; x_wconf 72' lang='lat' dir='ltr'>dixit</span> <span class='ocrx_word' id='word_1_478' title='bbox 2299 2349 2669 2419; x_wconf 89' lang='lat' dir='ltr'>interponere</span> <span class='ocrx_word' id='word_1_479' title='bbox 2699 2347 3001 2415; x_wconf 88' lang='lat' dir='ltr'>solebant;</span> <span class='ocrx_word' id='word_1_480' title='bbox 3036 2346 3181 2401; x_wconf 89' lang='lat' dir='ltr'>nihil</span> <span class='ocrx_word' id='word_1_481' title='bbox 3238 2351 3329 2403; x_wconf 89' lang='lat' dir='ltr'>est</span> <span class='ocrx_word' id='word_1_482' title='bbox 3382 2348 3539 2403; x_wconf 89' lang='lat' dir='ltr'>enim</span> <span class='ocrx_word' id='word_1_483' title='bbox 3599 2350 3672 2404; x_wconf 89' lang='lat' dir='ltr'>ab</span> <span class='ocrx_word' id='word_1_484' title='bbox 3713 2367 3780 2405; x_wconf 90' lang='lat' dir='ltr'>eo</span> 
     </span>
    </p>
   </div>
   <div class='ocr_carea' id='block_1_70' title="bbox 2129 2436 3781 2506">
    <p class='ocr_par' dir='ltr' id='par_1_70' title="bbox 2129 2436 3781 2506">
     <span class='ocr_line' id='line_1_70' title="bbox 2129 2436 3781 2506; baseline 0.002 -15"><span class='ocrx_word' id='word_1_485' title='bbox 2129 2436 2357 2491; x_wconf 89' lang='lat' dir='ltr'>Baronii</span> <span class='ocrx_word' id='word_1_486' title='bbox 2389 2436 2560 2491; x_wconf 81' lang='lat' dir='ltr'>etl‘ato</span> <span class='ocrx_word' id='word_1_487' title='bbox 2589 2436 2832 2492; x_wconf 88' lang='lat' dir='ltr'>veritate</span> <span class='ocrx_word' id='word_1_488' title='bbox 2854 2436 3232 2506; x_wconf 87' lang='lat' dir='ltr'>disjunctius.</span> <span class='ocrx_word' id='word_1_489' title='bbox 3277 2437 3423 2492; x_wconf 91' lang='lat' dir='ltr'>Nam</span> <span class='ocrx_word' id='word_1_490' title='bbox 3458 2454 3592 2494; x_wconf 92' lang='lat' dir='ltr'>cum</span> <span class='ocrx_word' id='word_1_491' title='bbox 3625 2439 3781 2495; x_wconf 91' lang='lat' dir='ltr'>clare</span> 
     </span>
    </p>
   </div>
   <div class='ocr_carea' id='block_1_71' title="bbox 2124 2525 3778 2597">
    <p class='ocr_par' dir='ltr' id='par_1_71' title="bbox 2124 2525 3778 2597">
     <span class='ocr_line' id='line_1_71' title="bbox 2124 2525 3778 2597; baseline 0.002 -17"><span class='ocrx_word' id='word_1_492' title='bbox 2124 2526 2336 2591; x_wconf 88' lang='lat' dir='ltr'>tradat,</span> <span class='ocrx_word' id='word_1_493' title='bbox 2362 2541 2583 2580; x_wconf 89' lang='lat' dir='ltr'>annum</span> <span class='ocrx_word' id='word_1_494' title='bbox 2634 2526 2730 2579; x_wconf 91' lang='lat' dir='ltr'>Tr.</span> <span class='ocrx_word' id='word_1_495' title='bbox 2796 2526 2850 2581; x_wconf 89' lang='lat' dir='ltr'>P.</span> <span class='ocrx_word' id='word_1_496' title='bbox 2896 2525 3087 2580; x_wconf 89' lang='lat' dir='ltr'>Severi</span> <span class='ocrx_word' id='word_1_497' title='bbox 3148 2526 3463 2597; x_wconf 88' lang='lat' dir='ltr'>septimum</span> <span class='ocrx_word' id='word_1_498' title='bbox 3508 2542 3573 2583; x_wconf 92' lang='lat' dir='ltr'>eo</span> <span class='ocrx_word' id='word_1_499' title='bbox 3624 2545 3778 2584; x_wconf 89' lang='lat' dir='ltr'>anno</span> 
     </span>
    </p>
   </div>
   <div class='ocr_carea' id='block_1_72' title="bbox 2125 2613 3774 2685">
    <p class='ocr_par' dir='ltr' id='par_1_72' title="bbox 2125 2613 3774 2685">
     <span class='ocr_line' id='line_1_72' title="bbox 2125 2613 3774 2685; baseline 0.002 -15"><span class='ocrx_word' id='word_1_500' title='bbox 2125 2614 2359 2670; x_wconf 90' lang='lat' dir='ltr'>initium</span> <span class='ocrx_word' id='word_1_501' title='bbox 2395 2613 2828 2685; x_wconf 89' lang='lat' dir='ltr'>sumpisisse,et</span> <span class='ocrx_word' id='word_1_502' title='bbox 2851 2620 3045 2669; x_wconf 90' lang='lat' dir='ltr'>tamen</span> <span class='ocrx_word' id='word_1_503' title='bbox 3078 2631 3389 2670; x_wconf 90' lang='lat' dir='ltr'>nummum</span> <span class='ocrx_word' id='word_1_504' title='bbox 3413 2616 3622 2672; x_wconf 87' lang='lat' dir='ltr'>excitet</span> <span class='ocrx_word' id='word_1_505' title='bbox 3642 2633 3774 2673; x_wconf 92' lang='lat' dir='ltr'>cum</span> 
     </span>
    </p>
   </div>
   <div class='ocr_carea' id='block_1_73' title="bbox 2126 2703 3777 2774">
    <p class='ocr_par' dir='ltr' id='par_1_73' title="bbox 2126 2703 3777 2774">
     <span class='ocr_line' id='line_1_73' title="bbox 2126 2703 3777 2774; baseline 0.003 -17"><span class='ocrx_word' id='word_1_506' title='bbox 2126 2705 2223 2758; x_wconf 90' lang='lat' dir='ltr'>Tr.</span> <span class='ocrx_word' id='word_1_507' title='bbox 2257 2704 2318 2758; x_wconf 91' lang='lat' dir='ltr'>P.</span> <span class='ocrx_word' id='word_1_508' title='bbox 2352 2703 2427 2757; x_wconf 90' lang='lat' dir='ltr'>XI</span> <span class='ocrx_word' id='word_1_509' title='bbox 2459 2703 2559 2774; x_wconf 92' lang='lat' dir='ltr'>qui</span> <span class='ocrx_word' id='word_1_510' title='bbox 2592 2703 2761 2774; x_wconf 91' lang='lat' dir='ltr'>plane</span> <span class='ocrx_word' id='word_1_511' title='bbox 2792 2704 2863 2758; x_wconf 90' lang='lat' dir='ltr'>ad</span> <span class='ocrx_word' id='word_1_512' title='bbox 2897 2720 3033 2759; x_wconf 90' lang='lat' dir='ltr'>ann.</span> <span class='ocrx_word' id='word_1_513' title='bbox 3084 2704 3265 2774; x_wconf 87' lang='lat' dir='ltr'>CCIV,</span> <span class='ocrx_word' id='word_1_514' title='bbox 3326 2708 3449 2774; x_wconf 90' lang='lat' dir='ltr'>aut,</span> <span class='ocrx_word' id='word_1_515' title='bbox 3507 2706 3557 2760; x_wconf 90' lang='lat' dir='ltr'>si</span> <span class='ocrx_word' id='word_1_516' title='bbox 3590 2709 3777 2762; x_wconf 88' lang='lat' dir='ltr'>mavis</span> 
     </span>
    </p>
   </div>
   <div class='ocr_carea' id='block_1_74' title="bbox 2125 2792 3771 2864">
    <p class='ocr_par' dir='ltr' id='par_1_74' title="bbox 2125 2792 3771 2864">
     <span class='ocr_line' id='line_1_74' title="bbox 2125 2792 3771 2864; baseline 0.003 -17"><span class='ocrx_word' id='word_1_517' title='bbox 2125 2792 2407 2864; x_wconf 90' lang='lat' dir='ltr'>cumipso</span> <span class='ocrx_word' id='word_1_518' title='bbox 2438 2792 2706 2861; x_wconf 89' lang='lat' dir='ltr'>Baronio,</span> <span class='ocrx_word' id='word_1_519' title='bbox 2741 2793 2812 2848; x_wconf 88' lang='lat' dir='ltr'>ad</span> <span class='ocrx_word' id='word_1_520' title='bbox 2858 2810 2993 2848; x_wconf 90' lang='lat' dir='ltr'>ann.</span> <span class='ocrx_word' id='word_1_521' title='bbox 3058 2793 3214 2848; x_wconf 89' lang='lat' dir='ltr'>CCVI</span> <span class='ocrx_word' id='word_1_522' title='bbox 3264 2795 3605 2851; x_wconf 88' lang='lat' dir='ltr'>referendus</span> <span class='ocrx_word' id='word_1_523' title='bbox 3652 2802 3771 2852; x_wconf 90' lang='lat' dir='ltr'>est:</span> 
     </span>
    </p>
   </div>
   <div class='ocr_carea' id='block_1_75' title="bbox 2126 2880 3775 2957">
    <p class='ocr_par' dir='ltr' id='par_1_75' title="bbox 2126 2880 3775 2957">
     <span class='ocr_line' id='line_1_75' title="bbox 2126 2880 3775 2957; baseline 0.004 -22"><span class='ocrx_word' id='word_1_524' title='bbox 2126 2896 2320 2937; x_wconf 87' lang='lat' dir='ltr'>nonne</span> <span class='ocrx_word' id='word_1_525' title='bbox 2350 2881 2738 2953; x_wconf 90' lang='lat' dir='ltr'>repugnantia</span> <span class='ocrx_word' id='word_1_526' title='bbox 2798 2880 3111 2951; x_wconf 81' lang='lat' dir='ltr'>loquitur?</span> <span class='ocrx_word' id='word_1_527' title='bbox 3164 2883 3238 2937; x_wconf 82' lang='lat' dir='ltr'>Ac</span> <span class='ocrx_word' id='word_1_528' title='bbox 3286 2884 3358 2938; x_wconf 89' lang='lat' dir='ltr'>de</span> <span class='ocrx_word' id='word_1_529' title='bbox 3407 2884 3587 2940; x_wconf 91' lang='lat' dir='ltr'>altero</span> <span class='ocrx_word' id='word_1_530' title='bbox 3646 2888 3775 2957; x_wconf 89' lang='lat' dir='ltr'>ejus</span> 
     </span>
    </p>
   </div>
   <div class='ocr_carea' id='block_1_76' title="bbox 2125 2969 3772 3042">
    <p class='ocr_par' dir='ltr' id='par_1_76' title="bbox 2125 2969 3772 3042">
     <span class='ocr_line' id='line_1_76' title="bbox 2125 2969 3772 3042; baseline 0.004 -17"><span class='ocrx_word' id='word_1_531' title='bbox 2125 2974 2473 3042; x_wconf 90' lang='lat' dir='ltr'>argumento</span> <span class='ocrx_word' id='word_1_532' title='bbox 2532 2969 2674 3041; x_wconf 90' lang='lat' dir='ltr'>quid</span> <span class='ocrx_word' id='word_1_533' title='bbox 2752 2970 2943 3025; x_wconf 89' lang='lat' dir='ltr'>dicam</span> <span class='ocrx_word' id='word_1_534' title='bbox 3003 2969 3031 3024; x_wconf 80' lang='lat'>‘?</span> <span class='ocrx_word' id='word_1_535' title='bbox 3078 2972 3233 3042; x_wconf 90' lang='lat' dir='ltr'>quod</span> <span class='ocrx_word' id='word_1_536' title='bbox 3293 2973 3459 3028; x_wconf 84' lang='lat' dir='ltr'>duxit</span> <span class='ocrx_word' id='word_1_537' title='bbox 3539 2975 3611 3029; x_wconf 92' lang='lat' dir='ltr'>ab</span> <span class='ocrx_word' id='word_1_538' title='bbox 3705 2992 3772 3031; x_wconf 90' lang='lat' dir='ltr'>eo</span> 
     </span>
    </p>
   </div>
   <div class='ocr_carea' id='block_1_77' title="bbox 2127 3058 3775 3131">
    <p class='ocr_par' dir='ltr' id='par_1_77' title="bbox 2127 3058 3775 3131">
     <span class='ocr_line' id='line_1_77' title="bbox 2127 3058 3775 3131; baseline 0.004 -18"><span class='ocrx_word' id='word_1_539' title='bbox 2127 3059 2283 3130; x_wconf 89' lang='lat' dir='ltr'>quod</span> <span class='ocrx_word' id='word_1_540' title='bbox 2334 3062 2467 3114; x_wconf 89' lang='lat' dir='ltr'>ante</span> <span class='ocrx_word' id='word_1_541' title='bbox 2541 3058 2692 3114; x_wconf 89' lang='lat' dir='ltr'>hanc</span> <span class='ocrx_word' id='word_1_542' title='bbox 2750 3058 3180 3131; x_wconf 86' lang='lat' dir='ltr'>expeditionem</span> <span class='ocrx_word' id='word_1_543' title='bbox 3238 3061 3570 3118; x_wconf 88' lang='lat' dir='ltr'>Parthicam</span> <span class='ocrx_word' id='word_1_544' title='bbox 3635 3064 3775 3118; x_wconf 90' lang='lat' dir='ltr'>nul-</span> 
     </span>
    </p>
   </div>
   <div class='ocr_carea' id='block_1_78' title="bbox 2128 3146 3773 3218">
    <p class='ocr_par' dir='ltr' id='par_1_78' title="bbox 2128 3146 3773 3218">
     <span class='ocr_line' id='line_1_78' title="bbox 2128 3146 3773 3218; baseline 0.004 -17"><span class='ocrx_word' id='word_1_545' title='bbox 2128 3147 2216 3213; x_wconf 82' lang='lat' dir='ltr'>lae,</span> <span class='ocrx_word' id='word_1_546' title='bbox 2277 3151 2408 3218; x_wconf 88' lang='lat' dir='ltr'>post</span> <span class='ocrx_word' id='word_1_547' title='bbox 2448 3163 2576 3202; x_wconf 90' lang='lat' dir='ltr'>eam</span> <span class='ocrx_word' id='word_1_548' title='bbox 2632 3146 2830 3202; x_wconf 80' lang='lat' dir='ltr'>multae</span> <span class='ocrx_word' id='word_1_549' title='bbox 2890 3146 3255 3203; x_wconf 85' lang='lat' dir='ltr'>calamitates</span> <span class='ocrx_word' id='word_1_550' title='bbox 3304 3149 3773 3208; x_wconf 89' lang='lat' dir='ltr'>Christianorum</span> 
     </span>
    </p>
   </div>
   <div class='ocr_carea' id='block_1_79' title="bbox 2124 3234 3775 3312">
    <p class='ocr_par' dir='ltr' id='par_1_79' title="bbox 2124 3234 3775 3312">
     <span class='ocr_line' id='line_1_79' title="bbox 2124 3234 3775 3312; baseline 0.003 -21"><span class='ocrx_word' id='word_1_551' title='bbox 2124 3234 2471 3291; x_wconf 86' lang='lat' dir='ltr'>exstiterint.</span> <span class='ocrx_word' id='word_1_552' title='bbox 2556 3236 2618 3289; x_wconf 91' lang='lat' dir='ltr'>In</span> <span class='ocrx_word' id='word_1_553' title='bbox 2676 3252 2790 3306; x_wconf 92' lang='lat' dir='ltr'>quo</span> <span class='ocrx_word' id='word_1_554' title='bbox 2856 3237 3116 3306; x_wconf 86' lang='lat' dir='ltr'>peccavit</span> <span class='ocrx_word' id='word_1_555' title='bbox 3184 3237 3499 3309; x_wconf 87' lang='lat' dir='ltr'>dupliciter</span> <span class='ocrx_word' id='word_1_556' title='bbox 3571 3257 3583 3295; x_wconf 90' lang='lat'>:</span> <span class='ocrx_word' id='word_1_557' title='bbox 3653 3241 3775 3312; x_wconf 91' lang='lat' dir='ltr'>pri-</span> 
     </span>
    </p>
   </div>
   <div class='ocr_carea' id='block_1_80' title="bbox 2123 3324 3772 3400">
    <p class='ocr_par' dir='ltr' id='par_1_80' title="bbox 2123 3324 3772 3400">
     <span class='ocr_line' id='line_1_80' title="bbox 2123 3324 3772 3400; baseline 0.003 -20"><span class='ocrx_word' id='word_1_558' title='bbox 2123 3341 2309 3392; x_wconf 89' lang='lat' dir='ltr'>mum,</span> <span class='ocrx_word' id='word_1_559' title='bbox 2389 3324 2543 3395; x_wconf 81' lang='lat' dir='ltr'>quod</span> <span class='ocrx_word' id='word_1_560' title='bbox 2629 3341 2727 3379; x_wconf 90' lang='lat' dir='ltr'>eas</span> <span class='ocrx_word' id='word_1_561' title='bbox 2795 3328 2927 3380; x_wconf 89' lang='lat' dir='ltr'>ante</span> <span class='ocrx_word' id='word_1_562' title='bbox 2988 3324 3169 3381; x_wconf 86' lang='lat' dir='ltr'>fuisse</span> <span class='ocrx_word' id='word_1_563' title='bbox 3226 3328 3547 3398; x_wconf 85' lang='lat' dir='ltr'>negaverit,</span> <span class='ocrx_word' id='word_1_564' title='bbox 3594 3346 3772 3400; x_wconf 89' lang='lat' dir='ltr'>quam</span> 
     </span>
    </p>
   </div>
   <div class='ocr_carea' id='block_1_81' title="bbox 2121 3412 3770 3487">
    <p class='ocr_par' dir='ltr' id='par_1_81' title="bbox 2121 3412 3770 3487">
     <span class='ocr_line' id='line_1_81' title="bbox 2121 3412 3770 3487; baseline 0.005 -20"><span class='ocrx_word' id='word_1_565' title='bbox 2121 3413 2416 3485; x_wconf 87' lang='lat' dir='ltr'>profectus</span> <span class='ocrx_word' id='word_1_566' title='bbox 2473 3412 2550 3466; x_wconf 89' lang='lat' dir='ltr'>sit</span> <span class='ocrx_word' id='word_1_567' title='bbox 2604 3417 2849 3469; x_wconf 88' lang='lat' dir='ltr'>Severus</span> <span class='ocrx_word' id='word_1_568' title='bbox 2907 3414 3186 3469; x_wconf 89' lang='lat' dir='ltr'>adversus</span> <span class='ocrx_word' id='word_1_569' title='bbox 3241 3414 3510 3487; x_wconf 89' lang='lat' dir='ltr'>Parthos,</span> <span class='ocrx_word' id='word_1_570' title='bbox 3559 3418 3770 3475; x_wconf 84' lang='lat' dir='ltr'>deinde</span> 
     </span>
    </p>
   </div>
   <div class='ocr_carea' id='block_1_82' title="bbox 2121 3500 3769 3579">
    <p class='ocr_par' dir='ltr' id='par_1_82' title="bbox 2121 3500 3769 3579">
     <span class='ocr_line' id='line_1_82' title="bbox 2121 3500 3769 3579; baseline 0.005 -24"><span class='ocrx_word' id='word_1_571' title='bbox 2121 3502 2276 3572; x_wconf 91' lang='lat' dir='ltr'>quod</span> <span class='ocrx_word' id='word_1_572' title='bbox 2307 3500 2523 3556; x_wconf 91' lang='lat' dir='ltr'>librum</span> <span class='ocrx_word' id='word_1_573' title='bbox 2554 3500 2619 3557; x_wconf 87' lang='lat' dir='ltr'>de</span> <span class='ocrx_word' id='word_1_574' title='bbox 2650 3501 2860 3557; x_wconf 84' lang='lat' dir='ltr'>Corona</span> <span class='ocrx_word' id='word_1_575' title='bbox 2881 3517 2947 3558; x_wconf 93' lang='lat' dir='ltr'>eo</span> <span class='ocrx_word' id='word_1_576' title='bbox 2980 3502 3048 3558; x_wconf 85' lang='lat' dir='ltr'>de</span> <span class='ocrx_word' id='word_1_577' title='bbox 3103 3502 3440 3573; x_wconf 73' lang='lat' dir='ltr'>Spectaculis</span> <span class='ocrx_word' id='word_1_578' title='bbox 3487 3508 3769 3579; x_wconf 87' lang='lat' dir='ltr'>posterio-</span> 
     </span>
    </p>
   </div>
   <div class='ocr_carea' id='block_1_83' title="bbox 2119 3590 3765 3663">
    <p class='ocr_par' dir='ltr' id='par_1_83' title="bbox 2119 3590 3765 3663">
     <span class='ocr_line' id='line_1_83' title="bbox 2119 3590 3765 3663; baseline 0.005 -19"><span class='ocrx_word' id='word_1_579' title='bbox 2119 3607 2243 3645; x_wconf 86' lang='lat' dir='ltr'>rem</span> <span class='ocrx_word' id='word_1_580' title='bbox 2275 3606 2541 3646; x_wconf 90' lang='lat' dir='ltr'>essenon</span> <span class='ocrx_word' id='word_1_581' title='bbox 2592 3590 2946 3663; x_wconf 87' lang='lat' dir='ltr'>cogitaverit.</span> <span class='ocrx_word' id='word_1_582' title='bbox 3006 3593 3194 3663; x_wconf 87' lang='lat' dir='ltr'>Atque</span> <span class='ocrx_word' id='word_1_583' title='bbox 3234 3593 3380 3648; x_wconf 91' lang='lat' dir='ltr'>illud</span> <span class='ocrx_word' id='word_1_584' title='bbox 3440 3596 3765 3652; x_wconf 76' lang='lat' dir='ltr'>confutavi-</span> 
     </span>
    </p>
   </div>
   <div class='ocr_carea' id='block_1_84' title="bbox 2118 3678 3764 3755">
    <p class='ocr_par' dir='ltr' id='par_1_84' title="bbox 2118 3678 3764 3755">
     <span class='ocr_line' id='line_1_84' title="bbox 2118 3678 3764 3755; baseline 0.004 -21"><span class='ocrx_word' id='word_1_585' title='bbox 2118 3695 2253 3735; x_wconf 89' lang='lat' dir='ltr'>mus</span> <span class='ocrx_word' id='word_1_586' title='bbox 2275 3696 2382 3734; x_wconf 90' lang='lat' dir='ltr'>suo</span> <span class='ocrx_word' id='word_1_587' title='bbox 2403 3678 2697 3746; x_wconf 88' lang='lat' dir='ltr'>loco;hoc</span> <span class='ocrx_word' id='word_1_588' title='bbox 2732 3697 2864 3735; x_wconf 89' lang='lat' dir='ltr'>vero</span> <span class='ocrx_word' id='word_1_589' title='bbox 2908 3681 2990 3735; x_wconf 90' lang='lat' dir='ltr'>uti</span> <span class='ocrx_word' id='word_1_590' title='bbox 3050 3697 3221 3736; x_wconf 87' lang='lat' dir='ltr'>nemo</span> <span class='ocrx_word' id='word_1_591' title='bbox 3289 3699 3500 3753; x_wconf 87' lang='lat' dir='ltr'>negare</span> <span class='ocrx_word' id='word_1_592' title='bbox 3552 3691 3764 3755; x_wconf 87' lang='lat' dir='ltr'>potest,</span> 
     </span>
    </p>
   </div>
   <div class='ocr_carea' id='block_1_85' title="bbox 2116 3768 3769 3843">
    <p class='ocr_par' dir='ltr' id='par_1_85' title="bbox 2116 3768 3769 3843">
     <span class='ocr_line' id='line_1_85' title="bbox 2116 3768 3769 3843; baseline 0.005 -21"><span class='ocrx_word' id='word_1_593' title='bbox 2116 3769 2229 3823; x_wconf 89' lang='lat' dir='ltr'>nisi</span> <span class='ocrx_word' id='word_1_594' title='bbox 2264 3768 2629 3823; x_wconf 72' lang='lat' dir='ltr'>cuitenebras</span> <span class='ocrx_word' id='word_1_595' title='bbox 2675 3769 2793 3824; x_wconf 88' lang='lat' dir='ltr'>sint</span> <span class='ocrx_word' id='word_1_596' title='bbox 2837 3785 2995 3825; x_wconf 91' lang='lat' dir='ltr'>mero</span> <span class='ocrx_word' id='word_1_597' title='bbox 3030 3770 3271 3826; x_wconf 90' lang='lat' dir='ltr'>meridie</span> <span class='ocrx_word' id='word_1_598' title='bbox 3322 3771 3433 3843; x_wconf 89' lang='lat' dir='ltr'>(est</span> <span class='ocrx_word' id='word_1_599' title='bbox 3493 3774 3650 3829; x_wconf 89' lang='lat' dir='ltr'>enim</span> <span class='ocrx_word' id='word_1_600' title='bbox 3711 3782 3769 3830; x_wconf 94' lang='lat' dir='ltr'>et</span> 
     </span>
    </p>
   </div>
   <div class='ocr_carea' id='block_1_86' title="bbox 2115 3857 3767 3929">
    <p class='ocr_par' dir='ltr' id='par_1_86' title="bbox 2115 3857 3767 3929">
     <span class='ocr_line' id='line_1_86' title="bbox 2115 3857 3767 3929; baseline 0.004 -17"><span class='ocrx_word' id='word_1_601' title='bbox 2115 3857 2224 3912; x_wconf 89' lang='lat' dir='ltr'>hoc</span> <span class='ocrx_word' id='word_1_602' title='bbox 2255 3857 2398 3913; x_wconf 88' lang='lat' dir='ltr'>satis</span> <span class='ocrx_word' id='word_1_603' title='bbox 2431 3858 2816 3929; x_wconf 89' lang='lat' dir='ltr'>disputatum)</span> <span class='ocrx_word' id='word_1_604' title='bbox 2846 3876 2859 3927; x_wconf 91' lang='lat'>;</span> <span class='ocrx_word' id='word_1_605' title='bbox 2895 3858 2975 3914; x_wconf 91' lang='lat' dir='ltr'>ita</span> <span class='ocrx_word' id='word_1_606' title='bbox 3031 3860 3102 3914; x_wconf 92' lang='lat' dir='ltr'>de</span> <span class='ocrx_word' id='word_1_607' title='bbox 3133 3861 3430 3916; x_wconf 84' lang='lat' dir='ltr'>vexatione</span> <span class='ocrx_word' id='word_1_608' title='bbox 3486 3862 3767 3919; x_wconf 88' lang='lat' dir='ltr'>Christia-</span> 
     </span>
    </p>
   </div>
   <div class='ocr_carea' id='block_1_87' title="bbox 2115 3946 3767 4022">
    <p class='ocr_par' dir='ltr' id='par_1_87' title="bbox 2115 3946 3767 4022">
     <span class='ocr_line' id='line_1_87' title="bbox 2115 3946 3767 4022; baseline 0.005 -21"><span class='ocrx_word' id='word_1_609' title='bbox 2115 3963 2353 4014; x_wconf 83' lang='lat' dir='ltr'>norum,</span> <span class='ocrx_word' id='word_1_610' title='bbox 2382 3946 2508 4018; x_wconf 88' lang='lat' dir='ltr'>lege</span> <span class='ocrx_word' id='word_1_611' title='bbox 2555 3947 2748 4002; x_wconf 87' lang='lat' dir='ltr'>Severi</span> <span class='ocrx_word' id='word_1_612' title='bbox 2803 3948 3155 4020; x_wconf 85' lang='lat' dir='ltr'>antiquiore,</span> <span class='ocrx_word' id='word_1_613' title='bbox 3190 3967 3303 4005; x_wconf 90' lang='lat' dir='ltr'>non</span> <span class='ocrx_word' id='word_1_614' title='bbox 3350 3956 3541 4022; x_wconf 89' lang='lat' dir='ltr'>potest</span> <span class='ocrx_word' id='word_1_615' title='bbox 3570 3969 3767 4009; x_wconf 85' lang='lat' dir='ltr'>sermo</span> 
     </span>
    </p>
   </div>
   <div class='ocr_carea' id='block_1_88' title="bbox 2114 4036 3767 4103">
    <p class='ocr_par' dir='ltr' id='par_1_88' title="bbox 2114 4036 3767 4103">
     <span class='ocr_line' id='line_1_88' title="bbox 2114 4036 3767 4103; baseline 0.004 -12"><span class='ocrx_word' id='word_1_616' title='bbox 2114 4053 2243 4091; x_wconf 89' lang='lat' dir='ltr'>esse</span> <span class='ocrx_word' id='word_1_617' title='bbox 2275 4036 2334 4091; x_wconf 89' lang='lat' dir='ltr'>in</span> <span class='ocrx_word' id='word_1_618' title='bbox 2356 4053 2422 4091; x_wconf 93' lang='lat' dir='ltr'>eo</span> <span class='ocrx_word' id='word_1_619' title='bbox 2453 4036 2517 4091; x_wconf 83' lang='lat' dir='ltr'>de</span> <span class='ocrx_word' id='word_1_620' title='bbox 2548 4037 2778 4103; x_wconf 87' lang='lat' dir='ltr'>Corona,</span> <span class='ocrx_word' id='word_1_621' title='bbox 2813 4037 2913 4091; x_wconf 92' lang='lat' dir='ltr'>ubi</span> <span class='ocrx_word' id='word_1_622' title='bbox 2960 4037 3274 4094; x_wconf 89' lang='lat' dir='ltr'>Christiani</span> <span class='ocrx_word' id='word_1_623' title='bbox 3316 4040 3588 4096; x_wconf 90' lang='lat' dir='ltr'>dicuntur</span> <span class='ocrx_word' id='word_1_624' title='bbox 3619 4042 3767 4097; x_wconf 89' lang='lat' dir='ltr'>istas</span> 
     </span>
    </p>
   </div>
   <div class='ocr_carea' id='block_1_89' title="bbox 2110 4124 3765 4199">
    <p class='ocr_par' dir='ltr' id='par_1_89' title="bbox 2110 4124 3765 4199">
     <span class='ocr_line' id='line_1_89' title="bbox 2110 4124 3765 4199; baseline 0.003 -19"><span class='ocrx_word' id='word_1_625' title='bbox 2110 4124 2473 4180; x_wconf 85' lang='lat' dir='ltr'>calamitates</span> <span class='ocrx_word' id='word_1_626' title='bbox 2504 4130 2783 4195; x_wconf 90' lang='lat' dir='ltr'>tanquam</span> <span class='ocrx_word' id='word_1_627' title='bbox 2831 4130 3110 4182; x_wconf 88' lang='lat' dir='ltr'>venturas</span> <span class='ocrx_word' id='word_1_628' title='bbox 3167 4128 3580 4199; x_wconf 85' lang='lat' dir='ltr'>extimescere;</span> <span class='ocrx_word' id='word_1_629' title='bbox 3627 4146 3765 4185; x_wconf 91' lang='lat' dir='ltr'>cum</span> 
     </span>
    </p>
   </div>
   <div class='ocr_carea' id='block_1_90' title="bbox 2108 4213 3767 4290">
    <p class='ocr_par' dir='ltr' id='par_1_90' title="bbox 2108 4213 3767 4290">
     <span class='ocr_line' id='line_1_90' title="bbox 2108 4213 3767 4290; baseline 0.004 -22"><span class='ocrx_word' id='word_1_630' title='bbox 2108 4218 2370 4285; x_wconf 90' lang='lat' dir='ltr'>tempore</span> <span class='ocrx_word' id='word_1_631' title='bbox 2400 4231 2487 4280; x_wconf 88' lang='lat' dir='ltr'>eo,</span> <span class='ocrx_word' id='word_1_632' title='bbox 2520 4230 2636 4283; x_wconf 94' lang='lat' dir='ltr'>quo</span> <span class='ocrx_word' id='word_1_633' title='bbox 2659 4213 3057 4271; x_wconf 86' lang='lat' dir='ltr'>Tertullianus</span> <span class='ocrx_word' id='word_1_634' title='bbox 3089 4216 3145 4271; x_wconf 89' lang='lat' dir='ltr'>in</span> <span class='ocrx_word' id='word_1_635' title='bbox 3197 4217 3459 4273; x_wconf 89' lang='lat' dir='ltr'>chartam</span> <span class='ocrx_word' id='word_1_636' title='bbox 3511 4221 3767 4290; x_wconf 87' lang='lat' dir='ltr'>conjecit</span> 
     </span>
    </p>
   </div>
   <div class='ocr_carea' id='block_1_91' title="bbox 2107 4302 3761 4378">
    <p class='ocr_par' dir='ltr' id='par_1_91' title="bbox 2107 4302 3761 4378">
     <span class='ocr_line' id='line_1_91' title="bbox 2107 4302 3761 4378; baseline 0.005 -22"><span class='ocrx_word' id='word_1_637' title='bbox 2107 4302 2323 4357; x_wconf 87' lang='lat' dir='ltr'>librum</span> <span class='ocrx_word' id='word_1_638' title='bbox 2356 4302 2789 4374; x_wconf 48' lang='lat' dir='ltr'>deSpectitculis,</span> <span class='ocrx_word' id='word_1_639' title='bbox 2816 4304 2939 4373; x_wconf 89' lang='lat' dir='ltr'>jam</span> <span class='ocrx_word' id='word_1_640' title='bbox 2975 4306 3046 4359; x_wconf 93' lang='lat' dir='ltr'>ad</span> <span class='ocrx_word' id='word_1_641' title='bbox 3080 4305 3445 4363; x_wconf 79' lang='lat' dir='ltr'>Christianos</span> <span class='ocrx_word' id='word_1_642' title='bbox 3475 4306 3761 4378; x_wconf 91' lang='lat' dir='ltr'>impetum</span> 
     </span>
    </p>
   </div>
   <div class='ocr_carea' id='block_1_92' title="bbox 2107 4391 3767 4460">
    <p class='ocr_par' dir='ltr' id='par_1_92' title="bbox 2107 4391 3767 4460">
     <span class='ocr_line' id='line_1_92' title="bbox 2107 4391 3767 4460; baseline 0.004 -13"><span class='ocrx_word' id='word_1_643' title='bbox 2107 4409 2280 4447; x_wconf 88' lang='lat' dir='ltr'>suum</span> <span class='ocrx_word' id='word_1_644' title='bbox 2314 4393 2556 4447; x_wconf 90' lang='lat' dir='ltr'>deorum</span> <span class='ocrx_word' id='word_1_645' title='bbox 2590 4391 2845 4447; x_wconf 89' lang='lat' dir='ltr'>cultores</span> <span class='ocrx_word' id='word_1_646' title='bbox 2927 4395 3378 4451; x_wconf 87' lang='lat' dir='ltr'>convertissent.</span> <span class='ocrx_word' id='word_1_647' title='bbox 3457 4397 3643 4460; x_wconf 87' lang='lat' dir='ltr'>Quare</span> <span class='ocrx_word' id='word_1_648' title='bbox 3694 4414 3767 4453; x_wconf 90' lang='lat' dir='ltr'>ex</span> 
     </span>
    </p>
   </div>
   <div class='ocr_carea' id='block_1_93' title="bbox 344 4477 3763 4559">
    <p class='ocr_par' dir='ltr' id='par_1_93' title="bbox 344 4477 3763 4559">
     <span class='ocr_line' id='line_1_93' title="bbox 344 4477 3763 4559; baseline 0.001 -20"><span class='ocrx_word' id='word_1_649' title='bbox 344 4483 437 4539; x_wconf 86' lang='lat' dir='ltr'>bis</span> <span class='ocrx_word' id='word_1_650' title='bbox 468 4483 624 4539; x_wconf 82' lang='lat' dir='ltr'>edita</span> <span class='ocrx_word' id='word_1_651' title='bbox 653 4488 761 4550; x_wconf 90' lang='lat' dir='ltr'>est,</span> <span class='ocrx_word' id='word_1_652' title='bbox 796 4481 1057 4553; x_wconf 85' lang='lat' dir='ltr'>primum</span> <span class='ocrx_word' id='word_1_653' title='bbox 1089 4496 1228 4535; x_wconf 89' lang='lat' dir='ltr'>ann.</span> <span class='ocrx_word' id='word_1_654' title='bbox 1261 4477 1524 4545; x_wconf 85' lang='lat' dir='ltr'>CXCVII,</span> <span class='ocrx_word' id='word_1_655' title='bbox 1557 4483 1689 4549; x_wconf 90' lang='lat' dir='ltr'>post</span> <span class='ocrx_word' id='word_1_656' title='bbox 1742 4478 1996 4532; x_wconf 91' lang='lat' dir='ltr'>reditum</span> <span class='ocrx_word' id='word_1_657' title='bbox 2026 4496 2074 4559; x_wconf 73' lang='grc' dir='ltr'>Β</span> <span class='ocrx_word' id='word_1_658' title='bbox 2106 4480 2294 4551; x_wconf 78' lang='lat' dir='ltr'>ipsius</span> <span class='ocrx_word' id='word_1_659' title='bbox 2341 4479 2573 4535; x_wconf 89' lang='lat' dir='ltr'>Baronii</span> <span class='ocrx_word' id='word_1_660' title='bbox 2602 4482 2758 4535; x_wconf 79' lang='lat'>130</span> <span class='ocrx_word' id='word_1_661' title='bbox 2782 4485 2998 4548; x_wconf 90' lang='lat' dir='ltr'>mente,</span> <span class='ocrx_word' id='word_1_662' title='bbox 3046 4481 3263 4538; x_wconf 90' lang='lat' dir='ltr'>librum</span> <span class='ocrx_word' id='word_1_663' title='bbox 3320 4485 3384 4541; x_wconf 84' lang='lat' dir='ltr'>de</span> <span class='ocrx_word' id='word_1_664' title='bbox 3415 4485 3625 4542; x_wconf 80' lang='lat' dir='ltr'>Corona</span> <span class='ocrx_word' id='word_1_665' title='bbox 3688 4488 3763 4543; x_wconf 93' lang='lat' dir='ltr'>ad</span> 
     </span>
    </p>
   </div>
   <div class='ocr_carea' id='block_1_94' title="bbox 343 4566 1990 4643">
    <p class='ocr_par' dir='ltr' id='par_1_94' title="bbox 343 4566 1990 4643">
     <span class='ocr_line' id='line_1_94' title="bbox 343 4566 1990 4643; baseline -0.005 -15"><span class='ocrx_word' id='word_1_666' title='bbox 343 4572 562 4641; x_wconf 82' lang='lat' dir='ltr'>Severi,</span> <span class='ocrx_word' id='word_1_667' title='bbox 642 4587 816 4643; x_wconf 89' lang='lat' dir='ltr'>quam</span> <span class='ocrx_word' id='word_1_668' title='bbox 902 4568 1200 4625; x_wconf 72' lang='lat' dir='ltr'>memorize</span> <span class='ocrx_word' id='word_1_669' title='bbox 1293 4566 1553 4639; x_wconf 85' lang='lat' dir='ltr'>prodidit</span> <span class='ocrx_word' id='word_1_670' title='bbox 1608 4566 1990 4635; x_wconf 89' lang='lat' dir='ltr'>Herodianus,</span> 
     </span>
    </p>
   </div>
   <div class='ocr_carea' id='block_1_95' title="bbox 342 4655 1992 4717">
    <p class='ocr_par' dir='ltr' id='par_1_95' title="bbox 342 4655 1992 4717">
     <span class='ocr_line' id='line_1_95' title="bbox 342 4655 1992 4717; baseline -0.003 -1"><span class='ocrx_word' id='word_1_671' title='bbox 342 4662 555 4716; x_wconf 91' lang='lat' dir='ltr'>deinde</span> <span class='ocrx_word' id='word_1_672' title='bbox 587 4659 1001 4717; x_wconf 86' lang='lat' dir='ltr'>ann.CXCVIII</span> <span class='ocrx_word' id='word_1_673' title='bbox 1017 4667 1151 4713; x_wconf 87' lang='lat' dir='ltr'>ante</span> <span class='ocrx_word' id='word_1_674' title='bbox 1182 4655 1403 4712; x_wconf 90' lang='lat' dir='ltr'>bellum</span> <span class='ocrx_word' id='word_1_675' title='bbox 1435 4656 1716 4711; x_wconf 88' lang='lat' dir='ltr'>adversus</span> <span class='ocrx_word' id='word_1_676' title='bbox 1750 4657 1992 4711; x_wconf 88' lang='lat' dir='ltr'>Parthos</span> 
     </span>
    </p>
   </div>
   <div class='ocr_carea' id='block_1_96' title="bbox 340 4744 1993 4822">
    <p class='ocr_par' dir='ltr' id='par_1_96' title="bbox 340 4744 1993 4822">
     <span class='ocr_line' id='line_1_96' title="bbox 340 4744 1993 4822; baseline -0.004 -16"><span class='ocrx_word' id='word_1_677' title='bbox 340 4755 704 4822; x_wconf 88' lang='lat' dir='ltr'>susceptum,</span> <span class='ocrx_word' id='word_1_678' title='bbox 736 4747 971 4820; x_wconf 90' lang='lat' dir='ltr'>qualem</span> <span class='ocrx_word' id='word_1_679' title='bbox 1001 4746 1348 4819; x_wconf 87' lang='lat' dir='ltr'>Spartianus</span> <span class='ocrx_word' id='word_1_680' title='bbox 1380 4745 1660 4813; x_wconf 86' lang='lat' dir='ltr'>tradidit;</span> <span class='ocrx_word' id='word_1_681' title='bbox 1720 4744 1862 4813; x_wconf 81' lang='lat' dir='ltr'>haec,</span> <span class='ocrx_word' id='word_1_682' title='bbox 1908 4744 1993 4800; x_wconf 88' lang='lat' dir='ltr'>uti</span> 
     </span>
    </p>
   </div>
   <div class='ocr_carea' id='block_1_97' title="bbox 339 4834 1993 4909">
    <p class='ocr_par' dir='ltr' id='par_1_97' title="bbox 339 4834 1993 4909">
     <span class='ocr_line' id='line_1_97' title="bbox 339 4834 1993 4909; baseline -0.003 -15"><span class='ocrx_word' id='word_1_683' title='bbox 339 4839 618 4907; x_wconf 87' lang='lat' dir='ltr'>diximus,</span> <span class='ocrx_word' id='word_1_684' title='bbox 652 4838 813 4894; x_wconf 88' lang='lat' dir='ltr'>nullo</span> <span class='ocrx_word' id='word_1_685' title='bbox 845 4838 1019 4893; x_wconf 90' lang='lat' dir='ltr'>modo</span> <span class='ocrx_word' id='word_1_686' title='bbox 1064 4840 1256 4909; x_wconf 88' lang='lat' dir='ltr'>potest</span> <span class='ocrx_word' id='word_1_687' title='bbox 1313 4834 1581 4907; x_wconf 89' lang='lat' dir='ltr'>intelligi,</span> <span class='ocrx_word' id='word_1_688' title='bbox 1630 4851 1734 4889; x_wconf 90' lang='lat' dir='ltr'>nec</span> <span class='ocrx_word' id='word_1_689' title='bbox 1762 4835 1993 4890; x_wconf 87' lang='lat' dir='ltr'>videtur</span> 
     </span>
    </p>
   </div>
   <div class='ocr_carea' id='block_1_98' title="bbox 337 4923 1987 4998">
    <p class='ocr_par' dir='ltr' id='par_1_98' title="bbox 337 4923 1987 4998">
     <span class='ocr_line' id='line_1_98' title="bbox 337 4923 1987 4998; baseline -0.002 -16"><span class='ocrx_word' id='word_1_690' title='bbox 337 4928 634 4985; x_wconf 90' lang='lat' dir='ltr'>intellecta</span> <span class='ocrx_word' id='word_1_691' title='bbox 663 4928 734 4983; x_wconf 93' lang='lat' dir='ltr'>ab</span> <span class='ocrx_word' id='word_1_692' title='bbox 758 4926 946 4997; x_wconf 91' lang='lat' dir='ltr'>Orsio,</span> <span class='ocrx_word' id='word_1_693' title='bbox 980 4926 1079 4998; x_wconf 92' lang='lat' dir='ltr'>qui</span> <span class='ocrx_word' id='word_1_694' title='bbox 1103 4926 1172 4981; x_wconf 89' lang='lat' dir='ltr'>ad</span> <span class='ocrx_word' id='word_1_695' title='bbox 1207 4941 1336 4981; x_wconf 92' lang='lat' dir='ltr'>eam</span> <span class='ocrx_word' id='word_1_696' title='bbox 1370 4941 1491 4979; x_wconf 90' lang='lat' dir='ltr'>rem</span> <span class='ocrx_word' id='word_1_697' title='bbox 1522 4923 1987 4980; x_wconf 85' lang='lat' dir='ltr'>conﬁrmandam</span> 
     </span>
    </p>
   </div>
   <div class='ocr_carea' id='block_1_99' title="bbox 336 5013 1989 5084">
    <p class='ocr_par' dir='ltr' id='par_1_99' title="bbox 336 5013 1989 5084">
     <span class='ocr_line' id='line_1_99' title="bbox 336 5013 1989 5084; baseline -0.004 -11"><span class='ocrx_word' id='word_1_698' title='bbox 336 5019 730 5075; x_wconf 85' lang='lat' dir='ltr'>IIerodianum</span> <span class='ocrx_word' id='word_1_699' title='bbox 763 5017 998 5084; x_wconf 87' lang='lat' dir='ltr'>citavit;</span> <span class='ocrx_word' id='word_1_700' title='bbox 1032 5016 1133 5072; x_wconf 89' lang='lat' dir='ltr'>illa</span> <span class='ocrx_word' id='word_1_701' title='bbox 1174 5032 1305 5071; x_wconf 89' lang='lat' dir='ltr'>vero</span> <span class='ocrx_word' id='word_1_702' title='bbox 1363 5015 1434 5069; x_wconf 92' lang='lat' dir='ltr'>ad</span> <span class='ocrx_word' id='word_1_703' title='bbox 1494 5031 1617 5069; x_wconf 90' lang='lat' dir='ltr'>rem</span> <span class='ocrx_word' id='word_1_704' title='bbox 1664 5013 1809 5068; x_wconf 89' lang='lat' dir='ltr'>nihil</span> <span class='ocrx_word' id='word_1_705' title='bbox 1850 5014 1989 5068; x_wconf 75' lang='lat' dir='ltr'>facit</span> 
     </span>
    </p>
   </div>
   <div class='ocr_carea' id='block_1_100' title="bbox 336 5104 1988 5182">
    <p class='ocr_par' dir='ltr' id='par_1_100' title="bbox 336 5104 1988 5182">
     <span class='ocr_line' id='line_1_100' title="bbox 336 5104 1988 5182; baseline -0.004 -18"><span class='ocrx_word' id='word_1_706' title='bbox 336 5109 576 5165; x_wconf 90' lang='lat' dir='ltr'>omnino</span> <span class='ocrx_word' id='word_1_707' title='bbox 607 5113 939 5182; x_wconf 88' lang='lat' dir='ltr'>propterea,</span> <span class='ocrx_word' id='word_1_708' title='bbox 990 5106 1145 5177; x_wconf 90' lang='lat' dir='ltr'>quod</span> <span class='ocrx_word' id='word_1_709' title='bbox 1197 5121 1263 5159; x_wconf 93' lang='lat' dir='ltr'>eo</span> <span class='ocrx_word' id='word_1_710' title='bbox 1324 5120 1477 5160; x_wconf 85' lang='lat' dir='ltr'>anno</span> <span class='ocrx_word' id='word_1_711' title='bbox 1544 5104 1806 5159; x_wconf 77' lang='lat' dir='ltr'>nondum</span> <span class='ocrx_word' id='word_1_712' title='bbox 1864 5108 1988 5158; x_wconf 88' lang='lat' dir='ltr'>erat</span> 
     </span>
    </p>
   </div>
   <div class='ocr_carea' id='block_1_101' title="bbox 332 5190 1986 5270">
    <p class='ocr_par' dir='ltr' id='par_1_101' title="bbox 332 5190 1986 5270">
     <span class='ocr_line' id='line_1_101' title="bbox 332 5190 1986 5270; baseline -0.002 -19"><span class='ocrx_word' id='word_1_713' title='bbox 332 5198 585 5269; x_wconf 89' lang='lat' dir='ltr'>Augusti</span> <span class='ocrx_word' id='word_1_714' title='bbox 618 5197 874 5270; x_wconf 89' lang='lat' dir='ltr'>dignitas</span> <span class='ocrx_word' id='word_1_715' title='bbox 912 5194 971 5250; x_wconf 91' lang='lat' dir='ltr'>in</span> <span class='ocrx_word' id='word_1_716' title='bbox 1005 5192 1366 5251; x_wconf 90' lang='lat' dir='ltr'>Caracallum</span> <span class='ocrx_word' id='word_1_717' title='bbox 1397 5191 1628 5249; x_wconf 89' lang='lat' dir='ltr'>collata.</span> <span class='ocrx_word' id='word_1_718' title='bbox 1659 5192 1765 5247; x_wconf 91' lang='lat' dir='ltr'>Sed</span> <span class='ocrx_word' id='word_1_719' title='bbox 1821 5190 1880 5245; x_wconf 89' lang='lat' dir='ltr'>in</span> <span class='ocrx_word' id='word_1_720' title='bbox 1913 5191 1986 5247; x_wconf 88' lang='lat' dir='ltr'>iis</span> 
     </span>
    </p>
   </div>
   <div class='ocr_carea' id='block_1_102' title="bbox 330 5280 1982 5359">
    <p class='ocr_par' dir='ltr' id='par_1_102' title="bbox 330 5280 1982 5359">
     <span class='ocr_line' id='line_1_102' title="bbox 330 5280 1982 5359; baseline -0.004 -17"><span class='ocrx_word' id='word_1_721' title='bbox 330 5285 498 5358; x_wconf 86' lang='lat' dir='ltr'>locis,</span> <span class='ocrx_word' id='word_1_722' title='bbox 531 5304 679 5359; x_wconf 90' lang='lat' dir='ltr'>quos</span> <span class='ocrx_word' id='word_1_723' title='bbox 708 5304 779 5343; x_wconf 85' lang='lat' dir='ltr'>ex</span> <span class='ocrx_word' id='word_1_724' title='bbox 806 5283 1152 5341; x_wconf 89' lang='lat' dir='ltr'>Tertulliani</span> <span class='ocrx_word' id='word_1_725' title='bbox 1181 5283 1527 5353; x_wconf 82' lang='lat' dir='ltr'>Apologetico</span> <span class='ocrx_word' id='word_1_726' title='bbox 1564 5298 1614 5336; x_wconf 95' lang='lat' dir='ltr'>c.</span> <span class='ocrx_word' id='word_1_727' title='bbox 1663 5282 1752 5351; x_wconf 85' lang='lat'>35,</span> <span class='ocrx_word' id='word_1_728' title='bbox 1805 5280 1982 5337; x_wconf 91' lang='lat' dir='ltr'>libro-</span> 
     </span>
    </p>
   </div>
   <div class='ocr_carea' id='block_1_103' title="bbox 330 5369 1979 5448">
    <p class='ocr_par' dir='ltr' id='par_1_103' title="bbox 330 5369 1979 5448">
     <span class='ocr_line' id='line_1_103' title="bbox 330 5369 1979 5448; baseline -0.005 -15"><span class='ocrx_word' id='word_1_729' title='bbox 330 5392 444 5448; x_wconf 89' lang='lat' dir='ltr'>que</span> <span class='ocrx_word' id='word_1_730' title='bbox 493 5377 564 5432; x_wconf 88' lang='lat' dir='ltr'>ad</span> <span class='ocrx_word' id='word_1_731' title='bbox 625 5376 939 5448; x_wconf 84' lang='lat' dir='ltr'>Scapulam,</span> <span class='ocrx_word' id='word_1_732' title='bbox 997 5389 1045 5427; x_wconf 73' lang='grc' dir='ltr'>ο.</span> <span class='ocrx_word' id='word_1_733' title='bbox 1111 5373 1164 5442; x_wconf 87' lang='grc'>4,</span> <span class='ocrx_word' id='word_1_734' title='bbox 1208 5369 1427 5438; x_wconf 89' lang='lat' dir='ltr'>attulit,</span> <span class='ocrx_word' id='word_1_735' title='bbox 1482 5386 1597 5425; x_wconf 88' lang='lat' dir='ltr'>non</span> <span class='ocrx_word' id='word_1_736' title='bbox 1645 5376 1755 5435; x_wconf 91' lang='lat' dir='ltr'>est,</span> <span class='ocrx_word' id='word_1_737' title='bbox 1823 5371 1979 5441; x_wconf 91' lang='lat' dir='ltr'>quod</span> 
     </span>
    </p>
   </div>
   <div class='ocr_carea' id='block_1_104' title="bbox 2104 4569 3447 4643">
    <p class='ocr_par' dir='ltr' id='par_1_104' title="bbox 2104 4569 3447 4643">
     <span class='ocr_line' id='line_1_104' title="bbox 2104 4569 3447 4643; baseline 0.004 -19"><span class='ocrx_word' id='word_1_738' title='bbox 2104 4569 2397 4624; x_wconf 90' lang='lat' dir='ltr'>decimum</span> <span class='ocrx_word' id='word_1_739' title='bbox 2422 4569 2612 4624; x_wconf 89' lang='lat' dir='ltr'>Severi</span> <span class='ocrx_word' id='word_1_740' title='bbox 2647 4586 2869 4625; x_wconf 88' lang='lat' dir='ltr'>annum</span> <span class='ocrx_word' id='word_1_741' title='bbox 2901 4570 3103 4626; x_wconf 87' lang='lat' dir='ltr'>referri</span> <span class='ocrx_word' id='word_1_742' title='bbox 3137 4574 3447 4643; x_wconf 88' lang='lat' dir='ltr'>oportebit.</span> 
     </span>
    </p>
   </div>
   <div class='ocr_carea' id='block_1_105' title="bbox 2101 4726 3758 4804">
    <p class='ocr_par' dir='ltr' id='par_1_105' title="bbox 2101 4726 3758 4804">
     <span class='ocr_line' id='line_1_105' title="bbox 2101 4726 3758 4804; baseline 0.005 -22"><span class='ocrx_word' id='word_1_743' title='bbox 2101 4726 2131 4801; x_wconf 86' lang='lat'>§</span> <span class='ocrx_word' id='word_1_744' title='bbox 2160 4728 2211 4783; x_wconf 83' lang='grc'>4.</span> <span class='ocrx_word' id='word_1_745' title='bbox 2243 4758 2311 4804; x_wconf 85' lang='lat'>——_-</span> <span class='ocrx_word' id='word_1_746' title='bbox 2332 4727 2573 4804; x_wconf 74' lang='lat' dir='ltr'>Denique</span> <span class='ocrx_word' id='word_1_747' title='bbox 2621 4728 2863 4804; x_wconf 59' lang='lat' dir='ltr'>Pamelit&#39;</span> <span class='ocrx_word' id='word_1_748' title='bbox 2882 4729 3210 4804; x_wconf 34' lang='lat' dir='ltr'>AetAllz&#39;xii,</span> <span class='ocrx_word' id='word_1_749' title='bbox 3256 4734 3352 4804; x_wconf 80' lang='lat' dir='ltr'>qui</span> <span class='ocrx_word' id='word_1_750' title='bbox 3383 4732 3588 4788; x_wconf 78' lang='lat' dir='ltr'>librum</span> <span class='ocrx_word' id='word_1_751' title='bbox 3610 4734 3758 4791; x_wconf 85' lang='lat' dir='ltr'>hunc</span> 
     </span>
    </p>
   </div>
   <div class='ocr_carea' id='block_1_106' title="bbox 2169 4799 3680 4877">
    <p class='ocr_par' dir='ltr' id='par_1_106' title="bbox 2169 4799 3680 4877">
     <span class='ocr_line' id='line_1_106' title="bbox 2169 4799 3680 4877; baseline 0.004 -22"><span class='ocrx_word' id='word_1_752' title='bbox 2169 4800 2513 4868; x_wconf 78' lang='lat' dir='ltr'>coniecerant</span> <span class='ocrx_word' id='word_1_753' title='bbox 2542 4800 2599 4855; x_wconf 79' lang='lat' dir='ltr'>in</span> <span class='ocrx_word' id='word_1_754' title='bbox 2629 4816 2762 4855; x_wconf 84' lang='lat' dir='ltr'>ann.</span> <span class='ocrx_word' id='word_1_755' title='bbox 2825 4799 2974 4856; x_wconf 84' lang='lat' dir='ltr'>CCIX</span> <span class='ocrx_word' id='word_1_756' title='bbox 3018 4803 3241 4859; x_wconf 79' lang='lat' dir='ltr'>Decreta</span> <span class='ocrx_word' id='word_1_757' title='bbox 3263 4799 3680 4877; x_wconf 58' lang='lat' dir='ltr'>exploduntur.</span> 
     </span>
    </p>
   </div>
   <div class='ocr_carea' id='block_1_107' title="bbox 2168 4925 3755 5003">
    <p class='ocr_par' dir='ltr' id='par_1_107' title="bbox 2168 4925 3755 5003">
     <span class='ocr_line' id='line_1_107' title="bbox 2168 4925 3755 5003; baseline 0.005 -24"><span class='ocrx_word' id='word_1_758' title='bbox 2168 4926 2251 4980; x_wconf 85' lang='lat' dir='ltr'>Ad</span> <span class='ocrx_word' id='word_1_759' title='bbox 2286 4925 2560 4980; x_wconf 77' lang='lat' dir='ltr'>Atlixium</span> <span class='ocrx_word' id='word_1_760' title='bbox 2591 4926 2778 4992; x_wconf 91' lang='lat' dir='ltr'>venio,</span> <span class='ocrx_word' id='word_1_761' title='bbox 2839 4926 3252 4983; x_wconf 88' lang='lat' dir='ltr'>doctissimum</span> <span class='ocrx_word' id='word_1_762' title='bbox 3303 4930 3519 5002; x_wconf 90' lang='lat' dir='ltr'>virum,</span> <span class='ocrx_word' id='word_1_763' title='bbox 3579 4948 3755 5003; x_wconf 89' lang='lat' dir='ltr'>quem</span> 
     </span>
    </p>
   </div>
   <div class='ocr_carea' id='block_1_108' title="bbox 2098 5013 3757 5085">
    <p class='ocr_par' dir='ltr' id='par_1_108' title="bbox 2098 5013 3757 5085">
     <span class='ocr_line' id='line_1_108' title="bbox 2098 5013 3757 5085; baseline 0.005 -18"><span class='ocrx_word' id='word_1_764' title='bbox 2098 5013 2281 5069; x_wconf 89' lang='lat' dir='ltr'>miror</span> <span class='ocrx_word' id='word_1_765' title='bbox 2309 5017 2431 5068; x_wconf 89' lang='lat' dir='ltr'>tam</span> <span class='ocrx_word' id='word_1_766' title='bbox 2455 5014 2705 5068; x_wconf 89' lang='lat' dir='ltr'>docilem</span> <span class='ocrx_word' id='word_1_767' title='bbox 2731 5030 2792 5069; x_wconf 91' lang='lat' dir='ltr'>se</span> <span class='ocrx_word' id='word_1_768' title='bbox 2818 5015 3141 5085; x_wconf 68' lang='lat' dir='ltr'>praebuisse</span> <span class='ocrx_word' id='word_1_769' title='bbox 3163 5017 3233 5071; x_wconf 91' lang='lat' dir='ltr'>ad</span> <span class='ocrx_word' id='word_1_770' title='bbox 3256 5018 3498 5073; x_wconf 72' lang='lat' dir='ltr'>Pameliz’</span> <span class='ocrx_word' id='word_1_771' title='bbox 3519 5028 3757 5075; x_wconf 89' lang='lat' dir='ltr'>senten-</span> 
     </span>
    </p>
   </div>
   <div class='ocr_carea' id='block_1_109' title="bbox 2094 5103 3757 5181">
    <p class='ocr_par' dir='ltr' id='par_1_109' title="bbox 2094 5103 3757 5181">
     <span class='ocr_line' id='line_1_109' title="bbox 2094 5103 3757 5181; baseline 0.004 -23"><span class='ocrx_word' id='word_1_772' title='bbox 2094 5104 2260 5175; x_wconf 82' lang='lat' dir='ltr'>tiam,</span> <span class='ocrx_word' id='word_1_773' title='bbox 2294 5120 2410 5175; x_wconf 88' lang='lat' dir='ltr'>quo</span> <span class='ocrx_word' id='word_1_774' title='bbox 2442 5104 2667 5171; x_wconf 92' lang='lat' dir='ltr'>dubito,</span> <span class='ocrx_word' id='word_1_775' title='bbox 2700 5120 2772 5159; x_wconf 89' lang='lat' dir='ltr'>an</span> <span class='ocrx_word' id='word_1_776' title='bbox 2806 5103 2939 5175; x_wconf 90' lang='lat' dir='ltr'>quis</span> <span class='ocrx_word' id='word_1_777' title='bbox 2972 5105 3159 5178; x_wconf 88' lang='lat' dir='ltr'>magis</span> <span class='ocrx_word' id='word_1_778' title='bbox 3175 5113 3379 5163; x_wconf 91' lang='lat' dir='ltr'>contra</span> <span class='ocrx_word' id='word_1_779' title='bbox 3402 5109 3667 5181; x_wconf 78' lang='lat' dir='ltr'>auspicia</span> <span class='ocrx_word' id='word_1_780' title='bbox 3682 5110 3757 5164; x_wconf 86' lang='lat' dir='ltr'>ad</span> 
     </span>
    </p>
   </div>
   <div class='ocr_carea' id='block_1_110' title="bbox 2096 5189 3756 5261">
    <p class='ocr_par' dir='ltr' id='par_1_110' title="bbox 2096 5189 3756 5261">
     <span class='ocr_line' id='line_1_110' title="bbox 2096 5189 3756 5261; baseline 0.005 -16"><span class='ocrx_word' id='word_1_781' title='bbox 2096 5189 2492 5246; x_wconf 78' lang='lat' dir='ltr'>deliniendam</span> <span class='ocrx_word' id='word_1_782' title='bbox 2524 5190 2879 5261; x_wconf 90' lang='lat' dir='ltr'>scriptorum</span> <span class='ocrx_word' id='word_1_783' title='bbox 2908 5192 3251 5249; x_wconf 89' lang='lat' dir='ltr'>Tertulliani</span> <span class='ocrx_word' id='word_1_784' title='bbox 3292 5199 3523 5252; x_wconf 68' lang='lat' dir='ltr'>aetatem</span> <span class='ocrx_word' id='word_1_785' title='bbox 3557 5213 3756 5253; x_wconf 86' lang='lat' dir='ltr'>acces-</span> 
     </span>
    </p>
   </div>
   <div class='ocr_carea' id='block_1_111' title="bbox 2093 5279 3753 5353">
    <p class='ocr_par' dir='ltr' id='par_1_111' title="bbox 2093 5279 3753 5353">
     <span class='ocr_line' id='line_1_111' title="bbox 2093 5279 3753 5353; baseline 0.004 -17"><span class='ocrx_word' id='word_1_786' title='bbox 2093 5280 2295 5336; x_wconf 80' lang='lat' dir='ltr'>serit?</span> <span class='ocrx_word' id='word_1_787' title='bbox 2336 5284 2529 5351; x_wconf 84' lang='lat' dir='ltr'>Atque</span> <span class='ocrx_word' id='word_1_788' title='bbox 2576 5279 2675 5335; x_wconf 89' lang='lat' dir='ltr'>isti</span> <span class='ocrx_word' id='word_1_789' title='bbox 2718 5279 2998 5352; x_wconf 89' lang='lat' dir='ltr'>Pamelio,</span> <span class='ocrx_word' id='word_1_790' title='bbox 3050 5283 3331 5353; x_wconf 89' lang='lat' dir='ltr'>quoniam</span> <span class='ocrx_word' id='word_1_791' title='bbox 3382 5284 3753 5342; x_wconf 86' lang='lat' dir='ltr'>liberalitatis</span> 
     </span>
    </p>
   </div>
   <div class='ocr_carea' id='block_1_112' title="bbox 2092 5368 3746 5443">
    <p class='ocr_par' dir='ltr' id='par_1_112' title="bbox 2092 5368 3746 5443">
     <span class='ocr_line' id='line_1_112' title="bbox 2092 5368 3746 5443; baseline 0.003 -18"><span class='ocrx_word' id='word_1_792' title='bbox 2092 5369 2450 5425; x_wconf 88' lang='lat' dir='ltr'>mentionem</span> <span class='ocrx_word' id='word_1_793' title='bbox 2482 5368 2878 5426; x_wconf 88' lang='lat' dir='ltr'>Tertullianus</span> <span class='ocrx_word' id='word_1_794' title='bbox 2936 5372 3145 5443; x_wconf 87' lang='lat' dir='ltr'>injicit,</span> <span class='ocrx_word' id='word_1_795' title='bbox 3196 5372 3432 5430; x_wconf 91' lang='lat' dir='ltr'>libellus</span> <span class='ocrx_word' id='word_1_796' title='bbox 3502 5376 3572 5431; x_wconf 88' lang='lat' dir='ltr'>ad</span> <span class='ocrx_word' id='word_1_797' title='bbox 3605 5391 3746 5431; x_wconf 91' lang='lat' dir='ltr'>ann.</span> 
     </span>
    </p>
   </div>
   <div class='ocr_carea' id='block_1_113' title="bbox 398 5580 3062 5664">
    <p class='ocr_par' dir='ltr' id='par_1_113' title="bbox 398 5580 3062 5664">
     <span class='ocr_line' id='line_1_113' title="bbox 398 5580 3062 5664; baseline -0.003 -17"><span class='ocrx_word' id='word_1_798' title='bbox 398 5592 513 5664; x_wconf 87' lang='grc'>(20)</span> <span class='ocrx_word' id='word_1_799' title='bbox 545 5591 625 5649; x_wconf 88' lang='lat' dir='ltr'>Ea</span> <span class='ocrx_word' id='word_1_800' title='bbox 654 5588 961 5663; x_wconf 89' lang='lat' dir='ltr'>proposuit</span> <span class='ocrx_word' id='word_1_801' title='bbox 988 5588 1050 5643; x_wconf 89' lang='lat' dir='ltr'>in</span> <span class='ocrx_word' id='word_1_802' title='bbox 1081 5584 1291 5643; x_wconf 90' lang='lat' dir='ltr'>Critica</span> <span class='ocrx_word' id='word_1_803' title='bbox 1318 5582 1628 5641; x_wconf 86' lang='lat' dir='ltr'>Annalium</span> <span class='ocrx_word' id='word_1_804' title='bbox 1662 5584 1895 5641; x_wconf 89' lang='lat' dir='ltr'>Baronii</span> <span class='ocrx_word' id='word_1_805' title='bbox 1923 5584 1996 5641; x_wconf 84' lang='lat' dir='ltr'>ad</span> <span class='ocrx_word' id='word_1_806' title='bbox 2034 5599 2173 5640; x_wconf 86' lang='lat' dir='ltr'>ann.</span> <span class='ocrx_word' id='word_1_807' title='bbox 2205 5580 2441 5648; x_wconf 89' lang='lat' dir='ltr'>CXCIV,</span> <span class='ocrx_word' id='word_1_808' title='bbox 2472 5597 2531 5638; x_wconf 89' lang='lat' dir='ltr'>n.</span> <span class='ocrx_word' id='word_1_809' title='bbox 2563 5581 2617 5652; x_wconf 90' lang='lat'>3,</span> <span class='ocrx_word' id='word_1_810' title='bbox 2651 5597 2708 5653; x_wconf 90' lang='lat' dir='ltr'>p.</span> <span class='ocrx_word' id='word_1_811' title='bbox 2746 5598 2824 5639; x_wconf 90' lang='lat' dir='ltr'>m.</span> <span class='ocrx_word' id='word_1_812' title='bbox 2857 5583 2947 5653; x_wconf 81' lang='grc'>91,</span> <span class='ocrx_word' id='word_1_813' title='bbox 2974 5585 3062 5641; x_wconf 86' lang='grc'>92.</span> 
     </span>
    </p>
   </div>
  </div>
