4072 6190
66 81 653 389 —
354 310 423 343 -·
512 318 523 325 ο
792 262 817 269 ”
1000 256 1003 261 ’
1063 305 1163 368 ΑΟ
1205 306 1451 369 nocrn

928 248 1003 269 κ’
1063 305 1163 368 AC
1205 306 1606 369 DOCTRINA
1650 305 1849 367 scan

1957 304 2159 367 )RUM
2204 302 2732 365 TERTULLIANI
3485 311 3600 369 174

223 441 375 507 CCIX,
406 444 570 509 atque
593 440 663 494 ad
690 438 1016 496 decennalia
1037 438 1305 494 Antonini
1360 438 1532 510 plane
1582 437 1839 493 referen-
1867 440 1921 506 Α
1952 440 2487 508 argumentumque
2535 436 2801 505 suadeat,
2862 435 3240 507 posteriorem
3338 455 3453 493 non
3520 442 3605 498 ita

223 533 317 585 dus
344 530 559 584 videtur
590 529 673 600 (in
710 529 823 583 Vita
862 528 1206 599 Tertulliani,
1265 528 1549 599 praemissa
1581 528 1696 595 eius
1722 543 1838 597 0pc-
1950 525 2134 580 multo
2168 530 2299 597 post
2323 526 2575 597 priorem
2635 543 2668 580 a
2697 524 3055 580 Tertulliano
3114 526 3335 582 editum
3397 528 3600 585 fuisse.

220 623 353 675 ribus
379 637 409 673 a
437 619 697 682 Pamelio,
731 617 931 673 Colon.
985 619 1120 672 1617
1178 616 1372 683 editis,
1420 635 1476 688 p.
1509 618 1579 670 22
1611 617 1691 687 E).
1726 616 1835 671 Sed
1948 616 2107 679 Quod
2142 616 2296 669 enim
2325 615 2638 681 Pamelius,
2673 616 2775 687 qui
2805 615 3251 686 inscriptionem
3282 616 3427 673 alias
3451 635 3605 675 rece-

220 711 331 779 ejus
364 709 591 779 quidem
650 706 1063 761 liberalitatem
1116 706 1175 761 in
1233 706 1365 761 istis
1421 704 1840 761 decennalibus
1949 710 2109 777 ptam
2144 706 2521 776 sequebatur,
2549 705 2642 758 vix
2664 705 2854 776 potuit
2877 708 3598 779 concoquere,quod,cum

220 796 501 866 exstitisse,
536 813 651 852 non
674 796 883 867 probat
900 795 1335 863 Pamelius,sed
1370 794 1539 868 plane
1570 794 1737 866 fingit
1767 794 1838 848 ad
1949 794 2345 849 Tertullianus
2376 794 2599 849 cultum
2633 795 2705 849 ab
2738 800 2943 849 ornatu
2976 795 3034 849 in
3081 796 3259 866 priori
3291 796 3436 853 libro
3457 800 3596 854 sub-

220 888 516 942 libidinem.
552 887 775 941 Tamen
810 884 923 939 alio
956 885 1212 958 quodam
1250 884 1375 939 loco
1435 885 1510 954 (in
1571 884 1736 939 Notis
1767 882 1837 939 ad
1949 882 2126 936 tilitcr
2160 882 2544 951 distinxisset,
2580 887 2777 938 tamen
2836 884 2893 937 in
2951 885 3277 957 posteriori,
3337 886 3405 941 de
3437 887 3598 943 cultu

219 979 352 1033 hunc
376 977 611 1044 librum,
645 993 775 1048 pag.
809 977 933 1046 210,
968 993 1024 1029 n.
1056 976 1127 1047 1),
1163 976 1233 1030 ad
1285 992 1595 1030 nummum
1632 991 1841 1046 provo-
1950 973 2297 1027 feminarum
2316 973 2907 1045 appellato,ornatum
2933 974 3598 1047 mulierispertractarit;

218 1065 449 1122 catdicis
480 1082 678 1135 causa,
740 1081 994 1136 eumque
1043 1064 1222 1135 hujus
1280 1064 1647 1136 argumenti:
1700 1064 1835 1130 Imp.
1948 1077 2016 1117 ea
2046 1061 3599 1139 quidemdifﬁcultas,sublatainscriptioneutriusque

223 1156 412 1211 CavaL.
472 1154 618 1225 Sept.
678 1155 801 1210 Sev.
848 1155 998 1209 Peri.
1060 1153 1243 1224 Aug...
1295 1154 1616 1207 Liberalitas
1664 1152 1837 1222 Augg.
1946 1150 2081 1206 libri
2112 1152 2360 1218 diversa,
2396 1169 2461 1206 ac
2492 1157 2838 1224 argumento
2881 1154 3007 1222 ejus
3040 1153 3303 1211 studiose
3344 1158 3596 1229 cognito,

218 1246 299 1301 SC.
330 1244 425 1298 Hic
466 1243 725 1315 primum
760 1241 901 1297 mihi
939 1242 1073 1314 quis
1104 1243 1281 1307 dicat,
1320 1242 1555 1297 ubinam
1592 1242 1712 1296 sint
1740 1242 1838 1295 de-
1950 1242 2163 1296 mirum
2197 1241 2255 1296 in
2290 1242 2529 1296 modum
2561 1242 2962 1298 evanescit.Ut
2992 1243 3147 1298 enim
3196 1246 3599 1304 Tertullianus

216 1334 521 1389 cennalium
546 1331 999 1387 notze?Deinde
1032 1348 1164 1386 cum
1223 1348 1329 1403 ego
1379 1348 1492 1386 non
1551 1332 1839 1403 ignorem,
1950 1330 2215 1385 habitum
2275 1330 2505 1386 feminae
2562 1331 2724 1386 cultu
2774 1336 2829 1386 et
2887 1336 3094 1387 ornatu
3155 1333 3304 1389 effici
3349 1335 3598 1406 dixerat,

215 1425 460 1478 Severum
498 1425 556 1476 et
584 1420 946 1476 Caracallum
981 1419 1272 1475 militibus
1312 1420 1643 1493 populoque
1676 1437 1840 1475 com-
1947 1420 2266 1491 superioris
2296 1419 2467 1475 istius
2498 1421 2727 1492 generis
2759 1422 3024 1494 exempla
3082 1426 3251 1495 putat
3313 1427 3603 1483 mundum

216 1512 441 1567 muniter
478 1510 643 1566 aliud
679 1510 912 1566 dedisse
961 1510 1019 1564 in
1054 1510 1513 1578 decennalibus;
1571 1509 1839 1582 nunquid
1950 1508 2319 1577 muliebrem,
2362 1527 2592 1579 aurum,
2627 1516 2957 1583 argentum,
2992 1528 3275 1583 gemmas,
3310 1519 3516 1588 vestes,
3547 1522 3606 1573 et

214 1600 358 1671 plura
387 1600 475 1655 his
501 1598 806 1669 congiaria
839 1615 951 1653 non
998 1604 1139 1654 sunt
1198 1603 1298 1652 aut
1337 1598 1610 1653 donativa
1640 1598 1841 1653 edita?
1950 1616 2080 1671 quae
2108 1603 2246 1653 sunt
2275 1600 2504 1669 generis
2536 1601 2841 1670 ejusdem;
2875 1602 3214 1673 posterioris
3237 1620 3369 1659 vero
3401 1622 3603 1662 curam

214 1687 363 1743 Nemo
387 1704 524 1743 vero
554 1688 611 1741 id
645 1688 880 1755 quidem
916 1687 1139 1759 absque
1171 1686 1499 1741 temeritate
1543 1691 1644 1741 aut
1676 1689 1837 1758 igno-
1948 1688 2143 1760 capilli
2175 1693 2229 1744 et
2252 1689 2401 1745 cutis
2434 1693 2490 1744 et
2518 1706 2720 1745 carum
2756 1691 3006 1761 partium
3041 1692 3323 1764 corporis,
3357 1710 3504 1766 quae,
3540 1701 3604 1752 ut

214 1778 375 1831 rantis.
404 1777 637 1831 dixerit.
665 1777 806 1843 Imo,
840 1775 1136 1847 siquidem
1192 1776 1470 1831 Pamclius
1520 1793 1701 1832 ausus
1753 1781 1843 1831 est
1873 1820 1920 1885 B
1952 1778 2053 1847 ait,
2079 1777 2276 1833 oculos
2302 1779 2565 1833 trahunt.
2599 1780 2773 1849 Atqui
2832 1780 2891 1834 in
2925 1780 3105 1851 priori
3162 1780 3309 1837 libro
3367 1800 3599 1853 aurum,

222 1865 317 1885 ,Iffa
353 1866 651 1885 -Lai--1-_-
693 1882 904 1885 -___.____
945 1864 1156 1885 [Ἰηῖγῐῐῐ
1188 1865 1400 1885 _L_____
1444 1865 1836 1885 _m__4_'1,-n!,_-
1996 1883 2079 1885 ,_,
2140 1872 2185 1885 ι-
2234 1884 2243 1885 κ
2289 1871 2304 1885 ι
2473 1869 2514 1885 ιι
2885 1870 2898 1885 I
2989 1870 3041 1885 νινε
3236 1875 3245 1885 ι
3485 1877 3494 1885 .

214 1865 322 1919 aliis
345 1866 657 1920 obtrudere
689 1882 911 1919 annum
944 1864 1157 1919 CCVIII
1185 1865 1407 1935 absque
1438 1865 1596 1919 omni
1622 1866 1845 1920 ratione
1874 1864 1920 1885 ”
1954 1872 2251 1939 argentem
2285 1871 2437 1939 (cap.
2463 1869 2538 1938 4),
2571 1885 2836 1940 gemmas
2882 1870 2953 1940 (c.
2988 1870 3066 1939 5),
3125 1875 3319 1927 vestes
3375 1877 3599 1945 pertra-

213 1955 394 2010 idonea
428 1954 645 2021 ;nobis
674 1953 939 2008 vicissim
998 1970 1113 2007 non
1164 1957 1355 2025 potest
1411 1952 1548 2007 vitio
1580 1953 1742 2021 verti,
1794 1954 1843 2007 si
1953 1960 2071 2011 ctat
2101 1957 2173 2027 (c.
2203 1957 2256 2027 7)
2290 1975 2302 2024 ;
2338 1957 2393 2011 in
2424 1958 2729 2028 posteriori
2778 1959 2847 2013 de
2906 1959 3269 2016 observanda
3316 1963 3602 2034 pudicitia

214 2059 404 2097 annum
428 2042 543 2098 CCI
577 2040 1018 2113 intelligamus;
1051 2042 1160 2097 hoc
1186 2042 1343 2096 enim
1377 2059 1528 2096 anno
1585 2046 1643 2096 et
1700 2042 1842 2097 libe-
1951 2045 2008 2100 in
2043 2045 2238 2101 cultus
2268 2051 2577 2101 etornatus
2612 2047 2982 2103 institutione
3013 2048 3135 2121 agit
3168 2051 3430 2108 universe
3456 2054 3596 2127 (cap.

214 2131 385 2187 ralitas
406 2132 569 2186 edita
598 2135 707 2200 est,
737 2136 793 2185 et
823 2131 895 2185 ab
922 2131 1205 2202 Augustis
1238 2130 1436 2185 etiam.
1471 2135 1546 2184 At
1577 2132 1843 2202 quamvis
1955 2136 2093 2205 1-5),
2128 2135 2405 2208 deinceps
2433 2137 2503 2191 de
2534 2137 2723 2192 colore
2748 2143 3213 2211 ornamentoque
3236 2142 3601 2215 capillorum,

213 2221 423 2276 omnino
452 2220 716 2291 turpiter
744 2220 955 2291 seipse
987 2220 1233 2287 dederit,
1259 2224 1452 2275 tamen
1485 2219 1731 2274 Allixius
1759 2220 1840 2291 (in
1953 2240 2307 2295 omnemque
2330 2225 2544 2280 librum
2596 2227 2723 2281 finit
2754 2228 2992 2284 monitis
3023 2230 3375 2300 quibusdam
3406 2234 3476 2287 de
3508 2251 3605 2289 or-

213 2311 490 2365 rarissima
508 2311 655 2365 Dixs.
687 2310 756 2364 de
785 2310 1112 2364 Tertulliani
1132 2311 1244 2364 vita
1274 2318 1323 2364 et
1362 2311 1606 2381 scriptis,
1627 2326 1752 2381 cap.
1786 2310 1842 2379 6,
1954 2319 2092 2369 natu
2130 2315 2421 2385 pudicitia:
2461 2317 2933 2384 adverso.Quare
2961 2334 3091 2375 eum
3126 2320 3182 2374 in
3216 2320 3315 2376 illo
3339 2322 3603 2390 decultu,

216 2417 241 2470 p
289 2401 368 2467 49)
396 2399 646 2454 secessit
693 2398 753 2452 in
811 2398 943 2467 ejus
963 2399 1349 2465 sententiam;
1387 2414 1520 2453 nam
1574 2398 1633 2452 in
1695 2397 1843 2453 libro
1952 2402 2012 2457 in
2046 2403 2154 2459 hoc
2184 2405 2254 2460 de
2281 2411 2489 2459 ornatu
2524 2396 2878 2462 feminarum
2938 2409 3151 2481 egisse,
3211 2428 3276 2466 ac
3316 2416 3602 2485 tanquam

216 2490 276 2541 de
294 2487 515 2554 Corona,
551 2486 764 2557 inquit,
789 2486 1078 2541 excitatur
1108 2485 1343 2541 libellus
1392 2487 1458 2541 de
1484 2488 1841 2556 Spectaculis,
1954 2496 2149 2563 partes
2180 2498 2463 2565 utrosque
2495 2511 2680 2550 unum
2714 2496 2932 2551 librum
2971 2500 3349 2556 constituisse
3382 2492 3605 2558 Clarum

215 2578 293 2646 qui
324 2577 583 2647 scriptus
614 2580 702 2630 est
734 2592 871 2630 ann.
906 2574 1082 2630 CCIV.
1119 2576 1179 2629 Id
1204 2591 1335 2629 vero
1387 2576 1579 2647 inepte
1622 2576 1841 2631 dictum
1954 2586 2060 2635 est.
2096 2586 2241 2636 Nam
2304 2584 2456 2654 quod
2506 2584 2916 2641 Tillemontius
2975 2588 3058 2643 ait
3107 2590 3411 2658 (Mdmoire:
3465 2608 3607 2660 pour

215 2681 317 2721 esse
346 2684 375 2720 a
404 2667 665 2722 Pamelio
696 2681 870 2737 quem
906 2681 1090 2719 unum
1153 2665 1440 2735 sequitur,
1477 2665 1645 2719 facile
1676 2666 1844 2720 intel-
1952 2673 2133 2726 :ervir
2159 2674 2197 2725 ὰ
2223 2672 2399 2727 l’Hist.
2434 2674 2639 2741 ecclés.,
2702 2680 2845 2732 tom.
2878 2677 2971 2743 III,
3034 2695 3089 2748 p.
3148 2680 3275 2733 662.
3333 2684 3452 2736 not.
3516 2682 3603 2753 12)

214 2754 348 2826 liget,
378 2757 717 2826 quicunque
758 2770 954 2808 secum
990 2754 1344 2825 reputaverit
1391 2770 1459 2809 ea
1509 2771 1633 2825 quae
1666 2772 1846 2827 supra
1956 2761 2336 2817 manifestum
2362 2778 2510 2832 esse,
2542 2764 2697 2834 quod
2734 2765 2827 2820 isti
2863 2766 2978 2820 duo
3027 2765 3160 2821 libri
3194 2770 3445 2841 separati
3481 2771 3605 2825 fue-

216 2845 271 2898 de
299 2845 399 2898 isto
428 2842 633 2898 libello
660 2842 1172 2911 pronuntiavimus
1199 2861 1212 2910 ;
1270 2860 1480 2915 neque,
1540 2843 1587 2897 si
1637 2859 1844 2898 verum
1954 2850 2094 2917 rint,
2128 2866 2232 2904 nec
2264 2851 2462 2905 referri
2506 2868 2659 2906 unus
2683 2854 2751 2907 ad
2780 2852 3033 2909 alterum
3064 2854 3181 2911 ullo
3204 2858 3373 2913 modo
3394 2860 3601 2930 possit,

215 2934 304 2989 hoc
331 2938 502 2997 esset,
540 2932 797 2986 maxime
829 2932 900 2986 de
931 2948 995 2986 eo
1028 2948 1206 3003 super
1234 2932 1574 2999 Spectaculis
1604 2948 1842 2987 causam
1953 2937 2011 2991 id
2044 2954 2174 2992 vero
2207 2938 2435 2993 facilius
2467 2940 2687 2995 dicitur
2715 2958 2892 3013 quam
2951 2945 3253 3015 probatur,
3299 2952 3355 3002 et
3411 2964 3483 3002 ne
3514 2965 3604 3003 re-

214 3039 322 3077 esse
346 3020 761 3092 perspicimus,
819 3024 1177 3091 quapropter
1222 3020 1372 3076 libeo
1404 3020 1468 3075 de
1504 3022 1716 3076 Corona
1772 3023 1843 3077 ad
1956 3025 2071 3081 felli
2130 3027 2370 3097 quidem
2428 3029 2637 3097 debet;
2698 3036 2787 3086 est
2834 3032 2988 3086 enim
3047 3033 3359 3106 ignoranti.
3416 3038 3607 3109 Atque

214 3128 329 3165 ann.
358 3110 598 3175 CCVIII,
632 3126 745 3163 non
770 3110 841 3163 ad
876 3108 1058 3163 alium
1117 3110 1318 3164 referri
1355 3111 1610 3166 deberet.
1646 3110 1843 3182 Neque
1956 3117 2131 3170 etiam
2166 3115 2281 3170 alia
2310 3121 2400 3171 est
2448 3117 2619 3173 istius
2679 3121 2980 3176 sententia:
3031 3126 3244 3178 nostra;
3290 3108 3555 3195 probatio
3588 3144 3602 3195 ;

211 3200 267 3251 ad
297 3216 413 3253 eam
446 3215 576 3253 rem
610 3198 1037 3253 defendendam
1069 3198 1285 3252 rectius
1331 3198 1595 3253 adhibllit
1622 3214 1846 3254 errores
1879 3196 1920 3262 C
1959 3222 2095 3259 nam
2130 3206 2184 3258 in
2211 3206 2519 3275 posteriori
2551 3207 2699 3263 libro
2744 3209 3213 3281 impendentium
3258 3214 3606 3271 Christianis

213 3287 684 3343 Montanistarum
742 3287 800 3340 in
860 3286 1008 3341 libro
1070 3286 1134 3341 de
1182 3286 1393 3341 Corona
1451 3293 1842 3343 occurrentes.
1956 3293 2248 3347 malorum
2275 3293 2429 3348 haud
2463 3295 2702 3352 dubiam
2734 3300 3093 3354 mentionem
3127 3302 3607 3375 injicit,quorum

213 3380 342 3441 Quos
369 3377 646 3448 equidem
679 3375 775 3430 isti
808 3375 957 3430 libro
1007 3393 1121 3431 non
1171 3392 1318 3447 nego
1380 3378 1570 3431 inesse
1598 3395 1611 3444 ;
1646 3378 1743 3431 sed
1779 3392 1844 3431 eo
1954 3383 2014 3437 in
2049 3381 2227 3452 priori
2260 3381 2422 3436 nulla
2453 3389 2542 3438 est
2572 3386 2939 3457 significatio.
2973 3389 3102 3444 Jam
3137 3391 3185 3445 si
3208 3400 3605 3450 aerumnatum

214 3471 536 3537 argumento
563 3466 618 3519 id
651 3482 820 3536 posse
853 3465 1001 3519 effici
1064 3465 1214 3535 quod
1268 3467 1495 3532 debeat,
1548 3466 1655 3521 hoc
1712 3482 1843 3521 vero
1954 3471 2202 3525 fuissent
2232 3472 2445 3537 affecti,
2479 3477 2772 3543 quomodo
2793 3477 3191 3534 Tertullianus
3221 3482 3607 3539 abstinuisset

216 3572 487 3627 nunquam
529 3555 913 3627 percipietur,
946 3553 1058 3608 nisi
1092 3554 1163 3608 ab
1198 3554 1289 3620 iis,
1354 3556 1450 3626 qui
1512 3557 1746 3611 demum
1778 3572 1843 3609 eo
1954 3578 1988 3615 a
2018 3562 2525 3616 commemoranda
2547 3578 2634 3632 ea,
2667 3568 2732 3618 ut
2763 3566 2994 3622 feminis
3025 3567 3373 3625 Christianis
3402 3570 3604 3627 luxum

216 3659 343 3699 anno
382 3644 818 3700 Tertullianum
870 3647 1079 3714 putant
1136 3644 1204 3698 ad
1266 3644 1647 3700 Montanistas
1690 3649 1845 3699 tran-
1954 3647 2339 3717 dissuaderet,
2372 3666 2506 3705 cum
2556 3668 2622 3707 eo
2679 3660 3027 3725 argumento
3085 3656 3231 3713 alias
3271 3659 3605 3731 frequenter

218 3732 381 3788 siisse.
1953 3742 2157 3791 utatur
2188 3741 2210 3792 Ρ
2236 3739 2342 3793 Sed
2366 3756 2500 3793 cum
2533 3741 2693 3811 prior
2721 3743 2829 3797 iste
2851 3744 3084 3801 libellus
3111 3748 3401 3818 posterior
3429 3750 3507 3804 sit
3534 3766 3599 3805 eo

1953 3827 2019 3881 de
2037 3826 2392 3897 Spectaculis,
2428 3829 2579 3898 quod
2614 3830 2887 3902 deinceps
2919 3836 3431 3907 apparebit;dicat
3452 3839 3597 3893 mihi

330 3931 393 3942 -’
1955 3915 2108 3987 quis,
2143 3920 2336 3970 utrum
2359 3916 2418 3971 in
2450 3916 2550 3971 illo
2572 3936 2871 3989 quoquam
2900 3898 3073 3990 anno,
3132 3926 3235 3995 qui
3274 3926 3499 3981 efﬂuxit
3527 3928 3599 3982 ab

271 3979 347 4026 ms
378 3974 695 4028 “tenditur
714 3972 1237 4026 wntmpamelium
1265 3976 1313 4027 et
1338 3973 1770 4027 Tinemontium'
1954 3972 2044 4071 eo,
2077 3972 2193 4076 quo
2214 4006 2491 4076 scriptum
2515 3972 2945 4079 de‘Spelctaculis
2983 3972 3198 4067 librum
3238 4015 3497 4070 diximus
3528 4016 3598 4069 ad

1957 4111 2176 4149 annum
2209 4096 2502 4166 CCII,quo
2533 4103 2731 4167 emptae
2757 4105 2897 4153 sunt
2928 4101 3210 4156 adversus
3240 4102 3606 4158 Christianos

1958 4182 2300 4250 inimicitiae,
2336 4200 2474 4254 pace
2506 4186 2823 4242 Christiani
2875 4189 2964 4243 usi
3009 4190 3244 4257 fuerint,
3307 4190 3420 4245 nisi
3463 4193 3609 4248 forte

1960 4289 2100 4327 ann.
2134 4272 2267 4339 CCI,
2302 4278 2405 4328 aut
2427 4275 2584 4329 CCII.
2631 4276 2896 4348 Namque
2951 4295 2985 4333 a
3044 4280 3233 4334 reditu
3292 4280 3484 4335 Severi
3540 4298 3610 4335 ex

223 4361 273 4442 de
292 4390 440 4444 Cultu
468 4361 815 4460 feminarum
836 4361 1186 4461 composuit.
1223 4361 1412 4461 utque
1435 4392 1527 4447 his
1558 4410 1670 4448 non
1694 4394 1849 4449 vide-
1961 4361 2156 4469 simi
2182 4362 2542 4469 ad)???”
2573 4364 2681 4419 CCI
2738 4365 2920 4469 Ῑυίῗθθ
2952 4367 3312 4469 ᾳηίδδίδξῳδ
3354 4369 3612 4469 fluxum”

223 4482 359 4533 tura
411 4479 796 4550 suscipienda
853 4478 1251 4549 disputatione
1304 4481 1582 4549 alienum,
1646 4484 1849 4554 paucis

1960 4455 2217 4516 vexatos,
2242 4456 2299 4505 et
2318 4452 2459 4506 ordo
2485 4451 2771 4508 librorum
2806 4455 2974 4511 docet
3032 4473 3066 4511 a
3122 4458 3293 4514 nobis
3351 4460 3409 4513 in
3441 4475 3615 4529 supe-

228 4539 601 4636 pramonere;
638 4567 833 4639 qualis
903 4539 1075 4622 fuerit
1124 4567 1261 4623 olim
1313 4570 1524 4625 horum
1569 4539 1857 4628 lib‘rorum
1890 4558 1936 4622 D
2788 4547 3621 4652 parte,fonsmutufgetfisto‘

228 4630 523 4729 inscriptio,
566 4630 754 4728 vatque
788 4656 1092 4728 dispicere,
1154 4660 1405 4714 fueritne
1464 4662 1749 4731 posterior
1793 4662 1861 4716 li-
1972 4630 2058 4683 ria
2092 4633 2414 4731 mnartymn.‘
2476 4630 3029 4731 8⁰Ῠ¹¹ίί⁸ί¹⁰τξ¹ωηὲῗς
3064 4654 3194 4731 SUQ'
3245 4637 3375 4707 §6)'
3419 4636 3625 4731 ligque

232 4716 553 4801 belluseum
609 4716 791 4801 altero
848 4716 1284 4802 a.Tertulliano
1345 4716 1547 4804 eodem
1604 4757 1865 4823 tempore
1975 4716 2659 4825 E“ﬂf"f‘_’_§°§t9f‘rfem
2699 4721 2835 4825 8"?“
2895 4722 3027 4825 CQ”
3087 4725 3338 4825 priore?
3398 4724 3623 4823 eam"?

235 4832 420 4890 editus.
455 4834 744 4889 Videlicet
793 4834 895 4905 qui
952 4839 1086 4889 ante
1131 4834 1253 4891 Nic.
1320 4838 1637 4910 Rigauium
1687 4806 1865 4897 Ηῑποὲ
1978 4806 2367 4910 fuerit.Severi
2400 4806 2914 4910 edictum-ut.qu
2962 4810 3088 4910 loco
3140 4814 3629 4910 docebimus,

236 4918 553 4978 Tertulliani
588 4894 921 4988 ediderunt,
954 4921 1011 4976 bi
1044 4924 1291 4980 alterum
1318 4894 1645 4983 deuﬂabitu
1668 4894 1867 4985 mulis;
1979 4898 2170 4967 potBSt
2201 4894 2359 4988 pri_0_r
2378 4895 2445 4988 .de
2475 4898 2636 4988 qui!"
2657 4900 2997 4968 feminarum
3019 4901 3255 4957 libellus
3285 4903 3482 4959 editus
3513 4903 3627 4959 alio

240 5007 310 5064 bri
333 5011 625 5079 dicebant,
671 4984 923 5066 alterum
977 5011 1042 5066 de
1090 5014 1237 5068 131
1297 5014 1459 5071 Cultu
1506 5021 1867 5089 feminarum.
1980 4988 2245 5084 témpom
2278 4984 2413 5055 diei’
2439 4984 2657 5089 Pii?“
2692 4988 2977 5089 f8”°3.9°°
3017 4990 3075 5045 in
3107 4990 3298 5047 lucem
3341 4993 3631 5065 posterior

240 5096 333 5153 Sed
359 5100 464 5157 iste
486 5074 807 5173 Rigaltius,
859 5116 992 5155 eum
1025 5101 1248 5172 potitus
1288 5112 1445 5161 esset
1470 5074 1872 5165 vetustissimo
1983 5074 2113 5145 ejus
2146 5074 2478 5146 argumenti
2510 5074 2659 5132 liber
2675 5078 2913 5149 Ρτοάίίῖο

242 5185 326 5243 illo
346 5191 540 5247 codice
563 5189 883 5261 Agobardi,
916 5190 1145 5261 primus
1201 5210 1387 5251 ausus
1438 5204 1526 5253 est
1557 5202 1874 5261 utrumque
2165 5244 2203 5261 ..
2223 5243 2319 5261 ,η
2352 5244 2377 5261 ..
2398 5245 2427 5261 ,.
2594 5246 2607 5261 .
2836 5250 2845 5261 .

244 5204 1876 5357 ξέοςοξιῖιῖολτῖξῖξνῖῖῖεξηυεῖξξλςιξτεέῖῖαυξηεθεέιυέεξῖξῖξ
2165 5244 2207 5297 ι
2220 5243 2319 5301 η
2352 5244 2451 5311 δδ-
2479 5275 2543 5286 -

245 5364 568 5423 dubitamus
626 5368 733 5424 hos
792 5369 974 5424 libros
1030 5388 1148 5426 non
1225 5375 1551 5446 disjunctos
1611 5394 1874 5449 unquam
2059 5378 2349 5440 Quorsum
2385 5378 2505 5434 hac
2536 5380 3087 5441 omnia?Nimirum
3121 5387 3642 5460 utintelligatur,si

242 5454 421 5524 fuisse,
454 5458 559 5514 sed
598 5458 839 5513 unicum
870 5459 1038 5529 quasi
1088 5461 1351 5519 effecisse
1402 5464 1700 5535 volumen,
1760 5483 1877 5521 non
1988 5470 2226 5537 tempus
2257 5468 2459 5540 scripti
2494 5469 2835 5527 alterutrius
2866 5471 2997 5527 libri
3048 5481 3300 5540 constat,
3334 5454 3645 5545 utriusque

247 5542 344 5599 ista
372 5546 563 5601 solum
601 5547 815 5602 codicis
838 5549 1189 5616 Agobardini
1225 5556 1569 5609 auctoritate
1604 5555 1877 5624 moti,sed
1993 5557 2224 5611 etatem
2272 5559 2529 5627 reperiri.
2582 5560 2766 5623 Quam
2832 5561 2905 5615 ob
2962 5580 3079 5617 rom
3141 5570 3205 5618 ut
3257 5542 3642 5618 certissimam

250 5638 398 5691 etiam
432 5642 765 5708 propterea,
789 5637 941 5707 quod
982 5638 1112 5709 ipsa
1142 5638 1349 5697 horum
1402 5642 1684 5700 librorum
1734 5642 1881 5699 ratio
1995 5660 2318 5716 sequamur
2345 5649 2475 5721 ejus
2525 5649 2811 5721 temporis
2858 5650 3342 5722 signiﬁcationem
3388 5650 3448 5704 in
3478 5648 3646 5705 libris

274 4124 370 4179 Sed
403 4125 551 4180 satis
587 4122 689 4178 diu
730 4140 839 4178 nos
870 4125 1061 4179 tenuit
1108 4125 1178 4179 de
1226 4125 1377 4181 libro
1429 4143 1609 4198 super
1640 4127 1849 4183 Corona

221 4211 486 4269 institutio
514 4240 529 4280 ς
566 4214 768 4283 itaque
800 4212 969 4267 nobis
999 4218 1089 4269 est
1132 4217 1565 4286 preperandum
1600 4218 1669 4271 ad
1703 4217 1849 4273 alios

222 4302 477 4368 quosdam
514 4302 725 4366 libros,
759 4305 815 4355 et
844 4317 944 4355 eos
987 4301 1245 4372 quidem,
1280 4319 1427 4373 quos
1456 4304 1849 4360 Tertullianus
