4072 6190
368 295 485 351 175

1436 280 1966 343 DISSER'I‘ATIO
2010 279 2111 339 DE
2157 279 2379 340 VERA
2425 279 2708 341 IETATE

3685 288 3802 350 176

358 421 528 496 ipsis,
561 422 801 476 utemur
828 415 1266 473 calamitatibus
1314 413 1530 486 quibus
1560 417 1688 469 tum
1718 412 2018 485 expositos
2046 415 2103 482 Α
2132 410 2317 484 Igitur
2394 415 2638 485 apparet
2694 411 2961 469 libellum
3036 413 3100 471 de
3153 420 3308 485 Fuga
3351 417 3592 474 demum
3654 425 3794 492 post

358 512 540 568 fuisse
562 508 927 566 Christianos
944 504 1345 562 Tertullianus
1363 504 1739 575 ait,quasque
1756 505 2018 574 tempore

356 619 444 669 eo,
482 617 597 672 quo
632 598 885 655 alterum
916 597 983 653 de
1007 598 1350 667 feminarum
1377 594 1541 649 Cultu
1572 592 1835 649 libellum
1860 609 2017 647 com-

357 693 618 765 poneret,
651 689 766 743 fere
796 687 1033 742 initium
1066 685 1395 756 sumpsisse
1427 683 1549 739 haec
1597 684 1775 738 verba
1812 682 2021 737 docent

358 781 415 853 (l.
444 797 506 847 II,
541 778 744 849 c.13):
780 778 1038 847 Tempora
1099 774 1433 830 Christianis
1493 788 1724 843 semper,
1774 779 1827 827 et
1872 787 2019 825 nunc

357 872 441 926 vel
472 868 738 935 maxime,
770 882 882 922 non
912 881 1072 932 auro,
1105 864 1201 919 sed
1228 866 1379 934 ferro
1408 865 1827 944 transiguntur.
1852 862 2017 917 δίοιδε

358 961 764 1028 martyriorum
792 962 1206 1028 praeparantur.
1245 953 1378 1017 Quae
1411 951 1649 1024 quidem
1667 950 1915 1021 intelligi
1946 950 2017 1004 de

360 1047 661 1119 superiore
691 1044 1160 1101 Christianorum
1202 1041 1503 1097 vexatione
1561 1057 1594 1096 a
1645 1040 1812 1114 plebe
1867 1039 2018 1095 facta

360 1138 682 1207 nequeunt,
716 1135 1044 1205 propterea,
1080 1131 1233 1202 quod
1280 1130 1338 1184 in
1391 1129 1581 1202 priore
1630 1130 1809 1201 hujus
1842 1144 2016 1201 argu-

356 1224 539 1281 menti
572 1224 721 1278 libro
752 1223 824 1278 ad
858 1221 1072 1277 librum
1102 1221 1165 1275 de
1194 1220 1532 1291 Spectaculis
1555 1222 1830 1291 provocat
1858 1219 2013 1289 (0.7).

354 1314 621 1384 Namque
652 1328 757 1384 ego
819 1311 966 1366 mihi
996 1310 1350 1383 persuadere
1383 1309 1537 1363 haud
1574 1325 1845 1381 possum,
1878 1309 2016 1362 Ter-

348 1402 665 1457 tullianum
695 1398 973 1464 voluisse,
1023 1398 1181 1453 hunc
1249 1397 1579 1466 excitando,
1613 1397 1880 1452 Gracum
1941 1395 2016 1451 si-

353 1490 512 1546 milis
553 1488 887 1562 argumenti
946 1487 1163 1542 librum
1213 1487 1569 1559 signiﬁcare,
1630 1485 1909 1557 quoniam
1962 1488 2019 1540 et

351 1580 625 1634 Latinum
657 1579 851 1633 Grmco
886 1575 1281 1648 antiquiorem
1297 1591 1425 1631 esse
1444 1575 1815 1631 ostendimus
1833 1574 1884 1646 (§
1908 1574 2015 1643 14),

350 1672 408 1724 et
440 1669 557 1724 ista
589 1665 939 1722 Tertulliani
972 1665 1322 1734 admonitio,
1359 1680 1477 1735 qua
1509 1663 1649 1736 quid
1683 1681 1716 1718 a
1742 1663 1856 1719 Deo
1888 1679 2016 1718 esse

350 1757 539 1829 possit
559 1756 920 1829 pronuntiat,
966 1756 1200 1811 tametsi
1260 1755 1387 1825 ejus
1447 1754 1528 1809 rei
1587 1753 1810 1809 abusus
1833 1757 2013 1808 Deum

350 1863 469 1902 non
502 1847 718 1903 habeat
748 1849 1067 1911 auctorem,
1094 1844 1153 1898 in
1189 1845 1386 1899 Latino
1416 1843 1483 1899 de
1502 1840 2011 1915 Spectaculislibro

350 1935 589 1990 omnino
623 1935 876 1990 occurrit
906 1935 1056 2005 (cap.
1090 1934 1168 2004 2).
1203 1932 1510 1988 Enimvero
1542 1948 1676 1987 cum
1708 1932 1772 1987 de
1799 1930 2010 2002 Specta-

346 2026 487 2079 culis
511 2023 811 2091 scriberet,
831 2023 1183 2093 jamdudum
1200 2022 1453 2076 summis
1476 2020 1648 2077 malis
1670 2021 2009 2093 afﬂigeban-

345 2119 441 2168 tur
471 2112 813 2179 Christiani,
845 2113 916 2167 de
943 2112 1159 2183 quibus
1186 2127 1257 2167 ne
1288 2112 1463 2166 verbo
1513 2111 1752 2182 quidem
1806 2111 1863 2164 in
1896 2110 2009 2166 isto

345 2202 524 2274 priori
554 2202 617 2258 de
639 2201 801 2257 Cultu
823 2203 1169 2272 feminarum
1218 2200 1369 2256 libro
1430 2199 1716 2271 loquitur,
1770 2204 1828 2255 et
1856 2203 2006 2255 tem-

345 2306 484 2361 pore
516 2289 857 2361 posterioris
886 2288 1068 2344 libelli
1119 2288 1313 2344 denuo
1374 2286 1768 2342 imminebant
1824 2303 2006 2358 quare

344 2396 449 2436 nec
481 2381 551 2436 ad
581 2381 831 2451 priorem
876 2379 988 2434 sub
1035 2382 1244 2434 Severo
1304 2377 1668 2433 vexationem
1713 2376 1912 2432 referri
1942 2375 2003 2430 hi

341 2468 478 2524 libri
529 2468 647 2524 ullo
700 2468 873 2522 modo
905 2470 1173 2540 possunt,
1237 2466 1335 2522 sed
1398 2466 1469 2520 ad
1528 2482 1750 2522 annum
1805 2466 2000 2537 potius

340 2559 402 2614 P.
437 2559 496 2612 C.
531 2559 600 2612 N.
636 2558 766 2625 CCI,
801 2561 903 2612 aut
935 2561 1020 2625 II;
1054 2556 1246 2628 prouti
1278 2554 1411 2627 quis
1440 2554 1578 2610 velit
1628 2554 1784 2611 mala
1840 2554 1998 2610 chri-

338 2647 667 2704 stianorum
702 2652 827 2702 tum
844 2646 1082 2713 orta,vel
1101 2645 1508 2717 impendentia
1537 2644 1999 2715 credere.Neque

340 2753 471 2792 vero
506 2739 613 2803 est,
648 2736 803 2807 quod
836 2734 1280 2790 Tillemontium
1312 2734 1627 2790 audiamus
1659 2734 1995 2806 opinantem

338 2824 397 2895 (1.
432 2841 480 2879 c.
516 2841 572 2896 p.
605 2825 732 2891 210,
766 2828 874 2879 art.
908 2823 1026 2893 VI),
1086 2823 1325 2878 demum
1372 2826 1505 2894 post
1560 2839 1785 2877 annum
1828 2822 1995 2878 CCIII

338 2912 562 2968 editum
623 2930 753 2969 esse
808 2912 1025 2967 librum
1096 2912 1373 2984 priorem,
1429 2912 1809 2983 posteriorem
1861 2928 1995 2967 vero

338 3001 524 3057 multo
564 3006 720 3070 ante,
755 3005 811 3057 et
834 3018 986 3056 anno
1037 3001 1272 3073 quidem
1302 3000 1558 3056 CXCVII.
1618 3005 1758 3056 Eam
1818 3002 1876 3056 in
1928 3018 1993 3056 eo

2128 519 2265 557 ann.
2299 501 2434 569 CCI,
2468 519 2502 557 a
2532 501 2895 558 Tertulliano
2927 502 3151 559 editum
3212 504 3414 561 fuisse.
3458 509 3646 579 Atque
3675 526 3784 583 ego

2125 590 2325 646 nullus
2353 591 2701 647 dubitoeum
2734 592 2950 649 librum
2973 610 3125 649 anno
3158 596 3427 666 sequenti
3456 597 3780 657 vindicare.

2127 679 2410 752 Equidem
2448 681 2560 736 ista
2590 680 2831 737 lenitate
2862 699 2928 737 ac
2974 684 3261 739 modestia
3290 685 3635 742 Tertulliani
3671 706 3787 745 non

2126 774 2277 839 utar,
2311 786 2439 842 quas
2472 769 2662 826 notari
2691 776 2950 827 meretur
2982 772 3039 827 in
3074 772 3249 842 libro,
3277 774 3337 828 in
3370 791 3486 845 quo
3512 779 3792 848 quaestio-

2126 875 2259 914 nem
2291 859 2474 931 ponit,
2507 876 2632 931 quae
2666 860 3051 916 Montanistas
3099 864 3411 934 separabat
3469 881 3504 919 a
3564 868 3789 938 puriori

2126 948 2400 1017 Ecclesia,
2436 950 2652 1020 quibus
2684 954 2879 1005 tamen
2912 967 3046 1006 eum
3107 955 3233 1007 tum
3267 952 3454 1008 fuisse
3485 955 3786 1014 addictum

2126 1054 2297 1093 nemo
2322 1038 2613 1092 dubitabit
2645 1040 2789 1109 (22),
2824 1039 3015 1095 dicere
3046 1040 3201 1096 enim
3259 1042 3392 1113 quis
3419 1050 3636 1114 posset,
3672 1048 3792 1103 Ter-

2124 1127 2451 1195 tullianum,
2476 1143 2609 1183 cum
2642 1128 2715 1182 ad
2746 1144 2879 1183 eum
2906 1129 3021 1183 ista
3071 1130 3483 1201 perscriberet,
3532 1132 3635 1204 qui
3667 1139 3793 1190 sta-

2126 1216 2225 1270 bat
2255 1233 2286 1271 a
2316 1216 2583 1289 partibus
2616 1216 3094 1289 orthodoxorum,
3155 1236 3216 1275 se
3277 1219 3514 1291 quidem
3562 1227 3790 1296 tempe-

2126 1322 2289 1361 rasse
2318 1323 2350 1361 a
2375 1306 2567 1361 verbis
2603 1306 2943 1363 durioribus
2973 1306 2996 1361 ?
3050 1311 3200 1364 Sane
3253 1310 3485 1374 gravius
3545 1310 3787 1384 aliquod

2125 1398 2540 1466 argumentum
2563 1395 2824 1467 positum
2857 1400 2947 1452 est
2976 1396 3035 1451 in
3072 1413 3139 1453 eo
3163 1400 3484 1470 quod,cum
3517 1406 3788 1458 nostrum

2124 1483 2390 1540 libellum
2422 1485 2639 1553 ederet,
2692 1486 2819 1556 jam
2889 1486 3133 1558 coepisse
3179 1488 3447 1558 quaedam
3505 1490 3789 1548 adversus

2124 1573 2489 1629 Christianos
2522 1574 2743 1646 ﬂagitia
2773 1575 3003 1630 dixerit.
3038 1580 3127 1632 Ita
3156 1578 3315 1632 enim
3346 1578 3595 1635 orditur.
3629 1582 3787 1650 Quae-

2124 1665 2247 1718 sisti
2273 1664 2543 1735 proxime,
2565 1665 2703 1720 Fabi
2749 1667 2946 1735 frater,
3000 1666 3335 1736 fugiendum
3383 1684 3552 1724 necne
3608 1671 3678 1725 sit
3727 1672 3790 1727 in

2120 1754 2509 1824 persecutione,
2571 1754 2712 1824 quod
2766 1755 2947 1809 nescio
3016 1754 3149 1827 quid
3205 1758 3662 1813 annuntiaretur.
3716 1760 3787 1815 Et

2122 1840 2295 1914 paulo
2324 1846 2492 1913 post:
2529 1844 2675 1897 Hanc
2703 1844 2996 1898 materiam
3046 1850 3098 1898 et
3151 1851 3247 1899 tua
3276 1847 3602 1903 consultatio
3632 1863 3779 1904 com-

2119 1930 2400 1986 mendavit
2418 1934 2469 1987 et
2490 1932 2739 1987 conditio
2769 1937 3080 2003 temporum
3110 1949 3209 1989 suo
3257 1935 3379 2006 jam
3434 1937 3657 1991 nomine
3686 1939 3777 1991 in-

2116 2022 2322 2082 iunxit.
2352 2021 2564 2089 Quanto
2594 2023 2740 2077 enim
2799 2023 3208 2094 frequentiores
3260 2025 3555 2080 imminent
3597 2042 3780 2097 persc-

2116 2114 2378 2181 cutiones,
2410 2112 2561 2166 tanto
2592 2112 2935 2167 examinatio
2976 2112 3329 2183 procuranda
3385 2122 3485 2181 est,
3519 2115 3784 2185 quomodo

2114 2214 2205 2254 eas
2225 2201 2481 2265 accipere
2510 2199 2641 2269 ﬁdes
2677 2199 2885 2255 debeat.
2942 2200 3236 2272 Denique:
3273 2202 3400 2259 Haec
3453 2204 3613 2274 palea
3643 2205 3776 2273 illa,

2113 2303 2233 2359 quae
2263 2297 2314 2343 et
2354 2304 2504 2343 nunc
2552 2289 2909 2345 Dominicam
2966 2306 3153 2345 aream
3190 2295 3411 2362 purgat,
3471 2293 3775 2349 Ecclesium

2109 2379 2343 2449 scilicet,
2376 2381 2667 2449 confusum
2697 2396 2953 2435 acervum
2983 2380 3233 2450 fidelium
3281 2383 3609 2455 eventilans,
3640 2385 3771 2453 fru-

2109 2478 2357 2524 mentum
2380 2477 2712 2540 martyrum,
2754 2478 2804 2525 et
2829 2470 3019 2541 paleas
3067 2473 3409 2542 negatorum.
3449 2474 3559 2529 Sed
3599 2490 3758 2545 quae-

2108 2574 2245 2612 nam
2268 2557 2764 2631 hicintelligenda
2801 2558 2877 2614 sit
2906 2559 3243 2615 christianie
3300 2561 3536 2617 familiae
3591 2579 3760 2619 vexa-

2103 2646 2208 2713 tio,
2241 2647 2534 2703 neminem
2563 2648 2762 2719 fugere
2792 2653 3000 2720 potest,
3044 2649 3145 2721 qui
3202 2650 3561 2723 superiorem
3593 2651 3759 2708 illam

2105 2753 2241 2791 ann.
2267 2736 2525 2804 CXCVII,
2580 2737 2965 2809 posteriorem
3023 2755 3162 2795 ann.
3222 2739 3362 2796 CCII
3420 2742 3760 2813 contigisse,

2105 2829 2371 2880 nostrum
2403 2842 2533 2881 vero
2565 2825 2832 2881 libellum
2857 2830 2987 2897 post
3031 2827 3334 2899 opiniones
3375 2828 3761 2885 Montanista-

2102 2930 2235 2969 rum
2265 2932 2297 2969 a
2328 2914 2680 2971 Tertulliano
2695 2921 2999 2987 susceptas
3023 2917 3307 2989 scriptum
3339 2935 3468 2973 esse
3493 2919 3760 2975 animad-

2100 3003 2355 3058 verterit.
2416 3004 2601 3076 Igitur
2649 3005 2720 3059 ad
2777 3005 2955 3060 finem
3015 3006 3131 3061 fere
3172 3023 3308 3062 ann.
3355 3007 3498 3063 CCII
3536 3009 3755 3064 editam

336 3091 484 3161 loco,
516 3106 690 3161 quem
723 3090 992 3145 excitavit
1020 3090 1154 3162 (21),
1185 3106 1346 3161 seque
1369 3094 1564 3162 potest
1592 3089 1991 3146 Tertullianus
2030 3158 2063 3166 _
2100 3108 2231 3147 esse
2260 3092 2412 3148 hanc
2442 3093 2506 3149 de
2534 3096 2685 3163 Fuga
2708 3093 3173 3166 disputationem
3206 3096 3460 3153 dicimus
3502 3099 3757 3153 maxime

331 3158 585 3252 priorem
603 3177 794 3233 Severi
827 3193 896 3232 ex
926 3158 1197 3232 Parthiae
1229 3158 1481 3232 reditum
1506 3181 1605 3232 aut
1636 3177 1989 3249 legationem
2022 3158 2063 3225 (ἶ
2103 3185 2430 3253 propterea,
2483 3158 2635 3251 quod
2687 3158 2838 3237 anno
2893 3182 3211 3254 incipiente
3278 3186 3520 3241 Severus
3564 3186 3759 3242 adhuc

331 3266 647 3337 quamdam
694 3265 1051 3322 Parthorum
1110 3265 1388 3321 habuisse
1436 3266 1493 3321 in
1550 3266 1771 3334 animo,
1815 3283 1993 3338 quam

332 3356 496 3411 illam
528 3356 598 3411 de
629 3354 864 3410 Parthis
890 3354 1191 3411 victoriam
1224 3355 1634 3426 posteriorem.
1669 3357 1828 3420 Quod
1859 3373 1993 3412 vero

335 3460 574 3501 causam
600 3443 860 3516 aliquam
883 3460 1012 3500 esse
1036 3444 1175 3500 dicit
1206 3443 1500 3513 credendi,
1535 3445 1717 3500 istum
1748 3444 1990 3511 librum,

337 3552 513 3608 quem
545 3552 653 3591 nos
685 3536 1066 3607 posteriorem
1107 3534 1380 3607 dicimus,
1426 3535 1610 3592 multo
1672 3539 1805 3591 ante
1863 3552 1991 3593 esse

336 3625 641 3699 scriptum,
672 3642 850 3697 quam
883 3625 1130 3681 alterum
1163 3624 1449 3694 ediderit;
1484 3625 1554 3681 de
1588 3641 1674 3694 eo,
1710 3625 1989 3698 quoniam

336 3714 708 3773 Tillemontio
732 3733 847 3772 non
908 3715 1131 3788 placuit
1187 3716 1316 3787 ejus
1364 3715 1655 3786 opinionis
1705 3717 1989 3774 rationem

336 3810 597 3878 reddere,
646 3808 814 3865 nobis
862 3806 1123 3864 vicissim
1182 3806 1373 3879 placet
1426 3807 1632 3863 tandiu
1699 3809 1987 3878 dubitare,

333 3899 528 3971 quoad
560 3899 690 3969 ejus
713 3898 944 3970 generis
975 3897 1197 3969 aliquid
1212 3897 1566 3969 productum
1587 3898 1659 3953 ab
1693 3897 1806 3954 alio
1840 3916 1987 3971 quo-

332 3988 472 4044 dam
503 3987 847 4044 viderimus.

400 4178 428 4244 §
455 4175 510 4232 7.
553 4206 613 4218 —
644 4176 804 4232 Liber
831 4173 897 4231 de
925 4175 1074 4244 Fuga
1099 4173 1552 4301 incpgfisecutione
1595 4173 1911 4232 vindicatur

988 4261 1121 4300 ann.
1298 4285 1310 4298 .

988 4261 1121 4300 ann.
1157 4261 1310 4300 UOH.

398 4372 596 4431 Eidem
630 4372 879 4446 tempori
903 4389 1072 4429 suam
1088 4388 1322 4445 quoque
1337 4371 1625 4444 originem
1644 4372 1815 4428 debet
1831 4372 1979 4431 liber

2104 3269 2278 3325 fuerit
2308 3270 2365 3324 in
2396 3270 2559 3342 Syria
2587 3276 2890 3340 versatus;
2925 3273 3082 3327 unde
3116 3273 3208 3329 vix
3248 3273 3363 3329 dici
3400 3278 3590 3346 potest
3621 3279 3756 3332 ante

2102 3360 2426 3414 confectam
2458 3359 2711 3415 mediam
2744 3361 2873 3432 ejus
2920 3360 3058 3417 anni
3084 3366 3310 3434 partem
3343 3380 3513 3420 suam
3549 3365 3751 3421 adver-

2102 3465 2205 3505 sus
2234 3448 2599 3506 Christianos
2629 3449 2818 3521 legem
2840 3449 3070 3507 tulisse.

2100 3592 2217 3659 §8.
2269 3622 2340 3633 —
2393 3594 2763 3648 Emaminatur
2814 3593 3100 3665 popularis
3147 3598 3423 3651 sententia
3483 3597 3549 3654 de
3605 3600 3748 3654 libro

2167 3665 3010 3741 ScorpiacelibrisTertulliani
3054 3666 3128 3741 ad
3182 3669 3515 3741 Marcionem
3563 3675 3745 3741 poste-

2167 3737 2334 3802 riore,
2383 3736 2551 3809 deque
2608 3738 2726 3808 ejus
2772 3738 3030 3793 adversus
3070 3738 3213 3795 hunc
3246 3738 3409 3796 libris
3446 3736 3750 3813 depérditis

2166 3808 2499 3881 disputatur.

2166 3924 2330 3980 Nunc
2363 3925 2698 3981 accedimus
2720 3925 2791 3980 ad
2811 3924 3154 3981 Tertulliani
3191 3926 3746 3999 Scorpiacen,quam

2094 4014 2332 4086 quidem
2391 4031 2544 4070 anno
2592 4012 2752 4069 CCIV
2802 4030 3064 4070 asserere
3140 4016 3386 4087 ejusque
3439 4020 3744 4073 sententias

2091 4103 2375 4159 rationem
2437 4104 2679 4159 reddere
2722 4103 3104 4161 decrevimus.
3166 4105 3329 4171 Quod
3397 4122 3544 4178 opus
3608 4123 3742 4164 cum

2088 4192 2520 4265 aggrediamur,
2556 4209 2671 4248 non
2701 4192 3044 4249 dubitamus
3096 4193 3218 4249 fore
3276 4193 3603 4267 plerosque,
3639 4198 3739 4268 qui

2086 4282 2259 4338 istam
2291 4282 2643 4338 sententiam
2676 4286 2937 4337 nostram
2962 4282 3208 4338 minime
3230 4283 3580 4340 audiendam
3608 4301 3739 4341 esse

2084 4371 2303 4427 dicant.
2339 4370 2561 4426 Etenim
2595 4375 2711 4426 stat
2745 4371 2861 4426 fere
2891 4371 3186 4441 omnibus,
3231 4389 3381 4443 quos
3428 4374 3543 4429 ista
3571 4374 3643 4429 de
3674 4392 3735 4431 re

323 4464 390 4519 de
411 4467 560 4535 Fuga
576 4465 637 4519 in
662 4465 1059 4535 persecutione.
1092 4463 1255 4527 Quod
1288 4465 1699 4533 argumentum
1732 4463 1854 4532 jam
1910 4464 1971 4521 in
2083 4461 2353 4517 novimus
2384 4461 2775 4532 disputantes,
2828 4461 3171 4532 Scorpiacem
3220 4462 3565 4518 Tertulliani
3605 4479 3734 4520 esse

318 4553 418 4608 illo
477 4534 541 4608 de
610 4534 819 4607 COrona
905 4551 1052 4607 alias
1122 4550 1549 4621 disputandum
1621 4552 1971 4622 promiserat
2000 4534 2047 4599 D
2079 4547 2461 4619 perscriptam
2485 4552 2614 4618 post
2644 4548 2831 4603 editos
2863 4548 3101 4603 demum
3135 4548 3439 4621 libros,qui
3468 4552 3731 4608 adversus

318 4642 471 4715 (cap.
502 4642 554 4709 1)
591 4642 802 4711 :cujus
833 4640 943 4695 loci
984 4640 1163 4695 verba
1212 4639 1449 4695 tametsi
1499 4640 1570 4696 ad
1626 4640 1971 4712 Scorpiacem

320 4732 517 4804 potius
539 4730 809 4786 nonnulli
860 4729 1161 4785 referenda
1218 4730 1569 4801 putaverint,
1628 4734 1717 4786 est
1773 4734 1969 4789 tamen

313 4822 440 4892 jam
472 4820 603 4876 aliis
633 4820 1027 4890 observatum,
1054 4820 1211 4892 quod
1273 4818 1520 4893 intelligi
1576 4819 1699 4875 haec
1731 4822 1966 4893 quidem

321 4927 437 4965 non
483 4910 670 4981 possit
726 4912 1053 4981 propterea,
1105 4910 1259 4981 quod
1318 4926 1445 4965 eam
1505 4908 1815 4982 hareticis,
1865 4914 1967 4969 sed

316 4997 483 5055 illam
511 4998 578 5055 de
605 5003 761 5070 Fuga
791 4999 1345 5055 commentationem
1405 4998 1705 5055 timiditati
1764 5017 1966 5058 eorum

316 5089 612 5162 opposuit,
636 5088 735 5161 qui
766 5092 932 5145 erant
960 5089 1113 5145 133
1143 5088 1284 5145 socii
1311 5089 1643 5145 orthodoxae
1674 5089 1963 5149 Ecclesiae.

407 5274 637 5347 21)Lib.
671 5292 708 5343 ι,
744 5292 792 5331 c.
820 5276 873 5330 6.
909 5276 1284 5331 Gemmarum
1316 5291 1550 5346 quoque
1594 5275 1958 5333 nobilitatem

310 5347 571 5403 vidimus
596 5352 789 5402 Romae
822 5349 891 5402 de
906 5349 1140 5421 fastidio
1166 5347 1517 5403 Parthorum
1550 5350 1607 5401 et
1636 5348 1957 5421 Medorum,

2081 4638 2409 4692 Marcionem
2452 4640 2651 4692 nostro
2685 4636 2876 4692 adhuc
2906 4640 3168 4710 tempore
3191 4639 3520 4709 habentur;
3553 4642 3731 4712 idque

2078 4726 2352 4781 videntur
2381 4724 2493 4781 sibi
2526 4730 2589 4781 ut
2621 4725 3023 4797 praescriptum
3056 4731 3112 4782 et
3162 4728 3330 4799 quasi
3374 4729 3729 4801 imperatum

2080 4815 2389 4871 defendere
2417 4830 2545 4871 eam
2577 4814 2648 4871 ob
2680 4832 2943 4885 causam,
2976 4817 3132 4887 quod
3184 4818 3242 4873 in
3304 4819 3510 4890 quinta
3566 4821 3730 4876 Scor-

2075 4906 2255 4977 piaces
2277 4903 2532 4961 sectione
2564 4904 2941 4961 Marcionitas
2968 4906 3050 4960 ait
3078 4906 3353 4964 didicisse
3381 4925 3415 4963 a
3439 4925 3520 4976 se,
3548 4913 3728 4965 Deum

2077 5011 2252 5049 suum
2283 5011 2410 5050 esse
2433 4996 2671 5064 bonum,
2706 5011 2883 5067 quam
2917 5012 3041 5050 rem
3072 5001 3225 5052 certe
3267 4997 3327 5052 in
3360 4998 3549 5069 primo
3580 4997 3726 5054 alte-

2074 5099 2256 5157 roque
2284 5088 2475 5139 contra
2503 5085 2847 5141 Marcionem
2890 5083 3040 5141 libro
3090 5101 3158 5141 ex
3214 5085 3486 5143 instituto
3519 5087 3722 5161 dispu-

2074 5274 2145 5348 ad
2169 5289 2321 5348 quos
2339 5274 2515 5348 frater
2540 5272 2635 5328 ille
2665 5273 3013 5348 pertinebat,
3045 5274 3136 5329 cui
3168 5274 3384 5331 librum
3417 5275 3722 5348 inscripsit

2073 5346 2142 5417 (c.
2176 5347 2265 5413 1);
2300 5346 2552 5415 Spiritus
2583 5350 2858 5415 praeterea
2878 5346 3117 5417 effatum
3177 5349 3249 5403 ad
3308 5346 3715 5405 testimonium

309 5424 765 5490 caeterorumque
796 5419 1101 5490 gentilium
1135 5436 1384 5475 suorum
1442 5435 1638 5475 coram
1670 5416 1958 5479 matronis
2070 5416 2211 5472 uitat
2242 5421 2389 5490 (cap.
2411 5418 2467 5487 9)
2499 5418 2651 5490 quod
2698 5433 2830 5490 cum
2865 5416 2942 5490 in
3001 5435 3164 5475 sacro
3218 5421 3413 5476 codice
3474 5438 3585 5477 non
3619 5438 3715 5476 oc-

309 5492 775 5549 erubescentem.

382 5567 492 5637 (22)
524 5565 885 5637 Argumento
917 5579 1046 5637 esse
1091 5559 1611 5637 potest__P_aracleti
1666 5563 1956 5637 Montani-

308 5632 533 5696 starum
565 5632 1247 5707 commemoratio,quem
1262 5632 1401 5690 dicit
1430 5649 1546 5691 non
1563 5634 1743 5707 recipi
1774 5636 1954 5708 abiis,

2068 5494 2282 5553 currat,
2318 5489 2474 5544 haud
2508 5488 2685 5543 dubie
2728 5488 2978 5561 Spiritus
3045 5491 3441 5549 Montanistici
3483 5498 3569 5549 est
3602 5509 3616 5561 ;
3644 5493 3717 5549 de

2066 5578 2177 5632 quo
2208 5561 2406 5629 etiam,
2439 5577 2487 5616 ο.
2516 5561 2538 5615 1
2574 5564 2630 5617 et
2661 5576 2710 5615 c.
2747 5562 2811 5616 14
2838 5560 3117 5633 loquitur.
