4088 6192
124 76 127 79 ·
142 66 521 113 ’βυτ-θηέ-

277 412 378 470 1⁵17

1089 400 1187 459 AC
1233 393 1629 456 DOCTRINA
1676 383 2179 449 SGRIPTORUM
2224 379 2751 445 TERTULLIANI

3530 368 3647 429 178

272 540 409 599 tavit.
478 540 663 608 Atque
740 548 846 606 ego
922 547 1037 586 non
1114 529 1320 601 ignoro
1379 526 1561 581 libros
1630 521 1891 577 adversus
1921 516 2277 586 Avolumus
2334 511 2560 571 astricti
2616 507 2823 575 teneri,
2878 519 3057 576 quam
3114 502 3255 573 quid
3310 501 3419 556 hac
3476 500 3537 556 in
3587 517 3649 556 re

273 632 581 692 Marcionem,
614 624 873 696 primum
906 620 1137 685 saltem,
1170 623 1239 672 A.
1272 616 1480 681 CCVII,
1522 616 1623 669 aut
1652 610 1887 675 CCVIII,

268 721 461 777 editum
518 733 550 771 a
601 711 959 769 Tertulliano
1036 710 1240 776 fuisse,
1315 706 1566 776 ideoque
1621 706 1679 758 et
1732 700 1890 755 134

266 806 466 866 veritati
486 807 941 861 consentaneum
961 799 1147 855 videri
1179 796 1346 867 illud,
1370 796 1527 867 quod
1557 792 1891 863 Scorpiacen

268 915 398 956 anno
428 896 660 952 demum
690 891 904 949 CCVIII
934 894 1036 947 aut
1065 892 1269 961 postea
1298 884 1566 942 ediderit.
1611 882 1722 938 Sed
1754 895 1888 935 cum

265 1003 470 1060 semper
496 984 816 1056 requiram,
871 980 1012 1053 quid
1050 979 1125 1034 sit
1169 977 1229 1033 in
1263 991 1497 1049 quaque
1545 989 1605 1029 re
1637 970 1891 1027 maxime

262 1059 556 1153 probabile,
615 1074 725 1129 hoc
781 1072 841 1127 in
901 1072 1247 1142 argumento
1308 1069 1529 1138 quanta
1581 1062 1668 1118 vis
1725 1059 1888 1127 insit,

262 1177 428 1250 placet
448 1174 700 1246 quodam
734 1169 907 1226 modo
938 1167 1283 1241 expendere.
1308 1168 1456 1221 Cum
1488 1159 1889 1218 Tertullianus

260 1269 489 1323 adtersus
520 1264 847 1319 Marcionem
880 1258 1097 1314 librum
1130 1256 1416 1330 primum,
1471 1269 1646 1325 quem
1681 1266 1885 1323 super-

262 1356 434 1412 stitem
464 1354 773 1418 habemus,
808 1354 1203 1421 componeret,
1229 1345 1357 1418 jam
1393 1342 1631 1415 quidem
1681 1340 1795 1413 ipsi
1826 1354 1889 1394 se

262 1446 542 1503 scribendo
610 1442 705 1498 his
780 1442 1158 1513 opposuerat,
1240 1436 1342 1492 sed
1425 1449 1604 1489 unam
1681 1431 1888 1486 harum

262 1533 824 1599 commentationum,
860 1546 994 1585 cum
1028 1531 1231 1601 postea
1278 1524 1600 1598 pleniorem
1631 1521 1701 1576 de
1732 1536 1799 1574 ea
1830 1534 1891 1573 re

262 1624 697 1698 disputationem
720 1618 1106 1687 instituisset,
1131 1614 1391 1682 rescidit,
1421 1613 1665 1669 alteram
1691 1606 1892 1664 amisit

259 1697 440 1771 fraude
471 1712 811 1784 cujusdam,
865 1708 965 1781 qui
1016 1723 1146 1763 eam
1187 1704 1542 1776 descriptam
1590 1717 1726 1756 cum
1758 1697 1890 1753 aliis

262 1804 789 1861 communicaverat.
824 1799 1012 1869 Hujus
1064 1797 1265 1851 damni
1312 1791 1667 1850 resarciendi
1714 1803 1893 1844 causa

259 1911 342 1950 eos
368 1910 521 1949 nunc
571 1892 857 1948 adversus
915 1889 1247 1943 Marcionem
1302 1884 1485 1938 libros
1545 1878 1890 1952 superstites
1921 1906 1969 1973 Β

258 1983 574 2048 elaboravit,
608 1986 669 2037 et
720 1978 979 2051 primum
1038 1976 1276 2048 quidem
1308 1989 1461 2028 anno
1519 1968 1713 2026 Severi
1743 1967 1886 2038 imp.

255 2072 347 2139 XV,
380 2076 439 2127 ut
468 2072 594 2142 ipse
647 2068 862 2123 fatetur
892 2067 951 2121 in
1000 2082 1067 2121 eo
1124 2063 1271 2119 libro
1303 2064 1373 2133 (c.
1409 2061 1515 2131 15),
1581 2058 1640 2113 in
1672 2074 1787 2129 quo
1818 2057 1889 2111 de

250 2161 313 2216 iis
340 2178 455 2233 quas
490 2160 670 2215 modo
713 2156 990 2222 diximus,
1040 2152 1308 2226 exposuit
1337 2153 1410 2223 (c.
1464 2152 1533 2214 1).
1568 2149 1701 2213 Quae
1754 2163 1886 2201 cum

251 2250 428 2307 animo
458 2249 732 2321 cogitem,
786 2246 1033 2303 dubium
1064 2245 1321 2317 profecto
1372 2241 1626 2308 videtur,
1686 2241 1886 2293 utrum

250 2340 634 2397 Tertullianus
663 2338 725 2394 in
758 2337 926 2407 libro,
974 2351 1149 2407 quem
1183 2333 1509 2405 Scorpiacen
1549 2327 1883 2402 appellavit,

248 2455 332 2496 eos
361 2440 615 2512 respexit
647 2438 929 2493 adversus
972 2451 1107 2490 eum
1155 2433 1359 2499 libros,
1393 2430 1494 2503 qui
1551 2429 1623 2485 ad
1655 2430 1884 2483 aetatem

249 2534 487 2585 nostram
534 2545 657 2585 non
720 2528 1126 2599 pervenerunt,
1186 2541 1260 2579 an
1310 2538 1409 2578 eos
1466 2518 1681 2592 potius,
1741 2533 1888 2590 quos

244 2619 576 2692 superstites
610 2634 740 2674 esse
770 2616 1043 2672 novimus
1070 2639 1083 2682 ;
1115 2616 1281 2669 erant
1311 2610 1469 2667 enim
1502 2608 1584 2663 illi
1616 2608 1885 2678 ejusdem

247 2708 580 2781 argumenti.
615 2708 749 2764 Jam
782 2722 888 2779 ego
921 2722 1037 2760 non
1090 2704 1350 2775 disputo,
1393 2699 1535 2773 quid
1585 2698 1663 2754 sit
1692 2714 1759 2753 ex
1792 2697 1885 2752 his

247 2798 568 2871 eligendum
598 2815 613 2866 ;
649 2797 802 2869 quod
833 2794 1136 2867 apparebit
1182 2809 1288 2848 suo
1320 2791 1481 2859 loco;
1532 2790 1633 2845 sed
1665 2788 1722 2843 id
1755 2786 1885 2859 qui-

247 2887 363 2942 dem
394 2886 782 2942 manifestum
818 2901 946 2941 esse
991 2899 1196 2939 omnes
1226 2882 1447 2945 vident,
1498 2878 1653 2951 quod
1707 2877 1888 2933 dubia

246 2976 313 3031 sit
338 2977 449 3032 ista
478 2973 938 3049 argumentandi
968 2972 1114 3028 ratio
1146 2987 1367 3037 eorum,
1402 2970 1501 3041 qui
1551 2984 1720 3024 secus
1752 2983 1885 3022 sen-

245 3067 406 3135 tiunt,
438 3072 497 3123 et
530 3082 748 3139 parum
780 3063 1036 3136 praesidii
1067 3060 1325 3117 inveniat
1350 3059 1407 3114 in
1430 3062 1774 3130 argumento
1798 3072 1886 3121 eo,

246 3157 386 3226 quod
434 3172 503 3211 ex
563 3155 722 3210 facta
780 3154 897 3209 ista
952 3148 1504 3207 commemoratione
1562 3150 1762 3219 posset
1814 3143 1887 3201 ad

242 3244 441 3300 librum
476 3261 639 3300 anno
666 3242 900 3310 CCVIII,
926 3246 1029 3297 aut
1060 3239 1444 3311 sequentibus
1464 3234 1886 3291 vindicandum

244 3333 384 3388 duci.
415 3334 625 3405 Neque
656 3332 849 3387 obstat
907 3329 1224 3402 quominus
1276 3327 1389 3383 ista
1437 3326 1508 3381 de
1566 3341 1626 3380 re
1658 3323 1887 3379 dubite-

244 3438 381 3490 mus,
431 3423 759 3494 Ho/fmanni
813 3418 1138 3491 responsio,
1185 3434 1299 3488 qua
1352 3415 1753 3470 Tillemontium
1794 3411 1889 3466 hic

243 3505 550 3581 prudenter
581 3510 957 3565 haesitantem
989 3506 1233 3577 excepit.
1270 3526 1298 3555 «
1341 3504 1623 3569 Primum,
1676 3499 1887 3569 inquit,

243 3610 370 3666 diss.
401 3612 501 3666 cit.
537 3613 568 3679 §
602 3610 691 3677 14,
754 3626 814 3680 p.
861 3607 952 3671 44,
1012 3603 1387 3678 opusculum,
1447 3606 1512 3657 ut
1558 3599 1726 3666 exile,
1764 3599 1891 3671 ipse

246 3699 594 3771 suppressit,
635 3696 884 3753 alterum
910 3696 1092 3750 invito
1124 3692 1508 3757 Tertulliano,
1532 3706 1665 3744 cum
1698 3687 1889 3743 adhuc

246 3789 374 3844 rude
404 3804 514 3844 nec
564 3786 719 3843 satis
768 3784 1124 3841 exasciatum
1176 3787 1351 3850 esset,
1394 3780 1596 3835 fraude
1648 3776 1890 3833 alterius

247 3878 559 3950 vulgatum,
620 3893 727 3933 nec
756 3892 791 3931 a
837 3874 1113 3946 Septimio
1163 3873 1431 3944 agnitum
1490 3874 1614 3937 est;
1654 3866 1892 3923 tertium

247 3984 348 4023 non
378 3970 593 4024 exstat.
630 3965 761 4022 Jam
793 3981 926 4020 cum
956 3964 1053 4019 vix
1079 3960 1397 4018 verisimile
1442 3959 1520 4015 sit
1549 3972 1892 4031 provocasse

246 4056 670 4113 Tcrtullianum
725 4056 799 4110 ad
859 4070 989 4110 eam
1046 4049 1451 4109 controversiae
1482 4046 1889 4103 Marcioniticae

246 4147 675 4214 tractationem,
709 4160 888 4217 quam
916 4142 1043 4215 ipse
1092 4140 1421 4214 suppressit
1447 4138 1536 4194 vel
1584 4151 1889 4208 nunquam

248 4238 487 4306 agnovit,
522 4238 807 4308 superest
848 4235 913 4288 ut
956 4230 1363 4303 intelligantur
1409 4227 1567 4293 libri,
1601 4227 1703 4297 qui
1735 4240 1892 4280 nunc

245 4323 295 4378 in
324 4326 610 4381 manibus
645 4322 865 4380 nostris
892 4325 1054 4377 sunt.
1097 4342 1125 4369 ››
1160 4323 1348 4389 Atque
1378 4317 1472 4373 hic
1504 4315 1745 4387 quidem
1775 4330 1890 4369 non

246 4412 391 4469 lubet
425 4414 640 4471 multis
670 4417 871 4469 notare
902 4428 988 4480 ea,
1022 4426 1149 4481 quae
1181 4409 1251 4464 de
1298 4406 1482 4463 altera
1511 4406 1685 4461 istius
1716 4420 1892 4475 argu-

245 4504 410 4559 menti
442 4501 952 4560 commentatione
979 4499 1365 4554 Hoﬁ‘mannus
1398 4513 1513 4552 non
1553 4494 1695 4551 satis
1722 4508 1890 4549 accu-

247 4598 359 4649 rate
386 4594 687 4668 disputat,
722 4589 890 4663 quasi
934 4606 1020 4659 ea,
1071 4605 1205 4644 cum
1253 4587 1542 4657 ederetur,
1602 4600 1708 4640 nec
1747 4581 1892 4638 satis

1998 606 2399 664 rectissimum
2447 603 2527 658 sit
2565 596 2985 673 judicavimus,
3038 594 3196 649 haud
3244 588 3559 646 verisimile
3587 589 3647 645 id

1998 714 2126 754 esse
2181 697 2385 763 fateor,
2448 692 2603 766 quod
2660 686 3060 745 Tertullianus
3119 682 3376 755 aliquem
3432 678 3651 734 librum

1999 802 2385 860 suppressum
2431 782 2521 839 vel
2569 780 2835 854 agnitum
2886 790 3213 846 nunquam,
3248 771 3307 826 in
3368 768 3654 841 Scorpiace

1995 859 2340 933 laudaverit.
2373 873 2480 931 Sed
2504 871 2660 929 istud
2693 870 2781 925 fac
2804 867 3068 923 nondum
3101 879 3230 919 esse
3261 859 3649 932 exploratum,

1998 972 2065 1023 ut
2118 970 2208 1023 est
2261 978 2415 1030 vere,
2472 962 2733 1031 adeoque
2789 958 2936 1013 forte
2991 958 3126 1010 ante
3184 950 3313 1006 illos
3373 948 3652 1019 scriptam

1998 1055 2325 1127 Scorpiacen
2349 1066 2512 1119 esse;
2556 1049 2737 1105 citare
2786 1044 3045 1118 primum
3096 1039 3466 1108 alterumque
3497 1034 3646 1091 I35

1995 1145 2267 1202 volumen
2295 1151 2487 1199 contra
2506 1139 2858 1205 Marcionem,
2887 1148 3043 1189 nunc
3062 1129 3353 1187 amissum
3386 1125 3650 1197 quidem,

1997 1236 2141 1294 satis
2172 1232 2475 1291 commode
2506 1228 2695 1302 potuit
2722 1243 2735 1295 ;
2768 1224 3028 1297 primum
3059 1219 3217 1276 enim
3271 1213 3645 1288 opusculum,
3693 1248 3697 1249 κ

2000 1330 2065 1382 ut
2093 1325 2175 1381 ait
2223 1324 2349 1396 ipse
2404 1318 2826 1383 Tertullianus,
2885 1313 3124 1368 demum
3170 1308 3417 1379 pleniore
3470 1310 3651 1377 postea

1996 1415 2386 1487 compositione
2410 1408 2653 1479 rescidit,
2687 1411 2745 1463 et
2794 1402 2960 1461 citari
3014 1400 3071 1455 id
3128 1397 3368 1470 quidem
3402 1398 3647 1466 poterat,

1999 1522 2132 1561 cum
2164 1500 2509 1561 accuratiori
2541 1496 2802 1555 oratione
2845 1492 3107 1550 nondum
3141 1487 3259 1542 haec
3308 1485 3650 1557 persecutus

1997 1594 2226 1650 fuisset.
2258 1593 2442 1657 Quam
2466 1590 2539 1646 ob
2563 1603 2685 1643 rem
2708 1586 2768 1641 in
2793 1583 2907 1640 isto
2935 1576 3271 1637 Hot‘fmanni
3301 1576 3649 1647 argumento

1998 1684 2088 1741 vel
2119 1700 2187 1740 ea
2211 1684 2331 1753 jam
2354 1686 2635 1751 tanquam
2660 1692 2797 1732 vera
2819 1675 3294 1738 sumuntur,quze
3318 1663 3489 1736 plane
3511 1663 3653 1717 sunt

1999 1775 2059 1829 in
2092 1770 2505 1837 controversia,
2540 1766 2624 1823 vel
2670 1764 3085 1835 relinquuntur
3113 1757 3173 1811 in
3205 1754 3397 1810 medio
3429 1750 3647 1823 potius.

1998 1864 2161 1928 Quod
2191 1862 2240 1918 si
2267 1860 2412 1916 illud
2447 1863 2554 1925 est,
2589 1873 2728 1914 sane
2778 1855 2907 1925 ejus
2956 1849 3365 1920 argumentum
3411 1840 3561 1897 redit
3588 1840 3649 1895 in

1999 1953 2199 2010 orbem
2228 1970 2241 2020 ;
2274 1950 2366 2006 sin
2396 1948 2526 2015 hoc,
2560 1950 2761 2001 nostra
2791 1942 3029 2015 quidem
3061 1933 3352 1994 sententia
3392 1947 3512 1986 non
3561 1931 3652 1984 est

1999 2018 2241 2097 inferior
2263 2036 2733 2095 Hofl‘manniana.
2759 2031 3126 2097 Sed,remota
3151 2026 3261 2081 hac
3283 2018 3647 2087 difﬁcultate,

1999 2149 2126 2204 quae
2159 2128 2350 2186 fraudi
2392 2126 2561 2183 nobis
2590 2139 2719 2181 esse
2766 2123 3015 2194 poterat,
3050 2114 3281 2188 scriptae
3329 2112 3649 2183 Scorpiaces

1997 2226 2227 2278 aetatem
2258 2235 2414 2276 nunc
2445 2233 2551 2290 age
2581 2213 2955 2271 deﬁniamus.

1998 2394 2109 2468 §9.
2142 2426 2211 2437 ——
2254 2392 2580 2464 Scorpiacen
2624 2368 2965 2515 αητι.ἳϐἰ11ν
3008 2381 3275 2453 scriptam
3320 2390 3432 2433 esse
3477 2373 3646 2445 conﬁ-

2734 2476 2783 2515 cz
2812 2476 2897 2513 ur.

2734 2476 2897 2515 cztur.

2066 2626 2210 2676 Cum
2261 2616 2682 2680 Tertullianus,
2741 2630 2866 2686 quae
2912 2612 2981 2667 de
3038 2604 3303 2680 martyrii
3358 2600 3644 2675 dignitate

1996 2710 2297 2783 disputare
2353 2709 2412 2763 in
2470 2706 2585 2763 ista
2640 2702 2945 2775 Scorpiace
2999 2698 3251 2762 volebat,
3306 2693 3367 2751 in
3418 2692 3644 2748 litteras

1995 2780 2256 2867 referret,
2313 2802 2481 2853 erant
2535 2795 2779 2850 deorum
2850 2788 3105 2846 cultores
3176 2785 3235 2839 in
3294 2780 3647 2838 Christianis

1996 2888 2264 2945 funditus
2296 2884 2560 2941 delendis
2591 2880 2861 2952 occupati
2888 2904 2902 2947 ;
2926 2878 3081 2949 quod
3114 2875 3451 2930 universum
3482 2872 3651 2927 docet

1998 2980 2413 3050 argumentum
2472 2974 2651 3043 hujus
2707 2969 2887 3026 libelli
2920 2968 2993 3024 iis
3054 2963 3340 3021 haereticis
3372 2960 3648 3032 Oppositi,

1998 3047 2124 3140 qui,
2152 3082 2275 3121 cum
2306 3064 2438 3136 fides
2484 3065 2772 3128 aestuaret,
2823 3062 2877 3114 et
2916 3055 3161 3112 Ecclesia
3208 3051 3272 3107 de
3316 3051 3496 3119 figura
3524 3047 3655 3101 rubi

1996 3158 2351 3223 cxureretur,
2411 3151 2709 3223 suscipere
2784 3150 3023 3219 propter
3097 3141 3438 3213 religionem
3497 3133 3655 3192 mala

2001 3254 2172 3321 turpe
2205 3246 2496 3319 putabant
2527 3244 2597 3315 (c.
2629 3242 2700 3313 1).
2745 3235 3097 3310 Hujusmodi
3148 3232 3305 3289 mala
3326 3233 3451 3303 jam
3482 3244 3655 3301 opor-

2001 3344 2083 3395 tet
2113 3336 2487 3394 atrocissima
2520 3333 2725 3398 tuisse,
2760 3334 2825 3385 ut
2852 3329 3027 3383 verba
3064 3321 3407 3379 Tertulliani
3455 3322 3656 3375 osten-

1999 3429 2166 3497 dunt,
2214 3443 2340 3497 quas
2389 3425 2449 3479 in
2508 3423 2714 3479 eadem
2771 3420 3024 3474 sectione
3086 3412 3363 3484 subjicit:
3411 3411 3477 3464 Et
3504 3424 3655 3462 nunc

1992 3517 2295 3589 praesentia
2343 3528 2532 3568 rerum
2590 3514 2665 3566 est
2712 3507 2921 3563 medius
2968 3502 3157 3571 ardor,
3212 3500 3334 3571 ipsa
3383 3494 3653 3553 canicula

1996 3586 2413 3679 persecutionis,
2474 3601 2541 3656 ab
2614 3601 2729 3671 ipso
2786 3597 3001 3653 scilicet
3069 3588 3456 3663 cynocephalo.
3497 3586 3645 3640 Alios

2000 3675 2169 3767 ignis,
2204 3696 2342 3750 alios
2364 3690 2602 3764 gladius,
2635 3689 2775 3744 alios
2824 3685 3012 3741 bestiae
3053 3681 3395 3740 Christianos
3444 3675 3649 3747 proba-

1998 3761 2214 3853 verunt,
2249 3761 2577 3853 etcaAtque
2628 3777 2723 3832 hic
2775 3773 3005 3831 nullum
3038 3773 3128 3827 est
3185 3766 3454 3834 dubium,
3487 3761 3648 3853 quin

2000 3850 2383 3946 intelligenda
2413 3850 2496 3927 sit
2535 3866 2758 3923 vexatio
2808 3881 2896 3932 ea,
2957 3878 3083 3933 quae
3125 3861 3259 3931 post
3311 3851 3501 3912 Severi
3528 3850 3649 3908 edi-

2000 3968 2163 4022 ctum
2198 3943 2663 4023 vexardescebat;
2717 3952 3011 4025 siquidem
3069 3950 3218 4005 hanc
3248 3946 3465 4002 librum
3518 3943 3651 4013 post

2000 4052 2169 4109 illum
2200 4052 2266 4107 de
2294 4054 2433 4123 fuga
2458 4048 2519 4104 in
2550 4043 2953 4119 persecutione
3000 4036 3352 4110 composuit.
3384 4033 3651 4102 Namque

2002 4119 2430 4199 Tertullianu'm
2464 4136 2738 4208 nuspiam
2786 4132 3044 4205 legimus
3091 4126 3458 4199 probantem,
3494 4119 3648 4190 quod

1998 4232 2146 4288 tales
2203 4234 2438 4302 propter
2494 4224 2834 4296 religionem
2892 4217 3257 4275 calamitates
3314 4217 3496 4267 Deum
3545 4223 3648 4261 au-

2001 4295 2223 4377 ctorem
2270 4295 2623 4390 agnoscant,
2663 4311 2779 4367 nisi
2826 4310 2887 4364 in
2946 4308 3058 4364 isto
3106 4304 3173 4360 de
3231 4304 3382 4371 Fuga
3424 4295 3645 4366 libello,

2000 4411 2247 4481 ejusque
2281 4387 2342 4462 in
2374 4404 2581 4478 primis
2614 4400 2783 4458 tertia
2829 4396 3123 4463 sectione;
3172 4409 3292 4465 qua
3344 4393 3545 4447 tamen
3576 4387 3649 4441 de

2000 4516 2061 4556 re
2092 4478 2163 4555 se
2176 4498 2303 4569 jam
2336 4494 2519 4551 fuisse
2548 4490 2688 4549 olim
2720 4488 3184 4546 commentatum
3223 4481 3305 4540 ait
3346 4480 3409 4537 in
3439 4478 3649 4551 quarta

1999 4563 2318 4660 Scorpiaces
2366 4582 2642 4641 sectione.
2675 4579 2809 4647 Sed,
2860 4580 2925 4632 ut
2954 4577 3025 4631 de
3068 4577 3235 4630 aetate
3290 4570 3472 4640 hujus
3509 4563 3649 4621 libri

248 4680 536 4740 elaborata
568 4682 770 4750 fuerit,
804 4696 911 4736 nec
939 4698 973 4736 a
1000 4677 1279 4751 Septimio
1328 4678 1545 4750 agnita.
1592 4674 1711 4729 Hoc
1741 4675 1894 4728 certe
1923 4666 1970 4731 D
2001 4656 2263 4751 pres-sius
2296 4676 2510 4741 dicam,
2566 4684 2810 4744 prorsus
2858 4682 2993 4723 eum
3038 4662 3309 4721 existimo
3358 4656 3650 4732 prodiisso

252 4787 353 4827 non
384 4773 579 4846 capio,
616 4771 910 4844 quomodo
941 4769 1128 4842 possit
1157 4768 1215 4823 id
1256 4784 1287 4823 e
1316 4764 1659 4823 Tertulliani
1700 4761 1894 4819 verbis

247 4858 510 4936 intelligi,
545 4861 655 4934 qui
708 4862 851 4917 hanc
896 4875 1126 4932 quoque,
1171 4856 1385 4928 inquit,
1435 4855 1680 4913 nondum
1708 4870 1894 4909 exem-

250 4950 433 5019 plariis
452 4950 847 5023 suﬂeclamm.
880 4966 953 5017 c.,
988 4947 1251 5004 nondum
1295 4944 1566 5018 pluribus
1598 4943 1895 5000 codicibus

251 5038 649 5114 descriptam),
707 5040 803 5097 sed
858 5054 964 5094 uno
1016 5041 1232 5093 tantum
1289 5035 1466 5106 (quod
1524 5035 1575 5090 is
1631 5032 1896 5104 abstulit)

247 5127 430 5195 fraude
459 5136 603 5186 tunc
626 5128 847 5203 fratris,
880 5127 1078 5183 dehinc
1117 5129 1376 5198 apostatae
1420 5125 1600 5195 amisi,
1633 5124 1728 5195 qui
1755 5125 1899 5193 forte

248 5216 611 5291 descripserat
658 5218 912 5293 quaedam
957 5215 1371 5272 mendacissime
1416 5218 1467 5269 et
1496 5214 1747 5269 exhibuit
1783 5214 1895 5283 fre-

248 5313 498 5377 quentia.
536 5309 754 5365 Omnia
787 5323 940 5363 nunc
972 5307 1044 5363 ab
1094 5305 1444 5362 Hot‘fmanno
1473 5303 1713 5359 tametsi
1744 5306 1898 5358 recte

249 5394 393 5453 dicta
423 5398 736 5465 dederim;
794 5401 1014 5465 tamen,
1066 5395 1115 5450 si
1168 5395 1226 5449 in
1278 5394 1405 5464 ejus
1454 5397 1800 5466 argumento
1832 5410 1899 5448 ea

248 5496 474 5559 sumpta
497 5493 667 5555 sunt,
700 5504 826 5560 quae
850 5487 1088 5541 demum
1120 5483 1391 5540 concludi
1410 5484 1899 5549 debebant,omne

249 5572 383 5631 illud
447 5583 873 5650 argumentum
932 5573 1080 5630 nihil
1138 5574 1367 5630 efficere
1410 5590 1581 5630 nemo
1639 5572 1896 5645 negabit.

248 5672 420 5743 igitur
447 5674 501 5730 si
535 5675 653 5731 ista
708 5675 984 5748 opinione
1036 5673 1107 5728 de
1161 5671 1350 5741 libris,
1400 5674 1501 5746 qui
1559 5675 1896 5745 supersunt,

253 5762 507 5819 adversus
559 5764 906 5836 Marcionem,
959 5761 1245 5835 Scorpiace
1298 5762 1723 5835 superioribus,
1765 5763 1899 5817 ante

2005 4748 2142 4825 ann.
2175 4768 2353 4823 CCIV.
2387 4764 2494 4820 Ubi
2519 4761 2777 4835 primum
2824 4755 2969 4813 mihi
3010 4755 3119 4811 hoc
3168 4752 3512 4823 argumento
3539 4748 3647 4835 est,

2006 4858 2183 4930 quod,
2215 4872 2345 4912 cum
2377 4834 2667 4909 Eusebius
2698 4852 2770 4919 II,
2804 4848 2865 4902 E.
2889 4846 2989 4913 VI,
3017 4862 3067 4899 c.
3099 4844 3153 4910 2,
3188 4842 3279 4897 ed.
3313 4834 3647 4906 Cantabrig.

2006 4925 2062 5020 p.
2094 4925 2223 5014 257,
2254 4944 2619 5000 calamitates
2651 4956 2685 4995 a
2710 4944 2918 4993 Severo
2949 4949 3186 4991 summa
3222 4931 3276 4985 vi
3307 4925 3653 4984 Christianis

2005 5017 2200 5093 illatas
2230 5050 2358 5091 esse
2390 5031 2653 5101 dixisset,
2705 5034 2759 5083 et
2788 5026 2873 5081 ita
2921 5023 3184 5095 quidem,
3217 5025 3282 5076 ut
3330 5017 3502 5073 multi
3529 5017 3653 5087 jam

2004 5123 2354 5181 Antichristi
2385 5122 2703 5179 adventum
2734 5114 3309 5187 appropinquantem
3340 5108 3658 5181 putarent;

2004 5232 2196 5287 neque
2226 5215 2276 5270 is
2308 5215 2652 5286 ipse,neque
2677 5206 2810 5279 quis
2834 5203 2984 5260 alius
3008 5202 3363 5274 scriptorum
3392 5199 3657 5253 veterum

2007 5307 2122 5362 alia
2168 5304 2327 5361 mala
2374 5300 2587 5357 litteris
2640 5292 3091 5368 consignaverit,
3142 5294 3349 5364 przeter
3408 5302 3497 5354 ea,
3531 5300 3659 5358 quae

2008 5414 2161 5454 anno
2212 5395 2408 5453 Severi
2455 5390 2703 5458 decimo,
2754 5387 2865 5444 sub
2914 5386 3086 5454 Laeto,
3136 5384 3342 5439 Africae
3392 5376 3658 5453 praeside,

2009 5489 2350 5545 christianis
2382 5485 2768 5557 contigerunt,
2802 5484 2857 5535 et
2905 5494 3057 5534 anno
3105 5474 3377 5549 sequenti
3427 5472 3661 5528 auctore

2008 5579 2239 5651 Aquila,
2274 5577 2520 5651 praeside
2560 5573 2825 5645 ejusdem
2877 5568 3185 5641 provinciae
3235 5562 3466 5651 (Euseb.
3520 5560 3568 5651 1,
3605 5572 3654 5609 c.

2008 5645 2145 5736 0:3,
2179 5686 2236 5741 p.
2268 5645 2415 5740 ἑϐί).
2457 5670 2604 5722 Nam
2635 5661 2791 5735 quod
2844 5658 2967 5714 haec
2998 5674 3063 5714 eo
3111 5672 3262 5713 anno
3309 5645 3655 5741 exstiterint,

2008 5734 2138 5830 ipse
2165 5734 2454 5815 Eusebius
2484 5734 2673 5822 docet,
2723 5748 2824 5821 qui
2854 5747 3146 5820 Originem
3194 5749 3322 5800 tum
3380 5734 3653 5794 catechu-
