4072 6190
362 311 477 371 179
1442 317 1962 380 DlSSERTATlO
2009 320 2033 378 Ι

2158 320 2361 379 VERA
2412 323 2696 383 IETATE
3656 328 3773 388 180

362 443 554 499 menis
609 443 994 501 instituendis
1052 448 1389 519 priefectum
1450 450 1631 509 fuisse
1684 452 2010 516 confirmat,
2041 453 2095 519 Α
2124 457 2187 508 Ρ.
2222 456 2280 508 C.
2315 453 2381 509 N.
2419 454 2603 510 CCIV.
2637 458 2827 527 Atque
2860 456 2943 512 sic
2975 455 3137 512 nulla
3187 456 3274 512 vis
3306 457 3555 512 infertur
3583 460 3777 515 verbis

361 533 504 587 dum
536 532 744 604 Aquila
793 551 854 590 se
906 536 1267 592 incremento
1326 538 1669 594 Christianae
1717 540 2015 613 religionis
2125 542 2493 610 Tertulliani,
2526 562 2653 616 quae
2686 545 2946 616 quidem,
2970 547 3017 602 si
3042 546 3081 600 ii
3115 546 3394 602 ludiediti
3427 547 3777 620 Carthagine

359 624 490 692 ejus
536 623 790 679 asseclas
839 624 1102 681 laedendo
1156 628 1506 699 opponebat,
1565 646 1821 701 eumque
1877 648 2015 685 xvm
2125 630 2425 700 dicuntur,
2470 634 2565 687 ubi
2616 634 2903 705 Carthago
2958 635 3085 706 ipsa
3116 635 3354 706 prmmio
3404 653 3517 690 non
3552 642 3780 708 poterat

360 727 651 768 annorum
685 713 886 784 fuisse,
918 732 1051 770 cum
1074 733 1206 772 eum
1234 735 1347 773 xvn
1378 719 1564 775 aetatis
1586 736 1807 775 annum
1831 719 2018 791 egisse
2127 718 2353 790 donari,
2388 738 2501 776 non
2535 723 2679 779 satis
2709 723 2855 778 bene
2886 723 3154 779 videntur
3183 724 3490 781 cohaerere.

363 800 615 901 ᾳίκίξδθέ
640 820 705 859 eo
730 808 1019 901 ,ίθωΡοτθν
1208 812 1373 880 Pater
1390 810 1530 901 ‘ej‘lﬁ
1565 810 1818 866 Ῐιεοηίίίεε
1843 810 2017 865 morti
2126 825 2156 897 §
2191 826 2275 880 10.
2309 859 2377 867 -
2408 829 2564 882 Libri
2600 834 2661 897 ν,
2696 831 2792 900 qui
2819 840 3108 901 supersunt
3158 832 3426 886 adversus
3453 832 3781 887 Marcionem

365 892 697 949 traderetur
723 893 791 965 (c.
846 896 901 959 2,
948 913 1003 967 p.
1055 897 1205 970 258),
1256 898 1409 970 quod
1460 900 1677 955 factum
1736 905 1826 956 est
1865 917 2018 956 anno

369 980 596 1037 decimo
627 984 840 1039 Severi.
876 985 1006 1041 Jam
1040 986 1089 1042 si
1122 988 1222 1059 qui
1255 992 1450 1044 tamen
1487 994 1739 1062 pergunt
1768 989 2018 1062 opinari,

370 1074 637 1126 nostrum
713 1072 975 1130 libellum
1040 1076 1323 1147 scriptum
1382 1095 1509 1133 esse
1565 1096 1703 1134 ann.
1764 1079 2017 1153 CCVIII;

371 1160 570 1215 dicant
600 1162 744 1217 mihi
776 1170 989 1231 tamen,
1026 1182 1283 1237 quonam
1324 1168 1459 1238 jure
1490 1169 1542 1222 ei
1600 1186 1752 1225 anno
1783 1168 2025 1225 calami-

374 1252 523 1305 tates
600 1252 855 1308 maxima
932 1254 1401 1313 Christianorum
1459 1259 1687 1329 possint
1743 1276 2022 1329 asserere,

379 1354 629 1409 quarum
664 1341 828 1397 nulla
857 1346 1052 1399 tamen
1077 1346 1230 1415 apud
1262 1350 1479 1402 veteres
1501 1347 1813 1419 scriptores
1840 1352 2027 1404 exstat

383 1430 711 1485 memoria?
743 1434 865 1498 Quo
898 1435 1051 1489 186
1090 1435 1215 1489 loco
1255 1435 1397 1491 libet
1444 1437 1721 1492 admirari
1766 1443 1849 1493 tot
1887 1438 2027 1493 doc-

383 1516 751 1575 tissimorum
779 1522 1036 1577 virorum
1058 1523 1375 1593 levitatem,
1402 1528 1524 1597 qui,
1557 1543 1687 1582 cum
1721 1526 1901 1583 semel
1924 1527 2030 1581 im-

382 1606 672 1664 bibissent
728 1611 1062 1682 opinionem
1119 1614 1182 1670 de
1252 1614 1537 1685 Scorpiace
1592 1615 1759 1672 libris
1813 1617 2031 1672 nostris

383 1706 575 1755 contra
606 1702 946 1755 Marcionem
976 1703 1314 1774 posteriore,
1337 1704 1501 1759 obliti
1534 1712 1672 1761 sunt
1702 1708 1851 1777 ejus,
1875 1707 2028 1778 quod

385 1784 528 1839 nihil
558 1787 635 1841 sit
666 1788 725 1842 in
756 1787 1001 1845 historia
1030 1791 1285 1862 turpius,
1320 1808 1497 1863 quam
1531 1798 1744 1848 temere
1775 1794 2029 1848 credere.

390 1874 538 1929 Nam
570 1877 619 1931 si
652 1893 757 1948 ego
788 1887 935 1934 duas
967 1880 1290 1936 sententias
1322 1882 1455 1936 ferri
1506 1882 1756 1949 videam,
1791 1883 2035 1939 alteram

388 1963 767 2034 opinabilem,
802 1969 902 2023 sed
954 1968 1115 2024 nullo
1162 1975 1421 2025 veterum
1481 1971 1832 2043 scriptorum
1874 1973 2037 2028 testi-

391 2052 579 2108 monio
623 2054 1014 2125 efﬁciendam,
1073 2056 1315 2113 alteram
1367 2060 1450 2113 ita
1506 2065 1926 2131 comparatam,
1974 2066 2038 2116 ut

389 2157 506 2211 prie
564 2158 626 2198 se
685 2143 831 2200 ferat
887 2144 995 2201 hoc
1051 2146 1311 2202 veritatis
1370 2149 1745 2219 praesidium:
1806 2150 2033 2222 quidni,

384 2230 587 2287 relicta
616 2231 739 2304 illa,
774 2234 926 2290 hanc
970 2239 1293 2308 sequerer?
1336 2238 1511 2308 Atqui
1543 2239 1651 2293 hoc
1706 2244 1914 2311 prazsto
1947 2246 2036 2297 est

383 2328 821 2392 argumentum,
884 2324 1061 2396 idque
1138 2328 1522 2397 premendum
1601 2329 1776 2383 etiam
1858 2334 2033 2400 atque

382 2410 579 2482 etiam,
611 2412 903 2483 siquidem
936 2418 1137 2484 postea
1170 2416 1623 2486 ostenderimus,
1656 2417 1873 2473 librum
1904 2423 2032 2474 Ter-

380 2499 612 2555 tulliani
644 2502 716 2556 de
750 2501 927 2557 Pallio
954 2519 1082 2559 esse
1112 2502 1170 2557 in
1202 2522 1425 2560 annum
1474 2505 1685 2561 CCVIII
1716 2509 2029 2579 conjicien-

383 2589 545 2643 dum.
580 2589 847 2661 Namque
880 2592 937 2646 in
969 2608 1034 2647 eo
1068 2594 1137 2662 (c.
1191 2593 1241 2665 1)
1268 2594 1476 2665 gaudeo
1517 2612 1606 2651 vos
1654 2596 1864 2668 inquit,
1900 2596 2032 2652 Car-

383 2676 777 2746 thaginienses,
840 2684 949 2735 tam
1021 2698 1309 2754 prosperos
1384 2687 1708 2756 temporum,
1776 2703 1898 2741 cum
1955 2689 2034 2742 ita

382 2772 560 2835 vacat,
622 2786 685 2824 ac
732 2771 917 2841 juvat,
974 2772 1195 2827 habitus
1247 2773 1525 2829 denotare.
1599 2776 1759 2830 Paci:
1823 2775 1942 2833 haec
1982 2785 2033 2832 et

384 2872 624 2914 annona:
672 2860 810 2929 otia,
843 2860 910 2915 ab
943 2862 1172 2931 imperio
1192 2865 1244 2918 et
1271 2880 1308 2917 α
1336 2864 1472 2919 caelo
1493 2866 1629 2920 bene
1655 2869 1752 2921 est.
1786 2864 1893 2921 Ubi
1917 2882 2031 2937 quo

389 2946 561 3002 modo
594 2947 996 3004 Tertullianus
1025 2951 1314 3021 potuisset
1351 2953 1631 3024 temporis
1674 2955 2033 3026 prosperita-

386 3037 503 3091 tem
535 3052 1014 3109 commemorare,
1048 3042 1149 3094 aut
1196 3041 1267 3095 ad
1316 3057 1408 3097 res
1441 3042 1661 3098 nullius
1710 3042 1880 3115 plane
1908 3060 2033 3099 mo-

386 3124 592 3194 menti,
625 3126 829 3198 quales
874 3134 1015 3183 sunt
1064 3128 1188 3185 ista:
1220 3131 1291 3186 de
1344 3129 1517 3200 pallio
1562 3148 1751 3203 nugae,
1785 3133 2034 3188 descen-

2200 914 2432 973 quorum
2491 902 2707 971 primus
2742 904 3009 973 refertur
3072 902 3144 957 ad
3199 920 3333 957 ann.
3405 902 3611 973 CCVII,
3679 908 3779 959 aut

2203 970 2406 1026 CCVIII
2424 990 2447 1035 ;
2466 970 2691 1029 emeras
2720 970 2904 1031 dubiae
2923 976 3111 1031 aetatis
3138 990 3254 1030 esse
3282 974 3523 1031 docetur.

2201 1081 2417 1133 Praeter
2446 1077 2601 1134 hunc
2632 1079 2977 1135 Tertulliani
3012 1080 3228 1135 librum
3261 1084 3582 1150 supersunt
3610 1096 3679 1135 ex
3709 1079 3785 1135 iis

2134 1166 2229 1237 qui
2265 1167 2464 1239 scripti
2496 1172 2657 1236 sunt,
2691 1185 2824 1223 cum
2867 1170 2994 1239 jam
3024 1169 3097 1224 ab
3147 1168 3482 1225 orthodoxis
3534 1169 3781 1241 degene-

2134 1259 2341 1321 rasset,
2376 1256 2642 1312 Adversus
2689 1256 3019 1312 Marcionem
3071 1256 3204 1311 libri
3248 1274 3302 1323 v,
3356 1273 3503 1327 quos
3536 1256 3785 1311 dubium

2136 1361 2249 1399 non
2300 1352 2386 1399 est
2442 1345 2607 1417 argui
2665 1346 3211 1401 Montanisticorum
3270 1362 3535 1401 errorum
3591 1363 3786 1417 posse.

2137 1434 2383 1501 Etenim,
2418 1433 2467 1489 si
2500 1435 2752 1489 maxime
2785 1436 2963 1491 dubia
2994 1436 3290 1491 videretur
3333 1435 3519 1506 ipsius
3558 1434 3788 1490 Tertul-

2137 1520 2278 1576 liani
2312 1524 2595 1594 professio
2649 1523 2771 1595 (lib.
2825 1541 2900 1590 iv,
2953 1541 3002 1579 c.
3056 1526 3169 1594 22),
3227 1541 3343 1595 qua
3392 1540 3531 1579 suos
3562 1524 3701 1578 dicit
3730 1528 3790 1578 et

2137 1611 2449 1683 Psychicos
2514 1614 2657 1667 137
2718 1614 2777 1666 in
2834 1612 2961 1668 loco
3019 1613 3090 1667 de
3147 1613 3368 1667 Ecstasi
3428 1612 3788 1678 dissentire;

2141 1718 2328 1771 neque
2359 1701 2490 1773 quis
2522 1702 2777 1757 visorum
2812 1702 3095 1757 rationem
3128 1701 3342 1757 habere
3382 1701 3537 1767 velit,
3573 1703 3791 1773 quibus

2140 1789 2255 1845 ista
2284 1791 2535 1858 decreta,
2572 1791 2672 1857 ait,
2731 1791 3076 1846 confirmata
3129 1790 3310 1846 luisse
3368 1790 3430 1862 (l.
3467 1808 3552 1857 ιιι,
3598 1807 3648 1845 c.
3680 1792 3790 1858 24;

2146 1896 2199 1947 v,
2229 1896 2279 1935 c.
2328 1879 2420 1950 8):,
2482 1879 2760 1951 quoniam
2819 1896 3023 1935 omnes
3072 1878 3169 1935 isti
3216 1884 3409 1936 contra
3466 1879 3797 1935 Marcionem

2144 1967 2276 2024 libri
2311 1985 2425 2023 non
2459 1973 2598 2023 sunt
2630 1986 2744 2024 uno
2776 1975 3037 2039 tempore
3064 1968 3201 2023 editi
3228 1985 3239 2024 :
3294 1974 3492 2024 tamen
3550 1968 3609 2023 in
3640 1967 3789 2023 libro

2144 2059 2275 2128 ejus
2306 2058 2637 2129 argumenti
2660 2058 2846 2128 primo
2876 2057 3507 2129 Montanidisciplinam
3533 2062 3590 2112 et
3618 2074 3790 2113 suam

2145 2146 2302 2217 dicit,
2336 2155 2390 2202 et
2420 2163 2482 2202 se
2513 2148 2746 2202 decreta
2776 2164 2881 2201 sua
2929 2148 2999 2202 de
3043 2147 3337 2219 fugiendis
3369 2146 3634 2218 repetitis
3682 2164 3792 2201 nu-

2144 2235 2280 2307 ptiis
2306 2242 2541 2291 auctore
2562 2235 2860 2292 Paracleto
2883 2236 3293 2291 defendentem
3320 2237 3393 2308 (c.
3417 2237 3506 2306 29)
3533 2253 3548 2303 ;
3571 2252 3637 2290 ac
3665 2236 3796 2307 ipsa

2142 2325 2425 2397 temporis
2458 2325 2602 2380 ratio
2657 2326 2825 2380 docet
2879 2342 3012 2379 eum
3047 2325 3263 2380 librum
3315 2326 3600 2397 scriptum
3642 2340 3794 2394 esse,

2142 2421 2456 2486 postquam
2513 2432 2547 2469 a
2605 2414 2866 2485 partibus
2921 2415 3415 2471 Montanistarum
3478 2415 3605 2486 jam
3664 2429 3796 2469 esse

2143 2512 2415 2575 cmperat.
2450 2504 2529 2559 De
2578 2521 2694 2575 quo
2727 2503 2908 2559 altero
2959 2503 3108 2574 loco,
3142 2520 3316 2575 quem
3367 2502 3795 2575 disputandum

2143 2593 2532 2665 sumpsimus,
2565 2610 2696 2648 cum
2734 2593 3001 2649 dubitare
3048 2610 3119 2648 ne
3152 2593 3209 2646 in
3264 2597 3522 2648 mentem
3554 2591 3792 2663 quidem

2142 2682 2366 2739 venerit
2397 2682 2599 2737 multis
2630 2699 2832 2737 eorum
2882 2682 2982 2753 qui
3033 2682 3091 2736 in
3145 2682 3476 2737 deﬁnienda
3506 2680 3794 2736 librorum

2143 2771 2491 2828 Tertulliani
2541 2776 2707 2827 aetate
2764 2772 3125 2838 laborarunt,
3180 2777 3238 2827 et
3293 2773 3366 2826 ab
3419 2770 3552 2826 aliis
3608 2770 3795 2825 multa

2143 2878 2446 2933 perperam
2474 2861 2632 2916 dicta
2684 2861 2822 2929 sint,
2878 2859 3156 2916 subtilius
3185 2861 3451 2916 videmur
3492 2860 3697 2928 nobis,
3733 2873 3794 2912 re

2143 2952 2356 3023 smpius
2387 2951 2663 3021 cogitata.
2722 2950 3024 3022 disputare
3080 2950 3309 3005 debere.
3363 2953 3552 3021 Atque
3609 2955 3673 3003 ut
3720 2948 3795 3002 de

2142 3039 2291 3095 libro
2323 3040 2511 3112 primo
2545 3040 2802 3111 primum
2852 3040 3139 3107 dicamus,
3200 3055 3370 3095 nemo
3402 3043 3493 3094 est
3537 3038 3637 3108 qui
3664 3038 3795 3108 ejus

2142 3134 2368 3184 aetatem
2400 3135 2834 3185 controversam
2866 3146 2993 3185 esse
3049 3130 3225 3185 dicat.
3253 3133 3428 3184 Recte
3466 3128 3705 3199 quidem
3738 3130 3797 3182 et

384 3214 520 3269 dere
576 3216 648 3270 ob
680 3217 840 3287 pacis
898 3218 1036 3283 otia,
1083 3218 1132 3273 si
1189 3220 1549 3290 gravissimis
1605 3226 1729 3277 tum
1782 3221 2035 3277 fuissent
2065 3206 2107 3272 C
2146 3219 2290 3273 satis
2322 3218 2468 3273 bene
2499 3242 2513 3285 ;
2547 3225 2635 3272 est
2673 3220 2829 3273 enim
2880 3224 3081 3291 aperta
3110 3220 3240 3290 ejus
3293 3218 3375 3272 rei
3429 3221 3486 3272 et
3526 3216 3798 3289 capitalis

385 3302 843 3360 Christianorum
876 3307 1262 3376 calamitates,
1297 3308 1501 3380 quales
1533 3326 1632 3366 eas
1654 3311 1712 3365 in
1742 3313 2032 3383 Scorpiace

384 3391 697 3465 depingit?
730 3396 931 3467 Itaque
963 3413 1141 3468 quam
1187 3398 1285 3452 alii
1317 3399 1434 3453 fere
1479 3400 1881 3471 quinquennio
1912 3405 2033 3456 tar-

384 3481 516 3537 dius
549 3487 833 3563 putarunt
883 3487 1165 3558 scriptam
1223 3484 1570 3560 Scorpiaeen,
1632 3491 1797 3560 prius
1828 3490 2035 3562 utique

385 3570 671 3640 prodiisse
721 3574 1008 3642 arbitror,
1065 3594 1239 3647 quam
1298 3577 1448 3644 istae,
1506 3596 1634 3649 qua:
1692 3584 2031 3652 supersunt,

385 3660 666 3718 adversus
697 3666 1039 3720 Marcionem
1065 3665 1516 3738 disputationes,
1542 3673 1599 3722 et
1626 3685 1776 3723 anno
1796 3670 2033 3739 quidem

386 3748 551 3805 CClll
583 3755 682 3806 aut
707 3752 902 3821 CCIV;
951 3756 1120 3825 cujus
1169 3755 1487 3812 Eusebium
1536 3762 1746 3812 testem
1779 3758 2035 3813 rectissi-

389 3855 551 3893 mum
606 3840 912 3911 habemus,
972 3844 1071 3913 qui
1132 3861 1423 3916 nusquam
1484 3845 1541 3899 id
1600 3846 1839 3916 quidem
1894 3847 2036 3902 dicit

389 3929 647 3997 omnino,
682 3931 803 3997 sed,
858 3931 939 3985 uti
997 3931 1275 4001 vidimus,
1325 3951 1449 4004 quae
1506 3934 1665 4002 dicit,
1716 3935 1870 3990 idem
1920 3936 2036 3991 fere

388 4018 725 4074 ostendunt.
778 4019 886 4075 Ubi
939 4020 1080 4076 mihi
1143 4022 1379 4093 quidem
1442 4023 1623 4094 magis
1681 4023 1872 4095 placet
1926 4024 2036 4079 iste

387 4108 670 4177 posterior
700 4126 912 4175 annus,
964 4116 1199 4181 propter
1230 4111 1400 4167 ludos
1430 4129 1577 4183 quos
1624 4130 1808 4183 nuper
1837 4114 2036 4169 admo-

387 4196 527 4252 dum
558 4198 744 4254 editos
791 4199 1189 4255 Tertullianus
1247 4200 1389 4255 dicit
1433 4202 1565 4273 (23).
1627 4204 1787 4266 Quod
1822 4203 1870 4258 si
1903 4204 2036 4275 quis

386 4285 623 4342 malevit
653 4287 839 4343 editos
886 4289 1118 4344 credere
1167 4289 1226 4343 in
1276 4288 1694 4347 decennalibus
1744 4292 1935 4348 Severi
1981 4296 2038 4348 et

386 4375 662 4431 Caracalli
696 4376 1263 4449 quinquennalibus,
1294 4395 1408 4433 non
1443 4381 1778 4451 repugnabo
1830 4382 2036 4437 admo-

388 4462 568 4530 dum;
604 4465 880 4535 quoniam
912 4465 969 4521 id
1015 4466 1160 4522 satis
1220 4471 1308 4521 est
1349 4485 1382 4521 a
1441 4468 1791 4538 Spanhemio,
1822 4469 1943 4526 viro
1974 4471 2033 4525 in

2142 3306 2479 3363 Tertulliani
2512 3308 2795 3378 professio
2829 3308 2892 3379 (l.
2930 3326 2969 3374 ι,
3003 3326 3051 3365 c.
3087 3310 3199 3379 15),
3236 3308 3335 3378 qui
3384 3323 3535 3362 anno
3568 3305 3798 3361 decimo

2144 3396 2350 3468 quinto
2383 3394 2575 3451 Severi
2611 3396 2763 3453 hunc
2794 3396 3011 3452 librum
3044 3416 3076 3452 a
3120 3414 3182 3453 se
3226 3395 3617 3468 compositum
3651 3395 3795 3451 fate-

2144 3493 2259 3542 tur.
2295 3487 2407 3541 Sed
2452 3502 2587 3540 cum
2638 3486 2707 3541 de
2765 3493 3105 3543 caeterorum
3157 3492 3323 3543 (etate
3374 3485 3520 3541 nihil
3575 3485 3797 3553 dicant,

2144 3576 2271 3645 ipso
2315 3574 2544 3630 silentio
2600 3592 2698 3631 eos
2756 3576 3055 3631 declarant
3103 3576 3369 3647 ejusdem
3423 3576 3609 3629 aetatis
3642 3591 3797 3629 esse.

2144 3666 2306 3730 Quod
2340 3665 2509 3735 longe
2557 3682 2726 3720 secus
2757 3670 2864 3721 est.
2916 3670 3061 3721 Nam
3105 3682 3174 3721 ex
3227 3664 3422 3720 verbis
3472 3664 3545 3719 iis
3577 3664 3799 3735 quibus

2145 3753 2315 3808 tinem
2348 3752 2495 3807 libro
2520 3754 2709 3825 primo
2740 3753 3139 3809 Tertullianus
3162 3754 3445 3825 imposuit
3476 3754 3608 3821 (‘25),
3634 3752 3794 3807 haud

2144 3842 2389 3898 obscure
2420 3842 2737 3915 colligitur,
2797 3859 2933 3899 eum
2991 3860 3120 3900 esse
3178 3840 3495 3915 separatim
3546 3842 3797 3911 editum,

2146 3936 2382 3987 caeteros
2412 3932 2640 3987 diverso
2670 3936 2931 4004 tempore
2963 3937 3250 3987 exaratos.
3288 3931 3408 3987 Etsi
3444 3935 3643 3986 autem
3674 3947 3795 3984 non

2147 4022 2434 4076 audemus
2464 4021 2679 4089 dicere,
2710 4039 2783 4075 an
2834 4022 3108 4089 alterum,
3161 4021 3399 4076 tertium
3432 4025 3488 4075 et
3519 4025 3798 4090 quartum

2147 4126 2410 4165 seorsum
2468 4116 2569 4164 aut
2627 4110 3008 4181 conjunctim,
3068 4127 3141 4165 an
3218 4126 3475 4181 quonam
3535 4113 3802 4179 tempore

2146 4198 2468 4270 scripserit,
2518 4198 2575 4253 id
2626 4202 2824 4253 tamen
2876 4199 3053 4255 dubio
3112 4215 3307 4255 carere
3354 4197 3797 4268 confirmamus,

2148 4289 2303 4361 quod
2354 4288 2628 4359 quintum
2688 4287 2927 4359 librum,
2984 4288 3385 4344 Tertullianus
3438 4304 3552 4342 non
3593 4287 3800 4342 eodem

2151 4393 2284 4432 cum
2318 4376 2558 4448 reliquis
2592 4380 2853 4448 tempore
2894 4376 3160 4432 ediderit.
3210 4377 3308 4432 Est
3353 4376 3510 4431 enim
3560 4375 3712 4431 liber
3741 4376 3807 4431 de

2148 4468 2563 4523 Resurrectione
2608 4465 2892 4522 recentior
2921 4482 3008 4537 eo,
3060 4484 3235 4539 quem
3267 4466 3330 4521 de
3363 4466 3541 4521 Carne
3596 4464 3806 4521 Christi

390 4550 483 4608 his
515 4551 725 4609 litteris
758 4555 998 4625 probato
1052 4571 1191 4610 sane
1249 4559 1305 4610 et
1353 4557 1604 4613 maxime
1649 4558 1852 4627 nobili,
1887 4559 2038 4615 evic-
2072 4575 2116 4640 Ι)
2147 4556 2476 4628 composuit
2504 4555 2591 4627 (de
2646 4558 2973 4627 Resurrect.,
3032 4573 3081 4610 c.
3114 4557 3192 4628 2),
3243 4555 3306 4614 in
3341 4573 3455 4627 quo
3508 4554 3593 4626 (de
3625 4554 3805 4610 Carne

394 4645 519 4697 tum
553 4642 685 4715 (24),
718 4643 928 4715 Pythia
959 4644 1095 4699 alibi
1140 4660 1372 4715 quoque
1416 4662 1591 4717 quam
1640 4647 1901 4720 Delphis,
1934 4666 2039 4704 nec
2150 4644 2371 4713 Christi,
2405 4661 2530 4716 cap.
2578 4646 2635 4713 7)
2692 4644 2885 4700 locum
2944 4644 3157 4701 excitat
3213 4662 3282 4701 ex
3341 4644 3491 4701 libro
3541 4645 3810 4700 adversus

394 4730 452 4786 in
488 4731 662 4787 unius
694 4732 980 4805 Apollinis
1014 4733 1197 4805 Pythii
1240 4734 1540 4807 honorem,
1591 4738 1691 4793 sed
1725 4738 2036 4810 imperato-

394 4837 525 4875 rum
560 4822 737 4877 etiam
769 4826 897 4877 acta
926 4822 1134 4879 fuisse.
1163 4823 1383 4879 Tamen
1412 4842 1516 4897 ego
1549 4826 1793 4884 alterum
1826 4834 2040 4901 praatu-

392 4910 561 4967 Ierim
591 4916 917 4983 pr0pterea,
969 4912 1122 4983 quod
1173 4911 1295 4968 ludi
1336 4913 1523 4987 Pythii
1584 4916 1702 4973 siut
1734 4917 1793 4972 in
1822 4918 2041 4975 Graecia

392 4999 599 5070 quovis
631 5002 800 5057 tertio
833 5018 985 5057 anno
1018 5001 1396 5075 Olympiados
1445 5005 1607 5074 editi,
1649 5005 1892 5079 ipseque
1922 5011 2041 5064 ter-

390 5088 507 5145 tius
536 5088 913 5162 Olympiados
943 5091 1173 5148 CCXLV
1218 5110 1409 5150 annus
1454 5093 1675 5150 incidat
1726 5094 1783 5151 in
1817 5114 2038 5153 annum

461 5303 574 5374 (23)
600 5308 735 5381 Cap.
767 5308 822 5381 6.
854 5309 1084 5381 Agonas
1134 5306 1300 5381 istos,
1343 5310 1707 5365 contentiosa
1754 5307 2043 5381 solemnia

393 5377 451 5428 et
481 5377 1270 5449 superstitiosa—certamina
1325 5384 1655 5435 Grecorum
1712 5386 1769 5435 et
1809 5379 2041 5450 religio-

393 5462 536 5524 num
569 5455 626 5505 et
653 5450 1046 5524 voluptatum,
1080 5456 1298 5524 quanta
1332 5452 1519 5524 gratia
1571 5459 1849 5507 saeculum
1891 5450 2043 5524 cele-

395 5519 544 5596 bret,
576 5519 1038 5596 etiam—Africae
1097 5519 1289 5596 licuit.
1336 5519 1567 5596 'Adhuo
1629 5523 2041 5596 Carthaginem

397 5590 640 5667 singulas
673 5595 934 5651 civitates
982 5594 1329 5667 gratulando
1375 5594 1727 5667 inquietant,
1768 5590 2043 5651 donatam

398 5666 637 5737 Pythico
669 5684 851 5740 agone
882 5671 1013 5741 post
1043 5666 1216 5723 stadii
1252 5666 1632 5724 senectutem.

2146 4735 2474 4790 Marcionem
2506 4739 2733 4805 quarto,
2764 4734 2834 4789 de
2866 4750 2982 4805 quo
3031 4739 3235 4805 postea
3263 4734 3549 4791 dicemus.
3597 4734 3805 4788 Enim-

2147 4841 2282 4880 vero
2312 4823 2372 4879 in
2405 4824 2611 4896 quinto
2642 4822 3097 4879 Antimarcionis
3129 4823 3299 4892 libro,
3351 4841 3401 4879 c.
3440 4825 3525 4890 10,
3559 4823 3631 4878 ad
3665 4839 3802 4878 eum

2147 4912 2412 4979 remittit,
2443 4930 2617 4985 quem
2666 4914 2737 4969 de
2784 4914 3196 4970 Resurrectione
3243 4914 3598 4985 scripserat;
3646 4912 3804 4966 unde

2150 5004 2556 5059 Tertullianum
2584 5006 2742 5075 patet
2771 5000 2883 5057 alio
2928 5007 3209 5075 tempore,
3244 5019 3422 5075 quam
3471 5019 3587 5075 quo
3619 5017 3801 5072 quar-

2148 5098 2277 5150 tum
2305 5092 2509 5162 edidit,
2541 5092 2810 5165 quintum
2843 5091 2902 5148 in
2952 5090 3141 5149 lucem
3190 5092 3528 5164 protulisse.
3576 5090 3806 5147 Pariter

2222 5309 2429 5380 (211)1n
2474 5307 2646 5379 epist.
2706 5306 2870 5380 i,‘ad_
2921 5306 3105 5380 Andr.
3166 5307 3491 5376 Morellum,
3554 5321 3682 5377 qua:
3714 5307 3805 5380 est

2151 5377 2378 5452 adjecta
2407 5377 2941 5452 hujusgspecimini
2983 5379 3268 5435 universis
3319 5381 3401 5435 rei
3452 5377 3802 5434 nummaria

2151 5450 2426 5522 antiquae,
2454 5452 2514 5505 in
2546 5450 2637 5506 ed.
2659 5450 2857 5523 _Lips.,
2890 5466 3022 5523 pag.
3059 5452 3125 5504 12
3153 5468 3278 5523 seq.

2223 5520 2335 5595 (25)
2364 5523 2420 5577 Si
2451 5523 2543 5577 cui
2593 5520 2789 5576 minus
2848 5520 2993 5595 quid
3043 5520 3315 5595 videmur
3361 5523 3573 5593 egisse,
3609 5521 3804 5595 speret

2152 5590 2513 5674 reservatum
2565 5610 2676 5674 suo
2722 5590 2994 5674 tempori,
3029 5594 3184 5674 sicut
3239 5590 3804 5674 et__ip'sarum_.Sleri-

2153 5671 2460 5738 pturarum
2491 5665 3009 5736 examinationem,
3040 5666 3257 5738 quibus
3287 5665 3549 5726 Marcion
3589 5665 3799 5720 utitur.
