4072 6190
256 416 354 476 181

1104 409 1201 471 AC
1247 407 1643 471 DOCTRINA
1692 398 2196 464 SGRIPTORUM
2241 392 2768 459 TERTULLI'ANI

3515 378 3630 439 182

254 546 304 601 in
334 544 508 617 primo
537 541 1014 609 Antimarcionis,
1041 558 1089 597 ο.
1108 543 1159 610 1,
1187 558 1336 614 opus
1362 542 1425 597 de
1445 540 1872 610 Praescriptione
1900 537 1956 603 Α
1983 531 2390 588 Tillemontius
2422 531 2629 584 contra
2654 521 2908 586 volebat,
2966 513 3431 573 remotissimum
3478 526 3628 567 esse.

251 638 611 691 tuereticorum
641 649 703 687 se
742 634 1145 687 confecturum
1187 631 1505 702 aliquando
1535 629 1873 702 pollicetur;

249 726 335 781 sed
363 725 417 777 in
448 723 593 778 libro
623 722 689 776 de
721 722 901 776 Carne
931 721 1136 777 Christi
1192 720 1307 776 tale
1362 722 1486 790 jam
1547 719 1691 773 dicit
1739 734 1772 773 a
1814 732 1877 771 se

250 814 513 884 scriptum
566 812 771 881 fuisse,
830 827 880 866 ο.
938 814 1021 878 2;
1080 809 1265 882 igitur
1319 814 1377 864 et
1430 809 1540 863 hoc
1595 806 1873 872 ostendit,

245 903 480 973 primum
511 916 625 955 non
657 915 784 955 esse
816 899 1020 955 eodem
1052 904 1223 970 partu
1255 915 1390 953 cum
1427 896 1652 952 caeteris
1681 894 1874 949 omni-

244 992 339 1045 bus
368 989 608 1045 editum.
642 993 776 1054 Quae
810 988 1188 1053 cumitasint,
1217 994 1370 1042 certe
1392 986 1631 1056 quidem
1664 984 1875 1039 contir-

243 1095 477 1147 mamus,
506 1077 767 1149 primum
794 1077 1073 1132 adversus
1108 1074 1674 1131 Marcionemlibrum
1708 1077 1774 1126 A.
1812 1072 1869 1127 P.

242 1168 293 1225 Ο.
322 1167 384 1222 Ν.
407 1184 568 1233 ccvn,
604 1171 726 1232 aut,
760 1165 809 1219 si
843 1166 1049 1234 mavis,
1082 1181 1270 1230 CCVIII,
1305 1164 1613 1236 prodiisse,
1639 1178 1771 1216 cum
1803 1177 1874 1215 xv

238 1258 401 1313 Severi
431 1272 626 1310 annus
652 1256 706 1309 in
740 1261 1058 1325 utrumque
1089 1254 1335 1323 incidat,
1369 1254 1473 1308 sed
1522 1253 1592 1307 de
1627 1250 1869 1314 caeteris,

239 1345 449 1418 quando
482 1345 605 1400 sint
629 1344 856 1415 scripti,
893 1344 1009 1399 dici
1032 1343 1181 1399 nihil
1206 1360 1396 1415 posse,
1430 1342 1544 1398 nisi
1577 1338 1869 1411 hoc,quod

240 1436 490 1506 quintum
527 1435 771 1505 reliquis
804 1432 1025 1504 aequale
1056 1450 1171 1489 non
1194 1435 1288 1490 sit.

296 1589 321 1655 §
348 1588 431 1642 il.
465 1618 534 1627 -—
568 1586 907 1642 Tiltemontii
936 1586 1229 1642 contraria
1250 1586 1437 1657 opinio
1470 1585 1795 1652 castigatur.

294 1703 353 1756 At
373 1702 527 1773 quod
582 1701 929 1757 verebamur
977 1701 1118 1768 fore,
1173 1705 1240 1756 ut
1296 1699 1470 1772 quale
1524 1700 1583 1754 in
1642 1698 1767 1753 loco
1799 1697 1870 1752 de

235 1791 499 1861 Scorpiace
548 1791 833 1857 diximus,
896 1790 1076 1846 libros
1151 1798 1345 1846 contra
1403 1790 1733 1844 Marcionem
1789 1784 1869 1839 ibi

239 1880 426 1935 citatos
456 1896 574 1934 non
608 1896 709 1935 eos
739 1895 888 1946 esse,
948 1894 1097 1951 quos
1155 1880 1443 1935 habemus
1500 1876 1869 1949 superstites,

239 1971 325 2024 sed
356 1968 498 2024 alios
530 1970 847 2041 abrogatos
879 1969 1047 2040 quasi
1086 1972 1143 2024 et
1192 1969 1415 2024 dudum
1449 1968 1721 2033 amissos,
1755 1964 1870 2019 tale

239 2059 400 2113 etiam
433 2060 524 2115 his
562 2060 928 2131 argumentis
975 2059 1191 2115 nostris
1241 2058 1507 2113 nonnulli
1567 2056 1869 2126 objicient,

239 2148 287 2202 id
318 2149 427 2204 fere
455 2150 683 2204 factum
733 2150 1000 2204 videmus
1060 2166 1093 2204 a
1146 2148 1517 2204 'l‘illemontio
1569 2146 1873 2219 (Mémoires

236 2254 362 2307 pour
387 2240 625 2293 servde
654 2237 821 2293 l‘hist.
852 2240 1022 2307 Ecct.,
1082 2238 1236 2293 138
1284 2242 1427 2293 tom.
1483 2237 1582 2303 IlI,
1631 2253 1686 2307 p.
1745 2236 1872 2303 666,

238 2331 342 2381 not.
376 2328 483 2396 19),
555 2328 654 2399 qui
709 2327 885 2384 istam
917 2345 1041 2384 rem
1099 2326 1537 2400 pugnacissime
1594 2325 1873 2380 defendit.

236 2419 452 2487 Oportet
481 2416 671 2488 igitur
700 2424 757 2472 et
789 2435 875 2484 ea,
937 2435 1060 2488 quas
1106 2434 1209 2489 pro
1266 2417 1481 2472 nostris
1538 2412 1877 2486 responderi

236 2510 485 2577 possunt,
514 2506 582 2560 in
616 2505 875 2561 medium
910 2506 1175 2578 proferri,
1228 2512 1284 2560 et
1314 2505 1526 2561 discuti
1566 2520 1633 2559 ea
1664 2520 1788 2574 quas
1819 2503 1878 2557 in

235 2594 380 2649 illam
414 2600 652 2665 partem
684 2595 1090 2651 Tillemontius
1106 2594 1466 2667 disputavit;
1501 2595 1601 2650 sed
1637 2598 1881 2661 utraque

235 2683 592 2781 brevissime,
627 2688 685 2739 et
717 2684 801 2739 ita
828 2684 1093 2755 quidem,
1126 2689 1191 2739 ut
1247 2700 1374 2755 quae
1432 2687 1630 2755 aperto
1684 2682 1882 2736 ﬁrma-

236 2772 411 2828 vimus
433 2773 634 2844 ipsius
652 2773 996 2829 Tertulliani
1026 2773 1387 2839 testimonio,
1428 2790 1496 2827 ea
1526 2788 1681 2828 nunc
1712 2771 1884 2842 plane

240 2861 561 2916 mittamus.
608 2862 814 2933 Itaque
870 2863 979 2918 hoc
1056 2879 1240 2918 unum
1298 2862 1585 2933 disputari
1642 2864 1879 2932 potest:

240 2956 421 3005 utrum
454 2949 864 3006 Tertullianus
893 2951 949 3006 in
983 2951 1130 3007 libro
1152 2953 1220 3007 de
1254 2952 1436 3007 Carne
1472 2950 1679 3006 Christi
1708 2967 1884 3021 quar-

235 3042 348 3092 tum
423 3043 628 3095 contra
696 3040 1027 3094 Marcionem
1088 3039 1307 3094 librum
1379 3038 1664 3104 citaverit,
1711 3055 1884 3110 quem

237 3127 411 3183 adhuc
445 3128 835 3200 superstitem
866 3128 1209 3184 habemus?
1266 3129 1419 3199 quod
1476 3143 1716 3199 prorsus
1774 3128 1887 3182 exi-

244 3215 425 3286 stimo,
461 3217 752 3289 primum,
783 3216 1062 3289 quoniam
1122 3217 1181 3272 in
1238 3217 1338 3272 illo
1388 3216 1532 3272 libro
1590 3215 1890 3274 Marcionis

1986 621 2247 693 Denique
2278 620 2433 690 quod
2448 617 2682 673 animus
2696 610 2951 667 hominis
2964 624 3081 663 non
3107 603 3346 660 aliunde
3358 600 3629 673 agitetur,

1986 713 2046 766 in
2077 711 2224 765 libro
2253 710 2317 764 de
2344 709 2624 773 Anima,c.
2646 703 2736 768 21,
2756 700 2837 757 ait
2867 715 2928 754 se
2956 695 3305 752 Marcionem
3339 687 3631 745 docuisse.

1986 804 2169 873 Atque
2201 800 2316 855 ista
2345 798 2415 852 de
2446 812 2506 851 re
2539 809 2673 849 cum
2705 789 2894 846 multa
2922 784 3132 842 dixerit
3178 782 3238 837 in
3298 778 3501 844 altero,
3534 775 3636 847 qui

1985 892 2273 961 superest,
2309 886 2587 943 adversus
2618 897 2753 937 eum
2783 878 2953 943 libro,
2986 892 3036 931 c.
3075 874 3110 928 6
3139 886 3324 941 seqq.,
3383 883 3499 923 non
3531 866 3633 919 ab-

1984 954 2229 1034 surdum
2262 982 2352 1031 est
2381 974 2591 1043 dicere,
2625 970 2779 1042 quod
2802 968 2960 1022 hunc
3008 966 3067 1019 in
3126 961 3226 1016 illo
3278 954 3632 1029 respexerit;

1981 1085 2087 1123 nec
2134 1074 2331 1122 tamen
2383 1061 2679 1118 mordicus
2714 1058 2772 1112 id
2833 1054 3070 1126 quidem
3119 1047 3472 1114 tenebimus,
3530 1040 3632 1112 qui

1981 1159 2074 1212 usi
2106 1173 2220 1211 non
2253 1170 2461 1209 sumus
2486 1151 2659 1205 istius
2690 1145 2819 1201 libri
2851 1140 3209 1199 testimonio.
3243 1136 3433 1192 Altera
3454 1130 3629 1187 dubi-

1980 1247 2123 1302 tatio
2154 1245 2330 1300 etiam
2363 1239 2603 1314 puerilis
2628 1241 2736 1293 est.
2773 1235 2836 1290 In
2868 1234 2994 1288 loco
3044 1246 3132 1296 eo,
3158 1242 3332 1298 quem
3393 1240 3423 1278 e
3480 1219 3629 1314 libro

1978 1336 2044 1391 de
2073 1339 2251 1391 Carne
2281 1306 2485 1388 Christi
2515 1328 2583 1383 ad
2618 1322 3023 1381 testimonium
3058 1306 3625 1378 citavimus,Tertul-

1979 1424 2175 1479 lianus
2244 1420 2411 1475 illum
2468 1418 2688 1472 librum
2772 1420 2963 1468 contra
3036 1412 3392 1470 Marcionem,
3450 1411 3627 1468 quem

1980 1510 2318 1585 appellavit,
2359 1508 2604 1563 libellum
2656 1502 2833 1568 dixit;
2885 1500 3084 1569 itaque
3140 1495 3419 1566 quartum
3474 1486 3628 1585 inter

1980 1573 2326 1674 superstites
2354 1614 2470 1653 non
2504 1592 2690 1649 voluit
2718 1591 2978 1654 laudare,
3002 1586 3101 1657 qui
3132 1599 3249 1638 non
3277 1576 3511 1674 libellus
3527 1573 3625 1643 sit,

1980 1693 2081 1748 sed
2129 1704 2411 1761 magnum
2466 1683 2762 1740 volumen.
2813 1680 3018 1748 Inepta
3073 1670 3371 1728 conclusio
3405 1664 3418 1721 l
3452 1662 3623 1736 quasi

1976 1797 2113 1836 vero
2152 1759 2548 1834 Tertullianus
2607 1786 2780 1827 omne
2836 1783 2984 1839 opus
3039 1766 3245 1820 contra
3297 1759 3625 1813 Marcionem

1980 1888 2095 1926 non
2116 1867 2441 1940 apusculum
2470 1862 2713 1919 dixisset
2740 1858 2841 1914 lib.
2864 1874 2906 1923 I,
2939 1873 2987 1910 c.
3049 1855 3100 1919 1,
3160 1868 3210 1906 c.
3244 1850 3304 1904 3i
3339 1864 3352 1914 ;
3386 1862 3448 1911 II,
3480 1860 3528 1899 ο.
3580 1856 3623 1907 ῐ,

1978 1965 2111 2024 etc.,
2146 1930 2247 2012 aut
2292 1953 2461 2028 quasi
2516 1952 2567 2006 is
2616 1949 2726 2005 dici
2778 1944 3012 2002 libellus
3069 1958 3184 1997 non
3246 1939 3461 2010 posset,
3521 1930 3625 2003 qui

1979 2021 2205 2122 partem
2233 2021 2470 2115 majoris
2492 2039 2684 2113 operis
2711 2034 3033 2093 constituit.
3076 2036 3149 2085 At
3201 2045 3268 2083 eo
3325 2026 3497 2081 modo
3528 2021 3617 2075 di-

1982 2113 2230 2195 cendum
2267 2113 2356 2191 est
2384 2128 2814 2188 Tertullianum
2846 2139 2994 2195 opus
3024 2119 3289 2176 nondum
3303 2113 3623 2187 perfectum

1984 2224 2232 2283 citassel
2268 2220 2517 2279 Hoccine
2545 2232 2678 2272 vero
2710 2220 2767 2269 et
2798 2208 2985 2284 potuit
3011 2210 3176 2263 tanto
3221 2204 3346 2258 viro
3378 2214 3628 2271 scrupu-

1983 2317 2108 2373 lum
2147 2314 2408 2385 injicere,
2468 2308 2571 2381 qui
2625 2303 2837 2359 millies
2896 2301 2955 2355 in
3013 2290 3452 2354 commentariis
3507 2285 3632 2343 suis

1987 2407 2146 2478 ipsos
2178 2381 2359 2459 libros
2399 2414 2538 2455 suos
2590 2406 2897 2466 nunquam
2957 2388 3259 2444 absolutos
3306 2381 3637 2436 autestatus

1988 2464 2128 2554 est?
2157 2492 2494 2562 Eodemque
2551 2464 2751 2542 modo
2780 2477 3210 2538 Tertullianum
3262 2471 3464 2562 egisse
3507 2464 3642 2562 quis

1992 2584 2249 2658 negabit,
2278 2582 2328 2637 si
2360 2579 2599 2652 quidem
2632 2577 2863 2630 nostras
2896 2566 3079 2625 nostri
3135 2557 3469 2636 argumenti
3525 2555 3646 2611 vin-

1992 2646 2175 2731 dicias
2206 2646 2413 2744 legerit
2441 2666 2744 2737 ?Denique
2775 2661 2917 2718 dicit
2948 2654 3377 2715 Tertullianum
3391 2650 3461 2705 de
3490 2646 3638 2744 loco,

1994 2782 2108 2838 quo
2153 2762 2342 2819 sancti
2399 2758 2508 2815 viri
2565 2754 2977 2813 contineantur
3034 2766 3068 2803 a
3113 2745 3266 2801 139
3327 2744 3515 2797 morte
3568 2734 3643 2791 ad

1996 2827 2416 2925 ultimijudicii
2447 2848 2627 2917 diem,
2660 2845 2778 2902 alia
2807 2844 2866 2898 in
2898 2842 3048 2897 libro
3079 2839 3143 2894 de
3195 2836 3417 2900 Anima,
3464 2846 3514 2885 c.
3546 2827 3638 2897 53,

1993 2947 2160 3016 deque
2200 2939 2627 3002 Resurrectione,
2689 2950 2739 2989 c.
2790 2934 2900 3002 43.,
2962 2928 3075 2984 alia
3122 2927 3183 2982 in
3216 2919 3642 2979 'Antimarcione

1994 3004 2087 3103 ιν,
2122 3050 2171 3088 ο.
2200 3032 2290 3095 34,
2324 3028 2575 3083 tradere.
2602 3023 2812 3079 Audio.
2846 3020 2959 3076 Sed
2999 3013 3287 3086 numquid
3347 3008 3445 3065 isti
3502 3004 3639 3103 libri

1995 3095 2261 3197 pugnant
2290 3119 2349 3173 in
2381 3118 2453 3172 iis
2482 3114 2647 3182 locis,
2671 3128 2819 3184 quos
2877 3124 2941 3164 se
2998 3106 3079 3163 ait
3132 3103 3189 3159 in
3243 3095 3641 3172 disputatione

1994 3194 2257 3268 aduersu:
2316 3207 2649 3263 Marcionem
2680 3202 3065 3274 pertractasse
3094 3195 3121 3250 ?
3174 3194 3291 3248 Hoc
3346 3204 3479 3245 vero
3538 3200 3643 3240 nec

240 3305 482 3361 codicem
509 3322 755 3362 sacrum
778 3273 1154 3373 examinavit,
1205 3310 1263 3361 et
1308 3306 1386 3360 ibi
1438 3305 1564 3377 (lib.
1598 3323 1672 3373 Iv,
1714 3322 1763 3360 c.
1799 3306 1886 3377 19)
1916 3276 1959 3344 C
2000 3298 2416 3357 Tillemontius
2442 3273 2703 3367 unquam
2726 3286 3015 3363 probavit,
3060 3298 3167 3340 nec
3222 3278 3559 3351 quisquam,
3594 3273 3646 3330 si

243 3394 516 3464 reperitur
563 3394 802 3449 omnino
834 3395 915 3461 id,
948 3395 1189 3466 quodin
1216 3411 1283 3450 eo
1341 3395 1405 3449 de
1462 3395 1635 3449 Carne
1685 3394 1888 3449 Christi

237 3481 697 3554 tetigit;deinde
728 3484 904 3555 quod,
948 3501 1082 3539 cum
1136 3482 1352 3539 librum
1395 3484 1653 3555 primum
1695 3482 1886 3537 adhuc

244 3572 613 3640 superstitem
648 3570 929 3628 Marcioni
960 3578 1298 3645 opponeret,
1358 3573 1575 3628 librum
1618 3574 1685 3628 de
1730 3574 1886 3629 Prae-

233 3663 515 3730 :criptione
549 3662 933 3717 hereticorum
964 3664 1227 3718 nondum
1260 3662 1540 3718 ediderat.
1562 3663 1663 3717 Hic
1691 3670 1885 3718 tamen

243 3750 318 3804 uti
342 3752 465 3821 jam
497 3752 806 3824 prodierat
848 3752 906 3807 in
940 3752 1265 3824 publicum,
1326 3770 1459 3809 cum
1491 3752 1888 3809 Tertullianus

240 3837 296 3893 de
324 3838 499 3897 Carne
523 3840 737 3896 Christi
764 3846 1278 3913 commentaretur,
1341 3843 1496 3913 quod
1543 3843 1708 3897 modo
1753 3858 1887 3914 pro-

242 3928 517 3998 bavimus,
558 3930 639 3986 ita
673 3945 909 3985 necesse
952 3934 1042 3986 est
1072 3947 1232 3999 sane,
1267 3936 1331 3986 ut
1360 3937 1486 3987 tum
1518 3949 1743 4002 quoque
1766 3932 1889 4003 pri—

241 4034 359 4075 mus
400 4021 561 4076 inter
607 4022 954 4092 superstites
1008 4024 1213 4079 Contra
1266 4022 1601 4079 Marcionem
1656 4023 1890 4080 libellus

234 4107 345 4177 jam
374 4110 585 4165 editus
622 4110 818 4165 fuerit.
851 4110 1159 4167 Enimvero
1213 4128 1345 4166 cum
1404 4113 1561 4167 hunc
1591 4113 1887 4178 scriberet,

247 4196 350 4252 duo
379 4198 479 4254 illa
502 4200 813 4271 opuscula,
848 4200 1064 4271 quibus
1121 4201 1259 4256 olim
1311 4200 1647 4258 Marcionem
1695 4203 1890 4273 impu-

245 4288 449 4356 gnavit,
484 4289 808 4343 resciderat
852 4290 1245 4361 amiseratque
1307 4291 1714 4358 Tertullianus;
1755 4307 1893 4362 quo-

247 4376 385 4431 circa
409 4382 657 4450 apparet
688 4393 824 4433 eum
855 4378 915 4432 in
947 4377 1097 4433 libro
1128 4380 1201 4434 de
1234 4381 1416 4435 Carne
1456 4380 1659 4435 Christi
1691 4380 1889 4436 remit-

244 4468 352 4519 tere
383 4465 637 4522 lectores
672 4483 787 4520 non
819 4466 1217 4539 potuisse.Sed
1234 4467 1890 4525 Tillemontiumtamen

244 4558 436 4609 contra
525 4555 936 4627 disputantem
994 4557 1326 4614 audiamus.
1405 4559 1456 4613 Is
1518 4558 1708 4630 primo
1784 4559 1889 4614 bos

1994 3391 2055 3446 in
2078 3390 2210 3446 aliis
2244 3389 2315 3444 ad
2342 3365 2580 3443 causam
2633 3378 2931 3454 propriam
2986 3390 3102 3430 non
3153 3365 3584 3443 pertinentibus
3615 3379 3649 3418 a

1997 3498 2059 3537 se
2083 3475 2482 3535 Tertullianus
2515 3469 2811 3537 defecerit,
2844 3466 2999 3522 dicet
3047 3458 3279 3519 admitti
3309 3455 3484 3513 talem
3507 3469 3645 3509 con-

1997 3568 2322 3625 clusionem
2354 3579 2545 3636 posse.

1995 3688 2022 3753 §
2078 3686 2162 3738 l2.
2208 3714 2276 3723 —
2332 3680 2496 3735 Liber
2550 3677 2618 3753 de
2664 3674 2866 3753 Pallio.
2938 3670 3266 3753 piaputatur
3439 3659 3650 3731 triplici

2066 3737 2359 3828 praesentis
2382 3751 2610 3828 imperii
2638 3749 2866 3828 virtute,
2892 3742 2949 3826 et
3007 3737 3318 3822 inquiritur
3346 3737 3403 3790 in
3434 3748 3647 3789 annum

2067 3812 2170 3900 quo
2202 3826 2331 3883 Geta
2359 3812 2684 3895 dighitatem
2705 3812 2939 3888 Augusti
2962 3812 3214 3884 suscepit.

2067 3943 2199 3999 Jam
2231 3941 2396 3997 nobis
2429 3937 2693 3993 libellum
2724 3934 2788 3989 de
2816 3932 2997 3988 Pallio
3026 3924 3400 3983 tractandum
3440 3936 3643 3977 suma-

2000 4049 2155 4100 mus,
2188 4031 2504 4086 obscurum
2533 4025 2703 4080 illum
2736 4022 2974 4093 quidem
3033 4020 3089 4072 et
3119 4011 3262 4070 satis
3310 4011 3645 4078 confusum,

1999 4122 2101 4177 sed
2135 4135 2347 4191 magna
2376 4123 2571 4172 tamen
2585 4113 2779 4170 omnis
2801 4104 3173 4179 antiquitatis
3203 4100 3448 4157 scientia
3476 4098 3651 4153 refer-

1998 4214 2144 4263 tum.
2194 4185 2272 4263 De
2303 4207 2474 4276 cujus
2508 4208 2672 4259 astate
2711 4216 2847 4256 cum
2879 4198 2999 4254 sint
3018 4199 3105 4251 tot
3135 4191 3538 4261 discrepantes
3566 4185 3649 4239 vi-

2001 4313 2201 4352 rorum
2234 4296 2711 4351 doctissimorum
2734 4283 3122 4352 sententiae,id
3138 4295 3385 4353 agamus
3410 4290 3651 4332 necesse

2001 4392 2116 4451 est,
2148 4391 2211 4441 ut
2240 4384 2326 4441 vel
2351 4401 2449 4439 eas
2498 4380 2745 4437 candide
2784 4377 3209 4439 examinemus,
3268 4367 3361 4423 vel
3390 4368 3649 4421 nostram

2002 4470 2668 4548 proponamus.Exsistit
2688 4472 2881 4524 autem
2912 4465 3005 4519 hic
3020 4458 3342 4534 primoloco
3376 4454 3647 4527 quaedam

2002 4546 2248 4636 quaestio
2280 4562 2445 4617 facile
2475 4557 2853 4631 expedienda,
2887 4567 3156 4626 quaenam
3216 4547 3293 4603 sit
3342 4546 3455 4601 ista
3498 4559 3645 4615 prm-

239 4642 573 4699 Tertulliani
609 4662 622 4698 :
656 4644 1025 4716 Scorpiacem,
1047 4645 1112 4700 de
1130 4645 1308 4702 Carne
1340 4647 1570 4715 Christi,
1602 4648 1667 4704 de
1687 4650 1887 4704 Anima
1920 4652 1964 4716 Ι)
1993 4634 2158 4710 semis
2211 4653 2433 4723 imperii
2480 4650 2687 4721 ενκριεω
2740 4647 2934 4711 υίνιιιδ,
2995 4643 3100 4696 Deo
3148 4643 3224 4694 ιοι
3276 4635 3525 4707 August—is
3586 4634 3647 4686 in

244 4731 367 4828 de
398 4735 824 4789 Resurrectione
856 4734 1037 4791 libros
1069 4737 1150 4791 ait
1178 4738 1510 4807 superiores
1568 4738 1680 4793 dici
1714 4754 1887 4810 posse

244 4816 395 4921 libris
420 4822 536 4921 qui.
562 4829 885 4894 supersunt
912 4826 1169 4881 adversus
1203 4826 1551 4893 Marcionem,
1590 4827 1887 4901 hujusque

245 4911 489 4966 nominis
521 4911 585 4965 in
617 4911 690 4967 iis
723 4912 933 4969 citatos
964 4930 1094 4970 esse
1123 4930 1221 4971 eos
1254 4915 1356 4987 qui
1386 4916 1610 4971 dudum
1642 4918 1882 4988 periere.

244 4994 722 5072 AcdeScorpiace
750 5017 856 5073 ego
914 5019 1029 5058 non
1070 5020 1370 5075 repugno;
1429 5010 1519 5061 est
1575 5006 1733 5061 enim
1787 5006 1888 5063 illa

248 5088 481 5153 quaestio
509 5091 656 5145 satis
686 5094 937 5146 tractata
959 5107 973 5147 :
1003 5093 1103 5148 sed
1118 5093 1189 5149 de
1210 5094 1431 5150 caeteris
1446 5111 1560 5150 non
1575 5097 1883 5153 assentior.

248 5171 380 5230 Nam
432 5177 505 5233 de
566 5178 715 5235 libro
773 5181 876 5251 qui
935 5180 998 5236 de
1047 5181 1223 5237 Carne
1265 5182 1475 5239 Christi
1525 5186 1884 5256 inscribitur,

250 5263 409 5361 modo
438 5266 719 5336 diximus,
754 5268 894 5341 quid
936 5271 1014 5325 sit
1069 5271 1464 5342 sentiendum,
1497 5275 1588 5330 cui
1646 5275 1696 5331 si
1752 5276 1887 5347 quis

248 5356 511 5450 resistere
539 5356 696 5428 velit,
720 5374 851 5414 eum
884 5360 1210 5416 audiemus.
1236 5366 1421 5433 Atque
1480 5380 1613 5419 eum
1646 5364 1754 5419 hoc
1798 5381 1888 5420 os-

246 5441 563 5511 tendimus,
594 5446 775 5503 simul
805 5448 950 5503 illud
986 5448 1376 5522 aperiebatur,
1412 5469 1445 5508 a
1501 5452 1650 5508 libro
1702 5454 1765 5509 de
1793 5456 1887 5511 Re-

246 5536 577 5589 :urrectione
606 5536 732 5607 (qui
764 5552 831 5592 eo
861 5542 952 5592 est
981 5537 1137 5593 haud
1165 5540 1341 5597 dubie
1367 5543 1696 5615 recentior),
1729 5545 1883 5616 quod

313 5654 425 5736 (26)
446 5656 588 5729 Cap.
621 5660 677 5716 2.
711 5662 1006 5745 Quantum
1037 5663 1274 5745 urbium
1308 5671 1411 5723 aut
1467 5668 1743 5740 produxit
1783 5673 1885 5725 aut

253 5731 402 5778 aunt
431 5733 539 5778 aut
563 5732 818 5778 reddidit
842 5739 1148 5778 nrmnnntm
1178 5736 1404 5778 imnm-ii
1436 5740 1646 5778 frinlnv
1674 5740 1860 5778 vinhm

321 5731 402 5783 xit
431 5733 539 5785 aut
562 5732 818 5790 reddidit
841 5734 1148 5806 praesentis
1178 5736 1407 5809 imperii
1436 5731 1650 5814 triplex
1674 5740 1883 5810 virtus,

1995 4760 2170 4800 unum
2197 4743 2436 4811 favente,
2469 4740 2560 4794 cui
2592 4733 2993 4793 Tertullianus
3014 4730 3223 4785 tribuit
3268 4740 3471 4781 eorum
3496 4727 3643 4777 tem-

1996 4848 2205 4905 porum
2238 4830 2573 4885 felicitatem
2605 4825 2737 4896 (26).
2767 4822 3031 4892 Namque
3089 4816 3189 4872 alii
3246 4815 3393 4887 (Jac.
3426 4811 3646 4867 Gnthe-

1997 4899 2143 4991 rius,
2171 4921 2235 4975 de
2261 4920 2470 4989 Ofﬁciis
2501 4916 2697 4971 domus
2727 4913 3014 4982 Augusta,
3063 4907 3204 4963 edit.
3235 4904 3392 4976 Lips.
3425 4918 3482 4973 p.
3514 4899 3641 4969 277)

1995 5011 2092 5066 his
2122 5025 2306 5066 unum
2339 5009 2617 5065 Severum
2670 5002 2998 5058 indicatum
3056 4996 3261 5052 volunt
3317 4995 3647 5065 propterea,

1996 5100 2152 5173 quod
2179 5104 2300 5155 tres
2330 5097 2465 5153 illos
2495 5092 2730 5167 imperii
2760 5088 3005 5148 amulos
3041 5084 3370 5149 Julianum,
3399 5079 3645 5151 Nigrum

1995 5167 2052 5245 et
2078 5189 2356 5245 Albinum
2388 5186 2792 5258 superaverat;
2827 5178 2925 5237 alii
2962 5193 3096 5233 cum
3153 5174 3330 5245 Nigro
3360 5177 3415 5227 et
3436 5167 3647 5223 Albino

1995 5283 2271 5334 Severum
2349 5275 2774 5347 (Centuriatores
2841 5265 3271 5339 Magdeburgici,
3330 5263 3484 5317 cent.
3562 5273 3647 5327 III,

1996 5384 2052 5439 p.
2085 5368 2209 5438 241)
2239 5384 2251 5434 ;
2287 5365 2385 5422 alii
2418 5364 2722 5431 Albinum,
2753 5361 3030 5416 Severum
3060 5351 3496 5412 etAntoninum
3522 5348 3648 5417 (Pa-

1998 5438 2231 5524 melius,
2256 5457 2317 5510 in
2352 5457 2470 5511 Vita
2504 5453 2753 5519 Tertull.,
2802 5467 2859 5522 p.
2910 5449 2976 5503 10
3006 5446 3073 5513 D,
3142 5445 3207 5498 14
3237 5444 3358 5515 F.);
3394 5438 3646 5508 denique

1996 5544 2094 5601 alii
2124 5546 2402 5601 Severum
2431 5560 2566 5600 cum
2593 5541 2824 5598 duobus
2862 5535 2999 5591 filiis
3046 5532 3328 5588 Bassiano
3383 5528 3646 5594 Getaque

1997 5670 2108 5726 Deo
2139 5673 2225 5727 tot
2252 5668 2533 5728 Augustis
2564 5668 2625 5724 in
2672 5678 2858 5722 unum
2919 5660 3166 5728 favente,
3225 5655 3369 5725 quot
3424 5662 3638 5704 census

1999 5686 2108 5726 ueo
2139 5686 2225 5727 tet
2252 5686 2337 5726 au

1992 5686 2379 5816 transcripti?

3596 6072 3879 6144 Δ
