4072 6190
395 373 511 433 183

1478 378 1995 440 DISSEBTATIO
2039 377 2141 439 DE
2184 376 2394 436 VERA
2436 374 2721 436 ETATE

3694 371 3811 432 184

393 507 752 581 intelligunt.
784 511 893 566 Sed
915 510 1374 585 triumpriorum
1421 513 1760 586 opinionum
1820 513 2042 570 nullam
2073 510 2267 581 Ahoc
2325 527 2509 566 unum
2556 513 2759 578 restat,
2821 513 2886 564 ut
2952 507 3243 580 triplicem
3300 506 3478 563 istam
3534 506 3811 561 virtutem

395 598 597 669 probo.
632 599 777 657 Nam
810 616 873 655 ea
905 601 1167 657 Gutherii
1209 602 1464 674 opinatio
1524 608 1788 659 contorta
1844 608 1932 660 est
1988 610 2042 658 et

394 688 719 759 perinepta,
753 694 818 745 ut
847 707 990 761 pene
1024 692 1301 761 nesciam,
1336 709 1408 747 an
1450 693 1581 765 quis
1628 710 1887 763 unquam
1919 696 2038 747 tam

394 782 590 847 aperte
611 782 667 832 et
697 795 969 851 perversa
995 784 1051 835 et
1084 780 1230 836 falsa
1261 786 1499 838 secutus
1529 782 1625 838 sit.
1644 783 1771 838 Non
1802 787 2042 853 tangam

392 865 452 920 id
487 866 745 939 quidem,
778 869 1000 925 bonum
1044 868 1232 925 virum
1292 888 1408 927 non
1474 872 1692 928 vidisse
1750 871 2041 945 triplicem

394 954 555 1010 illam
604 957 877 1014 virtutem
926 963 1222 1031 praesentis
1278 961 1531 1034 imperii,
1590 966 1890 1034 Deumque
1929 959 2044 1016 dici

394 1052 468 1100 tot
496 1046 759 1115 Augustis
795 1049 995 1118 favisse
1052 1049 1113 1105 in
1172 1067 1379 1120 unum,
1427 1051 1535 1107 hos
1592 1052 1770 1109 etiam
1830 1050 2046 1107 multas

396 1135 571 1191 urbes
602 1137 967 1207 produxisse,
1024 1139 1279 1209 auxisse,
1312 1142 1673 1211 reddidisse;
1706 1142 1861 1213 quod
1894 1141 2046 1197 dicat

396 1223 541 1278 mibi
568 1224 723 1295 quis,
758 1244 830 1283 an
859 1228 929 1283 de
959 1228 1219 1299 Juliano,
1251 1229 1427 1303 Nigro
1448 1235 1505 1287 et
1532 1230 1738 1287 Albino
1764 1229 2044 1287 afﬁrmari

396 1317 593 1384 queat,
627 1316 881 1371 maxime
912 1321 1057 1388 tum,
1107 1335 1239 1376 cum
1289 1321 1411 1391 jam
1440 1326 1638 1377 essent
1666 1320 2046 1393 interempti?

395 1401 510 1457 Nec
562 1403 775 1472 dicam,
831 1423 1008 1478 quam
1076 1409 1227 1465 male
1275 1410 1539 1466 adhibita
1577 1412 1698 1467 sint
1733 1409 2046 1469 Herodiani

394 1492 589 1557 verba,
622 1492 722 1549 lib.
759 1512 843 1563 III,
876 1512 926 1551 c.
960 1498 1013 1567 7,
1038 1498 1139 1569 qui
1183 1501 1457 1555 Severum
1513 1500 1765 1558 miratur
1808 1497 1902 1555 ἵνα
1953 1500 2047 1553 ἂν-

399 1575 503 1653 δρα
558 1584 703 1655 τρεῖς
776 1581 1075 1646 καθελόντα
1160 1586 1415 1661 βασιΛέας
1495 1584 1605 1660 ἤδη
1681 1594 2045 1666 κρατοῦνταςς

399 1673 541 1724 sunt
570 1670 727 1726 enim
759 1672 1023 1745 haecjam
1059 1693 1093 1731 a
1140 1675 1395 1734 Boeclero
1440 1679 1587 1736 satis
1635 1680 1934 1753 disputata
1962 1682 2046 1749 (In

399 1758 585 1815 adnot.
621 1761 695 1817 ad
713 1763 913 1819 Herod.
946 1781 1003 1835 p.
1038 1766 1181 1837 420).
1228 1767 1345 1823 Hoc
1395 1786 1578 1825 unum
1625 1768 1787 1825 lubet
1831 1770 2049 1826 exami-

401 1863 561 1918 nare,
610 1852 765 1920 quod
809 1854 880 1907 ad
941 1870 1062 1908 rem
1108 1860 1369 1912 nostram
1426 1858 1722 1930 imprimis
1780 1860 2050 1931 perlinat,

401 1940 599 1991 utrum
630 1942 792 2006 Geta,
824 1941 950 1997 vivo
976 1946 1204 2011 Severo,
1265 1963 1570 2018 nunquam
1613 1949 1690 2005 sit
1721 1948 1908 2004 factus
1940 1950 2050 2004 Au-

406 2030 638 2095 gustus.
672 2029 833 2092 Quod
856 2046 990 2086 cum
1016 2032 1152 2088 velit
1189 2034 1527 2107 Gutherius,
1559 2038 1817 2110 primum
1849 2038 2051 2094 Getam

406 2114 601 2170 Severi
635 2118 871 2174 fratrem
938 2138 972 2177 a
1020 2121 1161 2179 Geta
1210 2124 1460 2193 Geesare,
1503 2127 1700 2182 Severi
1749 2127 1890 2195 filio,
1936 2144 2050 2183 non

406 2204 666 2274 quidem,
702 2211 766 2263 ut
794 2226 900 2281 par
930 2216 1070 2279 erat,
1124 2213 1456 2287 distinguit.
1519 2218 1665 2273 Nam
1697 2235 1832 2274 cum
1873 2219 2048 2290 Spar-

398 2294 619 2362 tianus,
654 2296 713 2352 in
740 2298 868 2354 Sev.
902 2317 952 2355 c.
979 2302 1064 2370 10,
1098 2303 1375 2360 Severum
1435 2305 1578 2362 dicit
1633 2307 1817 2362 ﬁlium
1873 2324 2050 2362 suum

394 2382 744 2441 Bassianum
774 2388 1061 2446 Caesarem
1095 2393 1445 2465 appellasse,
1506 2402 1569 2452 ut
1601 2396 1841 2452 fratrem
1873 2413 2047 2452 suum

395 2472 599 2529 Getam
633 2493 666 2530 a
697 2492 799 2547 spe
825 2478 1263 2552 imperii,quam
1286 2484 1412 2556 ipse
1433 2488 2050 2558 conceperat,submo-

394 2568 572 2631 veret,
626 2581 820 2621 nonne
878 2574 1335 2627 consentaneum
1391 2578 1499 2642 est,
1578 2592 1714 2631 eum
1764 2577 1835 2632 de
1882 2580 2045 2644 Geta,

395 2652 586 2706 Severi
627 2653 821 2724 fratre,
881 2657 1064 2715 fuisse
1124 2659 1385 2718 locutum
1419 2664 1446 2718 ?
1505 2664 1722 2721 Deinde
1774 2669 1928 2738 quod
1987 2668 2047 2723 in

400 2740 605 2797 multis
636 2744 855 2801 codicis
895 2748 1083 2804 titulis
1141 2750 1381 2807 nomina
1441 2752 1631 2808 Severi
1663 2758 1721 2809 et
1765 2755 2045 2811 Antonini

398 2830 794 2901 Augustorum
820 2837 1208 2910 reperiantur,
1232 2841 1335 2896 sed
1368 2844 1522 2897 140
1543 2846 1692 2899 Gelae
1715 2862 2043 2917 nunquam,

399 2917 509 2973 hoc
540 2936 674 2977 vero
706 2924 779 2978 ad
811 2941 931 2980 rem
965 2927 1112 2982 nihil
1144 2929 1283 2984 facit
1313 2931 1587 3000 omnino;
1642 2933 1714 2988 ab
1772 2951 1838 2989 eo
1887 2935 2045 2991 enim

398 3011 680 3081 tempore,
714 3029 829 3084 quo
850 3014 995 3071 Geta
1015 3018 1363 3090 dignitatem
1392 3021 1643 3094 Augusti
1671 3025 1951 3096 suscepit,
1984 3030 2049 3082 ut

397 3103 600 3168 postea
631 3101 1196 3179 docebitur,semper
1225 3110 1334 3165 fuit
1358 3111 1541 3181 patris
1572 3112 1630 3167 in
1653 3112 1805 3168 bello
1828 3131 2044 3182 comes,

393 3186 453 3240 in
487 3202 624 3258 quo,
658 3193 812 3261 quod
838 3193 908 3250 de
936 3194 1164 3268 legibus
1195 3199 1267 3254 ad
1299 3216 1420 3255 rem
1452 3200 1748 3271 publicam
1781 3207 2045 3274 spectan-

2161 601 2436 656 Severum
2470 616 2602 655 cum
2654 598 2814 666 filiis,
2867 599 2994 669 jam
3038 597 3318 669 Augustis
3378 600 3693 667 putemus;
3752 594 3812 649 in

2163 690 2380 761 quibus
2414 692 2565 744 Deus
2598 689 2712 743 dici
2747 692 2936 761 potest
2967 688 3023 742 in
3056 703 3239 741 unum
3273 686 3510 752 favisse,
3538 690 3602 741 ut
3635 686 3809 740 verbo

2162 778 2518 849 Septimiano
2555 781 2812 845 utamur,
2849 794 2982 832 cum
3024 792 3200 843 unus,
3259 775 3308 830 si
3363 778 3517 830 recte
3562 773 3812 829 velimus

2164 867 2347 938 loqui,
2403 869 2649 923 Severus
2734 866 3083 938 regnaverit,
3165 864 3352 920 caeteri
3412 864 3526 919 duo
3576 863 3814 919 nomine

2165 957 2353 1029 magis
2387 973 2565 1030 quam
2599 972 2659 1011 re
2681 957 2933 1029 Augusti
2952 955 3187 1011 fuerint.
3222 954 3404 1020 Unde,
3428 954 3477 1010 si
3509 958 3815 1010 teneamus

2166 1063 2422 1120 quonam
2454 1063 2606 1103 anno
2635 1049 2774 1101 Gela
2804 1046 2876 1100 ad
2909 1044 3155 1117 Augusti
3189 1043 3534 1115 dignitatem
3579 1047 3816 1099 evectus

2167 1136 2259 1203 sit,
2285 1135 2406 1191 haec
2439 1152 2554 1191 non
2589 1135 2779 1208 magis
2811 1135 2882 1190 ad
2913 1133 3307 1206 cognitionem
3338 1131 3813 1204 intelligentiam-

2166 1241 2276 1297 que
2305 1225 2491 1281 aetatis
2537 1226 2891 1281 convertent.
2926 1223 3230 1279 Enimvero
3278 1220 3621 1278 Dodwellus
3650 1222 3817 1289 scite,

2170 1320 2235 1370 ut
2270 1315 2384 1369 alia
2440 1313 2649 1382 multa,
2717 1313 2947 1368 monuit
3023 1312 3301 1383 (Praelect.
3360 1310 3813 1379 Camden.,.\'IX,

2165 1405 2311 1473 §21,
2344 1422 2400 1478 p.
2430 1405 2531 1459 621
2571 1406 2729 1474 seq.),
2779 1401 3102 1474 multisque
3160 1400 3562 1473 comprobavit
3620 1416 3814 1456 exem-

2156 1493 2292 1565 plis,
2353 1497 2753 1549 Romanorum
2806 1491 3191 1564 imperatores
3241 1506 3507 1559 curasse,
3560 1494 3626 1545 ut
3665 1490 3811 1545 Trib.

2155 1584 2280 1639 Pot.
2315 1581 2569 1638 filiorum
2602 1598 2844 1638 suorum
2879 1598 2913 1635 a
2944 1580 3365 1653 quinquenniis
3407 1584 3510 1635 aut
3538 1578 3816 1635 decennis

2157 1672 2392 1745 imperii
2424 1675 2854 1729 numeraretur.
2881 1670 2991 1727 Sed
3025 1687 3163 1726 ann.
3194 1669 3428 1736 CCVIII,
3462 1668 3595 1740 quis
3627 1668 3816 1724 nescit

2162 1761 2651 1833 quindecennalia
2684 1760 2872 1816 Severi
2901 1768 2952 1815 et
2974 1758 3247 1814 Caraealli
3267 1756 3609 1814 decennalia
3639 1758 3816 1813 exsti-

2162 1851 2301 1906 tisse
2331 1851 2357 1905 ‘I
2388 1850 2668 1918 Quocirca
2700 1850 2793 1905 vix
2825 1849 3143 1921 quisquam
3163 1847 3433 1903 dubitare
3461 1851 3655 1920 potest
3671 1846 3816 1919 quin

2162 1942 2365 1995 eodem
2425 1956 2576 1995 anno
2626 1939 2683 1994 in
2736 1938 2939 1994 Getam
2994 1937 3240 2010 Augusti
3300 1935 3555 2009 dignitas
3607 1936 3820 1993 collata

2162 2029 2356 2098 fuerit,
2390 2033 2446 2084 et
2478 2029 2618 2100 quid
2650 2027 2895 2100 impedit
2917 2027 3238 2100 quominus
3277 2042 3380 2098 pro
3438 2041 3597 2081 more
3627 2024 3816 2097 impe-

2161 2123 2422 2174 ratorum
2452 2134 2601 2174 rom.
2634 2117 2788 2173 idem
2822 2118 3025 2173 eodem
3058 2116 3151 2171 die
3207 2115 3386 2171 etiam
3438 2118 3589 2170 Getae
3629 2114 3817 2170 conti-

2160 2206 2337 2280 gisse,
2372 2224 2488 2279 quo
2522 2205 2660 2263 olim
2695 2207 2901 2262 Severo
2933 2210 2989 2261 et
3026 2204 3341 2274 Caracallo,
3375 2204 3691 2259 dicamus?
3732 2206 3814 2257 Ac

2158 2295 2273 2351 ista
2304 2312 2398 2352 res
2419 2296 2467 2351 si
2490 2296 2635 2351 forte
2669 2295 2849 2351 dubia
2878 2295 3060 2350 videri
3093 2298 3291 2365 posset
3321 2294 3812 2364 propterea,quod

2156 2384 2245 2440 vel
2286 2385 2343 2439 id
2384 2384 2558 2440 citius
2596 2383 2886 2456 potuisset
2944 2384 3228 2449 accidere,
3285 2382 3373 2438 vel
3416 2382 3570 2453 quod
3629 2398 3809 2437 unam

2156 2472 2307 2528 hanc
2362 2474 2625 2545 regulam
2682 2475 3064 2545 imperatores
3124 2488 3239 2528 non
3308 2471 3559 2527 fuissent
3611 2471 3806 2525 ubivis

2156 2563 2364 2634 secuti,
2397 2564 2664 2636 quamvis
2696 2562 2754 2617 id
2805 2564 3043 2635 quidem
3097 2561 3416 2618 verisimile
3468 2560 3528 2615 in
3595 2561 3809 2615 Severo

2156 2668 2272 2707 non
2303 2653 2400 2719 sit,
2426 2653 2526 2725 qui
2559 2653 2701 2707 artis
2733 2651 3135 2707 Chaldzrorum
3167 2649 3588 2706 studiossimus
3619 2650 3802 2703 fastos

2155 2742 2280 2798 dies
2311 2741 2622 2814 diligenter
2651 2740 3142 2811 tenebat,nummi
3181 2745 3380 2795 tamen
3414 2739 3525 2794 hoc
3572 2743 3805 2810 ponunt

2154 2836 2317 2887 extra
2352 2848 2585 2887 omnem
2620 2831 3066 2886 dubitationem.
3095 2830 3241 2885 Nam
3274 2829 3322 2884 si
3371 2831 3440 2885 ad
3491 2844 3807 2884 numerum

2157 2922 2299 2976 Trib.
2333 2928 2455 2977 Pot.
2519 2921 2660 2977 Getae
2718 2920 3100 2987 attendimus,
3160 2919 3377 2991 quibus
3434 2918 3569 2972 anni
3630 2917 3810 2987 hujus

2155 3010 2461 3083 dignitatis
2494 3014 2743 3081 possunt
2766 3009 3209 3065 accuratissime
3239 3007 3539 3077 efﬁci,iste
3568 3006 3807 3078 quidem

2154 3098 2673 3172 ultraquartumin
2696 3098 2848 3153 Getae
2872 3098 3136 3152 nummis
3167 3113 3281 3152 non
3297 3094 3807 3168 progreditur.Sed

2155 3188 2297 3242 Geta
2327 3204 2623 3242 summum
2654 3204 2788 3242 cum
2820 3185 3117 3243 Caracallo
3149 3186 3508 3258 principium
3540 3184 3611 3239 ad
3640 3200 3808 3238 men-

397 3275 558 3331 tibus
580 3279 835 3350 cogitare
865 3300 981 3339 non
1040 3288 1314 3358 potuerit,
1375 3268 1546 3346 nemo
1596 3268 2039 3349 mirari-debet.
2074 3268 2117 3335 Ο
2156 3292 2279 3332 39m
2314 3278 2430 3332 fere
2457 3277 2755 3333 Februarii
2786 3279 2931 3332 141
2973 3276 3122 3331 Anni
3183 3275 3365 3331 CCX”
3406 3273 3594 3330 tennit
3623 3274 3805 3345 (26');

395 3364 458 3417 Id
490 3381 620 3421 vero
654 3368 815 3425 nullo
874 3374 1047 3429 modo
1105 3376 1409 3432 ferendum
1451 3384 1561 3447 est,
1614 3381 1767 3452 quod
1813 3381 2037 3455 Getam,

396 3458 559 3524 patre
589 3455 835 3526 vivente,
859 3464 1187 3535 Augustum
1243 3466 1605 3538 appellatum
1671 3486 1801 3526 esse
1849 3476 2039 3544 neget,

397 3545 777 3633 numinisque
808 3554 1009 3607 utatur
1046 3553 1117 3608 ad
1150 3554 1258 3610 hoc
1306 3557 1700 3624 efﬁciendum,
1732 3558 1793 3614 in
1828 3560 2041 3633 quibus

396 3630 550 3688 Geta
581 3635 675 3690 Tr.
709 3640 771 3692 P.
798 3642 868 3708 II,
892 3638 1124 3712 legitur.
1158 3643 1303 3700 Nam
1337 3662 1469 3701 cum
1504 3647 1629 3720 ipse
1654 3630 1910 3719 adjiciat,
1942 3651 2044 3707 Ge-

394 3724 537 3791 tam,
573 3730 804 3782 mortuo
824 3732 1011 3799 patre,
1035 3747 1169 3787 cum
1202 3733 1375 3789 fratre
1406 3751 1521 3791 non
1574 3736 1686 3793 nisi
1724 3755 1760 3793 x
1787 3755 2039 3807 menses,

393 3825 467 3864 xv
495 3810 620 3867 dies
660 3829 974 3888 regnasse;
1009 3835 1247 3878 necesse
1276 3826 1367 3879 est
1421 3840 1563 3880 sane
1628 3831 1693 3881 ut
1721 3830 1862 3883 Geta
1906 3834 2042 3885 ante

398 3900 583 3991 patris
616 3908 859 3960 mortem
885 3908 1191 3977 Augustus
1220 3911 1298 3966 sit
1330 3912 1887 3985 appellatus.Altera
1918 3918 2042 3991 opi-

396 3989 493 4088 nio
524 3991 1021 4067 doctissimorum,
1044 4000 1433 4075 virorum,qui
1465 3989 2042 4080 Magdeburgihisto-

397 4087 493 4134 rite
526 4098 703 4138 sacrae
726 4087 1020 4144 centurias
1054 4099 1537 4163 composuerunt,
1592 4099 1866 4154 Severum
1907 4114 2041 4154 cum

394 4166 571 4240 Nigro
600 4172 927 4245 Albinaque
958 4179 1163 4234 statuit
1194 4180 1375 4237 fuisse
1406 4181 1567 4238 illam
1608 4184 1896 4257 triplicem
1928 4188 2044 4242 vir-

392 4260 601 4328 tutem,
635 4266 694 4317 et
722 4268 895 4334 recte,
921 4268 986 4321 ut
1015 4282 1149 4324 cum
1183 4268 1554 4328 Tillemontio
1585 4274 2043 4345 loquar,erroris

395 4349 783 4438 convincitur,
837 4371 904 4410 eo
962 4358 1117 4428 quod
1172 4359 1391 4416 fontem
1469 4362 1752 4419 malorum
1811 4365 2044 4438 imperii

394 4436 643 4494 Romani
677 4442 892 4500 fontem
936 4447 1264 4518 constituit,
1325 4451 1479 4506 unde
1528 4454 1851 4510 manaverit
1879 4436 2044 4513 tanta

395 4525 643 4616 felicitas
670 4528 922 4605 imperii,
956 4536 1027 4591 de
1075 4554 1190 4607 qua
1231 4539 1628 4597 Tertullianus
1660 4542 1937 4616 loquitur.
1962 4552 2044 4602 Ac

2150 3364 2331 3438 igitur
2352 3382 2635 3422 numerus
2700 3372 2951 3436 quartus
3002 3366 3144 3421 Trib.
3202 3366 3321 3420 Pot.
3381 3364 3548 3421 Geta.
3609 3363 3806 3419 medio

2150 3471 2286 3509 ann.
2310 3454 2490 3522 CCXI,
2516 3456 2723 3511 merito
2750 3455 2921 3511 debet
2949 3455 3237 3528 assignari
3263 3470 3277 3521 ;
3306 3470 3340 3509 a
3370 3470 3484 3524 quo
3530 3452 3578 3508 si
3610 3468 3805 3523 regre-

2149 3543 2383 3599 diamur
2433 3546 2818 3615 numerando,
2878 3544 3130 3600 efﬁcitur
3185 3559 3347 3600 sane.
3406 3546 3607 3598 Getam
3670 3546 3806 3614 post

2150 3633 2472 3689 confectam
2497 3633 2801 3689 dimidiam
2818 3638 3043 3706 partem
3056 3651 3192 3690 ann.
3226 3632 3440 3689 CCVIII
3472 3632 3806 3703 suscepisse

2151 3721 2494 3793 dignitatem
2527 3722 2813 3795 Augusti;
2848 3723 3004 3778 unde
3035 3726 3277 3795 apparet
3306 3726 3364 3777 et
3418 3721 3551 3791 hoc,
3582 3720 3803 3777 librum

2151 3810 2497 3867 Tertulliani
2517 3812 2583 3868 de
2606 3813 2794 3868 Pallio
2822 3812 3014 3869 medio
3055 3813 3185 3884 ejus
3216 3812 3355 3868 anni
3411 3827 3540 3867 esse
3599 3826 3803 3867 recen-

2150 3898 2380 3955 tiorem.

2151 4073 2179 4140 §
2230 4070 2316 4125 13.
2349 4101 2416 4111 -
2466 4071 2643 4125 Dubia
2686 4070 2937 4126 redditur
2983 4071 3255 4139 Basnagii
3291 4072 3341 4124 et
3394 4069 3635 4126 ἰέναισήίί
3677 4086 3806 4126 sen-

2224 4145 2421 4211 tentia,
2453 4145 2551 4213 qui
2579 4159 2715 4197 ann.
2750 4144 2915 4210 CCXI,
2964 4141 3110 4198 hunc
3163 4142 3371 4197 librum
3426 4141 3632 4197 editum
3688 4158 3807 4199 esse

2222 4214 2535 4284 voluerunt,
2567 4219 2621 4270 et
2640 4232 2775 4270 ann.
2810 4214 3018 4271 CCVIII
3049 4214 3271 4270 libellus
3299 4215 3587 4269 asserilur.

2225 4355 2335 4412 Sed
2369 4372 2502 4412 cum
2527 4357 2856 4412 accuratior
2894 4356 3032 4413 anni
3063 4358 3215 4428 ejus,
3273 4373 3387 4429 quo
3419 4355 3676 4427 scriptus
3708 4354 3807 4410 hic

2152 4443 2303 4499 liber
2329 4449 2438 4511 est,
2471 4445 2616 4501 ratio
2646 4445 2995 4518 postuletur,
3029 4446 3131 4518 qui
3163 4447 3279 4501 ista
3309 4444 3586 4501 subtilius
3617 4444 3809 4500 disse-

2152 4538 2312 4599 runt,
2343 4534 2580 4605 abeunt,
2612 4540 2899 4605 quantum
2930 4536 3118 4602 video,
3151 4534 3211 4589 in
3242 4550 3373 4590 eam
3400 4531 3804 4602 sententiam,

397 4615 468 4709 de
506 4618 765 4675 Pamelio
796 4621 1039 4678 meliora
1058 4625 1330 4693 sentiam,
1364 4646 1396 4684 a
1426 4631 1598 4702 cujus
1628 4615 1806 4689 causa
1832 4636 2045 4692 veritas
2074 4644 2122 4709 Β
2156 4628 2219 4678 Ut
2248 4624 2307 4678 in
2330 4640 2552 4679 annum
2584 4624 2764 4694 CCXI,
2789 4641 2924 4680 eum
2956 4624 3389 4696 conjiciendum
3422 4622 3803 4678 arbitrentur-

396 4704 740 4779 plerumque
783 4713 1179 4770 remotissima
1217 4716 1349 4771 est?
1378 4719 1479 4789 qui
1535 4720 1834 4794 Albinum,
1869 4742 2044 4797 quem

400 4809 606 4852 omnes
636 4804 853 4854 norunt
881 4806 1117 4873 propter
1138 4804 1486 4877 dignitatem
1518 4811 1766 4883 Augusti
1798 4813 1912 4868 sibi
1945 4831 2046 4871 ne-

398 4887 594 4976 gatam
644 4886 922 4945 adversus
987 4894 1264 4950 Severum
1314 4894 1656 4957 inimicitias
1712 4903 2045 4976 suscepisse

396 4972 481 5065 (7V.
512 4972 677 5029 Dion.
711 4978 997 5051 Cassium,
1052 4980 1092 5036 l.
1152 4999 1312 5057 Lxxv,
1373 5002 1423 5043 ο.
1455 4988 1508 5056 4,
1542 5006 1600 5062 p.
1653 4991 1832 5065 1258),
1868 4972 2043 5064 etiam

395 5064 731 5158 Augustum
764 5065 951 5158 dicere
990 5072 1202 5142 potuit,
1264 5078 1321 5131 et
1376 5076 1742 5138 Caracallum
1796 5064 1927 5153 ejus
1983 5083 2044 5139 in

392 5152 638 5242 imperio
670 5156 918 5225 socium,
952 5161 1319 5235 cuidemum,
1344 5165 1783 5242 interfectojam
1818 5152 2044 5230 dudum

392 5237 625 5338 Albino,
659 5242 910 5338 honores
961 5252 1210 5325 Augusti
1241 5259 1503 5314 concessi
1552 5237 1693 5317 sunt
1720 5261 1747 5316 ?
1778 5263 1959 5326 Quem
1993 5263 2044 5320 si

384 5334 686 5425 jocantem
726 5334 849 5393 haec
879 5339 1207 5400 afﬁrmasse
1223 5362 1356 5401 cum
1389 5347 1679 5422 Scaligero
1711 5353 1924 5420 dicam,
1950 5370 2046 5425 pa-

392 5434 527 5474 rum
568 5422 789 5494 dicam;
823 5431 908 5485 tot
964 5433 1239 5491 tenebras
1291 5437 1521 5493 veritati
1572 5441 1797 5498 olrudit.
1862 5422 2046 5516 Igitur

475 5580 752 5671 l(26*)lloc
783 5594 848 5671 ut
880 5591 1081 5647 multis
1112 5595 1672 5671 con_firmemus,non
1704 5602 1787 5660 ita
1806 5621 2047 5662 necesse

401 5658 524 5745 est;
553 5660 697 5716 satis
728 5660 884 5745 enim
915 5680 981 5745 ea
1008 5682 1185 5745 opera
1206 5668 1443 5745 functus
1498 5658 1585 5729 est
1612 5658 1615 5659 ν
1640 5658 2046 5735 Tillemontius

402 5735 461 5783 in
494 5747 666 5802 opere
696 5735 790 5789 cui
813 5735 1062 5807 titulus;
1086 5740 1322 5798 Histoire
1359 5742 1452 5799 des
1508 5761 1842 5819 empereurs,
1899 5756 2043 5807 tom.

2154 4712 2309 4768 Nihil
2340 4714 2494 4769 enim
2535 4719 2771 4787 caeteros
2830 4731 3153 4782 moramur,
3211 4713 3311 4785 qui
3368 4728 3572 4768 versus
3625 4711 3804 4767 tinem

2152 4801 2384 4875 imperii
2420 4803 2612 4859 Severi
2639 4804 2749 4859 hoc
2778 4820 2925 4877 opus
2957 4808 3282 4871 exaratum,
3315 4800 3504 4874 magis
3536 4799 3811 4857 universe

2152 4892 2558 4964 pronuntiant.
2593 4894 2704 4950 Sed
2729 4893 2829 4966 qui
2861 4894 3051 4966 magis
3081 4910 3211 4950 eam
3240 4909 3363 4949 rem
3397 4892 3470 4949 ad
3502 4888 3804 4947 subtilita-

2151 4984 2272 5037 tem
2327 4981 2795 5055 chronologicam
2858 4988 3196 5055 exegerunt,
3257 4983 3419 5039 Sam.
3483 4978 3814 5051 Basnagius

2152 5070 2240 5142 (In
2269 5071 2575 5128 Annalibus
2599 5073 3271 5145 politico-ecclesiasticis,
3306 5076 3451 5128 tom.
3483 5069 3555 5140 II,
3587 5086 3645 5142 p.
3676 5070 3806 5137 217,

2152 5164 2229 5230 et,
2262 5161 2361 5232 qui
2393 5160 2564 5217 illum
2586 5161 2872 5233 sequitur,
2903 5161 3047 5217 Ven.
3110 5159 3602 5234 Gmttingensium
3647 5156 3811 5213 Wal-

2152 5249 2321 5306 chius
2352 5251 2439 5323 (In
2486 5250 2911 5322 antiquitatibus
2956 5251 3121 5323 pallii
3145 5249 3517 5324 philosophici
3560 5256 3811 5303 veterum

2153 5339 2612 5404 Christianorum,
2646 5340 2837 5413 p.227
2871 5342 3028 5410 seq.),
3088 5339 3169 5409 hi,
3220 5340 3483 5411 inquam,
3536 5353 3626 5403 eo,
3687 5351 3807 5407 quo

2151 5428 2426 5499 diximus,
2458 5446 2608 5485 anno
2636 5427 2917 5501 scriptum
2952 5428 3107 5485 hunc
3146 5429 3363 5485 librum
3423 5443 3552 5483 esse
3602 5426 3807 5480 decer-

2151 5522 2340 5587 nunt;
2372 5522 2513 5575 sunt
2541 5518 2697 5575 enim
2731 5518 3000 5590 quadam
3041 5519 3167 5591 ejus
3211 5519 3350 5575 anni
3380 5514 3807 5574 similitudines

2151 5678 2391 5822 3,51%?
2423 5681 2515 5739 ed.
2548 5682 2620 5740 de
2648 5681 2926 5754 Bruxell.,
2973 5698 3033 5754 p.
3067 5681 3208 5752 185;
3242 5684 3300 5740 et
3329 5681 3476 5741 dans
3495 5677 3582 5737 les
3611 5680 3805 5749 notes,
