4072 6190
354 96 387 123 ‘f
434 96 567 131 “l"~7
612 110 639 123 ,γ

276 408 368 467 185

1112 409 1209 469 AC
1254 408 1653 470 DOC'I‘RINA
1700 406 2200 469 SCRIPTORUM
2249 410 2777 471 TERTULLIANI

3527 413 3641 473 186

271 555 376 594 eum
400 538 562 592 rebus
621 554 876 608 quarum
927 538 1020 595 hic
1091 540 1486 597 Tertullianus
1529 540 1880 595 mentionem
1915 540 1969 605 Α
1997 537 2085 593 vel
2121 538 2417 595 levissima
2448 558 2507 596 re
2540 542 2606 595 ad
2642 540 3071 596 convincendos
3097 540 3311 597 erroris
3343 559 3409 598 ac
3434 544 3642 617 flagitii

268 628 447 698 injecit.
480 627 711 693 Verum,
746 628 861 683 ista
883 645 942 683 re
973 629 1282 701 diligenter
1329 631 1678 701 examinata,
1741 628 1885 684 mihi

268 718 485 783 animus,
520 718 710 789 magis
736 718 1040 774 inclinavit
1068 719 1126 774 in
1160 736 1287 775 eam
1319 720 1693 786 sententiam,
1728 718 1885 789 quod

263 809 352 863 iste
379 805 607 862 libellus
631 807 708 862 sit
741 807 858 863 fere
890 809 960 863 ad
989 826 1209 864 annum
1244 810 1452 865 CCVIII
1499 809 1879 881 compositus.

262 898 417 960 Quam
475 897 548 951 ob
575 913 721 965 rem,
754 914 895 969 pace
943 900 1260 955 venerandi
1292 899 1425 968 viri,
1484 916 1658 972 quem
1716 913 1883 970 spero

261 986 403 1042 facile
428 986 659 1042 veniam
694 988 968 1043 daturum
1005 1005 1134 1045 esse
1184 989 1416 1044 homini
1460 989 1736 1060 ingenuo,
1789 1004 1882 1042 ve-

260 1092 476 1145 rumque
508 1075 635 1131 sine
668 1075 787 1133 ulla
817 1078 1185 1136 contentione
1217 1079 1477 1134 invenire
1520 1077 1756 1145 volenti,
1816 1092 1884 1131 ea

255 1163 528 1236 explicabo
559 1165 903 1222 brevissime
934 1183 1061 1239 quae
1096 1184 1189 1223 me
1218 1172 1469 1235 movent,
1504 1171 1569 1222 ut
1596 1168 1687 1238 ,de
1734 1165 1882 1220 veri-

254 1260 349 1310 tate
377 1256 502 1325 ejus
533 1255 833 1311 sententiae
875 1257 1279 1329 subdubitem,
1338 1274 1585 1330 quisque
1616 1258 1683 1312 ad
1729 1272 1879 1327 eam,

251 1360 398 1414 quam
420 1343 569 1399 obiri
600 1344 833 1411 vellem,
867 1348 1401 1403 commendandam
1436 1347 1623 1402 facere
1682 1345 1879 1417 aliquo

250 1434 403 1488 modo
432 1433 727 1490 videntur.
785 1434 1071 1492 Videlicet
1117 1436 1233 1492 ista
1289 1454 1461 1492 secus
1525 1436 1878 1492 sententiam

254 1522 423 1593 opinio
456 1523 731 1579 universa
761 1525 1013 1580 efﬁcitur
1059 1525 1447 1582 similitudine
1492 1543 1694 1581 eorum
1752 1542 1877 1595 quae

250 1612 622 1668 Tertullianus
651 1614 849 1680 habet,
883 1632 1016 1669 cum
1048 1615 1122 1670 iis
1153 1633 1275 1686 quae
1307 1616 1530 1672 scimus
1585 1614 1696 1670 isto
1727 1631 1877 1669 anno

251 1699 383 1755 CCXI
412 1701 749 1772 contigisse.
810 1703 917 1758 Sed
982 1704 1139 1759 istud
1172 1705 1408 1775 quidem
1462 1709 1877 1776 argumentum

248 1791 463 1845 tametsi
498 1807 617 1845 non
648 1790 914 1845 videatur
967 1793 1400 1865 repudiandum
1461 1810 1562 1864 per
1618 1809 1699 1863 se,
1762 1810 1875 1848 non

247 1884 418 1980 tamen
451 1878 734 1945 multum,
767 1880 993 1952 opinor,
1028 1881 1321 1938 ﬁrmitatis
1354 1883 1547 1952 habet,
1592 1884 1639 1938 si
1671 1883 1874 1938 eadem
1909 1916 1956 1980 B

244 1967 553 2023 similitudo
587 1984 788 2023 eorum
842 1986 1035 2041 quaee
1090 1971 1449 2027 Tertulliano
1510 1972 1665 2027 dicta
1718 1976 1877 2041 sunt,

246 2057 536 2111 intercedit
567 2074 700 2112 cum
734 2060 828 2128 iis,
863 2076 990 2131 quas
1022 2062 1374 2117 exstiterunt
1405 2079 1542 2116 ann.
1568 2060 1799 2130 CCVIII,
1825 2065 1880 2115 et

240 2145 434 2200 omittit
462 2145 587 2200 vim
612 2147 894 2217 probandi
924 2151 1235 2219 omnem,si
1267 2151 1454 2223 possit
1483 2150 1712 2206 ostendi
1737 2167 1875 2204 ann.

239 2234 373 2288 CCXI
403 2235 579 2307 plane
610 2236 837 2292 diversa
867 2239 1153 2296 accidisse
1185 2241 1255 2296 ab
1280 2241 1377 2312 {iis
1398 2258 1525 2312 quas
1558 2240 1607 2295 is
1638 2240 1696 2295 in
1729 2238 1877 2294 libro

238 2326 413 2377 nostro
445 2325 747 2380 memorias
781 2327 1057 2398 prodidit.
1092 2330 1253 2393 Quod
1288 2334 1606 2402 utrumque
1664 2329 1757 2385 hic
1795 2330 1878 2384 ita

241 2425 293 2464 se
320 2427 561 2481 prorsus
589 2413 1034 2488 habet.Nam,ut
1055 2419 1125 2473 de
1157 2419 1265 2474 hoc
1288 2420 1477 2475 dicam
1514 2420 1701 2492 primo
1726 2418 1875 2487 loco,

242 2514 356 2554 cum
387 2506 657 2558 nostrum
689 2503 952 2561 libellum
988 2508 1197 2564 litteris
1231 2511 1538 2565 mandaret
1565 2507 1873 2564 Tertullia-

244 2605 361 2660 nus,
390 2591 589 2647 Africa
628 2593 754 2663 jam
805 2596 1045 2651 vacabat
1094 2615 1127 2653 a
1174 2603 1340 2654 terrae
1372 2600 1631 2654 motibus
1663 2598 1732 2671 (ο.
1757 2597 1814 2669 2)
1856 2612 1870 2651 :

242 2679 385 2731 Pacis
411 2682 575 2733 erant
606 2689 657 2735 et
721 2698 955 2739 annonae
1010 2687 1141 2755 otia,
1174 2687 1241 2740 ab
1283 2688 1513 2758 imperio
1571 2703 1622 2742 ει
1650 2704 1683 2741 a
1740 2686 1874 2741 caelo

242 2765 355 2819 bene
380 2777 502 2823 erat
536 2769 610 2837 (ο.
647 2770 720 2840 1).
753 2772 864 2826 Sed
898 2787 964 2828 eo
1001 2778 1261 2846 tempore
1311 2793 1425 2848 quo
1457 2778 1527 2832 ad
1560 2775 1871 2847 Scapulam

238 2856 567 2928 perscripsit
595 2876 662 2914 ea
682 2861 896 2931 quibus
926 2864 1189 2919 animum
1210 2866 1335 2936 ejus
1364 2871 1658 2922 revocaret
1687 2883 1719 2920 a
1740 2882 1872 2920 cru-

236 2943 451 3002 delitate
511 2948 794 3005 adversus
851 2952 1236 3021 Christianos,
1284 2957 1444 3028 quod
1503 2957 1617 3011 fere
1648 2955 1869 3011 factum

234 3037 310 3086 est
331 3051 466 3091 ann.
512 3037 694 3105 CCXI,
756 3047 818 3094 ut
873 3046 1077 3112 postea
1132 3044 1498 3115 docebimus,
1550 3046 1676 3117 jam
1735 3050 1871 3100 ante

235 3137 436 3179 annum
466 3125 789 3195 imbribus,
828 3129 984 3201 igne,
1042 3132 1400 3202 tonitruhus,
1442 3135 1669 3190 defectu
1728 3134 1868 3191 solis

234 3210 464 3284 aliisque
497 3216 793 3286 perterriti
824 3228 985 3274 erant
1022 3222 1301 3279 Africani.
1335 3225 1469 3288 Quae
1501 3226 1700 3280 omnia
1734 3242 1867 3280 cum

1997 645 2097 683 eos
2127 629 2227 700 qui
2258 634 2421 684 erant
2453 632 2627 685 rebus
2673 630 3135 685 Christianorum
3198 632 3434 687 adversi
3490 632 3647 689 hunc

1995 733 2100 789 ego
2132 719 2583 774 Terltullianum
2618 726 2956 791 putaremus
2987 721 3268 775 adversus
3301 737 3399 777 eos
3443 722 3645 794 dispu-

1995 811 2255 862 taturum
2312 810 2482 863 modo
2535 827 2622 875 eo,
2672 814 2757 875 ut,
2817 811 3317 880 quemadmodum
3398 812 3644 882 injurias

1994 897 2467 953 adversariorum
2527 899 2585 953 in
2656 899 3011 954 christianos
3096 905 3312 955 secuta:
3393 901 3643 957 fuissent

1994 1002 2241 1042 summae
2274 987 2657 1056 calamitates,
2693 989 2776 1044 ita
2805 988 3066 1044 vicissim
3103 988 3448 1045 felicissima
3492 996 3641 1046 tem-

1992 1092 2136 1146 pora
2165 1076 2458 1147 excepisse
2487 1094 2689 1134 eorum
2721 1077 2779 1132 in
2815 1078 2924 1133 hos
2964 1078 3431 1135 benevolentiam
3486 1081 3642 1137 dice-

1992 1168 2080 1220 ret
2108 1169 2133 1219 ?
2163 1170 2346 1236 Atque
2377 1166 2534 1222 aliud
2569 1168 2760 1222 adhuc
2790 1168 2847 1223 in
2874 1173 3149 1240 promptu
3182 1172 3288 1225 est.
3322 1173 3469 1225 Nam
3503 1187 3638 1225 cum

1992 1253 2389 1311 Tertullianus
2420 1256 2600 1311 istum
2631 1256 2694 1311 dc
2724 1257 2901 1312 Pallio
2925 1256 3186 1312 libellum
3245 1265 3637 1330 componeret,

1985 1345 2140 1415 pacis
2187 1346 2297 1399 otia
2347 1355 2528 1413 erant,
2591 1350 2641 1401 et
2697 1362 2886 1402 revera
2944 1347 3090 1401 orbis
3132 1348 3497 1403 cultissimum
3544 1366 3640 1405 rus

1986 1435 2211 1504 imperii
2236 1436 2520 1490 concutias
2545 1438 2602 1491 et
2628 1453 2877 1491 amamus
2900 1454 3064 1508 super
3111 1438 3330 1493 Alcioni
3365 1443 3642 1509 pometum

1986 1528 2036 1577 et
2066 1523 2226 1579 Mida:
2259 1534 2499 1579 roselum
2529 1527 2601 1596 (c.
2635 1531 2711 1593 2).
2776 1527 2834 1580 Id
2900 1543 3032 1581 vero
3094 1544 3349 1598 quonam
3411 1530 3583 1583 modo
3615 1528 3641 1582 ‘l

1988 1612 2277 1667 Eradicato
2309 1616 2462 1669 omni
2500 1617 2714 1670 aconita
2752 1615 3097 1670 hostilitatis.
3153 1616 3235 1670 Sit
3288 1617 3486 1688 itaque
3544 1616 3639 1672 hic

1986 1700 2135 1756 liber
2165 1703 2420 1774 scriptus
2453 1703 2616 1759 initio
2649 1722 2785 1759 ann.
2819 1704 3019 1771 CCXI;
3055 1722 3189 1759 nam
3224 1706 3333 1760 sub
3385 1706 3641 1761 Februa-

1987 1790 2056 1844 rii
2120 1791 2352 1847 initium
2412 1793 2564 1848 inter
2614 1793 2771 1848 vivos
2832 1811 2958 1849 esse
3009 1797 3251 1849 Severus
3311 1795 3505 1860 desiit,
3584 1800 3642 1851 et

1989 1880 2163 1935 desiit
2220 1883 2393 1936 etiam
2458 1904 2485 1931 ‹‹
2546 1881 2753 1953 triplex
2812 1881 3042 1954 imperii
3101 1884 3372 1938 virtus.»
3427 1885 3637 1939 Atisto

1989 1971 2250 2039 tempore
2285 1970 2502 2026 bellum
2536 1972 2818 2026 adversus
2852 1973 3164 2027 Britannos
3196 1974 3457 2028 nondum
3516 1978 3641 2029 erat

1990 2058 2348 2125 absolutum,
2385 2076 2485 2115 nec
2518 2078 2777 2131 unquam
2811 2066 3013 2132 postea
3043 2062 3175 2131 fuit,
3218 2062 3345 2117 vivo
3404 2063 3634 2134 Severo,

1989 2148 2092 2202 sed
2149 2164 2215 2203 eo
2266 2154 2495 2205 mortuo
2555 2150 2793 2205 demum
2854 2150 3183 2206 Antoninus
3242 2168 3443 2222 pacem
3501 2169 3635 2209 cum

1988 2237 2281 2293 Britannis
2310 2238 2443 2294 iniit
2475 2239 2555 2310 (V.
2589 2239 3003 2311 Herodianum,
3038 2241 3076 2294 l.
3114 2257 3197 2308 ιιι,
3240 2257 3289 2295 c.
3352 2243 3437 2309 15,
3499 2259 3632 2314 pag.

1990 2328 2132 2398 173).
2166 2330 2284 2383 Isto
2310 2328 2492 2399 igitur
2522 2346 2673 2385 anno
2697 2346 2831 2384 cum
2864 2335 3017 2385 certe
3051 2347 3154 2385 nec
3208 2328 3425 2385 fuerint
3478 2334 3634 2402 pacis

1989 2419 2117 2487 alia,
2150 2433 2256 2473 nec
2286 2418 2433 2473 orbis
2461 2420 2827 2475 cultissimum
2856 2436 2954 2474 rus
2985 2421 3238 2488 imperii,
3271 2420 3634 2476 commodior

1986 2507 2151 2563 locus
2180 2508 2408 2563 videtur
2436 2508 2573 2585 huic
2603 2508 2752 2564 libro
2784 2509 3075 2582 assignari
3107 2510 3404 2580 debere,et
3436 2528 3627 2567 annus

1985 2598 2222 2669 quidem
2254 2597 2471 2654 CCVIII
2504 2598 2563 2653 in
2595 2598 2771 2654 ﬁnem
2796 2599 3461 2670 inclinatus,praesertim
3492 2617 3631 2670 quo-

1986 2688 2143 2742 niam
2176 2704 2309 2743 cum
2342 2705 2408 2743 eo
2438 2687 2656 2759 optime
2698 2690 3053 2744 concordant
3107 2706 3176 2745 ea
3227 2688 3440 2756 omnia,
3504 2707 3629 2762 qua

1983 2779 2378 2835 Tertullianus
2410 2779 2504 2834 hic
2535 2779 2795 2835 tradidit.
2819 2780 3082 2851 Namque
3115 2781 3163 2836 si
3214 2780 3465 2852 requiris
3526 2783 3631 2837 tri-

1977 2870 2179 2941 plicem
2205 2871 2496 2941 praesentis
2521 2871 2746 2940 imperii
2776 2871 3051 2937 virtutem,
3098 2886 3239 2925 sane
3286 2871 3414 2941 jam
3457 2871 3630 2926 modo

1982 2959 2125 3014 Geta
2157 2959 2403 3031 Augusti
2435 2959 2778 3030 dignitatem
2821 2966 3194 3029 sumpserat;
3258 2958 3306 3013 si
3339 2960 3629 3028 Carthagi-

1978 3065 2173 3104 nenses
2195 3051 2434 3104 novitate
2456 3050 2660 3120 leliccs,
2683 3064 2781 3103 eos
2802 3048 2928 3119 jam
2962 3049 3185 3103 dudum
3238 3047 3468 3102 nummi
3525 3064 3629 3118 pro

1980 3141 2256 3196 diderunt
2282 3140 2425 3213 (27);
2462 3140 2510 3195 si
2539 3149 2764 3195 cactum
2793 3145 2846 3195 et
2885 3142 3084 3194 rubum
3114 3138 3360 3195 subdolae
3374 3140 3628 3210 [amilia-

1981 3231 2176 3297 ritatis,
2214 3229 2557 3285 Plautianus
2581 3230 3082 3285 familiarissimus
3114 3230 3322 3284 Severo
3350 3229 3471 3298 jam
3504 3232 3630 3284 erat

237 3299 622 3360 Tertullianus
655 3306 927 3364 defendat
959 3327 1263 3381 pcenarum
1296 3313 1484 3369 instar
1520 3315 1701 3370 fuisse
1733 3315 1867 3371 deo-
1898 3291 1945 3357 ο
1983 3336 2117 3375 ann.
2153 3291 2327 3389 CCIV,
2360 3336 2390 3374 e
2421 3318 2637 3374 medito
2669 3318 2942 3374 sublatus
2976 3318 3063 3390 (V.
3116 3291 3457 3387 Tillemont,
3487 3319 3625 3374 Hist.

232 3403 347 3445 rum
378 3392 709 3450 cultoribus
737 3398 1079 3470 fpropterea,
1141 3404 1294 3473 quod
1354 3408 1440 3459 tot
1496 3404 1866 3460 miseriarum

234 3479 369 3537 I42
400 3482 459 3538 in
491 3483 848 3542 christianos
882 3489 1153 3547 incendia
1183 3492 1594 3561 excitaverant,
1629 3510 1868 3550 necesse

233 3575 311 3656 est
338 3586 477 3626 sane
512 3573 691 3628 istam
724 3575 935 3632 horum
956 3581 1316 3637 vexationem
1358 3584 1485 3655 jam
1546 3602 1732 3656 usque
1792 3584 1864 3639 ab

234 3655 439 3731 integro
471 3678 631 3717 anno
664 3664 899 3721 ductam
930 3667 1134 3724 fuisse.
1168 3677 1289 3743 Age
1347 3673 1527 3745 igitur
1579 3655 1667 3730 fac
1726 3693 1863 3731 ann.

234 3748 369 3803 CCXI
428 3752 725 3823 scriptum
783 3772 912 3811 esse
958 3757 1024 3815 de
1065 3762 1244 3817 Pallio
1304 3762 1593 3832 libellum,
1672 3783 1867 3821 nonne

232 3834 618 3896 Tertullianus
648 3848 972 3915 pugnantia
1013 3847 1293 3921 loquitur,
1351 3852 1449 3924 qui
1482 3853 1670 3909 eidem
1717 3861 1866 3910 tem-

232 3926 342 3996 pori
370 3933 425 3983 et
454 3946 757 3987 summam
791 3937 1237 4007 prosperitatem
1269 3944 1325 3995 et
1353 3940 1716 3999 calamitates
1741 3960 1868 4015 gra-

230 4014 485 4073 vissimas
519 4020 981 4095 tribuit?Atque
1011 4025 1105 4082 hic
1128 4045 1233 4101 ego
1294 4047 1408 4086 non
1440 4031 1689 4101 inﬁcior,
1750 4014 1866 4088 dici

228 4102 455 4162 forsitan
486 4125 667 4180 posse
697 4112 875 4181 quod,
910 4113 1004 4170 his
1037 4116 1473 4175 calamitatibus
1518 4121 1866 4192 aliquantis-

230 4208 320 4263 per
347 4198 639 4266 remissis,
675 4200 874 4271 quieta
903 4219 968 4258 ac
1000 4206 1169 4275 quasi
1200 4209 1521 4281 tranquilla
1566 4211 1870 4281 interjecta

230 4282 523 4342 intervalla
557 4288 793 4345 fuerint.
827 4291 934 4347 Sed
968 4310 1101 4349 cum
1128 4298 1338 4353 veteris
1371 4298 1623 4355 historia
1655 4317 1866 4355 monu-

230 4378 412 4429 menta
442 4376 597 4431 nihil
627 4395 871 4449 prorsus
915 4384 1297 4454 prodiderint,
1349 4405 1417 4443 ex
1447 4406 1560 4461 quo
1620 4390 1733 4445 ista
1777 4406 1869 4445 res

230 4464 404 4531 possit
435 4468 698 4538 quodam
723 4471 896 4526 modo
946 4473 1213 4548 intelligi,
1271 4479 1540 4549 nunquid
1598 4479 1712 4535 ista
1764 4479 1871 4533 ﬁn-

232 4565 354 4641 gere
380 4552 606 4625 liceret,
641 4562 707 4613 ut
765 4560 1193 4631 opitularemur
1223 4566 1483 4638 opinioni
1537 4586 1664 4640 quae
1723 4584 1869 4641 pene

1972 3409 2066 3465 des
2089 3408 2477 3480 empcreurs,l.
2513 3425 2666 3480 c.,p.
2701 3409 2804 3463 413
2850 3407 3027 3479 seq.);
3085 3408 3133 3463 si
3189 3424 3339 3478 spem
3393 3408 3629 3478 Campa-

1973 3500 2083 3553 niae
2108 3499 2309 3555 deusta
2332 3500 2405 3554 de
2427 3499 2700 3553 montibus
2728 3499 2843 3552 suis
2873 3498 2944 3569 (e.
2969 3498 3048 3567 2),
3108 3496 3255 3551 illud
3318 3497 3418 3551 Dio
3475 3498 3627 3553 148

1975 3588 2211 3644 Cassius
2244 3588 2371 3659 (lib.
2408 3587 2640 3653 LXXVI,
2676 3604 2725 3641 ο.
2758 3588 2813 3653 2,
2876 3604 2932 3659 p.
2988 3587 3178 3658 1272),
3236 3590 3500 3657 tempore
3560 3603 3625 3641 eo

1974 3694 2089 3748 quo
2120 3677 2458 3732 Plautianus
2482 3676 2670 3747 periit,
2717 3675 2889 3747 plane
2920 3675 3155 3745 quidem
3204 3690 3628 3730 commemora-

1972 3767 2054 3821 vit
2086 3784 2101 3835 ;
2129 3766 2178 3821 si
2202 3766 2451 3837 denique
2482 3765 2830 3820 eradicatum
2862 3781 3021 3820 omne
3051 3766 3328 3819 aconitum
3362 3764 3635 3819 hostilita-

1973 3857 2048 3911 tis
2077 3872 2145 3911 ac
2194 3855 2347 3927 pacis
2401 3856 2532 3922 otia,
2594 3858 2759 3910 erant
2815 3855 2930 3909 ista
2977 3871 3118 3910 sane
3207 3854 3394 3925 prius,
3449 3870 3627 3926 quam

1973 3949 2216 4000 Severus
2245 3945 2303 3998 in
2328 3943 2686 3999 Britanniam
2718 3943 3217 4014 proficiscebatur.
3253 3942 3364 3997 Sed
3418 3943 3633 3997 exclusi

1975 4034 2216 4090 ubinam
2246 4034 2488 4088 tandem
2520 4037 2658 4088 sunt
2678 4033 2915 4087 Barbari
2944 4032 2971 4086 ‘l
3003 4032 3045 4085 Ii
3078 4031 3314 4102 quidem
3362 4032 3621 4086 nondum

1975 4139 2041 4179 eo
2071 4127 2332 4194 tempore
2364 4138 2531 4176 muro
2564 4121 2919 4189 Britannico,
2954 4120 3055 4175 sed
3088 4124 3285 4175 tamen
3317 4119 3388 4173 ab
3438 4119 3629 4190 impe-

1977 4212 2047 4267 rii
2078 4211 2322 4268 Romani
2372 4211 2592 4266 finibus
2648 4210 2795 4282 ipsis
2863 4209 3162 4282 legionum
3224 4208 3624 4289 Romanarum

1977 4302 2266 4374 praesidiis
2314 4301 2682 4368 arcebantur,
2744 4304 2799 4355 et
2853 4299 2978 4370 ipse
3037 4296 3432 4353 Tertullianus
3491 4313 3626 4351 eum

1977 4391 2255 4462 loquatur
2284 4392 2355 4446 de
2388 4391 2590 4445 multis
2622 4388 2909 4459 barbaris,
2943 4388 3225 4458 quidnam
3286 4390 3376 4442 est
3434 4402 3626 4441 causas

1978 4498 2081 4537 cur
2108 4482 2263 4538 solos
2290 4480 2596 4534 Britannos
2626 4477 3055 4551 intelligamus?
3089 4479 3290 4549 Itaque
3321 4493 3454 4532 cum
3487 4492 3626 4531 ann.

1978 4571 2186 4626 CCVIII
2218 4570 2546 4629 exstiterint
2602 4569 2799 4623 omnia
2829 4585 2896 4623 ea
2927 4584 3053 4639 quae
3087 4570 3547 4623 commemorata
3599 4582 3632 4620 a

228 4639 445 4699 videtur
477 4647 552 4701 ad
582 4647 807 4703 exitum
840 4651 1137 4709 adducta?
1166 4656 1405 4711 Fuerint
1450 4639 1683 4713 interim
1724 4639 1867 4714 istae
1895 4664 1945 4730 Ι)
1973 4660 2330 4716 Tertulliano
2363 4660 2561 4724 fuere;
2594 4674 2726 4713 cum
2772 4656 2970 4712 nullus
3022 4656 3173 4712 alius
3228 4656 3415 4727 possit
3476 4654 3631 4710 exci-

230 4730 586 4792 calamitates
618 4738 691 4792 ad
722 4742 954 4810 tempus
984 4742 1570 4816 dispersae,tamenne
1601 4765 1868 4804 summas

228 4820 498 4882 adversus
555 4826 909 4885 christianos
964 4830 1212 4901 injurias
1270 4836 1443 4893 etiam
1498 4839 1868 4895 intermissas

230 4908 770 4989 dicamus?Etiam,
806 4918 1003 4989 dices;
1055 4939 1335 4997 prospera
1392 4926 1547 4982 enim
1603 4931 1869 4999 tempora

228 5002 316 5070 qui
354 5006 700 5076 potuissent
757 5009 1071 5080 exstitisse,
1132 5013 1246 5070 nisi
1288 5019 1345 5071 et
1374 5015 1461 5072 hae
1492 5016 1866 5088 aliquantum

227 5088 533 5150 desiissent
565 5098 587 5150 Ρ
616 5100 691 5151 At
720 5113 827 5169 ego
856 5098 957 5170 qui
984 5101 1410 5161 Tertullianum
1443 5104 1617 5161 didici
1667 5105 1867 5163 hostes

224 5174 277 5232 in
305 5196 510 5240 omnes
561 5186 730 5257 quasi
788 5186 1041 5246 latebras
1103 5200 1498 5265 persecutum,
1572 5213 1867 5269 usumque

286 5323 393 5412 (η)
414 5326 859 5412 ἓρειηὶλεφίυω
889 5331 949 5387 in
980 5334 1299 5412 immortali
1325 5356 1496 5412 opere
1520 5342 1594 5397 De
1624 5347 1865 5397 Prwsen-

220 5394 375 5486 itaet
410 5394 522 5454 Usu
553 5404 968 5486 numismatum,
992 5408 1144 5486 diss.
1177 5394 1487 5486 12_vol‘.fll,
1606 5394 1864 5486 mihi

221 5472 356 5557 litos
388 5488 674 5557 nummos
705 5477 897 5557 Severi
951 5472 1007 5533 et
1055 5483 1355 5551 Antonini,
1392 5472 1728 5557 in'quibus'
1778 5472 1866 5541 est

226 5538 366 5620 Felix
399 5544 718 5620 Karthago,
754 5549 826 5603 ad
856 5549 960 5620 jus
985 5568 1259 5612 nummos
1291 5538 1866 5617 cﬁdéhd‘iiiiiii'hﬁié

224 5618 805 5705 restaurataadatum
862 5618 1152 5705 pertinere
1200 5628 1375 5705 dicit.
1429 5634 1615 5699 Quam
1673 5633 1866 5705 ipsum

224 5693 497 5774 regant
526 5695 838 5774 cognatam
868 5698 1043 5774 certe,
1096 5693 1487 5774 sirespiciant
1538 5705 1578 5760 ii
1638 5693 1867 5761 nummi

226 5757 584 5831 creberrimi,
602 5757 732 5833 'qui
782 5757 1039 5825 laudant
1108 5757 1868 5851 ιηιιαιξπεὴὶῐᾶὶηῖάιῑρᾕῗῗή

1974 4751 2108 4818 tari,
2142 4750 2234 4805 cui
2266 4748 2461 4820 aliquo
2485 4748 2690 4819 majori
2717 4748 2851 4818 jure
2882 4747 3085 4802 eadem
3120 4750 3363 4817 possent
3393 4744 3578 4800 asseri
3605 4760 3620 4811 ;

1978 4858 2113 4896 cum
2145 4839 2275 4911 ipsa
2305 4838 2555 4909 denique
2581 4853 2782 4892 recens
2813 4835 3115 4907 dignitatis
3147 4836 3298 4890 Getae
3348 4833 3631 4889 memoria

1976 4930 2245 4986 videatur
2296 4925 2660 4982 occasionem
2720 4923 3078 4980 Tertulliano
3136 4924 3482 4995 praebuisse,
3566 4926 3633 4977 ut

1977 5022 2104 5092 ejus
2136 5017 2495 5074 mentionem
2528 5016 2740 5071 faceret
2773 5031 2784 5069 :
2821 5031 3028 5086 parum
3060 5014 3290 5069 videtur
3323 5030 3353 5069 a
3384 5012 3624 5068 certitu-

1977 5110 2112 5166 dine
2140 5109 2345 5165 abesse
2375 5106 2457 5175 id,
2482 5105 2637 5177 quod
2668 5104 2945 5173 diximus,
2970 5104 3186 5159 librum
3217 5103 3282 5159 de
3312 5102 3499 5158 Pallio
3551 5102 3624 5157 ad

1978 5217 2113 5256 ann.
2148 5195 2360 5255 CCVIII
2391 5196 2701 5268 pertinere.

2049 5343 2305 5413 Carthag.
2341 5338 2621 5413 (itaenim
2657 5337 2798 5413 mihi
2830 5334 3219 5413 videtu_r),hoc
3243 5334 3360 5389 fere
3391 5333 3631 5413 exstitit,

1975 5423 2046 5471 A.
2079 5407 2271 5480 CCIV,
2293 5407 2393 5468 aut
2422 5411 2492 5479 V,
2526 5411 2664 5482 quia
2695 5411 2752 5464 in
2786 5410 3141 5482 quihusdam
3176 5425 3308 5482 cum
3343 5424 3410 5462 ea
3442 5424 3501 5462 re
3532 5407 3629 5460 ’l‘r.

1975 5493 2039 5544 P.
2072 5491 2171 5552 VI,
2204 5483 2484 5557 Caracalli
2508 5481 2906 5557 coniungitur.
2942 5481 3104 5536 Certe
3136 5481 3275 5534 editi
3308 5483 3447 5557 sunt
3473 5482 3633 5557 'ant‘e

1976 5550 2263 5630 scriptum
2297 5556 2562 5630 libellum
2593 5550 2658 5610 de
2688 5550 2920 5630 pauiu,-
2952 5568 3248 5630 nusquam
3283 5550 3437 5605 enim
3470 5550 3527 5601 in
3562 5550 3634 5600 iis

1977 5624 2154 5699 Getae,
2186 5630 2287 5689 sed
2313 5628 2506 5688 Severi
2535 5631 2768 5685 tantum
2798 5630 2853 5684 et
2883 5624 3169 5685 Caracalli
3199 5637 3413 5680 nomen
3460 5632 3629 5688 repe-

1976 5704 2144 5762 ritur.
