4072 6190
381 393 495 453 187

1450 391 1976 453 DISSERTATIO
2021 391 2123 450 DE
2168 392 2380 451 VERA
2425 391 2708 451 IETATE

3671 388 3789 447 188

380 529 407 596 §
440 527 524 581 14.
559 526 872 582 —Librum
903 526 972 582 ad
1004 527 1296 599 Scapulam
1353 526 1451 581 sub
1516 527 1743 581 initium
1780 527 2029 599 imperii
2061 526 2113 594 Α
2144 526 2298 597 quod
2332 525 2721 598 Hieronymus
2752 526 2838 596 (de
2861 524 3020 582 Visis
3075 522 3405 588 illustribus,
3465 540 3515 578 c.
3560 521 3651 592 73,
3694 526 3786 580 ed.

452 599 717 655 Antonini
756 600 1047 667 Caracelli,
1100 601 1159 656 Α.
1195 600 1343 655 CCXI
1367 599 1641 671 prodiisse
1663 598 1946 669 probatur.

448 707 697 764 Ultimus
729 706 877 762 liber
906 707 1084 777 hujus
1116 706 1370 779 generis,
1403 710 1458 761 et
1502 707 1649 761 forte
1688 706 1857 761 credo
1903 721 2027 760 om-

380 797 545 852 nium
576 796 938 864 Tertulliani,
974 802 1062 852 est
1088 797 1136 852 is
1168 812 1342 869 quem
1401 795 1638 867 scripsit
1684 795 1755 851 ad
1815 796 2029 867 Scapu-

374 884 515 953 lam,
543 887 740 941 Africae
770 886 1074 958 praesidem
1104 903 1116 953 ;
1152 886 1323 957 cujus
1358 886 1646 941 adversus
1666 884 2027 939 Christianos

378 975 693 1031 crudelitas
725 976 852 1031 sine
879 975 1056 1031 dubio
1086 980 1218 1047 post
1258 976 1455 1031 Severi
1482 973 1851 1046 imperatoris
1905 973 2028 1029 edi-

379 1068 537 1119 ctum
568 1064 809 1120 exstitit.
834 1064 961 1119 Fuit
989 1064 1141 1120 enim
1175 1064 1708 1135 Hilarianus,cujus
1737 1063 1797 1119 in
1829 1068 2029 1118 nostro

378 1153 577 1208 libello
662 1154 1016 1209 mentionem
1078 1154 1481 1210 Tertullianus
1549 1154 1759 1225 injicit,
1820 1155 2025 1209 Africa

376 1260 588 1314 praeses
621 1261 686 1299 eo
718 1250 1001 1316 tempore,
1035 1262 1150 1317 quo
1184 1246 1451 1302 Felicitas
1485 1263 1549 1301 ac
1582 1249 1863 1316 Perpetua
1895 1260 2029 1299 cum

376 1334 551 1388 sociis
584 1334 706 1389 suis
729 1334 901 1389 morti
931 1335 1156 1390 traditas
1188 1339 1346 1403 sunt,
1382 1352 1558 1407 quam
1588 1338 1719 1407 post
1778 1333 1934 1405 leges
1998 1351 2031 1389 a

376 1422 584 1478 Severo
615 1423 766 1479 latas
798 1425 1085 1480 accidisse
1144 1442 1347 1480 omnes
1407 1426 1780 1480 conﬁtentur.
1846 1425 2030 1494 Atque

376 1528 445 1566 ex
476 1511 548 1567 iis
582 1512 746 1584 ipsis,
780 1513 996 1584 quibus
1027 1514 1337 1586 Scapulam
1372 1514 1566 1586 arguit
1598 1530 1842 1569 summae
1874 1513 2027 1584 inju-

373 1599 568 1671 stitiaa,
600 1601 943 1658 existimans
966 1603 1199 1675 (cap/1.)
1218 1604 1469 1675 potuisse
1496 1620 1620 1658 eum
1650 1604 1828 1673 ofﬁcio
1858 1603 2032 1674 juris-

376 1690 632 1746 dictionis
676 1708 791 1746 suae
811 1693 991 1762 fungi,
1017 1701 1068 1747 et
1088 1693 1457 1748 humanitatis
1479 1702 1671 1748 (amem
1691 1692 2029 1759 meminisse,

375 1796 499 1833 cum
528 1780 671 1834 nihil
705 1781 945 1852 amplius
970 1782 1285 1852 mandetur,
1309 1799 1481 1853 quam
1511 1786 1764 1838 nocentes
1820 1783 2029 1851 con/es-

2141 616 2388 685 Fabric.,
2424 633 2478 687 p.
2517 616 2637 689 126)
2670 616 3095 673 Tertullianum
3128 613 3283 670 ultra
3317 612 3590 670 Antonini
3634 618 3789 669 tem-

2140 723 2283 778 pora
2313 722 2431 761 non
2452 706 2669 762 vidisse
2702 707 2875 773 dicat,
2928 705 3103 761 nullae
3161 708 3437 778 praeterea
3487 720 3674 776 usque
3713 705 3788 759 ad

2141 795 2378 850 Decium
2412 796 2690 852 adversus
2721 796 2914 851 omnis
2934 795 3166 869 generis
3210 793 3561 851 christianos
3592 792 3789 848 inimi-

2140 884 2287 939 citias
2310 885 2672 957 reperiantur
2700 886 2836 959 (28),
2869 890 2926 942 et
2944 886 3101 959 quod
3133 901 3269 940 cum
3315 882 3599 939 Caracalli
3634 887 3791 939 tem-

2141 974 2383 1046 poribus
2413 976 2533 1031 haeo
2594 994 2718 1048 quae
2776 976 2994 1032 tradita
3023 976 3251 1031 suntin
3313 978 3511 1029 nostro
3568 971 3788 1037 libello,

2143 1066 2363 1136 optime
2393 1066 2784 1121 consentiant.
2818 1066 3074 1122 Tametsi
3105 1064 3261 1120 enim
3292 1081 3407 1120 non
3457 1063 3533 1118 sit
3586 1061 3788 1118 certis-

2143 1152 2290 1209 sime
2319 1154 2707 1227 exploratum,
2760 1173 2874 1228 quo
2932 1172 3084 1210 anno
3144 1159 3264 1209 haec
3322 1150 3790 1223 [cbristianorum

2142 1243 2402 1299 defensio
2433 1245 2731 1301 elaborata
2770 1246 2866 1316 sit,
2892 1249 3088 1300 tamen
3113 1243 3338 1299 ratione
3371 1242 3625 1314 quadam
3654 1258 3790 1313 pro-

2143 1333 2347 1401 babili,
2383 1340 2445 1389 ut
2474 1340 2563 1390 est
2591 1334 2652 1389 in
2685 1334 2786 1390 tali
2820 1351 2901 1404 re,
2935 1334 3123 1406 primo
3149 1328 3789 1404 imperiLAntoniniani

2142 1438 2295 1477 anno
2326 1422 2606 1478 vindicari
2639 1439 2706 1478 ea
2763 1437 2935 1493 posse
2990 1422 3242 1476 videtur'
3294 1420 3568 1489 Namque
3614 1416 3784 1470 illum

2141 1511 2280 1567 selis
2302 1512 2593 1568 defectum
2612 1528 2787 1583 quem
2804 1510 3200 1567 Tertullianus
3220 1510 3301 1565 ait
3321 1524 3473 1565 anno
3499 1504 3787 1578 superiori

2139 1602 2437 1657 exstitisse
2464 1602 2537 1673 (c.
2571 1604 2646 1673 3).
2693 1604 3022 1659 Antoninus
3074 1600 3349 1655 Lalovera
3403 1597 3659 1653 asseruit
3711 1599 3781 1649 A.

2142 1690 2270 1745 CCX
2304 1692 2438 1762 (29).
2470 1693 2572 1746 Cui
2624 1691 2892 1763 quamvis
2952 1688 3360 1745 Tillemontius
3409 1687 3647 1742 resistat
3695 1700 3786 1751 eo,

2142 1780 2295 1850 quod
2330 1780 2722 1835 Tertullianus
2752 1785 2922 1835 solem
2952 1778 3294 1843 dixerit,non
3322 1778 3555 1848 potuisse
3588 1775 3688 1830 hoc
3716 1790 3789 1828 ea:

374 1885 459 1924 sos
490 1868 777 1935 damnare,
808 1874 1067 1941 negantes
1095 1878 1284 1926 autem
1316 1871 1384 1925 ad
1434 1877 1706 1926 tormenta
1735 1884 2028 1930 revocare;
2059 1903 2105 1968 Β
2139 1868 2424 1924 ordinario
2449 1869 2688 1940 deliquio
2707 1872 2846 1939 pati,
2878 1886 3003 1924 cum
3022 1870 3191 1938 fuerit
3223 1868 3283 1922 in
3310 1882 3411 1920 suo
3471 1865 3788 1935 hypsomate

377 1958 546 2013 exiis
606 1958 819 2026 verbis,
863 1959 1125 2031 inquam,
1187 1960 1343 2015 haud
1405 1960 1649 2015 obscure
1707 1958 2021 2030 colligitur,

374 2052 501 2101 tum
530 2047 822 2103 exstitisse
854 2048 1010 2119 leges
1062 2050 1347 2120 quasdam
1407 2049 1623 2118 Severi,
1673 2046 2021 2104 Christianis

373 2134 665 2191 inimicas.
693 2137 821 2191 Istae.
851 2138 1006 2192 enim
1041 2142 1356 2209 antequam
1390 2137 1555 2193 editas
1589 2143 1775 2205 erant,
1821 2135 2021 2209 praesi-

375 2226 595 2297 desque
624 2226 875 2298 agebant
915 2244 1115 2282 earum
1146 2228 1431 2282 duntaxat
1486 2228 1850 2297 auctoritate,
1896 2226 2021 2297 qui-

375 2314 487 2370 bus
510 2314 648 2370 olim
708 2315 1092 2387 Imperatores
1146 2317 1579 2389 exagitaverant
1634 2316 2020 2383 Christianos,

379 2405 657 2460 adversus
686 2405 803 2459 vim
836 2422 1037 2460 earum
1083 2406 1479 2462 Tertullianus
1528 2406 1903 2462 vehementer
1961 2405 2019 2459 in

380 2494 720 2565 Apologetico
751 2493 1035 2566 disputat.
1070 2495 1212 2551 Leve
1250 2496 1359 2551 hoc
1391 2497 1649 2568 {quidem
1709 2495 2017 2564 videbitur,

377 2598 564 2653 neque
611 2583 847 2655 proprio
900 2585 1154 2653 quodam
1210 2590 1556 2658 argumento
1615 2589 1827 2657 egeret,
1908 2584 2020 2639 nisi

378 2670 672 2726 Pamelius
704 2672 792 2744 (In
831 2674 961 2729 Vita
991 2674 1239 2745 Tertull.,
1274 2692 1329 2746 p.
1365 2676 1451 2742 13,
1487 2676 1592 2745 C.),
1643 2691 1780 2729 ann.
1815 2673 2016 2743 CXCV,

374 2759 531 2814 hunc
572 2760 791 2816 librum
851 2762 1277 2833 assignandum
1337 2768 1652 2836 putasset;
1699 2763 1798 2834 qui
1840 2779 2017 2833 quam

374 2846 575 2903 leviter
606 2849 1014 2921 disputaverit,
1057 2851 1188 2922 ipsa
1232 2854 1405 2908 verba
1454 2853 1661 2908 docent
1692 2852 1908 2922 quibus
1957 2868 2019 2907 se

373 2935 774 2992 aitinductum
806 2943 868 2993 ut
898 2939 980 2993 ita
1020 2940 1282 3007 sentiret,
1338 2940 1386 2995 si
1433 2941 1670 3012 quidem
1705 2939 2018 2996 Tertullia-

374 3042 484 3081 nus
517 3031 572 3081 et
601 3027 949 3083 Albinianos
984 3029 1312 3085 numeravit
1340 3029 1398 3085 in
1448 3030 1718 3086 hostibus
1772 3031 2019 3100 impera-

372 3114 520 3170 toris
550 3114 698 3186 (cap.
731 3115 807 3187 2).
839 3115 968 3171 Jam
1003 3117 1050 3172 si
1082 3133 1285 3172 verum
1317 3123 1407 3173 est
1439 3118 1517 3185 id,
1568 3119 1674 3174 has
1719 3119 2017 3173 calamita-

370 3206 477 3273 tes,
512 3205 729 3274 quibus
786 3205 1040 3277 Scapula
1085 3207 1447 3262 Christianos
1522 3207 1845 3263 insectatus
1904 3210 2011 3274 est,

372 3293 721 3362 posteriores
752 3310 881 3349 esse
912 3295 1109 3350 Severi
1154 3296 1299 3367 lege,
1334 3313 1446 3351 non
1474 3295 1670 3351 minus
1721 3312 1789 3351 ea
1840 3294 2012 3350 intel-
2048 3270 2090 3337 Ο

370 3379 634 3452 liguntur
666 3386 942 3454 regnante
974 3384 1211 3455 quidem
1245 3384 1453 3439 Severo
1505 3401 1619 3439 non
1676 3383 2014 3457 contigisse,

372 3471 526 3539 quod
561 3473 758 3526 tamen
788 3471 955 3528 video
988 3473 1279 3544 placuisse
1324 3474 1704 3545 quibusdam.
1755 3474 1899 3528 Nam
1957 3473 2015 3526 in

370 3558 582 3615 eoloco
616 3560 701 3631 (de
758 3562 961 3627 Pallio,
1022 3578 1071 3616 c.
1134 3562 1210 3633 4,)
1263 3563 1357 3617 ubi
1421 3562 1821 3617 Tertullianus
1853 3567 2018 3618 Seve-

372 3663 501 3702 rum
533 3649 693 3715 dicit,
728 3655 937 3722 patrem
970 3651 1256 3719 Antonini,
1310 3650 1757 3706 Christianorum
1816 3666 2015 3706 memo-

371 3753 494 3791 rem
512 3739 703 3807 fuisse,
782 3742 1069 3811 ipsumque
1110 3740 1471 3805 Antoninum,
1513 3741 1651 3794 lacte
1696 3740 2018 3795 Christiano

368 3824 680 3894 educatum,
713 3829 926 3882 novisse
956 3829 1273 3892 Proculum,
1307 3827 1460 3882 dicat
1493 3827 1637 3881 mihi
1700 3827 1854 3898 quis,
1915 3844 2020 3881 cur

369 3913 642 3969 Severum
696 3922 920 3986 patrem
976 3916 1256 3971 Antonini
1289 3916 1683 3987 appellaverit,
1734 3916 1885 3986 quod
1946 3916 2016 3970 ad

366 4021 488 4059 rem
522 4021 661 4061 sane
690 4022 803 4062 non
837 4006 1187 4078 pertinebat,
1223 4012 1326 4061 aut
1346 4023 1452 4061 cur
1510 4007 1707 4078 ipsum
1767 4007 2017 4062 Antoni-

368 4110 510 4150 num
533 4096 603 4150 ad
637 4097 1047 4152 testimonium
1078 4097 1362 4167 citaverit,
1418 4096 1529 4152 nisi
1589 4097 1710 4152 hinc
1768 4098 1875 4152 hoc
1933 4114 2017 4151 re-

370 4188 585 4254 gnante
615 4184 833 4256 scripta
862 4185 1002 4239 sint.
1033 4185 1227 4254 Neque
1256 4200 1389 4240 vero
1420 4201 1488 4240 ea
1518 4185 1588 4239 de
1621 4202 1680 4241 re
1746 4185 2016 4240 dubitan-

373 4271 513 4327 dum
535 4277 625 4328 est
653 4277 973 4344 propterea,
1031 4276 1181 4328 144
1214 4274 1369 4345 quod
1424 4272 1617 4328 nullos
1661 4273 2016 4329 christiano-

372 4377 504 4415 rum
536 4361 827 4417 cruciatus
879 4363 988 4417 sub
1039 4362 1320 4417 Caracallo
1373 4362 1699 4433 reperimus
1755 4363 1826 4417 ab
1884 4361 2015 4416 aliis

371 4450 760 4519 scriptoribus
791 4451 1060 4521 traditos,
1096 4456 1197 4507 aut
1230 4451 1382 4521 quod
1414 4450 1591 4505 etiam
1642 4451 1682 4505 ii
1740 4451 2017 4506 Caraealli

367 4543 633 4609 tempore
664 4544 912 4610 possunt
942 4557 1070 4595 esse
1117 4540 1490 4611 posteriores.
1551 4540 1796 4609 Etenim,
1856 4540 2012 4612 quod

2131 1962 2565 2027 posztus,tamen
2585 1958 2740 2013 hunc
2761 1957 3027 2029 Septimii
3042 1953 3492 2027 argumentandi
3516 1952 3781 2017 modum,

2132 2048 2232 2117 qui
2266 2048 2464 2103 omnia
2494 2048 2653 2102 novit
2683 2048 2898 2118 saepius
2928 2048 3128 2117 inepta
3157 2046 3302 2100 satis
3332 2044 3391 2098 in
3428 2059 3551 2097 rem
3603 2056 3772 2096 suam

2132 2137 2630 2206 convertere,jam
2654 2137 2879 2191 dudum
2913 2134 3119 2190 derisit
3164 2134 3377 2188 harum
3415 2147 3610 2187 rerum
3669 2145 3776 2199 pe-

2129 2224 2450 2281 ritissimus
2471 2226 2730 2297 Scaliger
2758 2225 3163 2295 (Animadvers.
3187 2222 3257 2277 ad
3286 2222 3507 2277 Eusebii
3546 2218 3776 2273 Chroni-

2129 2330 2252 2369 con.
2284 2332 2340 2386 p.
2377 2316 2485 2386 10).
2536 2314 2755 2371 Deinde
2799 2330 2933 2369 cum
2993 2311 3216 2368 nullam
3277 2326 3540 2381 unquam
3587 2308 3778 2379 legem

2130 2402 2466 2459 Caracallus
2498 2402 2699 2459 tulerit
2759 2403 3041 2458 adversus
3097 2400 3482 2469 Christianos,
3551 2400 3781 2469 oportet

2130 2494 2387 2563 profecto
2419 2492 2526 2547 bas
2553 2493 2913 2547 calamitates
2936 2492 3007 2546 iis
3029 2509 3061 2546 a
3089 2487 3605 2562 Scapulainﬂictas
3638 2485 3780 2539 reli-

2130 2582 2299 2652 quias
2362 2581 2689 2637 Severiana:
2736 2580 3100 2637 crudelitatis
3157 2580 3360 2647 fuisse,
3438 2594 3565 2648 quae
3648 2579 3777 2629 tum

2130 2671 2366 2742 penitus
2404 2672 2703 2727 exstinctae
2734 2671 3024 2739 videntur,
3058 2685 3191 2724 cum
3254 2665 3603 2735 Caracallus,
3663 2664 3778 2717 im-

2129 2760 2359 2831 perium
2409 2760 2521 2816 sibi
2579 2761 3055 2826 conﬁrmaturus,
3116 2758 3176 2813 in
3236 2756 3503 2813 exsilium
3559 2753 3776 2808 missos

2129 2850 2561 2920 revocasset(V.
2599 2850 2837 2906 Dionem
2889 2849 3177 2917 Cassium,
3237 2847 3336 2901 lib.
3400 2843 3657 2909 LXXVII,
3722 2858 3772 2896 c.

2125 2938 2201 3008 3).
2237 2940 2399 3003 Quod
2458 2955 2593 2993 cum
2661 2939 2861 2994 fecerit
2917 2936 3091 3009 paulo
3159 2939 3311 3007 post,
3349 2937 3540 3005 lquam
3571 2936 3775 2986 Getam

2126 3025 2364 3080 fratrem
2400 3027 2509 3081 sub
2553 3026 2785 3081 initium
2827 3044 2965 3082 ann.
3026 3025 3207 3081 CCXII
3257 3023 3600 3088 sustulerat,
3652 3037 3773 3075 non

2126 3115 2321 3186 inepte
2353 3116 2409 3170 id
2443 3116 2681 3187 quidem
2726 3116 3011 3181 dicimus;
3070 3112 3385 3186 Scapulam
3417 3129 3554 3169 ann.
3596 3109 3774 3176 CCXI,

2128 3203 2418 3259 adversus
2448 3204 2811 3260 Christianos
2840 3204 3051 3277 egisse.

2683 3311 3076 3367 ARTICULUS
3117 3314 3211 3365 IV.

2127 3402 2201 3455 De
2231 3401 2391 3456 libris
2422 3399 2776 3467 Tertulliani,
2812 3417 3041 3472 quorum
3075 3399 3164 3455 vel
3204 3404 3357 3469 mtas,
3389 3398 3471 3453 vel
3502 3397 3775 3463 doetrina,

2748 3473 2831 3528 vel
2862 3482 3099 3544 utraque
3117 3472 3263 3526 latet.

2125 3580 2235 3649 §1.
2290 3609 2359 3619 —
2407 3581 2597 3635 Tertia
2635 3580 2825 3634 classis
2873 3579 3149 3634 librorum
3203 3576 3561 3644 Tertulliani,
3621 3588 3773 3645 quos,

2198 3653 2448 3720 quamvis
2487 3653 2721 3708 incerta?
2750 3654 2933 3707 aetatis
2962 3655 3113 3716 sunt,
3147 3654 3328 3705 tamen
3358 3653 3588 3715 constat,
3636 3662 3775 3702 scri-

2192 3727 2311 3793 ptos
2343 3733 2472 3780 ante
2501 3725 2621 3794 ejus
2653 3724 3007 3793 deiectionem
3032 3724 3225 3793 fuisse.

2196 3829 2389 3884 Tertia
2432 3830 2551 3884 haec
2599 3827 2917 3899 disputatio
2964 3828 3140 3883 ﬁnem
3172 3828 3345 3883 faciet
3407 3824 3772 3881 exercitatio-

2127 3935 2292 3985 num,
2326 3935 2474 3989 quas
2504 3916 3399 3988 instituimus,Septimianarum
3426 3941 3439 3984 ;
3471 3915 3531 3969 in
3554 3914 3773 3986 quibus

2126 4024 2260 4064 cum
2313 4007 2598 4062 hactenus
2645 4007 2979 4077 pertractati
3030 4006 3149 4061 sint
3179 4006 3275 4061 isti
3304 4004 3457 4072 libri,
3518 4021 3773 4076 quorum

2126 4102 2183 4151 et
2209 4099 2347 4150 aetas
2380 4100 2436 4150 et
2474 4095 2741 4149 doctrina
2770 4098 2996 4165 poterat
3053 4099 3210 4149 certa
3257 4095 3509 4163 quadam
3568 4093 3660 4147 via
3718 4096 3779 4147 et

2126 4184 2350 4240 ratione
2382 4183 2957 4250 demonstrari,nunc
2989 4187 3216 4254 oportet
3247 4182 3457 4254 subjici
3512 4186 3776 4248 caeteros,

2126 4276 2227 4345 qui
2260 4276 2487 4328 aetatem
2511 4290 2679 4328 suam
2720 4274 2861 4329 I45
2900 4288 3013 4327 non
3045 4273 3189 4327 satis
3213 4272 3449 4326 deﬁnite
3494 4271 3777 4342 produnt,

2124 4364 2225 4418 sed
2256 4363 2520 4417 doctrina
2574 4367 2772 4416 tamen
2814 4378 2928 4415 non
2989 4366 3079 4416 est
3117 4362 3437 4416 admodum
3496 4361 3774 4415 obscura.

2122 4451 2237 4507 nisi
2271 4451 2328 4505 in
2361 4451 2714 4521 quibusdam
2750 4448 2973 4521 paucis,
3025 4450 3126 4520 qui
3185 4450 3499 4522 ancipitem
3558 4449 3778 4504 habere

2124 4542 2372 4597 formam
2404 4542 2696 4597 videntur.
2728 4542 2927 4611 Itaque
2955 4544 3205 4613 primum
3229 4541 3360 4596 illos
3387 4540 3775 4595 excitabimus

368 4627 465 4682 isti
500 4629 723 4684 nemini
756 4630 853 4685 alii
886 4632 1323 4686 commemorati
1357 4632 1493 4700 sint,
1522 4633 1649 4702 ejus
1708 4635 1795 4687 est
1856 4631 2013 4686 haud
2044 4639 2090 4703 D
2122 4635 2292 4687 aetate
2324 4630 2598 4701 majores,
2634 4631 2733 4702 qui
2774 4629 3202 4686 Tertullianum
3253 4632 3575 4687 ostendunt
3626 4646 3774 4684 non-

366 4717 541 4773 dubie
590 4719 736 4775 ratio
760 4718 955 4790 aliqua
1013 4720 1070 4775 in
1103 4736 1191 4786 eo,
1238 4721 1393 4791 quod
1451 4719 1536 4774 illi
1596 4736 1699 4776 nec
1732 4720 1853 4788 diu,
1908 4737 2014 4777 nec

366 4806 478 4862 nisi
510 4806 568 4861 in
584 4808 779 4863 Africa
800 4808 1420 4882 exstiterint.Namque
1443 4810 1834 4866 Tertullianus
1858 4828 2014 4866 nunc

366 4896 603 4967 quidem
636 4915 669 4952 a
702 4897 947 4969 praeside
980 4898 1226 4969 legionis
1258 4904 1314 4954 et
1342 4900 1679 4955 Mauritania
1732 4900 1874 4955 dicit
1929 4901 2012 4955 fa-

368 4983 593 5040 miliam
645 4986 1097 5043 Christianorum
1157 4989 1520 5060 impugnari,
1582 4989 2014 5061 Scapulamque

367 5074 554 5145 petiit,
588 5080 653 5131 ut
682 5074 893 5133 saltem
919 5078 1253 5150 Carthagini
1312 5082 1511 5149 parcat
1567 5082 1625 5133 et
1680 5078 2011 5150 provinciae,

2121 4722 2266 4775 dum
2318 4718 2489 4790 plane
2546 4720 3038 4775 Montanistarum
3098 4719 3363 4791 partibus
3419 4718 3771 4787 addictum;

2121 4808 2318 4864 deinde
2370 4825 2489 4870 eos.
2549 4809 2765 4879 quibus
2821 4813 2969 4864 notas
3025 4808 3399 4865 Montanismi
3458 4825 3573 4863 non
3630 4810 3776 4863 sunt

2122 4900 2327 4956 leviter
2379 4901 2719 4971 impressas;
2775 4911 3055 4973 postremo
3133 4899 3262 4969 hos,
3324 4900 3425 4971 qui
3484 4898 3764 4954 lectorem

2125 4990 2434 5044 dimittunt
2463 4990 2851 5056 dubitantem,
2882 4988 3130 5044 fueritne
3161 4987 3561 5043 Tertullianus
3617 4992 3771 5054 tum,

2122 5094 2258 5133 cum
2290 5076 2423 5134 illos
2454 5079 2875 5149 praescriperet,
2930 5096 2964 5133 a
3008 5076 3309 5132 communi
3368 5075 3626 5132 Ecclesia
3685 5092 3777 5130 se-

366 5162 637 5234 Arriique
670 5166 949 5220 Antonini
981 5166 1311 5237 exemplum
1344 5167 1626 5235 imitetur,
1662 5167 1761 5237 qui
1792 5167 1851 5221 in
1878 5166 2017 5221 Asia
2117 5168 2381 5238 junctus,
2416 5168 2639 5223 necne?
2676 5168 2779 5222 Cui
2806 5166 3023 5239 triplici
3056 5165 3340 5222 librorum
3375 5165 3774 5237 Septimiano-

364 5250 504 5305 olim
562 5252 917 5310 christianos
986 5260 1286 5311 avocasset
1323 5255 1515 5325 potius
1562 5272 1595 5309 a
1652 5256 2013 5312 cruciatibus

365 5356 542 5409 quam
604 5342 675 5395 ad
722 5342 1015 5414 supplicia
1065 5343 1460 5415 pertraxisset.
1518 5344 1628 5398 Eos
1680 5348 1873 5399 autem
1907 5360 2015 5400 nec

360 5428 546 5485 fuisse
573 5430 852 5486 Caracalli
910 5436 1171 5503 tempore
1219 5430 1570 5502 posteriores
1620 5448 1687 5488 eo
1738 5434 2010 5506 efﬁcitur,

433 5589 547 5667 (28)
579 5589 695 5667 ῌοο
726 5590 869 5667 satis
902 5591 1181 5667 adversus
1211 5589 1569 5667 Scaligerum
1600 5553 2009 5667 aliosquelde-

362 5662 550 5737 tendit
587 5661 1103 5737 Sam._Basnagius
1128 5664 1242 5737 l._c.
1276 5679 1333 5734 p.
1359 5663 1484 5730 218,
1517 5681 1574 5719 n.
1601 5666 1687 5719 11.

2122 5274 2255 5312 rum
2286 5257 2485 5328 generi
2515 5272 2650 5312 cum
2674 5257 2944 5311 dicamus
2978 5261 3209 5311 aetatem
3250 5256 3433 5311 asseri
3466 5272 3580 5310 non
3622 5254 3772 5310 satis

2122 5350 2275 5401 certe
2305 5361 2622 5417 posse,non
2653 5344 2925 5400 volumus
2958 5345 3015 5399 id
3048 5344 3307 5416 quidem,
3333 5360 3573 5416 prorsus
3603 5343 3772 5414 igno-

2123 5433 2239 5490 rari
2268 5439 2495 5489 aetatem
2530 5433 2715 5489 cuivis
2747 5433 3121 5490 tribuendam
3168 5434 3301 5505 (erit
3346 5433 3502 5489 enim
3565 5433 3773 5502 etiam,

2119 5597 2277 5667 Petr.
2309 5593 2587 5667 Possinus
2616 5594 2674 5649 in
2707 5595 2861 5650 notis
2890 5596 2963 5651 ad
2992 5597 3133 5652 Acta
3164 5599 3454 5667 Perpetua!
3513 5600 3570 5652 et
3615 5594 3770 5650 Feli-

2122 5666 2424 5742 citatis,_i_n
2456 5666 2907 5742 Ruinarti_Aotis
2936 5666 3621 5742 primorum’martyrum
3650 5667 3771 5725 sin-

438 5734 549 5807 (29)
583 5736 649 5791 In
678 5734 848 5808 epist.
895 5733 1000 5792 adv
1024 5733 1111 5793 Jo.
1163 5733 1488 5791 BesSonum
1562 5751 1740 5810 quam
1823 5737 2008 5795 edidit
2117 5737 2285 5810 ceris,
2317 5738 2423 5795 Ed.
2453 5738 2896 5810 Amstelodam.,
2931 5733 2989 5812 ᾖ.
3022 5739 3143 5796 119.
