4072 6190
206 71 365 449 Ι
342 376 381 445 κ
490 354 499 357 ⁷
1070 371 1166 431 AC
1213 370 1600 432 DOCTRINA
1652 368 2154 430 SCRIPTORUM
2199 364 2728 428 TERTULLIANI

3489 353 3605 411 190

240 504 367 574 quod
419 501 789 573 probabiliter
844 503 916 556 de
976 502 1083 558 hac
1141 503 1432 575 disputari
1482 503 1706 575 possit),
1743 503 1841 557 sed
1874 502 1928 567 Α
1963 502 2218 574 gendum
2254 500 2549 556 Hermiani
2608 495 2789 553 libelli
2851 490 3259 549 auctoritatem
3299 487 3414 541 fere
3445 501 3607 542 eam-

238 597 469 648 accurate
499 592 691 663 ipsum
725 609 947 647 annum
996 592 1348 665 scriptorum
1385 593 1668 647 librorum
1701 593 1845 647 deti-

236 683 327 737 niri
358 697 533 752 posse,
567 680 625 735 id
666 680 903 752 quidem
954 682 1243 737 audemus
1278 698 1489 753 negare
1525 686 1847 753 propterea,

236 772 366 843 quod
398 769 565 825 nullas
598 771 658 824 in
708 770 781 824 iis
812 775 949 824 sunt
1008 770 1470 842 significationes
1500 780 1689 840 certae,
1722 788 1848 842 quae

234 858 483 914 vindicari
514 864 671 914 certo
722 859 976 930 quodam
1028 876 1094 915 ac
1141 860 1380 916 deﬁnito
1414 876 1565 915 anno
1600 861 1848 932 possint.

235 948 325 1004 Sed
354 947 416 1002 ad
448 947 811 1019 propositum
846 949 1172 1004 veniamus.

232 1056 255 1128 Ξ
286 1056 332 1108 2.
363 1085 426 1095 -
454 1056 616 1110 Liber
641 1056 707 1109 de
734 1058 996 1114 Oratione
1041 1060 1172 1128 ante
1221 1056 1577 1125 defectionem
1624 1056 1853 1126 scriptus

597 1132 649 1182 et
678 1144 825 1182 anno
860 1128 979 1195 196,
1012 1127 1101 1182 vel
1132 1128 1233 1182 197
1262 1128 1460 1182 editus.

292 1214 452 1269 Primi
502 1212 733 1286 generis
782 1215 937 1271 haud
989 1216 1165 1271 dubie
1214 1216 1325 1271 dici
1383 1221 1569 1288 potest
1616 1216 1764 1270 liber
1793 1216 1857 1271 de

235 1305 488 1373 Oratione,
523 1304 647 1375 qui,
698 1306 810 1359 nisi
852 1305 1229 1361 vehementer
1288 1305 1474 1370 fallor,
1513 1307 1736 1385 primus
1769 1308 1857 1360 est

234 1393 471 1447 omnium
504 1393 853 1449 Tertulliani
888 1394 988 1466 qui
1034 1399 1261 1450 aetatem
1294 1394 1580 1462 tulerunt,
1616 1411 1855 1466 magno-

234 1499 327 1551 que
352 1483 614 1538 omnium
647 1500 961 1549 consensu,
995 1484 1043 1538 si
1070 1484 1144 1538 ab
1174 1484 1526 1539 Hotl’manno
1566 1483 1857 1538 discesse-

233 1572 299 1626 ris
320 1572 557 1643 (Dissert.
607 1574 702 1626 cit.
755 1573 908 1645 §11,
969 1590 1025 1644 p.
1087 1574 1154 1626 37
1185 1576 1329 1643 seq.)
1361 1574 1529 1641 cujus
1581 1572 1861 1627 intererat

234 1660 406 1715 omnia
452 1661 799 1716 Tertulliani
857 1661 1073 1733 scripta
1129 1663 1197 1717 ad
1257 1679 1390 1717 eum
1442 1662 1857 1717 Montanistam

238 1750 442 1817 referre,
473 1750 537 1804 in
570 1750 738 1805 libris
769 1751 1035 1806 castioris
1068 1752 1343 1806 doctrinae
1376 1756 1736 1807 numeratur.
1761 1754 1859 1805 At-

235 1855 327 1910 que
352 1839 396 1894 si
426 1839 581 1894 forte
611 1844 881 1911 suspecta
912 1846 999 1894 est
1030 1840 1194 1895 fides.
1220 1840 1423 1894 Hilarii
1454 1840 1857 1907 Piciaviensis,

235 1929 317 2000 qui
344 1930 630 2001 scriptum
664 1929 818 1983 hunc
853 1928 1116 1983 libellum
1166 1934 1298 1984 ante
1328 1929 1671 1984 Tertulliani
1705 1930 1860 1983 defe-

234 2018 458 2073 ctionem
491 2036 611 2073 non
634 2019 877 2073 obscure
896 2019 1191 2090 significat
1215 2036 1226 2083 ;
1252 2022 1447 2073 tamen
1474 2020 1529 2073 in
1564 2018 1710 2073 libro
1734 2019 1860 2090 ipso

233 2112 305 2161 tot
332 2112 462 2163 sunt
516 2113 666 2162 notae
725 2108 1147 2163 sententiarum
1209 2108 1572 2163 diversarum
1634 2109 1706 2162 ab
1764 2108 1859 2175 iis,

232 2216 360 2268 quas
388 2205 598 2271 postea
627 2198 686 2253 in
733 2199 989 2271 scriptis,
1023 2200 1319 2255 erroribus
1370 2200 1858 2256 Montanistarum

231 2288 459 2354 infectis,
490 2288 779 2354 defendit,
814 2292 877 2342 ut
918 2287 1051 2341 libri
1106 2289 1281 2345 istius
1341 2290 1605 2345 doctrina
1638 2288 1859 2345 nemini

230 2379 293 2431 sit
319 2378 383 2432 ad
415 2378 829 2449 reperiendum
862 2377 1138 2443 difﬁcilis,
1173 2379 1269 2449 qui
1327 2395 1666 2450 comparare
1697 2385 1857 2433 utro-

231 2483 455 2537 rumque
518 2467 847 2522 sententias
904 2467 1063 2522 velit.
1115 2467 1261 2522 Nam
1320 2468 1577 2539 primum
1633 2473 1861 2540 quantae

228 2554 309 2609 hic
336 2558 446 2624 (30)
475 2562 625 2611 sunt
658 2556 862 2611 laudes
920 2556 1113 2628 operis
1170 2556 1414 2626 Hermia,
1475 2559 1628 2628 quod
1672 2560 1864 2613 Pastor

230 2643 581 2711 inscribitur,
614 2662 746 2700 cum
782 2646 1272 2701 consuetudinem
1326 2646 1669 2701 considendi
1701 2648 1866 2703 ﬁnita

232 2734 475 2790 oratione
507 2735 881 2790 observatam
905 2734 976 2789 ab
1000 2735 1210 2791 Herma
1234 2752 1347 2789 non
1372 2752 1570 2791 secum
1604 2753 1866 2809 pugnare

231 2824 485 2888 ostendit,
523 2823 681 2895 quod
737 2826 856 2894 fere
914 2824 1285 2896 Scripturam,
1321 2842 1387 2879 ac
1418 2826 1513 2897 (ne
1569 2825 1712 2881 illud
1752 2829 1867 2895 fere

228 2914 443 2969 cuidam
476 2914 765 2968 invidiam
791 2919 1008 2970 nostrae
1030 2915 1330 2970 sententiae
1363 2920 1634 2984 moveat),
1669 2922 1870 2988 postea

229 3002 559 3073 Seripturam
591 3002 895 3073 appellat?
944 3005 1098 3074 quod
1143 3005 1378 3059 tametsi
1429 3022 1542 3061 non
1590 3005 1673 3061 sic
1704 3023 1867 3078 cepe-

227 3089 323 3145 rim
357 3109 487 3147 cum
522 3092 847 3147 Muratorio
878 3094 997 3163 (loc.
1031 3095 1125 3148 cit.
1150 3098 1263 3149 not.
1303 3096 1355 3162 3,
1392 3111 1446 3166 p.
1480 3094 1567 3166 31)
1602 3094 1869 3165 aliisque,

232 3182 383 3251 quasi
413 3181 822 3237 Tertullianus
854 3182 1081 3239 Hermae
1130 3182 1311 3239 libros
1371 3185 1582 3239 referat
1612 3185 1670 3240 in
1704 3185 1869 3241 libris

1960 593 2296 662 dem,quam
2324 606 2626 646 sacrorum
2656 588 2939 641 librorum
2967 579 3198 653 putari;
3233 577 3385 648 quod
3412 575 3605 645 ipsum

1958 699 2026 737 ex
2053 698 2118 737 eo
2152 686 2328 753 patet,
2363 682 2516 752 quod
2551 695 2683 734 eum
2719 680 2918 749 postea
2978 686 3219 743 prorsus
3263 666 3607 735 Scripturam

1960 772 2135 838 dicat,
2185 788 2369 841 neque
2422 770 2503 824 sic
2561 784 2719 834 eum,
2753 769 2817 819 ut
2874 761 3099 833 opinor,
3145 756 3515 828 appellasset,
3558 753 3608 806 si

1960 864 2080 914 tum
2110 861 2223 931 ipsi
2274 862 2645 929 contemptus
2712 860 2956 908 Hermas
3016 849 3241 911 fuisset,
3276 860 3451 915 quam
3486 846 3613 897 erat

1964 956 2221 1020 tempore
2280 946 2597 1018 conscripti
2655 946 2721 999 de
2767 941 3047 999 Pudicitia
3106 934 3257 990 libri.
3302 934 3413 988 Sed
3471 934 3613 986 sunt

1963 1038 2059 1092 hic
2089 1038 2265 1093 etiam
2300 1038 2412 1091 alia
2444 1033 2785 1090 Tertulliani
2822 1032 2974 1085 dicta
2997 1028 3248 1081 multum
3283 1023 3615 1092 discrepan-

1962 1129 2044 1181 tia
2075 1128 2145 1182 ab
2180 1128 2250 1181 iis
2282 1143 2411 1198 quze
2468 1126 2524 1180 in
2585 1123 2751 1178 libris
2811 1115 3239 1175 Montanisticis
3282 1109 3608 1184 proposuit,

1966 1234 2091 1288 qua;
2136 1217 2455 1271 ostendunt
2503 1212 2827 1268 clarissime
2860 1214 2983 1263 tum
3016 1206 3185 1276 longe
3219 1202 3393 1257 aliam
3429 1199 3612 1254 fuisse

1964 1305 2305 1361 Tertulliani
2368 1302 2729 1373 disciplinam
2808 1314 2984 1370 quam
3053 1299 3269 1366 postea.
3332 1288 3615 1343 Videlicet

1966 1396 2221 1451 sectione
2256 1395 2316 1448 18
2348 1395 2433 1465 (p.
2474 1394 2561 1461 35,
2599 1389 2853 1456 Murat.),
2907 1402 3039 1441 cum
3098 1384 3359 1452 disputat
3411 1379 3612 1432 adver-

1968 1503 2072 1540 sus
2105 1502 2202 1539 eos
2234 1483 2351 1554 qui,
2385 1484 2526 1537 dum
2578 1498 2639 1536 se
2695 1479 2823 1535 cibo
2876 1473 3268 1535 abstinebant,
3304 1485 3407 1525 nec
3467 1465 3614 1521 alios

1968 1573 2235 1629 solebant
2256 1572 2455 1628 osculo
2477 1571 2757 1642 excipere,
2792 1584 2899 1622 non
2932 1565 3030 1630 ait,
3062 1563 3175 1617 nisi
3232 1561 3331 1614 die
3372 1559 3613 1620 Paschze,

1969 1680 2073 1734 quo
2101 1664 2405 1718 communis
2451 1670 2502 1716 et
2546 1660 2710 1731 quasi
2760 1657 2983 1729 publica
3031 1650 3233 1724 jejunii
3289 1648 3482 1717 religio
3513 1653 3612 1714 est,

1963 1733 2095 1822 jure
2126 1752 2393 1806 osculum
2427 1751 2646 1805 caeteris
2678 1746 2877 1817 negari
2914 1744 3159 1807 debere;
3187 1739 3339 1809 quod
3362 1733 3618 1791 ostendit

1974 1842 2229 1912 profecto
2259 1838 2681 1895 Tertullianum
2717 1841 2843 1891 tum
2884 1850 2953 1888 ex
2985 1831 3085 1884 illa
3141 1827 3417 1883 societate
3447 1839 3615 1878 sacra

1972 1930 2173 1995 fuisse,
2208 1947 2334 2000 qua:
2369 1928 2599 1983 nullum
2632 1925 2787 1980 diem
2823 1921 3055 1993 publica
3081 1923 3136 1973 et
3158 1913 3455 1973 communi
3478 1912 3612 1966 abs-

1970 2021 2221 2076 tinentia
2254 2038 2284 2075 a
2317 2019 2445 2073 cibo
2476 2017 2728 2072 celebrat
2760 2018 2965 2085 praeter
3015 2026 3169 2075 eum,
3204 2022 3319 2077 quo
3350 2002 3617 2058 Christus

1973 2115 2241 2165 mortuus
2274 2112 2433 2175 erat;
2472 2123 2603 2161 nam
2657 2104 2778 2160 Dies
2838 2102 3061 2157 Paschic
3116 2102 3203 2152 est
3261 2096 3312 2149 is
3362 2092 3460 2164 qui
3495 2094 3618 2145 erat

1974 2198 2265 2254 memoriae
2297 2198 2437 2252 Jesu
2479 2192 2808 2265 interempti
2845 2191 3219 2246 consecratus
3250 2183 3382 2255 (31).
3418 2180 3617 2235 Enim-

1969 2306 2101 2344 vero
2154 2286 2468 2343 Christiani
2526 2289 2745 2339 veteres
2801 2276 3147 2335 Tertulliani
3197 2279 3458 2343 tempore
3498 2286 3614 2323 non

1970 2378 2083 2433 nisi
2139 2377 2295 2433 hunc
2335 2375 2485 2429 diem
2546 2370 2935 2429 communiter
2993 2366 3189 2421 inedia
3243 2360 3616 2417 celebrabant

1973 2472 2296 2540 propterea,
2333 2466 2486 2537 quod
2519 2470 2643 2517 tum
2678 2461 2915 2516 aiebant
2940 2469 3223 2528 sponsum
3258 2451 3441 2540 fuisse
3461 2447 3618 2540 abla-

1974 2538 2136 2623 tum;
2172 2562 2228 2611 et
2256 2560 2451 2609 tamen
2481 2550 2873 2608 Tertullianus
2923 2548 2979 2601 in
3030 2545 3178 2599 libro
3236 2543 3306 2595 de
3360 2538 3617 2608 Jejuniis,

1974 2661 2023 2701 c.
2056 2644 2217 2717 2,qui
2250 2649 2337 2699 est
2367 2643 2520 2698 haud
2548 2642 2721 2696 dubie
2744 2657 2773 2695 e
2796 2653 3039 2693 numero
3068 2630 3615 2689 Montamsticorum

1976 2753 2241 2803 suorum,
2274 2734 2527 2790 multum
2560 2734 2852 2803 vituperat
2903 2729 3052 2783 hanc
3110 2721 3622 2782 consuetudinem,

1976 2842 2160 2881 unum
2193 2825 2349 2879 hunc
2388 2824 2540 2879 diem
2593 2819 2892 2877 communi
2938 2815 3297 2887 jejuniorum
3347 2808 3625 2880 religione

1978 2914 2307 2970 celebrandi
2336 2932 2348 2980 ;
2383 2917 2588 2983 estque
2620 2911 2764 2966 satis
2795 2908 3017 2963 clarum
3074 2900 3463 2959 Montanistas
3494 2897 3625 2969 plu-

1978 3021 2070 3058 res
2102 3002 2249 3058 alios
2279 3003 2403 3057 dies
2435 3006 2642 3074 praeter
2690 2999 2841 3054 diem
2875 2994 3084 3052 Christi
3117 2988 3498 3047 emortualem
3532 3002 3624 3040 ce-

1980 3092 2257 3147 lebrasse.
2290 3092 2453 3147 Unde
2501 3090 2731 3145 elicitur
2786 3087 2970 3141 illud:
3020 3080 3443 3137 Tertullianum
3489 3092 3619 3130 cum

1978 3182 2135 3236 hunc
2165 3182 2229 3237 de
2260 3182 2523 3236 Oratione
2551 3180 2764 3233 librum
2816 3175 3210 3246 componeret,
3266 3168 3527 3223 nondum
3562 3164 3622 3218 in

229 3269 287 3324 N.
317 3274 372 3324 Τ.
408 3272 718 3327 canonicis
745 3271 1031 3344 (loquitur
1060 3272 1219 3327 enim
1253 3288 1322 3328 ex
1354 3289 1513 3329 more
1545 3274 1730 3344 magis
1762 3276 1867 3329 ad-
1899 3249 1941 3317 α
1981 3276 2174 3341 partes
2206 3269 2693 3324 Montanistarum
2748 3263 3077 3321 secessisse.
3110 3258 3273 3325 Quod
3331 3271 3477 3310 novo
3524 3269 3628 3344 po-

226 3362 606 3417 versariorum
668 3378 843 3432 quam
905 3363 1075 3433 suo);
1123 3370 1320 3417 tamen
1378 3380 1492 3417 non
1552 3364 1875 3419 contemnit

226 3446 429 3504 Hermas
485 3450 923 3516 auctoritatem,
960 3452 1060 3505 sed
1095 3451 1207 3505 sibi
1254 3451 1545 3519 conciliat,
1581 3451 1751 3525 longe
1783 3469 1871 3508 se-

227 3554 315 3592 cus
347 3544 521 3609 atque
557 3538 615 3593 in
654 3538 799 3593 libro
854 3538 920 3593 de
949 3539 1249 3606 Pudicitia,
1284 3556 1333 3595 ο.
1372 3541 1435 3593 10
1465 3545 1521 3595 et
1549 3542 1639 3610 20,
1664 3540 1722 3595 in
1756 3558 1872 3612 quo

231 3643 326 3681 non
360 3630 539 3683 modo
572 3628 797 3683 Hermae
830 3630 1001 3683 etTata
1033 3628 1324 3700 repudiat,
1360 3630 1459 3685 sed
1494 3631 1762 3701 spurium
1796 3631 1871 3684 il-

228 3714 313 3771 lud
342 3718 625 3772 omnibus
658 3718 1163 3773 consentientibus
1213 3719 1496 3789 scriptum
1531 3718 1787 3791 appellat
1815 3724 1873 3775 et

234 3805 378 3861 illum
413 3807 758 3861 moechorum
790 3809 1083 3862 Pastorem
1132 3807 1294 3870 Quod
1349 3808 1529 3862 miror
1558 3824 1871 3880 argumen-

231 3897 339 3950 tum
372 3897 657 3951 miratum
688 3896 744 3950 in
778 3894 989 3951 Allixio
1015 3895 1194 3952 fuisse
1225 3896 1641 3951 Hoti‘mannum
1674 3898 1871 3952 existi-

232 3989 499 4051 mantem,
532 4002 652 4040 non
686 3986 1014 4056 exagitasse
1071 3985 1500 4040 Tertullianum
1559 3986 1615 4039 in
1672 3991 1871 4041 nostro

229 4069 406 4128 libello
434 4074 665 4128 Hermae
700 4075 983 4127 Pastorem
1010 4078 1312 4144 propterea
1337 4075 1490 4145 quod
1516 4074 1627 4129 sibi
1650 4074 1871 4130 Hermas

229 4163 533 4217 auctoritas
584 4180 699 4217 non
757 4166 987 4217 tantum
1035 4163 1363 4217 obstitisset
1392 4168 1704 4235 quantum,
1736 4181 1871 4221 cum

226 4258 473 4307 exararet
534 4251 755 4306 librum
809 4252 873 4307 de
928 4252 1227 4323 Pudicitia,
1271 4269 1452 4325 quare
1510 4269 1613 4308 nec
1668 4254 1874 4310 fuisset

228 4355 449 4397 necesse
482 4346 553 4395 ut
583 4340 712 4412 ejus
745 4340 998 4412 pretium
1022 4340 1290 4397 elevaret.
1312 4341 1456 4397 Nam
1492 4342 1721 4397 etiamsi
1755 4360 1870 4399 non

228 4444 495 4501 negemus
527 4430 723 4503 magis
751 4431 1146 4485 adversariam
1170 4432 1349 4487 fuisse
1374 4435 1595 4487 Hermae
1619 4432 1871 4487 auctori-

227 4520 388 4574 tatem
426 4522 582 4576 146
613 4519 970 4575 Tertulliano
1004 4520 1060 4574 in
1096 4521 1269 4576 rebus
1300 4520 1397 4590 iis,
1430 4538 1682 4592 quarum
1718 4538 1873 4578 men-

1981 3364 2094 3415 test
2115 3362 2461 3431 argumento
2488 3358 2659 3413 ducto
2677 3374 2743 3412 ex
2765 3359 3013 3425 utroque
3044 3348 3240 3407 libello
3268 3341 3627 3409 confirmari,

1980 3466 2227 3519 quorum
2263 3450 2311 3504 si
2344 3448 2477 3520 quis
2510 3447 2634 3502 loca
2683 3445 2795 3501 alio
2850 3446 3041 3515 potest
3091 3439 3264 3494 modo
3296 3436 3354 3490 in
3388 3449 3626 3489 concor-

1983 3538 2139 3592 diam
2175 3537 2450 3607 redigere,
2502 3552 2679 3608 quam
2738 3550 2825 3600 eo,
2879 3549 2992 3604 quo
3052 3529 3330 3593 diximus,
3380 3525 3552 3578 ducto
3595 3538 3628 3575 a

1983 3628 2210 3682 diversa
2250 3625 2592 3682 Tertulliani
2644 3624 2957 3695 disciplina
3005 3625 3268 3690 tempore
3318 3614 3628 3683 utriusque

1983 3716 2295 3788 conscripti
2327 3714 2530 3783 libelli,
2566 3731 2699 3769 eum
2752 3714 3083 3768 audiemus.
3121 3709 3261 3765 Nam
3297 3721 3430 3760 cum
3466 3703 3523 3757 in
3560 3718 3625 3756 eo

1982 3806 2049 3861 de
2074 3808 2341 3864 Oratione
2387 3822 2434 3859 c.
2484 3806 2573 3871 25,
2608 3802 3007 3859 descendisset
3054 3799 3125 3854 ad
3167 3794 3628 3867 disputationem

1983 3897 2052 3950 de
2082 3900 2343 3967 tempore
2373 3910 2612 3966 precum
2668 3893 2783 3948 Deo
2835 3890 3285 3953 oti‘erendarum,
3320 3886 3539 3939 bonum
3572 3880 3630 3935 id

1983 3984 2219 4055 quidem
2250 4000 2379 4039 esse
2410 3982 2624 4054 inquit,
2657 3982 2943 4053 quasdam
2978 3981 3165 4033 certas
3197 3980 3250 4030 et
3285 3974 3429 4027 fixas
3461 3968 3631 4043 quasi

1981 4072 2154 4128 horas
2188 4073 2458 4145 precibus
2480 4069 3027 4141 destinari,tertiam
3053 4065 3292 4129 scilicet,
3319 4068 3374 4117 et
3405 4066 3627 4147 sextam

1983 4167 2038 4217 et
2070 4180 2283 4218 nonam
2316 4163 2387 4217 ab
2420 4160 2698 4232 apostolis
2727 4175 2959 4231 quoque
2990 4157 3351 4212 observatam
3379 4170 3391 4220 ;
3428 4150 3527 4205 sed
3572 4150 3629 4204 id

1983 4252 2218 4324 quidem
2254 4252 2401 4316 fieri,
2435 4251 2656 4321 adjicit,
2687 4253 2809 4305 sine
2838 4250 3010 4304 ullius
3038 4243 3438 4301 observationis
3474 4255 3629 4311 pra?-

1979 4345 2149 4413 cepto,
2185 4358 2372 4413 neque
2402 4339 2527 4412 lege
2558 4344 2875 4411 praeceptas
2904 4352 3032 4392 esse
3081 4334 3222 4390 alias
3254 4336 3460 4405 praeter
3490 4331 3625 4401 tegi-

1979 4434 2147 4487 iimas
2178 4433 2473 4497 orationes,
2508 4430 2567 4484 h.
2600 4446 2650 4483 e.
2685 4446 2783 4483 eas
2814 4445 2941 4498 quae
2974 4425 3083 4481 sub
3115 4429 3307 4481 ortum
3339 4421 3487 4477 lucis
3518 4437 3623 4475 no-

1983 4521 2212 4593 ctisque
2246 4519 2716 4593 pronuntiantur.
2780 4518 2846 4572 Et
2893 4534 2941 4572 c.
2999 4516 3070 4570 23
3100 4518 3243 4569 extr.
3271 4529 3284 4569 :
3318 4514 3392 4566 De
3424 4516 3629 4582 tempo-

229 4606 297 4661 tio
318 4613 404 4663 est
433 4610 660 4681 injecta
691 4608 750 4663 in
783 4608 937 4665 bello
980 4610 1043 4665 de
1080 4609 1376 4675 Pudicitia,
1410 4612 1537 4681 ejus
1570 4615 1767 4667 tamen
1800 4612 1870 4667 de
1902 4613 1946 4677 D
1980 4611 2154 4675 ribus,
2216 4610 2426 4682 inquit,
2468 4609 2737 4664 orationis
2801 4607 2949 4662 nihil
3001 4606 3223 4660 omnino
3252 4603 3630 4673 priescrz'plum

229 4693 755 4770 Hermajudicium
804 4699 861 4754 in
913 4704 1113 4755 nostro
1171 4699 1236 4754 de
1282 4703 1546 4757 Oratione
1574 4702 1723 4757 libro
1757 4719 1871 4758 non

232 4786 405 4841 solum
441 4787 632 4843 multo
665 4792 753 4843 est
787 4788 993 4851 nitius,
1015 4789 1113 4844 sed
1140 4789 1221 4845 ita
1248 4794 1645 4861 comparatum
1669 4791 1868 4862 etiam,

232 4882 286 4930 ut
313 4878 432 4950 ipse
468 4880 698 4935 Hermas
727 4879 1136 4936 auctoritatem
1172 4898 1287 4935 non
1320 4880 1589 4937 universe
1610 4887 1872 4937 contem-

233 4968 403 5035 psisse
433 4970 725 5025 videatur.
760 4972 838 5024 Ac
872 4967 1018 5024 illud
1046 4974 1162 5039 [ere
1221 4969 1532 5041 Scriptura,
1568 4972 1723 5041 quod
1756 4970 1871 5026 vim

230 5052 393 5125 hujus
425 5059 762 5131 argumenti
799 5058 1065 5115 minuere
1113 5059 1499 5116 Hoﬂ‘mannus
1532 5060 1872 5128 arbitratur,

232 5146 361 5199 satis
393 5152 485 5202 est
537 5149 607 5203 ab
655 5164 721 5203 eo
770 5149 967 5220 inepte
1020 5149 1370 5221 explicatum
1422 5150 1526 5221 sic,
1560 5153 1624 5205 ut
1654 5156 1874 5207 temere

228 5230 406 5290 dicere
465 5236 717 5292 voluerit
773 5237 1017 5293 Tertull.
1079 5256 1289 5296 nomen
1343 5242 1596 5297 Pastoris
1650 5242 1872 5297 Hermae

229 5317 411 5378 libello
436 5325 825 5396 imponi,cum
858 5326 1004 5381 illud
1024 5344 1238 5383 nomen
1261 5329 1423 5385 nullo
1447 5331 1620 5385 modo
1652 5346 1873 5386 merea-

227 5410 346 5480 tur;
381 5429 525 5468 uam
553 5413 698 5469 illud
729 5417 847 5486 fere
899 5415 1191 5488 Scriptura
1240 5422 1393 5473 certe
1423 5422 1514 5474 est
1542 5416 1625 5473 ita
1654 5418 1874 5474 intelli-

296 5572 403 5645 (30)
437 5577 513 5656 (2..
537 5574 622 5630 l6.
657 5574 804 5662 Ijldit.
858 5578 1011 5662 liud...
1058 5580 1194 5634 Ant.
1255 5579 1579 5662 lltluratorii.2
1610 5596 1724 5651 qua
1756 5580 1875 5662 uti.-

232 5657 382 5734 Eur,‘
408 5647 516 5717 qui
560 5652 827 5734 nostrum
858 5647 1132 5734 libellum.
1180 5657 1353 5734 antea
1410 5647 1692 5734 mutilum
1715 5651 1876 5734 ebi-

233 5712 532 5774 bliothécae
560 5717 958 5776 Ambrosinus:
1006 5720 1204 5777 codice
1258 5722 1552 5796 integrum
1602 5722 1787 5780 edidit
1814 5722 1876 5779 in

1979 4709 2079 4769 est,
2112 4702 2230 4755 nisi
2254 4701 2423 4771 plane
2453 4700 2606 4754 omni
2637 4700 2696 4752 in
2754 4705 2993 4767 tempore
3048 4700 3100 4750 et
3134 4694 3245 4749 loco
3303 4707 3484 4749 orare.
3518 4689 3629 4746 Sed

1982 4794 2037 4845 et
2068 4789 2124 4844 in
2158 4788 2354 4844 libello
2385 4788 2449 4844 de
2478 4788 2720 4859 Jejuniis
2765 4785 3075 4859 peracerbe
3118 4782 3373 4855 exagitat
3431 4780 3628 4837 ortho-

1980 4882 2143 4936 doxze
2173 4877 2429 4933 Ecclesia
2482 4877 2743 4933 addictos
2793 4878 2863 4948 (c.
2925 4876 2976 4947 2)
3034 4876 3181 4929 147
3233 4876 3468 4945 propter
3498 4886 3625 4925 eam

1980 4984 2242 5037 causam,
2278 4967 2430 5039 quod
2463 4965 2878 5022 abstinendum
2940 4981 3068 5020 esse
3118 4963 3377 5019 dicerent
3424 4978 3457 5016 a
3502 4959 3628 5014 cibo

1982 5076 2051 5115 ea:
2081 5058 2333 5125 arbitrio,
2391 5072 2502 5111 non
2545 5072 2613 5111 ea:
2671 5057 2899 5127 imperio
2956 5070 3107 5110 nova:
3161 5052 3477 5124 disciplina:
3528 5064 3629 5120 pro

1983 5150 2321 5221 temporibus
2377 5151 2427 5203 et
2482 5148 2662 5203 causis
2739 5146 3187 5216 uniuscujusque,
3248 5148 3301 5197 et
3353 5142 3633 5196 orationes

1982 5239 2148 5293 ctiam
2178 5240 2291 5307 fere
2322 5238 2455 5292 hora
2483 5253 2631 5292 nona
2686 5235 3071 5293 concluderent
3126 5233 3192 5288 de
3246 5232 3398 5287 Petri
3442 5246 3634 5284 exem-

1979 5328 2111 5401 plo;
2144 5326 2423 5398 additque
2480 5327 2695 5383 diserte
2728 5342 2776 5381 c.
2840 5326 2924 5391 10,
2984 5324 3139 5379 salva
3192 5320 3364 5392 plane
3412 5320 3633 5390 indi/fe-

1984 5418 2165 5474 rentia
2195 5431 2406 5487 semper
2460 5419 2511 5470 et
2551 5416 2753 5488 ubique
2808 5418 2859 5470 et
2914 5414 3070 5468 omni
3114 5417 3356 5484 tempore
3410 5406 3629 5477 orandi,

1982 5578 2274 5636 Anecdotis
2304 5577 2537 5646 Latinis,
2566 5580 2707 5633 tom.
2741 5576 2840 5645 IlI,
2874 5594 2930 5649 p.
2962 5576 3007 5649 97
3026 5591 3192 5646 seqq.
3246 5646 3266 5649 _
3326 5642 3336 5649 _
3500 5637 3534 5649 υ

1986 5737 2015 5778 ο
2056 5652 2170 5778 (ῗὸ)
2198 5649 2368 5721 Vide,
2398 5637 2647 5725 exempli
2677 5637 2893 5720 causa;
2922 5637 3203 5707 Adversus
3231 5642 3466 5709 Juda’os,
3498 5637 3627 5707 lib.,
