4072 6190
363 394 470 453 191

1441 385 1953 447 DISSERTATIO
1998 381 2100 441 DE
2146 382 2357 444 VERA
2400 381 2684 441 [ETATE

3656 369 3771 427 192

358 522 553 584 tamen
581 527 689 579 tres
735 524 865 578 istas
913 520 1076 579 horas
1120 521 1475 578 solemniores
1502 520 1675 592 fuisse
1703 521 1767 575 in
1794 517 1999 576 oratio-
2030 516 2085 585 Α
2114 514 2457 586 bujusmodi
2486 509 2882 585 ’Septimianis
2933 506 3168 579 scriptis
3198 502 3445 569 dederis,
3475 501 3631 557 idem
3662 504 3771 557 est.

360 616 524 671 nibus
550 615 795 678 divinis;
825 616 881 667 et
927 630 1053 683 cap.
1108 614 1193 683 13,
1246 613 1319 667 ad
1376 611 1564 684 ipsam
1616 612 1887 682 provocat
1922 606 2009 662 le-

362 721 492 777 gem
527 722 560 759 a
592 703 873 760 Paracleto
906 704 1125 769 datam,
1162 719 1277 774 qua
1333 702 1483 757 hanc
1522 700 2007 756 Montanistarum

363 795 852 849 consuetudinem
938 793 1362 849 confirmasset.
1433 792 1655 855 Quibus
1735 788 2010 845 omnibus

363 884 647 941 evincitur
678 884 835 940 haud
890 883 1086 948 dubie,
1134 882 1311 938 aliam
1369 898 1612 955 prorsus
1668 876 2012 935 Tertulliani

365 976 722 1030 sententiam
755 974 957 1044 fuisse,
992 990 1125 1029 cum
1177 974 1244 1028 de
1297 973 1555 1028 Oratione
1604 970 1821 1025 librum
1856 985 2011 1024 com-

364 1068 626 1135 poneret.
660 1064 940 1135 Denique,
974 1066 1039 1118 ut
1068 1064 1183 1119 alia
1228 1063 1495 1118 omittam
1538 1060 1745 1127 multa,
1777 1059 1834 1113 id
1868 1057 2013 1113 mihi

362 1153 594 1208 videtur
626 1170 837 1226 magno
861 1158 1204 1226 argumento
1227 1169 1355 1208 esse
1375 1153 1445 1208 ad
1469 1150 1845 1207 asserendam
1865 1147 2013 1203 libro

367 1248 568 1299 nostro
601 1238 936 1315 ὄρθοδοξίαν,
971 1243 1127 1315 quod
1176 1242 1397 1298 nullam
1447 1241 1506 1296 in
1538 1241 1645 1297 hoc
1676 1240 1847 1307 libro,
1879 1253 2014 1293 cum

365 1334 436 1388 de
464 1333 716 1404 Jejuniis
738 1350 801 1388 ac
834 1333 1189 1388 stationibus
1217 1332 1478 1388 crebrius
1502 1332 1774 1398 disserat,
1794 1327 2017 1398 injiciat

368 1423 723 1477 mentionem
757 1422 1424 1494 xerophagiarum,quas
1448 1425 1608 1475 tanto
1641 1436 1773 1474 cum
1798 1419 2017 1472 fervore

368 1512 428 1566 in
462 1512 608 1567 libro
642 1513 707 1567 de
734 1515 993 1583 Jejuniis,
1017 1529 1144 1585 cap.
1195 1518 1251 1581 2,
1282 1514 1317 1565 5
1366 1528 1554 1583 seqq.,
1588 1509 1884 1575 defendit;
1916 1524 2016 1562 cu-

357 1601 460 1671 jus
486 1602 824 1658 omissionis
847 1603 1051 1657 dubito
1076 1619 1146 1656 an
1172 1601 1291 1656 ulla
1315 1600 1430 1657 alia
1451 1601 1598 1655 ratio
1623 1599 1786 1654 reddi
1811 1597 2014 1670 possit,

364 1715 543 1770 quam
577 1716 663 1767 ea,
699 1700 854 1771 quod
888 1705 1151 1770 tempore
1206 1699 1406 1770 scripti
1465 1697 1645 1753 libelli
1703 1696 1889 1752 nostri
1921 1695 2019 1750 isti

366 1788 636 1845 Ecclesiae
672 1790 941 1845 addictus
973 1789 1168 1856 fuerit,
1224 1806 1349 1861 quae
1407 1786 1793 1859 xerophagias
1825 1786 1911 1857 (ut
1942 1785 2022 1840 ait

2120 604 2319 673 Nobis,
2354 604 2568 676 quibus
2599 620 2663 659 ex
2697 618 2761 656 eo
2795 598 2954 655 nulla
2987 615 3049 653 se
3076 596 3164 652 vel
3212 594 3355 651 levis
3393 593 3650 665 suspicio
3682 608 3773 646 er-

2120 711 2321 750 rorum
2368 692 2861 749 Montanistarum
2910 687 3141 757 obtulit,
3185 684 3471 758 optimum
3518 683 3771 752 videtur,

2122 801 2256 841 eum
2287 786 2346 840 in
2375 782 2589 856 primis
2621 781 2801 852 hujus
2827 778 3061 852 generis
3088 776 3385 833 collocare.

2124 964 2232 1033 §3.
2265 992 2335 1003 —
2364 963 2529 1017 Liber
2585 962 2650 1016 de
2711 960 2985 1031 Baptismo
3036 974 3070 1011 a
3124 952 3779 1033 Tertulliano‘eatltolico

2172 1042 2457 1093 exemtus.
2494 1026 2861 1105 Con/"utantur
2890 1033 3225 1103 argumenta
3252 1026 3724 1083 dissentientium.

2194 1200 2266 1255 At
2295 1198 2487 1255 dicere
2537 1212 2807 1270 quaenam
2855 1195 3122 1251 doctrina
3170 1191 3486 1250 asserenda
3514 1190 3592 1254 sit
3626 1188 3779 1245 libro

2126 1290 2194 1346 de
2224 1291 2522 1361 Baptismo,
2553 1287 2760 1359 majori
2810 1290 2901 1343 est
2958 1301 3091 1341 cum
3140 1281 3489 1339 difﬁcultate
3532 1280 3779 1350 conjun-

2126 1384 2307 1434 ctum.
2357 1377 2641 1449 Equidem
2703 1393 2818 1431 non
2880 1376 3082 1448 ignoro
3140 1389 3342 1430 omnes
3398 1371 3482 1427 sic
3536 1369 3781 1436 sentire,

2129 1470 2298 1540 quasi
2332 1468 2408 1523 sit
2445 1468 2625 1536 hujus
2676 1465 2810 1520 libri
2859 1460 3153 1541 όρφοδοξὶα
3205 1468 3367 1519 extra
3395 1476 3627 1517 omnem
3660 1460 3775 1514 du-

2128 1558 2468 1614 bitationeni
2520 1555 2728 1628 posita,
2779 1555 3000 1626 leviter,
3054 1558 3119 1609 ut
3184 1554 3244 1608 in
3303 1551 3545 1621 caeteris,
3605 1564 3783 1619 repu—

2128 1652 2343 1719 gnante
2374 1646 2761 1713 Hoffmanno;
2796 1646 2896 1701 sed
2956 1644 3015 1698 in
3073 1659 3141 1699 ea
3200 1658 3263 1697 re
3310 1640 3580 1696 miranda
3624 1638 3788 1693 venit

2129 1737 2453 1793 multorum
2487 1738 2791 1791 doctorum
2842 1734 3153 1789 hominum
3203 1732 3426 1797 levitas,
3462 1729 3565 1801 qui
3598 1728 3785 1783 libros

2130 1828 2297 1897 alios,
2330 1843 2580 1899 quorum
2611 1830 3023 1896 argumentum
3046 1826 3266 1879 certam
3298 1821 3473 1876 habet
3505 1817 3782 1891 puritatis

365 1896 425 1990 Ἦ
1503 1876 2018 1990 fit:-
2050 1909 2097 1974 Β
2128 1876 3023 1990 sighiiigatione—m:;l‘oertulhano
3039 1876 3410 1969 lli‘ontanistte
3441 1876 3786 1974 tribuerint,

365 1970 411 2023 ti
441 1969 616 2038 ofﬁcii
646 1985 837 2024 nomen
871 1985 982 2024 esse
1040 1974 1090 2024 et
1114 1970 1437 2039 proximum
1493 1968 1724 2023 ethnicae
1750 1966 2017 2036 supersti-

368 2059 560 2114 tionis.
621 2062 752 2113 Haec
803 2059 1000 2113 omnia
1059 2057 1202 2112 mihi
1264 2061 1449 2112 multo
1505 2057 1776 2111 videntur
1832 2054 2019 2127 magis

369 2148 687 2214 audienda,
721 2165 899 2221 quam
929 2164 1053 2219 quas
1085 2148 1467 2203 Hoﬁ‘mannus
1499 2146 1571 2202 ad
1599 2145 2020 2201 vindicandum

372 2238 710 2308 opinionem
743 2254 913 2293 suam
949 2238 1189 2310 profert,
1224 2238 1441 2309 quibus
1488 2236 1605 2292 alia
1653 2254 1767 2292 non
1800 2234 2021 2291 nullius

373 2328 740 2383 auctoritatis
792 2345 898 2383 nos
950 2329 1127 2383 etiam
1178 2328 1291 2399 ipsi
1345 2343 1675 2400 possemus,
1707 2326 1757 2382 si
1788 2342 2025 2381 necesse

374 2422 552 2483 esset,
570 2418 801 2473 addere.
829 2416 1142 2473 Simillima
1161 2416 1385 2473 scilicet
1407 2433 1534 2474 esse
1555 2418 1730 2488 ait,ea
1750 2433 1876 2487 quae
1910 2416 2025 2483 hic,

381 2532 431 2570 c.
463 2516 632 2582 22,de
661 2516 992 2587 virginibus
1020 2515 1283 2571 velandis
1313 2515 1632 2587 praecipiat,
1667 2529 1864 2569 eorum
1898 2528 2024 2583 quae

382 2605 454 2659 ab
486 2621 552 2661 eo
585 2605 643 2659 in
674 2604 823 2661 libro
854 2605 1034 2676 hujus
1066 2605 1399 2677 argumenti
1431 2604 1826 2660 defenduntur
1847 2599 2026 2673 :quod

382 2692 553 2765 longe
610 2711 780 2749 secus
836 2698 943 2750 est.
978 2694 1121 2749 Nam
1182 2694 1414 2749 tametsi
1474 2693 1532 2747 in
1584 2698 1831 2763 utroque
1877 2690 2027 2744 libro

380 2782 520 2837 velit
552 2786 615 2837 ut
644 2782 900 2855 virgines
953 2784 1303 2854 obtegantur
1347 2782 1498 2853 velo,
1531 2799 1645 2837 non
1676 2782 1803 2854 ipse
1832 2785 2026 2835 tamen

383 2871 493 2926 iste
526 2886 847 2927 consensus
878 2871 1187 2940 librorum,
1220 2889 1288 2927 ex
1316 2873 1518 2928 eadem
1548 2869 1864 2942 disciplina
1895 2885 2027 2940 pro—

380 2963 563 3018 diisse
596 2969 912 3035 utrumque
942 2964 1342 3031 demonstrat;
1379 2964 1504 3031 sed,
1555 2963 1604 3018 si
1633 2962 1766 3033 quis
1807 2961 2027 3016 utrius—

385 3069 497 3123 que
556 3051 684 3108 loca
744 3056 1012 3108 accurate
1070 3052 1406 3121 contulerit,
1439 3069 1687 3123 magnus
1746 3052 1857 3106 erit
1906 3065 2029 3105 ase

384 3142 730 3197 Tertulliani
762 3143 1090 3209 dissensus,
1142 3142 1243 3213 qui
1302 3147 1566 3198 nostram
1628 3141 1810 3195 multo
1842 3140 2030 3211 magis

386 3246 562 3299 quam
595 3231 931 3285 Hoifmanni
991 3232 1341 3286 sententiam
1401 3232 1724 3286 confirmat.
1776 3230 1839 3283 In
1881 3228 2029 3282 libro

384 3317 447 3373 de
482 3318 621 3389 Virg.
655 3320 899 3374 vetandis
947 3320 1317 3375 vehementer
1364 3324 1419 3375 et
1467 3336 1534 3374 ex
1580 3319 1709 3391 ipsa
1738 3317 2031 3390 imprimis

384 3406 511 3479 lege
542 3408 1036 3464 Montanistarum
1068 3409 1217 3464 hanc
1240 3408 1727 3464 consuetudinem
1752 3406 2030 3473 defendit,

389 3507 490 3561 sed
522 3507 582 3560 in
616 3512 815 3562 nostro
845 3507 911 3562 de
963 3511 1120 3564 Orat.
1172 3507 1388 3576 libello,
1440 3525 1489 3562 c.
1534 3510 1623 3578 22,
1678 3524 1731 3579 p.
1796 3507 1884 3572 43,
1918 3522 2033 3561 non

386 3598 702 3650 tenendam
756 3596 921 3667 jubet
971 3597 1121 3652 hanc
1183 3598 1689 3664 consuetudinem,
1752 3598 2034 3667 legemque

390 3684 535 3739 adeo
566 3686 872 3755 virginibus
899 3702 1109 3758 quoque
1164 3686 1505 3758 injicientem
1552 3688 1918 3743 velamentum
1959 3685 2038 3740 ait

391 3776 651 3829 excusari
671 3790 867 3846 posse;
898 3781 1072 3847 atque
1122 3776 1181 3831 in
1228 3776 1532 3849 principiis
1580 3776 1739 3832 illius
1771 3777 2035 3849 disputa-

389 3863 590 3930 tionis,
648 3881 699 3919 c.
756 3866 847 3935 21,
906 3868 1064 3937 quasi
1122 3868 1394 3923 incertum
1450 3867 1861 3922 retractandum
1925 3880 2040 3920 esse

392 3952 557 4019 illud,
588 3953 726 4023 quod
754 3956 1062 4025 promiscue
1090 3958 1398 4012 observetur
1422 3973 1524 4028 per
1558 3956 1856 4027 Eeclesias,
1891 3956 2038 4009 vela-

393 4044 518 4099 rine
547 4044 774 4100 debeant
802 4046 1044 4117 virgines
1073 4065 1145 4102 an
1179 4052 1331 4103 non?
1361 4052 1506 4103 Leve
1537 4046 1719 4119 igitur
1760 4051 1850 4102 est
1880 4045 2039 4101 istud

394 4132 502 4187 viri
534 4133 688 4189 docti
746 4141 1182 4208 argumentum,
1229 4137 1627 4207 potuissetque
1682 4136 1780 4191 ille
1829 4136 2041 4191 rectius

401 4222 472 4278 ad
502 4223 910 4280 testimonium
956 4225 1256 4281 sententias
1314 4243 1433 4281 sua:
1488 4226 1665 4280 citare
1698 4242 1825 4297 cap.
1855 4225 1910 4291 6,
1942 4222 2042 4279 ubi

399 4327 535 4366 cum
568 4313 928 4386 rogationem
962 4319 1232 4386 quartam
1274 4315 1551 4370 orationis
1581 4315 1896 4369 Dominicis
1928 4330 2043 4367 non

400 4401 651 4471 proprie,
686 4404 786 4457 sed
830 4407 1051 4475 tropice
1100 4405 1170 4459 de
1216 4420 1382 4459 sacra
1439 4420 1599 4458 coena
1655 4418 1783 4458 esse
1829 4400 2045 4457 intelli-

402 4489 653 4557 gendam
702 4491 946 4561 dixerat,
998 4492 1098 4547 Sed
1153 4497 1203 4548 et
1262 4494 1413 4564 quia,
1467 4492 1686 4563 adjicit,
1746 4492 2047 4547 carnaliter

402 4575 715 4633 admittitur
744 4582 852 4635 ista
897 4597 1021 4648 vox,
1052 4598 1162 4637 non
1217 4584 1336 4637 sine
1392 4581 1666 4652 religione
1719 4586 1888 4652 potest
1918 4583 2049 4651 ﬁeri

2128 2016 2181 2062 et
2209 2007 2366 2062 hunc
2395 2010 2520 2061 tuto
2542 2004 2866 2061 exemerint
2890 2020 2920 2058 e
2953 2018 3198 2058 numero
3225 2000 3435 2056 horum
3467 1998 3783 2062 librorum,

2129 2099 2301 2168 cujus
2334 2104 2529 2152 tamen
2561 2094 2694 2161 loci,
2728 2094 2778 2150 si
2808 2093 2895 2149 vel
2926 2092 3252 2165 praecipuos
3282 2088 3777 2145 Montanistarum

2131 2187 2190 2241 in
2234 2203 2300 2242 eo
2349 2185 2439 2243 vel
2486 2184 2946 2240 orthodoxorum
3009 2180 3331 2238 sententias
3382 2175 3781 2249 requisiveris,

2130 2280 2251 2332 tam
2284 2278 2423 2331 sunt
2452 2273 2710 2342 obscuri,
2742 2278 2827 2342 ut,
2879 2271 3182 2344 inquisitis
3213 2269 3509 2336 omnibus,
3541 2266 3634 2322 vix
3664 2280 3783 2337 quo

2134 2382 2196 2422 se
2250 2369 2436 2421 vertat
2493 2364 2727 2420 animus
2776 2364 2988 2419 videat.
3044 2362 3157 2418 Sed
3221 2364 3305 2427 ut,
3338 2360 3625 2431 quantum
3656 2353 3787 2409 fieri

2136 2456 2342 2528 possit,
2377 2454 2645 2509 dicamus
2694 2457 2891 2508 tamen
2948 2467 3215 2524 quanam
3275 2449 3335 2503 in
3394 2447 3541 2503 libro
3590 2447 3790 2499 nostro

2137 2545 2401 2600 doctrina
2429 2542 2516 2599 vel
2548 2543 2619 2598 ad
2673 2542 2780 2598 bas
2824 2541 2911 2597 vel
2969 2541 3039 2595 ad
3100 2538 3231 2595 illas
3264 2537 3456 2609 magis
3506 2532 3793 2591 inclinata

2136 2638 2357 2705 regnet,
2393 2633 2651 2705 primum
2701 2630 2892 2703 placet
2943 2629 3279 2685 examinare
3326 2626 3483 2683 locos
3516 2624 3619 2696 qui
3649 2622 3792 2678 huic

2137 2723 2287 2779 libro
2338 2722 2734 2793 suspicionem
2781 2718 3158 2775 Montanismi
3204 2716 3546 2786 conﬁciunt,
3577 2712 3791 2769 deinde

2139 2829 2237 2868 eos
2270 2811 2371 2884 qui
2404 2821 2541 2867 sunt
2589 2811 2648 2865 in
2704 2809 3059 2866 contrariam
3118 2815 3365 2880 partem,
3408 2804 3598 2861 rarius
3630 2802 3790 2870 licet,

2138 2899 2441 2974 propositi.
2474 2904 2686 2971 Atque,
2720 2904 2787 2955 ut
2836 2899 3174 2954 omittamus
3214 2913 3281 2953 ea
3332 2912 3461 2968 quae
3500 2891 3790 2950 subdubi-

2137 2994 2272 3047 tans
2305 2990 2517 3061 objecit
2545 2989 2858 3055 Baronius,
2889 2987 3034 3043 satis
3080 2986 3176 3042 ille
3229 2986 3300 3041 ab
3355 2982 3562 3038 Allixio
3593 2980 3792 3036 confu-

2138 3083 2299 3135 tatus
2325 3079 2405 3150 (in
2438 3079 2557 3133 Vit.
2618 3079 2772 3133 Tert.
2836 3095 2889 3148 p.
2952 3078 3022 3131 29
3076 3076 3271 3148 seqq.),
3313 3073 3697 3130 Hotl‘mannus
3730 3070 3791 3124 in

2139 3169 2301 3223 illam
2334 3170 2692 3238 superiorem
2736 3172 2960 3238 partem
3018 3166 3230 3221 excitat
3260 3166 3627 3236 argumenta.
3665 3160 3792 3213 Pri-

2062 3281 2104 3347 ρ
2144 3274 2305 3312 mum
2338 3257 2492 3327 quod
2518 3257 2584 3347 in
2618 3256 2767 3311 libro
2794 3256 2857 3311 de
2887 3258 3161 3327 Baptismo
3192 3253 3590 3309 Tertullianus
3622 3249 3795 3303 dictis

2143 3351 2346 3401 utatur
2394 3346 2713 3401 simillibus
2767 3362 2971 3401 eorum
3023 3362 3148 3417 quis
3198 3343 3256 3398 in
3308 3360 3374 3398 eo
3420 3342 3485 3397 de
3512 3340 3797 3396 Pudicitia

2144 3436 2500 3501 defenderat,
2533 3436 2615 3490 ita
2648 3439 2709 3490 ut
2738 3435 2991 3507 exagitet
3041 3451 3140 3490 eos
3195 3433 3295 3505 qui
3328 3432 3437 3487 sibi
3479 3430 3799 3486 sumebant

2145 3529 2493 3597 potestatem
2528 3523 2706 3578 dandi
2750 3524 2979 3579 veniam
3028 3524 3377 3579 delictorum
3407 3538 3531 3591 quas
3573 3517 3673 3574 uni
3705 3520 3797 3572 ta-

2146 3631 2279 3670 men
2314 3614 2431 3670 Deo
2462 3612 3026 3684 competeret.Cujus
3058 3612 3160 3676 rei,
3193 3612 3252 3666 ni
3287 3610 3473 3679 fallor,
3498 3606 3796 3679 significa-

2144 3703 2365 3759 tionem
2408 3704 2465 3757 in
2496 3702 2614 3758 illis
2646 3702 2835 3757 verbis
2869 3702 3122 3774 reperit:
3164 3703 3349 3772 Neque
3392 3704 3679 3770 peccatum
3708 3694 3798 3749 di-

2145 3792 2336 3859 mittit,
2370 3807 2542 3863 neque
2598 3793 2859 3861 spiritum
2920 3791 3188 3859 indulget,
3246 3790 3360 3844 nisi
3412 3789 3552 3843 Deus
3608 3786 3799 3847 solus;

2149 3898 2277 3953 qua:
2310 3882 2603 3951 quomodo
2636 3880 2871 3935 nonnisi
2904 3897 2935 3935 a
2961 3881 3245 3952 scriptore
3277 3876 3598 3949 discipline
3632 3875 3799 3929 Mon-

2147 3970 2271 4026 tani
2323 3970 2517 4025 dedito
2562 3969 2931 4041 pronuntiari
2980 3968 3295 4041 potuerint,
3329 3983 3443 4021 non
3486 3963 3800 4036 perspicio.

2149 4060 2295 4115 Nam
2328 4075 2517 4130 neque
2544 4058 2688 4113 illud
2721 4058 2953 4115 sodales
3012 4058 3345 4115 orthodoxa
3391 4054 3658 4111 Ecclesiae
3699 4068 3801 4108 ne-

2152 4148 2391 4221 gabant,
2425 4164 2616 4219 neque
2668 4149 2737 4204 de
2768 4165 2836 4204 ea
2891 4165 2952 4203 re
3000 4153 3123 4204 erat
3170 4146 3452 4204 eosinter
3493 4148 3550 4200 et
3579 4144 3809 4199 Monta—

2154 4236 2341 4293 nistas
2397 4237 2762 4308 disputatio;
2822 4239 2924 4293 sed
3005 4237 3091 4293 illi
3148 4235 3473 4305 orthodoxi,
3533 4229 3807 4304 quamvis

2154 4324 2390 4382 nonnisi
2415 4326 2530 4381 Deo
2554 4330 2900 4398 potestatem
2925 4327 3410 4383 remittendorum
3434 4325 3805 4396 peccatorum

2157 4415 2546 4487 assignarent,
2579 4417 2907 4487 negandam
2962 4420 3153 4473 tamen
3200 4431 3400 4487 pacem
3435 4412 3509 4469 iis
3540 4410 3640 4483 qui
3670 4426 3808 4483 pro-

2155 4508 2281 4575 pter
2328 4509 2566 4575 peccata
2612 4506 2846 4561 fuerant
2892 4523 2923 4561 e
2969 4507 3243 4563 societate
3275 4521 3439 4561 sacra
3468 4502 3655 4573 ejecti,
3687 4517 3808 4555 non

2158 4594 2465 4666 putabant,
2494 4594 2783 4666 siquidem
2818 4594 2903 4650 illi
2935 4612 2996 4651 se
3029 4597 3206 4651 vitam
3240 4595 3654 4651 emendaturos
3686 4588 3811 4661 pol-

403 4672 453 4719 et
482 4668 753 4736 spiritalis
782 4669 1115 4741 discz'plinze,
1152 4672 1253 4726 ubi
1290 4674 1393 4742 spil
1410 4673 1561 4726 italis
1612 4672 1910 4743 disciplina
1943 4670 2031 4725 alii

2156 4658 2488 4740 licerentur.
2523 4658 2727 4739 Postea
2775 4684 2933 4740 hunc
2978 4684 3194 4740 librum
3244 4685 3334 4738 vir
3381 4684 3587 4738 doctus
3620 4658 3704 4736 ait
3732 4678 3805 4733 ad

405 4770 582 4824 quam
608 4758 707 4811 dat
738 4757 1132 4815 Montanistici
1158 4760 1460 4832 scriptoris
1491 4762 1911 4833 suspicionem,
1946 4760 2047 4832 qui

405 4844 701 4916 spiritales
762 4864 841 4918 se,
902 4853 1136 4906 caeteros
1205 4850 1508 4924 Psychicos
1564 4851 1879 4924 appellant.
1938 4851 2047 4906 Sed

407 4936 597 5007 potuit
620 4938 1013 4995 Tertullianus
1047 4942 1155 4997 sub
1209 4942 1572 5015 spiritalibus
1604 4943 1780 4999 etiam
1812 4941 2049 5016 quosvis

407 5027 620 5099 probos
644 5027 912 5085 homines
934 5035 989 5085 et
1008 5031 1365 5089 Christianos
1383 5032 1887 5105 intelligere,quod
1905 5032 2050 5088 mihi

408 5124 598 5196 magis
621 5125 1143 5202 placet,propterea
1160 5132 1315 5201 quod
1337 5130 1444 5187 hos
1467 5148 1582 5186 non
1609 5132 1690 5186 ita
1714 5130 1897 5186 multo
1919 5133 2052 5203 post

406 5213 826 5287 interpretatur
856 5233 957 5289 per
1014 5221 1217 5289 ﬁdeles,
1281 5238 1498 5292 eosque
1550 5238 1665 5277 non
1710 5221 2049 5277 orthodoxis

406 5321 460 5360 v.
494 5305 792 5377 Psychicis
840 5310 1102 5380 opponit,
1131 5311 1231 5366 sed
1278 5310 1609 5378 nationibus,
1643 5310 1752 5367 hoc
1792 5316 1900 5379 est,
1935 5329 2051 5368 non

411 5395 785 5452 credentibus
816 5398 874 5451 in
906 5402 1107 5455 Jesum
1137 5426 1150 5469 ;
1184 5416 1374 5471 neque
1405 5417 1657 5472 usquam
1688 5402 1875 5473 reperi
1920 5403 2054 5458 Ter-

411 5482 727 5540 tullianum
785 5486 875 5541 vel
905 5487 965 5542 in
1018 5487 1163 5560 ipsis
1210 5488 1641 5546 Montanisticis
1698 5490 1849 5545 148
1888 5490 2054 5547 libris

414 5574 752 5632 orthodoxis
784 5592 995 5632 nomen
1019 5579 1279 5634 [idalium
1304 5578 1708 5651 negasse.Jam
1741 5596 1874 5635 cum
1897 5580 2054 5636 hunc

414 5664 632 5722 librum
663 5682 731 5721 ex
776 5665 849 5723 iis
888 5683 1017 5725 esse
1062 5673 1307 5739 constet,
1341 5670 1441 5741 qui
1488 5668 1921 5741 castigatiorem
1952 5671 2055 5727 do-

417 5752 668 5811 ctrinam
722 5756 1042 5832 continent,
1096 5773 1530 5831 quemcumque
1602 5756 1689 5813 illi
1744 5756 1938 5817 locum
1993 5759 2054 5817 in

2158 4772 2559 4829 calamitatum
2588 4774 2938 4830 Christianis
2971 4792 3005 4831 a
3058 4776 3301 4830 deorum
3333 4772 3658 4829 cultoribus
3690 4770 3807 4823 im-

2159 4862 2476 4919 missarum
2511 4863 2683 4936 plena
2712 4868 2975 4937 tempora
3020 4866 3309 4936 pertinere
3342 4882 3355 4932 ;
3390 4880 3516 4935 quae
3548 4865 3637 4917 est
3661 4858 3809 4915 levis

2158 4954 2416 5025 profecto
2447 4955 2804 5024 conjectura.
2838 4954 2982 5010 Nam
3034 4971 3082 5009 c.
3120 4955 3185 5009 16
3216 4954 3349 5009 libri
3394 4951 3598 5017 nostri,
3632 4964 3809 5019 quem

2158 5042 2354 5098 locum
2412 5042 2509 5097 ille
2565 5047 2928 5099 antestatur:
2963 5046 3043 5098 est
3093 5044 3250 5099 nobis
3305 5044 3472 5099 etiam
3508 5038 3812 5096 secundum

2160 5132 2461 5201 lavacrum,
2529 5134 2818 5203 sanguinis
2881 5133 3107 5199 scilicet,
3174 5131 3336 5187 nullo
3431 5130 3603 5185 modo
3677 5132 3812 5183 tum

2161 5239 2418 5295 praesens
2485 5222 2811 5293 periculum
2882 5222 3157 5277 ostendit.
3206 5222 3369 5289 Quod
3434 5220 3485 5275 si
3548 5234 3814 5275 comme-

2162 5316 2455 5368 moratum
2512 5312 2689 5367 etiam
2750 5328 2784 5366 a
2835 5310 3197 5367 Tertulliano
3258 5311 3487 5379 fuisset,
3531 5325 3645 5364 non
3677 5324 3813 5379 pro-

2162 5405 2359 5472 pterea
2424 5400 2518 5455 hic
2580 5401 2728 5456 liber
2783 5401 2855 5456 ad
2922 5402 3140 5473 scripta
3202 5400 3459 5457 Montani
3509 5397 3812 5455 erroribus

2164 5492 2338 5546 refert
2401 5489 2574 5560 abjici
2640 5495 2873 5562 posset;
2952 5496 3092 5547 sunt
3182 5491 3339 5548 enim
3415 5488 3600 5545 multa
3671 5488 3812 5543 Ter-

2165 5578 2395 5635 tulliani
2434 5578 2654 5651 scripta
2719 5581 2810 5653 (ut
2876 5580 3019 5637 diss.
3062 5582 3114 5652 1,
3157 5577 3558 5649 docebamus),
3608 5592 3811 5648 siqua-

2162 5668 2243 5726 lia
2314 5667 2409 5725 his
2483 5668 2938 5739 calamitatibus,
3015 5674 3151 5727 ante
3222 5667 3569 5727 'l'ertulliani
3646 5667 3813 5722 defe-

2165 5758 2419 5819 ctionem
2494 5760 2837 5834 composita.
2896 5759 3004 5817 Sed
3078 5775 3269 5833 neque
3342 5759 3471 5832 ipse
3542 5755 3639 5814 ille
3715 5753 3809 5813 di-
