4072 6190
156 92 159 95 ⁵
180 92 267 105 l_'

164 116 167 123 ε
196 106 245 135 7"
270 106 289 125 r
306 106 425 135 εῆιτνκ

242 283 330 344 193
1055 275 1154 335 AC
1196 273 1593 335 DOCTRINA
1640 270 2139 333 SCRIPTORUM
2185 272 2716 334 TERTULLIANI

3484 280 3600 339 194

236 413 367 473 cendi
392 409 613 479 modus,
646 424 760 480 quo
792 406 1191 464 Tertullianus
1236 406 1536 463 cruciatus
1575 404 1829 476 aliquem
1861 407 1914 475 Α
1946 404 2189 474 tentiam
2221 404 2388 477 (Diss.
2419 405 2487 461 de
2532 406 2863 462 Tertulliani
2908 409 3023 464 vita
3076 415 3128 464 et
3174 411 3411 480 scriptis,
3465 427 3516 467 c.
3551 412 3606 478 4,

238 505 354 562 μθ
366 499 522 557 veluti
538 498 907 571 baptismum
923 496 1407 570 appellat,statim
1423 495 1840 551 Montanistam

236 597 408 672 prodit,
452 593 563 648 nisi
611 592 866 647 velimus
927 591 1117 646 dicere
1179 589 1466 658 Originem
1524 602 1757 658 quoque
1785 589 1842 639 et

239 688 369 754 alios,
396 699 639 755 quorum
673 684 799 737 loca
846 680 1022 736 habet
1052 678 1395 734 Dodwellus
1447 678 1701 749 (Disscrt.
1739 675 1843 745 Cy-

231 777 380 849 prias.
411 773 549 841 XIII,
576 786 699 843 qum
737 775 821 826 est
868 768 932 824 de
986 768 1223 824 secundo
1273 766 1538 837 martyrii
1583 766 1845 835 baptismo

232 863 459 937 imprimis
485 865 513 930 ἓ
544 862 623 934 2),
659 861 759 932 qui
802 875 1111 929 nunquam
1160 856 1419 913 accusati
1469 852 1845 910 Montanismi

229 956 372 1019 fuere,
416 954 653 1024 propter
701 966 830 1005 eam
884 965 1007 1004 rem
1064 947 1551 1021 Montanistarum
1580 944 1846 1000 addictos

229 1041 449 1100 societati
502 1040 705 1094 haberi
758 1038 971 1094 debere
1027 1037 1162 1108 (32).
1212 1036 1480 1108 Denique
1538 1034 1690 1105 quod
1728 1049 1845 1087 non

229 1134 431 1189 obscure
475 1127 909 1184 Tertullianum
968 1126 1172 1182 eodem
1220 1126 1279 1179 in
1337 1124 1462 1181 loco
1512 1122 1845 1195 signiﬁcare

229 1222 573 1277 Hotl‘mannus
604 1217 747 1272 dicit
779 1215 996 1287 injuria
1035 1215 1422 1271 Montanistas
1473 1214 1655 1269 fuisse
1685 1229 1714 1267 e
1746 1228 1847 1267 so-

228 1314 399 1367 cietate
443 1306 782 1364 communis
829 1304 1098 1360 Ecclesia:
1149 1305 1527 1376 proscriptos,
1589 1320 1724 1358 cum
1774 1302 1847 1356 iis

221 1399 530 1470 ceterisque
561 1395 906 1452 christianis
940 1411 1094 1449 unus
1126 1394 1495 1461 Deus,unum
1529 1391 1846 1463 baptisma,

223 1506 317 1545 una
343 1488 590 1559 denique
618 1484 677 1540 in
712 1483 875 1539 ccelis
905 1482 1183 1553 Ecclesia,
1219 1498 1353 1538 cum
1396 1480 1619 1536 caeteris
1650 1483 1847 1535 autem

221 1577 474 1634 haereticis
510 1574 676 1630 nulla
706 1572 955 1629 societas
987 1571 1063 1627 sit
1094 1572 1167 1641 (ο.
1204 1572 1314 1643 15),
1367 1570 1515 1625 illud
1562 1574 1718 1625 certe
1751 1586 1847 1623 ar-

222 1669 539 1739 gumentum
573 1661 833 1734 opinioni
884 1659 1015 1730 ejus
1066 1658 1213 1714 nihil
1274 1658 1631 1713 ﬁrmamenti
1660 1659 1845 1713 aﬂ‘ert.

218 1759 337 1809 Nam
359 1750 757 1809 Tertullianus
781 1750 853 1804 de
879 1765 1173 1804 consensu
1197 1748 1688 1803 Montanistarum
1713 1764 1849 1802 cum

220 1842 533 1899 orthodoxis
565 1840 626 1895 in
654 1838 771 1895 ista
802 1838 1068 1893 doctrina
1099 1853 1172 1893 ne
1203 1839 1449 1893 verbum
1480 1836 1714 1908 quidem
1750 1836 1852 1890 ha-

217 1934 312 1999 bet,
344 1931 436 1987 sed
469 1929 639 1984 illam
692 1926 1150 1983 christianorum
1194 1926 1367 1981 ﬁdem
1419 1926 1665 1997 opponit
1693 1924 1854 1980 Caia-

218 2037 400 2077 norum
431 2016 664 2084 haeresi,
698 2018 926 2089 hosque
959 2015 1195 2088 spurios
1227 2031 1355 2071 esse
1404 2014 1757 2071 christianos
1788 2032 1857 2071 ex

218 2127 273 2167 eo
298 2110 473 2179 docet,
500 2107 661 2179 quod
711 2107 989 2177 adempta
1047 2106 1194 2177 ipsis
1245 2120 1380 2159 cum
1440 2104 1666 2159 caeteris
1696 2103 1855 2158 chri-

220 2197 404 2252 stianis
433 2194 781 2251 communio
810 2194 1007 2249 fuerit.
1043 2198 1124 2248 Ac
1157 2193 1228 2259 si,
1263 2209 1390 2263 quas
1414 2191 1511 2247 ille
1532 2196 1858 2263 putat,vera

222 2290 409 2353 essent,
442 2290 567 2341 tam
630 2285 786 2341 150
816 2298 879 2339 se
927 2299 1044 2338 non
1102 2282 1443 2338 defenderet
1485 2281 1729 2336 Tertull.
1786 2282 1858 2337 ab

216 2377 410 2447 injuria
435 2373 819 2430 Montanistis
870 2370 1055 2439 illata,
1109 2376 1174 2427 ut
1220 2371 1415 2443 potius
1447 2387 1508 2425 se
1563 2371 1860 2426 Montani-

216 2478 430 2536 slasque
446 2463 762 2519 haereticos
785 2477 915 2517 esse
942 2461 1153 2516 fuisset
1174 2460 1650 2516 confessus.Nam
1675 2460 1735 2515 in
1757 2459 1857 2515 illo

213 2556 326 2626 ipso
352 2554 547 2625 capite
584 2553 670 2619 16,
723 2551 1012 2608 Ιιῶνεείεοε
1065 2550 1146 2605 ait
1197 2554 1490 2606 extraneos
1533 2550 1613 2620 (b.
1657 2566 1706 2604 e.
1742 2566 1857 2605 non

217 2642 587 2710 Christianos)
634 2641 841 2696 testari
881 2640 1054 2711 ipsam
1104 2638 1508 2711 ademptionem
1553 2640 1859 2694 communi-

213 2734 445 2788 cationis.
482 2730 681 2803 Igitur
708 2730 760 2785 si
790 2728 1189 2784 Tertullianus
1234 2728 1631 2801 significasset
1660 2729 1717 2782 in
1749 2728 1859 2784 hoc

212 2820 342 2891 loco,
373 2820 740 2877 orthodoxos
789 2834 859 2873 ex
889 2818 1145 2874 Ecclesia
1197 2817 1515 2890 projecisse
1564 2817 1859 2872 Montani-

209 2915 335 2977 stas,
380 2928 444 2967 se
494 2914 660 2966 certe
718 2923 980 2978 suosque
1029 2907 1331 2963 haereticos
1387 2906 1652 2976 dixisset,
1704 2907 1857 2978 quod

211 3017 434 3072 prorsus
486 2998 793 3055 abhorret.
848 3001 1038 3068 Atque
1085 2996 1181 3051 hic
1211 2995 1311 3051 alii
1360 3012 1711 3051 occuramus
1760 3013 1859 3052 ne-

208 3105 353 3145 cesse
376 3094 466 3146 est
499 3085 845 3143 difﬁcultati
876 3084 1187 3158 propositae
1210 3085 1284 3140 ab
1305 3083 1550 3140 Allixios
1582 3085 1859 3141 adversus

206 3182 485 3251 receptam
518 3178 603 3233 de
634 3175 902 3232 doctrina
952 3175 1011 3229 in
1061 3174 1170 3230 hoc
1216 3173 1367 3229 libro
1400 3178 1678 3246 regnante
1721 3191 1855 3230 sen-

261 3284 369 3355 (32)
403 3288 480 3339 At
507 3283 713 3339 dicere
741 3281 895 3355 quis
947 3284 1148 3355 posset
1198 3280 1353 3347 illos,
1401 3280 1504 3355 qui
1561 3284 1693 3351 post
1721 3282 1857 3336 Ter-

203 3352 507 3411 tullianum
572 3354 841 3420 vixerint,
922 3352 1276 3409 christianos
1336 3353 1671 3424 scriptores,
1723 3369 1856 3409 cum

204 3443 422 3483 summa
451 3424 820 3483 existimatio
843 3440 1046 3479 eorum
1075 3424 1527 3496 ortaesset,qui
1557 3424 1643 3479 vel
1672 3430 1858 3481 morte

198 3500 273 3554 vel
328 3498 708 3556 cruciatibus
760 3496 1052 3568 susceptis
1102 3495 1395 3551 Christum
1444 3495 1707 3552 confessi
1749 3514 1856 3568 pu-

200 3571 332 3627 blice
362 3577 562 3640 erant,
622 3575 687 3625 ut
735 3568 852 3625 alia
901 3568 1091 3641 plura,
1142 3568 1294 3624 hanc
1345 3584 1577 3641 quoque
1624 3568 1856 3624 dicendi

201 3644 690 3701 consuetudinem
730 3659 764 3696 a
808 3640 1190 3696 Montanismi
1237 3640 1607 3712 sumpsisse;
1666 3657 1856 3712 neque

196 3731 316 3789 ergo
346 3717 575 3773 horum
613 3714 738 3789 loca
768 3727 897 3769 esse
929 3714 1142 3789 idonea
1177 3714 1274 3789 ad_
1296 3712 1665 3789 liberandum
1698 3713 1855 3789 hunc

200 3784 522 3845 sei-monem
598 3803 630 3842 a
687 3785 1065 3840 Montanismi
1113 3784 1469 3856 suspicione,
1530 3786 1852 3856 praesertim

201 3876 314 3916 cum
347 3862 397 3918 is
428 3857 774 3933 primusin
826 3857 1186 3933 Tertulliano
1236 3857 1601 3933 aliorumque
1630 3861 1852 3933 Monta-

200 3928 474 3989 nistarum
509 3929 782 4002 scriptis,
826 3928 1006 3985 veluti
1037 3929 1098 3983 in
1153 3931 1297 3985 Actis
1340 3933 1629 4001 Pcrpeluzr.
1663 3936 1725 4002 et
1754 3930 1851 3983 Fe-

201 4000 979 4075 licitatis§22),‘appareat.
1030 4003 1213 4075 Quam
1259 4001 1405 4075 forte
1454 4000 1852 4075 suspicionem

262 4077 397 4154 llam
454 4072 597 4132 alia
630 4072 985 4154 suspicione,
1041 4073 1457 4154 si__ostendero
1504 4074 1701 4154 ipsum
1728 4075 1853 4154 jam

197 4144 549 4204 Marcionem
602 4144 875 4203 eamdem
925 4144 1155 4200 dicendi
1207 4144 1692 4200 consuetudinem
1757 4145 1856 4199 ha-

201 4220 405 4277 buisse.
443 4221 683 4290 Nempe
732 4216 1118 4290 Epiphanius,
1168 4216 1374 4272 haeres.
1413 4216 1501 4283 42,
1553 4216 1661 4287 ξ3,
1704 4216 1850 4290 _e_dit.

193 4294 400 4377 Gelon.z
434 4311 495 4377 ρ.
534 4287 688 4377 30:4,,
705 4287 827 4377 tres
846 4287 939 4343 ait
971 4289 1291 4377 baptismos
1323 4289 1594 4377 defensos
1640 4304 1672 4341 a
1704 4287 1851 4377 hiar-

197 4363 345 4419 cione
376 4354 696 4451 iuissejgib
761 4358 922 4431 μόνον
975 4354 1103 4451 ἔτει-ξ’
1147 4358 1395 4451 αὐτῷτὲν
1440 4357 1668 4433 λοῦτρον
1703 4354 1853 4451 δέδε-

333 4433 415 4451 ’ἽὛ
448 4437 461 4451 ‘
872 4435 900 4445 ⁴¹¹⁹
1124 4450 1133 4451 κ
1232 4434 1242 4451 \
1338 4450 1357 4451 η
1423 4447 1519 4451 7-,A
1562 4448 1764 4451 _AM__,_
1829 4448 1846 4451 Α

192 4454 285 4502 ται,
319 4433 470 4490 ἀλλά
502 4429 940 4505 καέήὲωξτριῶν
962 4429 1368 4505 λλφῦτρωνί).νΙῃ
1415 4447 1528 4502 quo
1562 4429 1853 4505 narrando

192 4510 285 4562 etsi
319 4512 543 4564 damus
578 4522 723 4561 vera
752 4503 883 4559 esse
902 4503 1064 4559 falsis
1095 4504 1166 4557 ab
1194 4504 1517 4575 Epiphanio
1548 4503 1853 4575 permista,

196 4582 465 4651 tanquam
504 4595 651 4634 cum
686 4577 878 4631 dicat:
913 4576 1263 4651 Marcionem
1312 4576 1601 4651 triplicem
1633 4575 1854 4647 baptis-

196 4647 345 4708 mum
378 4651 787 4721 excogitasse,
813 4651 877 4702 ut
905 4665 966 4721 se
988 4666 1020 4701 a
1047 4647 1264 4719 ﬂagitio
1297 4664 1428 4721 cum
1450 4648 1677 4719 virgine
1698 4664 1854 4703 com-

194 4725 360 4780 misso
393 4719 702 4797 purgaret
739 4720 919 4797 (quod
960 4725 1070 4789 est,
1122 4719 1389 4797 ut__mult_i
1443 4721 1853 4797 ostenderunt,

193 4809 336 4853 mera
365 4791 711 4861 calumnia)
740 4816 752 4856 ;
784 4792 961 4846 etiam
993 4808 1128 4847 cum
1163 4791 1320 4847 dicat
1350 4793 1583 4847 dedisse
1609 4792 1852 4847 Marcio-

192 4883 310 4923 nem
342 4869 655 4937 triplicem
682 4864 1069 4937 baptismum,
1118 4865 1271 4933 quod
1325 4879 1455 4937 cum
1506 4869 1853 4935 argumento

192 4940 253 4992 ad
281 4935 440 4995 hunc
482 4936 865 5008 baptismum
915 4935 1206 5006 triplicem
1261 4936 1754 5003 confirmandum,
1790 4941 1855 4991 ut

222 5018 375 5067 estea
405 5006 673 5084 patebit,
699 5006 860 5084 nullo
884 5008 1057 5084 modo
1080 5008 1407 5084 consentit;
1432 5025 1621 5077 neque
1652 5013 1849 5084 tamen

228 5101 285 5138 oc
300 5078 634 5156 Epiphanii
649 5078 1048 5156 testimonium
1076 5080 1341 5156 universe
1359 5081 1849 5156 contemnendum

191 5150 448 5233 arbitror.
488 5150 840 5233 Eritigitur
870 5168 1058 5233 opera:
1088 5153 1464 5233 pretium,_ut
1495 5153 1769 5233 quisnam
1800 5152 1851 5207 is

186 5227 348 5298 fuerit
374 5226 617 5298 triplex
649 5222 1356 5298 Marcionisibap'tismus,’
1373 5222 1619 5298 breviter
1649 5230 1847 5298 osten-

186 5297 327 5353 dam.
364 5303 421 5354 1ο
454 5294 665 5354 Multa
695 5299 835 5369 sunt
862 5294 923 5350 in
953 5294 1262 5369 disciplina
1292 5294 1601 5353 Marcionis
1632 5296 1852 5352 similia

182 5369 503 5445 disciplinas
540 5366 905 5445 Manicheam,
932 5366 1416 5445 quem—Manetem
1451 5374 1848 5445 constat‘suos

186 5442 236 5497 in
262 5440 563 5500 Auditores
604 5443 667 5495 et
698 5440 901 5495 Eiectos
930 5440 1303 5509 distinxisse;
1330 5459 1509 5513 quare
1541 5441 1693 5496 haud
1728 5441 1848 5496 scio

186 5531 249 5568 an
278 5512 670 5572 Marcionitis
702 5528 815 5566 non
853 5513 1039 5583 possit
1088 5516 1286 5569 eadem
1330 5512 1665 5570 distributio
1697 5513 1847 5568 assi-

186 5590 357 5660 gnari,
418 5582 876 5660 cum_Tertull.
928 5584 1141 5660 advers.
1186 5585 1382 5655 Mam,
1424 5586 1531 5660 lib.
1587 5602 1637 5653 v,
1691 5602 1740 5641 c.
1790 5586 1847 5660 7,

183 5656 436 5719 videatur
468 5657 777 5724 indicare,
832 5673 948 5713 non
997 5656 1112 5716 nisi
1161 5658 1551 5717 sanctioribus
1598 5674 1670 5715 ex
1722 5658 1847 5715 suis

1951 511 2007 565 p.
2040 495 2153 565 33),
2186 495 2287 567 qui
2321 495 2609 569 suspicari
2663 513 2768 552 nos
2819 513 2993 568 posse
3051 498 3211 563 dicit,
3262 499 3608 555 Tertulliani

1960 589 2215 639 mentem
2239 586 2362 655 jam
2398 590 2525 640 tum
2561 587 2633 641 ad
2665 584 2930 641 montani
2963 586 3335 657 disciplinam
3366 587 3612 657 inclina-

1954 678 2075 729 tam
2122 675 2324 742 fuisse,
2375 676 2529 747 quod
2580 680 2636 730 et
2692 675 3009 731 Christiani
3057 678 3316 748 pisciculi
3364 683 3419 733 et
3448 679 3611 734 Chri~

1957 768 2085 819 stus
2121 763 2554 839 Ρ18018(Ἰχοἶ›ς)
2615 765 2808 821 dictus
2858 766 2929 820 ab
2977 782 3041 820 eo
3094 767 3289 832 fuerit,
3350 785 3474 839 quae
3507 786 3612 824 no-

1959 854 2120 908 mina
2151 860 2348 910 essent
2378 854 2589 909 hausta
2641 871 2670 909 e
2719 854 2886 911 libris
2935 855 3245 926 Sibyllinis,
3308 857 3381 911 ab
3413 858 3609 930 aliquo

1958 944 2313 999 Montanista
2364 943 2453 998 vel
2482 943 2611 1016 ipso
2671 944 2848 999 etiam
2899 945 3173 1001 Montano
3234 947 3616 1015 exaratis;et

1957 1050 2005 1088 c.
2038 1034 2108 1087 20
2139 1032 2399 1105 aliquam
2445 1033 2868 1088 charismatum
2920 1034 3276 1091 mentionem
3326 1036 3610 1108 injecerit,

1958 1124 2112 1194 quod
2148 1122 2609 1180 Montanismum
2659 1123 2917 1178 redolere
2947 1124 3261 1194 videretur,
3315 1126 3613 1198 imprimis

1956 1229 2092 1268 cum
2128 1214 2512 1267 conferuntur
2556 1229 2622 1268 ea
2654 1229 2787 1268 cum
2823 1213 2895 1268 iis
2945 1229 3070 1286 qua:
3102 1218 3243 1270 sunt
3290 1232 3340 1269 c.
3374 1216 3444 1269 29
3477 1216 3611 1271 libri

1955 1302 2020 1358 de
2067 1302 2402 1373 Spectaculis
2459 1304 2692 1359 tradita.
2752 1304 2861 1358 Sed
2910 1304 3057 1359 bene
3104 1303 3201 1359 ille
3250 1305 3404 1376 fecit,
3453 1306 3607 1376 quod

1958 1391 2110 1447 hanc
2140 1392 2327 1462 ipsam
2384 1392 2783 1464 suspicionem
2836 1409 2949 1447 non
3010 1393 3189 1448 nimis
3238 1393 3515 1449 subtilem
3559 1399 3616 1449 et

1960 1485 2195 1536 acutam
2229 1481 2540 1552 putaverit.
2575 1482 2721 1537 Nam
2751 1482 2860 1537 etsi
2910 1482 3249 1537 dederimus
3279 1499 3408 1539 esse
3438 1484 3615 1539 etiam

1959 1586 2057 1626 eos
2088 1570 2288 1639 libros,
2322 1571 2423 1642 qui
2458 1587 2614 1627 nunc
2645 1571 2755 1627 sub
2790 1572 3029 1627 nomine
3082 1572 3498 1644 Sibyllinorum
3521 1575 3614 1645 ja-

1960 1664 2211 1728 ctantur,
2244 1660 2331 1717 vel
2364 1679 2398 1716 a
2426 1664 2698 1717 Montano
2722 1661 2808 1717 vel
2843 1661 2915 1716 ab
2950 1661 3147 1733 aliquo
3174 1664 3303 1732 ejus
3326 1662 3616 1735 discipulo

1960 1750 2266 1819 confictos,
2301 1767 2448 1821 quos
2474 1754 2668 1806 tamen
2703 1751 2893 1822 magis
2936 1750 3143 1807 vellem
3188 1752 3461 1808 Gnostico
3493 1753 3615 1808 cui-

1965 1840 2100 1894 dam
2132 1856 2414 1907 asserere,
2468 1839 2899 1897 Tertullianum
2954 1840 3128 1897 etiam
3188 1840 3325 1897 inde
3374 1841 3482 1898 hoc
3513 1859 3617 1898 no-

1964 1944 2099 1982 men
2134 1928 2309 1983 Piscis
2340 1928 2567 1985 Christo
2608 1930 2812 1985 datum
2866 1929 3174 1999 hausisse;
3229 1934 3421 1988 tamen
3455 1947 3522 1988 ex
3552 1948 3617 1988 eo

1967 2021 2316 2089 argumento
2347 2034 2463 2073 non
2498 2018 2685 2089 magis
2718 2023 3030 2090 suspectus
3081 2020 3457 2076 Montanismi
3486 2026 3621 2077 Ter-

1967 2105 2250 2161 tullianus
2284 2106 2485 2162 haberi
2535 2111 2755 2179 posset,
2806 2124 2938 2163 cum
2988 2108 3145 2163 hunc
3197 2112 3625 2182 composuisset

1965 2193 2205 2260 librum,
2236 2212 2410 2267 quam
2438 2195 2713 2251 Justinus
2763 2201 3002 2268 martyr,
3056 2197 3321 2254 Clemens
3370 2200 3620 2257 Alexan-

1967 2283 2863 2356 driuus,0rigenes,aliique,qui
2888 2286 3104 2357 saepius
3127 2286 3310 2342 libros
3333 2291 3619 2359 quosdam

1964 2372 2279 2444 Sibyllinos
2335 2375 2407 2428 ad
2462 2374 2866 2429 testimonium
2925 2375 3126 2431 citant.
3188 2381 3375 2449 Atque
3424 2379 3473 2434 si
3523 2380 3621 2435 isti

1967 2461 2102 2517 libri
2129 2462 2451 2533 generatim
2487 2463 2839 2519 exstiterunt
2869 2464 2996 2536 ipso
3038 2465 3146 2520 hoc
3176 2471 3457 2538 tempore,
3490 2470 3622 2539 quis

1967 2554 2058 2605 est
2088 2550 2187 2621 qui
2220 2552 2407 2622 possit
2436 2554 2716 2622 praestare
2750 2569 2864 2607 non
2890 2552 3070 2609 fuisse
3101 2570 3199 2609 eos
3232 2560 3431 2625 postea
3462 2557 3627 2613 adul-

1966 2642 2204 2709 teratos,
2274 2644 2340 2694 ut
2405 2656 2554 2706 eam,
2624 2656 2803 2708 quam
2872 2658 3025 2696 nunc
3079 2642 3316 2711 habent,
3367 2646 3618 2703 formam

1970 2727 2336 2798 receperint?
2366 2730 2528 2793 Quod
2562 2733 2649 2783 est
2677 2730 2994 2785 verendum
3020 2730 3315 2802 imprimis
3345 2733 3402 2788 in
3436 2753 3625 2792 acroa-

1966 2815 2183 2872 tichide
2209 2816 2343 2872 libri
2376 2818 2599 2874 octavi:
2635 2818 2846 2887 Ἰησοῦς
2879 2818 3131 2892 Χρίστος,
3169 2824 3301 2874 Θεοῦ
3350 2822 3473 2883 Υἱὸς
3508 2824 3622 2879 Σώ.

1966 2924 2090 2978 τηρ,
2126 2906 2281 2960 unde
2313 2905 2508 2976 ipsum
2547 2906 2657 2961 hoc
2708 2905 2900 2979 ἰχθύος
2950 2925 3271 2980 cognomen
3313 2919 3615 2985 sumptum

1965 2995 2173 3066 vulgus
2202 2994 2515 3050 existimat.
2552 3000 2750 3066 Neque
2779 2998 2932 3052 enim
2976 2997 3061 3053 illi
3094 2999 3260 3071 prius
3290 3006 3378 3056 est
3407 3019 3439 3057 a
3472 3020 3616 3073 quo-

1969 3101 2147 3157 quam
2177 3089 2441 3141 veterum
2469 3087 2789 3157 pr0posita,
2822 3102 2999 3157 quam
3042 3104 3076 3143 a
3125 3088 3506 3147 Constantino
3539 3093 3616 3149 M.

1888 3166 1931 3232 C
1969 3178 2051 3249 (in
2085 3177 2244 3232 Orat.
2278 3177 2360 3232 ad
2406 3182 2726 3231 sanctorum
2775 3186 2989 3233 cretum.
3042 3196 3092 3234 c.
3142 3180 3253 3251 18),
3311 3182 3405 3237 cui
3436 3181 3521 3238 vel
3552 3199 3621 3238 ex

1968 3281 2698 3358 Marcionemnuptiarum
2739 3282 3033 3358 licentiam
3068 3302 3335 3358 negasse,
3370 3289 3463 3344 his
3494 3306 3619 3345 ver-

1968 3354 2101 3430 bis:
2136 3354 2408 3430 Marcion
2457 3357 2629 3430 totum
2673 3356 3019 3412 concubitum
3083 3354 3273 3430 adfert
3337 3360 3616 3430 fidelibus,

1966 3426 2205 3505 viderint
2233 3428 2382 3481 enim
2426 3427 2809 3505 catecliumeni
2840 3430 3011 3505 _ejus;
3059 3426 3381 3505 inquibus
3428 3426 3617 3505 potuit

1967 3498 2419 3575 catechumenos
2450 3498 2754 3575 appellare
2775 3499 2971 3556 minus
3003 3498 3287 3573 perfectos
3319 3498 3492 3561 modo
3523 3522 3612 3575 eo,

1966 3586 2081 3642 quo
2108 3571 2470 3642 Epiphanius
2504 3570 2719 3641 aliique
2742 3570 2850 3627 hoc
2882 3570 3091 3629 nomen
3124 3574 3296 3630 etiam
3332 3570 3613 3635 adhibent

1966 3644 2036 3715 de
2067 3642 2435 3715 auditoribus
2464 3642 2916 3715 Manichaeorum
2943 3662 2956 3711 ;
3002 3663 3185 3715 neque
3216 3649 3493 3705 credibile
3524 3656 3613 3706 est

1964 3714 2318 3790 Marcionem
2352 3713 2411 3767 in
2436 3714 2774 3790 universum
2800 3733 3002 3790 omnes
3031 3713 3267 3790 nuptias
3298 3722 3611 3778 sustulisse

1964 3787 2118 3864 apud
2151 3787 2732 3864 suos,cum_quemad
2744 3789 2979 3864 modum
3012 3787 3609 3864 con'stat,nuptiarum

1963 3863 2262 3913 auctorem
2296 3875 2410 3912 non
2461 3857 2641 3912 Deum
2694 3859 2941 3927 malum,
2990 3864 3091 3917 sed
3151 3857 3407 3920 medium
3440 3866 3609 3923 illum

1961 3931 2203 4015 putarit,
2240 3946 2413 4015 quem
2446 3930 2653 4015 iusin-iu
2676 3932 3081 4015 ‘nuncupabat.
3259 3940 3463 4015 (χρ-ογΞρ
3495 3956 3610 4015 non

1962 4004 2167 4076 inepte
2189 4006 2381 4071 potest
2416 4018 2550 4076 cu_i_n
2594 4002 2948 4076 Bellosobrio
2998 4007 3203 4076 conjici
3257 4002 3510 4075 (Histoire
3540 4012 3613 4066 du

1961 4074 2379 4163 maniche‘isme,
2407 4073 2793 4163 t._lI,Ap;I1-22)
2835 4093 3017 4163 unum
3072 4073 3391 4163 Marcionis
3425 4082 3613 4163 bapti-

1963 4162 2158 4201 smum
2192 4146 2250 4198 in
2296 4161 2501 4199 omnes
2552 4145 2852 4215 collatum,
2906 4150 3085 4203 altero
3140 4152 3398 4208 initiatos
3432 4145 3613 4211 fuisse

1962 4217 2253 4297 interioris
2285 4215 2666 4297 admissionis
2688 4219 3110 4297 _ltiarcion'itas:
3144 4223 3437 4297 imprimis
3474 4228 3613 4297 quia

1962 4288 2575 4369 Epiphaniusdiserte
2632 4290 2872 4369 adjicit:
2933 4286 3097 4369 ἔξεστι
3158 4286 3363 4349 διδόναι
3400 4286 3608 4369 (scilic.

1964 4358 2196 4435 λόὖθὲρον
2229 4360 2354 4441 πρερ’
2396 4360 2578 4422 αὐτοῖς
2604 4364 2682 4431 τῷ
2705 4358 3077 4441 βουλομένῳ,
3134 4369 3289 4438 quod
3324 4358 3613 4441 pugnaret

1964 4433 2628 4515 cum'.omnibusnsuper
2680 4450 2859 4515 ears
2909 4433 3052 4492 locis
3109 4433 3475 4515 Tertull-iam,
3512 4445 3613 4515 qui

1964 4504 2185 4585 nuptiis
2219 4522 2279 4561 se
2311 4505 2583 4585 abdicare
2614 4504 2880 4585 rebuisse
2911 4514 3153 4585 cunctos
3184 4514 3285 4575 ait.
3316 4514 3416 4585 qui
3464 4504 3612 4585 tingi

1966 4592 2131 4656 sacro
2160 4576 2453 4656 lavacro__a
2483 4576 2836 4656 Marcionitis
2868 4580 3190 4656 voluissent
3232 4576 3355 4656 (lib'.
3398 4604 3450 4652 ν,
3486 4576 3610 4644 adii.

1964 4650 2129 4726 litare:
2163 4665 2212 4703 c.
2249 4650 2309 4703 11
2340 4669 2352 4719 ;
2386 4648 2485 4726 lib.
2520 4665 2642 4726 _1,c.
2676 4650 2766 4715 29,
2800 4656 2935 4721 etc.)
2981 4655 3095 4710 nisi
3127 4648 3613 4726 duplicem’hunc

1964 4720 2328 4792 baptismum
2375 4721 2839 4778 admitteremus.
2888 4728 2960 4777 At
3009 4744 3163 4782 nunc
3206 4720 3265 4784 3°
3309 4736 3489 4786 restat
3519 4732 3611 4787 di-

1964 4810 2113 4875 cere,
2146 4792 2379 4875 qualem
2426 4793 2787 4875 baptismum
2841 4798 3080 4875 tertium
3135 4802 3387 4858 Marcion
3419 4805 3611 4859 credi-

1964 4865 2133 4934 derit,
2165 4865 2225 4919 in
2277 4880 2500 4945 qua_re
2550 4869 2753 4945 nostra
2796 4870 3033 4945 proprie
3084 4889 3263 4929 causa
3298 4881 3605 4945 versatur;

1963 4954 2137 5008 quem
2171 4937 2464 5008 quomodo
2495 4943 2766 5011 oporteat
2792 4937 3058 5011 intelligi.
3092 4944 3417 5002 clarissime
3441 4937 3610 5004 docet

1963 5014 2391 5087 argumentum,
2428 5025 2540 5078 quo
2592 5008 2946 5087 Marcionem
2987 5008 3356 5087 Epiphanius
3390 5021 3471 5074 ait
3504 5021 3605 5075 tri-

1962 5080 2170 5153 plicem
2205 5080 2562 5152 baptismum
2598 5082 2999 5147 conﬁrmasse,
3033 5080 3275 5145 du'ctum
3299 5108 3329 5145 e
3357 5090 3483 5147 loco
3506 5092 3606 5148 illo

1961 5154 2113 5237 apud
2150 5155 2359 5237 Lucam
2393 5153 2464 5224 (ε.
2502 5153 2624 5237 Χμ,
2658 5154 2903 5237 50),ηυ.1)ἱ
2926 5157 3107 5237 haud
3137 5162 3314 5237 dubie
3344 5164 3413 5218 de
3462 5182 3605 5237 sup-

1961 5223 2134 5308 plicio
2162 5243 2284 5308 suo.
2303 5223 2489 5308 deque
2511 5223 2704 5308 aliquo
2732 5225 2843 5281 sibi
2872 5229 3064 5308 adhuc
3094 5232 3437 5291 imminente
3461 5223 3603 5308 bap-

1962 5295 2137 5381 tismo
2155 5295 2705 5381 Christus‘loq‘uitur
2724 5300 2909 5381 Lquod
2932 5301 3429 5381 allatumquoque
3450 5326 3483 5364 a
3504 5295 3609 5366 cie-

1958 5369 2099 5452 teris
2126 5371 2193 5424 ad
2228 5369 2659 5452 defendendum
2685 5369 2930 5452 alter-um
2955 5369 3602 5452 martyriibaptismum

1955 5441 2245 5497 videmus.
2281 5442 2405 5505 Qua
2456 5458 2517 5496 re
2545 5446 2737 5498 motus
2788 5444 2916 5501 sine
2955 5448 3075 5504 ulla
3113 5441 3489 5508 dubitatione
3520 5455 3604 5507 sic

1960 5518 2342 5594 statuo,_eum.
2368 5512 2674 5594 suppliciis
2697 5514 3157 5594 Christianorum
3178 5528 3243 5579 ad
3269 5525 3599 5594 exemplum

1956 5587 2094 5667 Jesu
2134 5584 2345 5667 Christi
2379 5584 2789 5667 suscipiendis
2833 5589 3011 5649 etiam
3061 5612 3273 5653 nomen
3321 5584 3599 5667 baptismi

1958 5658 2266 5730 cujusdam
2295 5656 2603 5716 indidisse.
