4072 6190
369 351 482 412 195

1444 326 1967 393 DISSERTATIO
2010 323 2115 384 DE
2155 324 2366 384 VERA
2408 326 2693 390 JETATE

3660 334 3776 396 196

361 499 428 537 eo
458 478 613 553 quod
663 473 970 547 Virgilium
1024 467 1303 525 cecinisse
1351 466 1422 521 de
1449 468 1588 521 Jesu
1636 460 1847 519 Christi
1898 475 2003 553 τιξ-
2032 462 2088 528 Α
2117 454 2277 553 belli,
2309 457 2369 553 in
2403 475 2521 553 quo
2552 462 3263 553 magnamTeptullianug
3292 463 3375 520 ait
3393 480 3521 520 esse
3559 465 3782 521 utinm-

360 546 584 627 tivitate
643 546 797 620 dicat
854 564 927 632 (ο.
986 560 1051 613 19
1110 558 1327 628 seqq.),
1387 559 1566 627 patet,
1628 568 1805 623 quam
1852 546 2011 603 nullo

365 658 596 733 negotio
628 655 804 712 verba
854 650 975 705 dari
1030 649 1101 703 ab
1142 646 1476 701 hominibus
1529 642 1868 713 religionem
1903 638 2008 733 fin-

369 726 644 823 gentibus
704 741 998 815 potuerint
1055 738 1184 808 (33).
1238 738 1425 806 Atque
1483 734 1629 823 151
1694 735 1759 823 ut
1816 726 2012 783 omnia

372 819 497 911 quae
528 834 663 890 velit
710 828 1092 900 susceperim,
1142 843 1212 880 ne
1262 825 1391 895 ipsa
1421 822 1657 895 quidem
1705 819 1847 884 haec,
1884 832 2010 913 qua:

372 909 512 985 sunt
542 926 600 979 in
633 923 742 976 hoc
768 918 874 974 viri
923 916 1076 971 docti
1125 916 1470 985 argumento
1519 909 1781 975 collecta,
1821 909 2011 961 consi-

366 1023 517 1074 stere
558 1017 615 1069 et
662 1024 859 1065 secum
909 1004 1235 1060 consentire
1287 1004 1554 1073 possunt.
1602 993 2011 1068 Antiquissimi

364 1107 717 1176 scriptorum
751 1094 1226 1159 Christianorum,
1262 1090 1415 1162 quod
1460 1087 1805 1145 Guillelmus
1838 1090 2008 1176 βενε-

366 1175 563 1267 regius
594 1194 675 1261 (in
698 1190 889 1243 Codice
908 1198 1184 1240 canonum
1205 1179 1467 1235 Ecclesia:
1483 1179 1809 1249 primitiuae,
1841 1175 1943 1267 lib.
1968 1191 2008 1239 ι,

364 1263 492 1356 cap.
527 1282 612 1348 14,
646 1282 672 1345 §
703 1279 734 1332 4
762 1275 933 1346 seqq.)
964 1278 1019 1327 et
1050 1270 1225 1326 Guill.
1249 1268 1642 1323 W'bisthonus
1667 1267 1777 1336 (34)
1810 1263 2009 1318 multis

361 1377 589 1438 docent,
624 1369 754 1432 hos,
788 1380 935 1435 quos
978 1359 1292 1432 appellant,
1340 1358 1521 1412 libros
1571 1356 1875 1426 Sibyllinos
1904 1370 2005 1407 an-

362 1460 731 1533 tiquissimos
761 1454 1153 1517 confitentur;
1187 1467 1254 1504 ex
1303 1465 1415 1519 quo
1449 1445 1776 1501 necessaria
1806 1457 2007 1533 conse-

365 1532 597 1608 cutione
628 1544 900 1605 efficitur,
948 1539 1197 1594 multum
1246 1554 1344 1592 eos
1398 1536 1657 1590 diversos
1705 1532 1885 1587 fuisse
1936 1532 2007 1587 ab

365 1641 455 1697 his
486 1637 585 1710 qui
618 1636 827 1689 horum
864 1646 1074 1684 nomen
1109 1631 1305 1683 nostro
1328 1630 1588 1696 tempore
1623 1622 2005 1689 mentiuntur,

364 1730 463 1802 qui
496 1726 608 1799 ipsi
642 1719 973 1779 adversario
1027 1718 1299 1771 videntur
1354 1712 1565 1769 sacculo
1596 1712 1657 1765 P.
1712 1711 1773 1765 C.
1812 1711 1878 1764 N.
1914 1727 2007 1802 se-

359 1799 550 1876 cundo
582 1808 908 1883 compositi.
955 1806 1149 1872 Quid?
1197 1805 1350 1858 idem
1383 1802 1479 1857 ille
1532 1802 1599 1856 de
1649 1818 1760 1871 quo
1792 1799 2007 1871 quaeri-

2115 546 2249 601 ‘toem
2282 548 2650 605 abstinentia:
2682 570 2714 607 a
2743 552 2889 607 cibis
2920 554 2992 607 ad
3025 554 3323 609 evitandas
3364 556 3583 625 peccati
3616 555 3775 611 solli-

2121 636 2463 703 citationes;
2518 642 2673 710 quod
2735 641 2915 697 videri
2975 648 3169 709 posset
3218 644 3589 699 consentiens
3636 662 3772 700 cum

2120 724 2395 781 laudibus
2444 728 2645 783 inedia
2705 730 2777 785 iis
2826 748 2972 802 quas
3024 732 3355 788 decantavit
3404 734 3462 787 in
3514 733 3662 789 libro
3712 734 3779 791 de

2121 816 2374 882 Jejuniis.
2427 818 2610 889 Magis
2660 819 2835 874 etiam
2886 819 3031 875 illud
3084 826 3173 877 est
3220 828 3589 893 suspectum,
3642 841 3774 879 cum

2122 921 2249 977 cap.
2281 907 2313 959 8
2347 912 2489 962 extr.
2538 909 2731 966 dicat:
2786 913 2923 984 Igni
2968 912 3284 968 destinatur
3315 912 3473 968 homo
3530 917 3629 985 qui
3657 924 3777 983 post

2122 994 2451 1065 baptismum
2489 997 2709 1054 .deticta
2766 1007 3063 1056 restaurat.
3098 1003 3251 1059 ιω
3307 1008 3382 1056 At
3432 1019 3620 1074 neque
3664 1004 3776 1060 hoc

2121 1092 2439 1157 utrumque
2496 1089 2796 1144 decretum
2856 1090 3161 1146 abhorruit
3218 1091 3590 1163 adisciplina
3619 1099 3775 1150 recte

2120 1175 2499 1231 sentientium
2531 1178 2637 1246 sic,
2672 1182 2735 1233 ut
2753 1180 3057 1251 preprium
3080 1183 3234 1235 esset
3256 1180 3771 1238 Montanistarum.

2120 1268 2264 1319 Nam
2299 1265 2356 1319 in
2388 1264 2487 1321 illo
2538 1267 2771 1338 quidem
2806 1268 3116 1339 superiori,
3168 1270 3322 1341 quod
3373 1269 3601 1324 admitti
3654 1288 3772 1327 non

2119 1354 2374 1424 potuerit
2404 1354 2550 1409 nihil
2582 1360 2693 1421 est,
2738 1356 2973 1411 etiamsi
3005 1357 3136 1412 aliis
3187 1358 3243 1412 in
3276 1358 3422 1413 locis
3468 1359 3771 1415 Tertullia-

2119 1460 2231 1497 nus
2266 1442 2512 1499 nimium
2562 1444 2699 1499 huic
2750 1446 3117 1501 abstinentiae
3167 1448 3406 1514 tribuat,
3439 1452 3495 1503 et
3544 1448 3651 1503 hoc
3680 1449 3773 1505 vel

2120 1533 2190 1587 ab
2222 1531 2365 1603 ipsis
2414 1534 2770 1604 quibusdam
2821 1534 3151 1590 orthodoxae
3199 1535 3470 1592 Ecclesiae
3519 1538 3772 1594 addictis

2118 1622 2387 1691 quamvis
2420 1622 2613 1693 inepto
2645 1640 2821 1678 sensu
2856 1625 3163 1679 defensum
3195 1629 3304 1695 est,
3340 1631 3404 1681 ut
3436 1632 3635 1698 postea
3663 1629 3767 1682 do-

2118 1710 2362 1776 ccbitur,
2396 1711 2481 1766 vel
2512 1712 2622 1767 dici
2674 1714 2979 1768 commode
3031 1714 3223 1785 potuit
3252 1715 3321 1769 de
3354 1715 3445 1783 iis,
3498 1716 3597 1787 qui
3639 1721 3772 1788 post

2119 1798 2479 1869 baptismum
2512 1802 2583 1855 ad
2617 1802 2794 1856 vitam
2845 1802 3089 1873 impiam
3122 1802 3318 1871 delati,
3353 1804 3423 1859 de
3472 1820 3539 1859 ea
3567 1822 3767 1861 eman-

364 1926 516 1973 mus,
549 1860 969 1967 Tertulllianus,
1006 1913 1138 1951 cum
1186 1898 1447 1963 tempore
1478 1907 1543 1945 eo
1593 1906 1707 1960 quo
1748 1891 2007 1960 proxime
2036 1860 2084 1925 B
2115 1889 2307 1943 danda
2341 1906 2454 1944 non
2488 1891 2769 1961 cogitant.

362 2000 562 2054 aberat
593 2012 626 2047 a
655 1988 977 2046 defectione
1007 2002 1135 2053 sua,
1167 1984 1224 2037 in
1270 1982 1370 2036 lib.
1420 1980 1487 2035 ad
1518 1980 1799 2045 Nationes,
1834 1995 1882 2032 c.
1918 1978 2004 2047 12,

363 2082 773 2156 antiquissima
805 2076 947 2131 dicit
992 2072 1223 2145 Sibyllae
1273 2070 1483 2137 effata;
1534 2069 1794 2140 potuitne
1828 2067 2009 2139 igitur

360 2178 459 2232 ille
488 2174 667 2229 libros
700 2166 994 2237 Sibyllinos
1046 2181 1079 2218 a
1121 2166 1390 2216 Montano
1440 2158 1526 2213 vel
1581 2156 1774 2228 aliquo
1815 2157 2007 2227 gregis

361 2265 533 2322 istius
590 2259 879 2333 profectos
936 2251 1188 2326 putare?
1245 2250 1444 2319 Neque
1503 2264 1634 2301 vero
1686 2246 2005 2325 quidquam

362 2353 569 2427 probat
597 2348 843 2403 alterum
878 2341 1045 2407 illud,
1079 2339 1233 2411 quod
1269 2338 1337 2392 de
1376 2334 2006 2427 charismateuAllixius

362 2424 624 2513 subjicit,
685 2436 855 2505 cujus
912 2448 1005 2485 me
1064 2432 1245 2483 lateor
1305 2444 1419 2481 non
1477 2425 1622 2480 satis
1685 2424 2004 2479 dilucidam

361 2535 534 2587 citato
567 2545 612 2583 c.
649 2526 717 2579 20
744 2521 1088 2578 memoriam
1132 2516 1427 2583 invenire;
1461 2532 1527 2569 ac
1571 2514 1618 2568 si
1654 2514 2004 2579 inveniatur,

360 2629 479 2677 tam
514 2618 769 2690 profecto
798 2628 911 2667 non
966 2611 1311 2680 sequeretur
1358 2604 1571 2659 librum
1613 2604 1676 2659 de
1728 2606 2006 2675 Baptismo

361 2728 429 2767 ex
460 2707 696 2764 officina
718 2697 1061 2757 Tertulliani
1093 2695 1457 2751 Montanistaa
1481 2694 1657 2749 fuisse
1679 2709 2005 2765 egressum,

365 2816 541 2871 quam
572 2794 718 2850 illud
749 2791 862 2845 dici
895 2790 963 2843 de
995 2786 1141 2842 libro
1170 2802 1333 2856 super
1383 2784 1717 2855 Spectaculis
1758 2799 1871 2837 non
1903 2800 2003 2854 po-

360 2896 493 2955 test,
528 2885 627 2957 qui
660 2888 747 2938 est
779 2879 934 2935 haud
967 2878 1160 2944 dubie,
1192 2879 1257 2929 ut
1287 2873 1423 2928 alibi
1447 2873 1846 2941 ostendebam,
1874 2878 2006 2927 ante

361 2981 490 3050 ejus
521 2972 902 3030 defectionem
930 2970 1307 3023 εμπ-ειυς.Αο
1332 2980 1403 3017 ne
1426 2963 1565 3035 quid
1593 2967 2006 3033 praetereamus

362 3066 754 3133 silentio,quo
813 3062 1007 3128 posset
1055 3054 1186 3126 quis
1232 3053 1426 3122 aliquo
1486 3052 1658 3107 modo
1708 3050 1845 3106 huic
1876 3051 2003 3123 cpi-

359 3156 520 3212 nioni
554 3153 811 3207 adversa:
841 3147 988 3201 libro
1037 3147 1238 3198 nostro
1272 3143 1344 3197 de
1392 3142 1669 3211 Baptismo
1699 3139 2001 3194 veritatem

2116 1976 2221 2049 §4.
2260 2009 2323 2018 —
2368 1980 2652 2034 Pamelius
2707 1988 2757 2034 et
2816 1980 3061 2049 Dupinus
3118 1982 3483 2051 castigantur.
3542 1984 3770 2038 Puritas

2415 2052 2545 2105 libri
2570 2069 2608 2106 α
2639 2054 3003 2108 montanismo
3031 2054 3462 2108 demonstratur.

2184 2138 2293 2193 Sed
2328 2156 2429 2205 age
2460 2141 2774 2195 audiamus
2805 2140 2978 2196 etiam
3013 2158 3112 2197 eos
3136 2141 3307 2214 longe
3338 2142 3535 2214 plures
3568 2144 3666 2215 qui
3701 2144 3771 2199 de

2116 2229 2390 2299 Baptismo
2418 2229 2634 2283 librum
2695 2230 2978 2301 scriptum
3034 2237 3168 2286 ante
3199 2231 3543 2287 Tertulliani
3577 2249 3767 2288 seces-

2116 2316 2337 2371 sionem
2374 2335 2489 2372 uno
2520 2334 2616 2373 ore
2648 2318 3025 2373 conﬁtentur.
3062 2320 3122 2373 In
3157 2320 3371 2391 quibus
3408 2321 3644 2393 ineptus
3678 2327 3770 2377 est

2115 2422 2277 2461 error
2330 2423 2563 2473 eorum,
2624 2412 2904 2479 tanquam
2965 2408 3227 2476 Pamelii,
3291 2410 3411 2483 qui,
3472 2417 3769 2481 praeeunte

2117 2496 2369 2566 quodam
2403 2498 2573 2551 modo
2609 2497 2929 2569 Epiphanio
2964 2497 3125 2568 (hier.
3170 2499 3257 2564 42,
3296 2516 3351 2553 n.
3389 2500 3438 2565 1,
3472 2501 3548 2569 2).
3583 2500 3765 2562 Ouin-

2116 2584 2301 2640 tillam
2332 2602 2481 2655 eam,
2516 2604 2642 2658 qum
2674 2587 2852 2657 hujus
2902 2587 3035 2641 libri
3069 2588 3472 2643 conscribendi
3505 2590 3765 2644 occasio—

2116 2691 2249 2729 nem
2298 2675 2477 2746 dedit,
2527 2692 2595 2730 ex
2644 2675 2956 2747 disciplina
3011 2676 3499 2732 Montanistarum
3557 2682 3767 2749 putant

2116 2764 2319 2831 fuisse,
2353 2764 2445 2819 cui
2479 2764 2708 2819 feminae
2730 2782 2863 2819 cum
2895 2781 2957 2820 se
2977 2765 3151 2819 etiam
3187 2766 3559 2821 contumeliis
3590 2783 3766 2838 oppo-

2114 2852 3076 2925 sueritTertullianus,sequeretur
3098 2871 3229 2909 eum
3269 2859 3417 2922 tum,
3460 2855 3768 2911 cumhunc

2114 2941 2329 2997 librum
2380 2944 2786 3015 perscriberet,
2845 2943 3036 2999 adhuc
3090 2961 3124 2998 a
3172 2945 3439 3015 partibus
3498 2945 3765 3001 Ecclesiae

2114 3031 2369 3103 purioris
2401 3032 2653 3086 stetisse.
2687 3031 2847 3095 Quod
2899 3036 3307 3103 argumentum
3340 3048 3571 3087 omnem
3607 3038 3765 3088 certe

2114 3138 2236 3177 rem
2268 3121 2597 3186 conficeret,
2632 3120 2743 3175 nisi
2777 3120 3111 3175 levissimus
3143 3120 3202 3175 in
3250 3122 3606 3193 exponendis
3642 3122 3764 3176 hae-

359 3210 687 3307 conciliarc,
720 3239 965 3292 fortasse
996 3232 1181 3305 possit
1233 3210 1479 3287 excitare
1510 3246 1558 3284 c.
1602 3230 1672 3282 20
1721 3228 1899 3299 hujus
1932 3228 1999 3283 li-
2032 3227 2076 3294 C
2114 3212 2423 3267 Γθῗίοονυῐη
2457 3210 2834 3281 opinionibus
2865 3210 3039 3265 homo
3062 3210 3427 3281 Epiphanius
3461 3210 3636 3266 etiam
3667 3211 3765 3266 δίο

430 3394 545 3464 (33)
576 3390 783 3443 Mirum
818 3386 1060 3464 fortasse
1090 3380 1395 3464 videbitur.
1414 3380 1820 3464 doctissimum
1856 3385 2001 3433 Auc-

358 3452 543 3523 torem
566 3466 829 3516 nostrum
856 3474 921 3512 ac
939 3456 1147 3510 veteris
1173 3453 1491 3523 disciplinas
1516 3452 1999 3521 scientissimum,

360 3540 577 3593 hzerere
599 3534 758 3604 quasi
785 3528 1022 3604 anxium
1046 3528 1104 3581 in
1128 3526 1428 3604 propalata
1459 3524 2001 3604 via,_incertumque

360 3595 633 3667 dubitare
674 3602 1067 3659 christianisne
1122 3595 1197 3651 an
1240 3595 1612 3653 ’Montanistis
1661 3595 2004 3666 peculiarior

357 3687 493 3739 esset
524 3677 812 3734 notissima
856 3678 1057 3727 tessera
1102 3669 1318 3733 ΙΧΘΥΣ,
1380 3669 1522 3739 quin
1564 3672 1617 3722 et
1672 3683 2001 3721 asseverare

359 3774 393 3809 (ι
452 3758 693 3808 veterum
748 3746 1005 3807 nemine,
1070 3741 1326 3811 Magnum
1381 3749 1507 3794 ante
1577 3740 1999 3793 Constantinum

358 3826 600 3881 eamdem
628 3818 985 3891 symbolicam
1004 3812 1414 3891 acrosticbirlem
1434 3813 1605 3891 fuisse
1633 3812 1999 3879 propositam.

361 3898 544 3953 Multa
574 3884 913 3948 ex'adv'erso
960 3890 1276 3940 occurrunt
1318 3884 1583 3947 dicenda,
1636 3900 1782 3951 qua),
1818 3897 2002 3951 usque

362 3972 504 4024 dum
538 3970 607 4020 ad
642 3964 855 4018 librum
880 3958 943 4012 de
965 3958 1235 4027 Baptismo
1258 3956 1569 4027 deventnm
1594 3954 1785 4027 fuerit,
1814 3954 2001 4007 satius

360 4046 449 4096 est
478 4042 803 4110 opportuno
829 4025 1377 4110 locodissercndam
1399 4025 1842 4110 diﬁ‘erre:.Nune
1864 4042 2002 4110 non-

362 4096 533 4169 nulla
558 4096 786 4164 tantum
815 4102 1028 4173 captim
1060 4105 1116 4153 et
1157 4099 1456 4173 accinctus
1488 4096 1787 4173 praelibare
1818 4097 1998 4150 lubet.

430 4184 733 4238 Enimvero
765 4178 836 4231 ad
888 4170 1143 4245 primum
1192 4170 1336 4245 satis
1364 4184 1661 4245 superque
1694 4170 2004 4245 innumera

359 4256 717 4327 respondent
756 4241 1154 4327 monumenta,
1185 4241 1533 4327 sufficientis
1566 4257 1799 4310 prorsus
1830 4241 2001 4327 et‘in-

361 4312 551 4383 dubias
583 4319 911 4384 vetustatis,
967 4332 1032 4369 ac
1088 4330 1219 4368 vere
1280 4312 1598 4366 christiana
1658 4330 1834 4367 manu
1870 4313 2005 4365 data

363 4401 745 4467 dedicataque
775 4393 787 4445 ι
842 4391 901 4444 in
933 4386 1177 4467 quibus
1217 4384 1438 4466 “emicat
1481 4384 1745 4467 quidemn
1767 4385 2004 4467 praefata

359 4476 603 4536 tessera,
655 4455 775 4521 sive
832 4455 1058 4536 scalpro
1115 4455 1320 4536 incisa,
1379 4456 1498 4536 sive
1555 4472 1683 4536 aere
1721 4456 1851 4536 fusa
1906 4461 2006 4536 aut

365 4528 658 4612 expressa,
688 4528 1118 4612 carminibusve
1166 4529 1469 4612 adornata,
1500 4528 1742 4612 caeteris,
1789 4532 1853 4581 ut
1885 4528 2003 4597 ple-

2110 3308 2691 3375 Kunstvorstellungen
2724 3309 2822 3362 der
2852 3309 2997 3362 allen
3038 3308 3313 3363 Christen.
3363 3325 3419 3362 m
3453 3307 3761 3363 Thiersch.

2108 3381 2578 3437 Jahres-Berichte
2606 3380 2701 3433 der
2730 3380 3029 3449 Kteniglich
3075 3380 3412 3449 Bayerschen
3469 3380 3764 3436 Alt-ademit:

2110 3454 2207 3508 der
2238 3452 2737 3520 Wissen-chaften.,
2772 3451 3059 3506 Miinchen.
3098 3453 3281 3521 1829.)

2184 3524 2533 3579 Constantino
2562 3529 2755 3595 autem
2790 3530 2988 3590 Magno
3017 3522 3187 3595 longe
3210 3522 3598 3594 antiquiorem
3630 3538 3763 3595 esse

2110 3595 2375 3667 Sibyllini
2410 3594 2740 3650 acroslichii
2764 3611 2965 3667 rusum,
3003 3611 3107 3667 nec
3134 3596 3409 3666 pauciora
3432 3594 3761 3667 necsuble-

2111 3666 2377 3722 staz’fidei
2412 3668 2629 3721 faciunt
2661 3666 2897 3737 scripta,
2931 3666 3229 3737 sculptave
3257 3666 3759 3721 testimonia.lmo

2111 3740 2326 3793 mirare
2358 3743 2578 3809 quanta
2609 3739 2680 3792 ab
2731 3743 2895 3792 aetate
2925 3738 3242 3808 apostolica
3286 3739 3356 3792 ad
3390 3754 3576 3809 usque
3608 3742 3759 3792 tem-

2112 3827 2253 3881 pora
2282 3818 2481 3865 nostra
2528 3815 2801 3879 assurgat
2844 3825 2923 3881 ea
2954 3809 3025 3864 de
3049 3826 3109 3863 re
3138 3809 3375 3864 testium
3427 3812 3619 3876 turba,
3652 3812 3760 3880 qui

2113 3880 2279 3955 quasi
2301 3898 2536 3955 manum
2553 3880 3009 3955 dantnonnullis
3025 3882 3224 3955 prima;
3241 3882 3545 3955 hominum
3566 3883 3762 3955 astatis

2109 3953 2545 4020 traditionibus,
2580 3953 2970 4023 undequaque
3026 3953 3277 4021 diffusis,
3340 3970 3405 4007 ac
3455 3954 3512 4007 in
3564 3953 3759 4008 medio

2111 4032 2464 4096 temporum,
2497 4029 2623 4079 orta
2646 4025 2769 4095 jam
2805 4024 3147 4090 Ecclesia,in
3182 4024 3367 4096 ipsius
3390 4024 3634 4096 gremio,
3668 4040 3758 4078 re-

2113 4098 2337 4152 novatis
2370 4114 2434 4152 ac
2468 4096 2944 4151 reviviscentibus
2972 4114 2985 4163 ;
3019 4097 3223 4163 donec,
3256 4113 3396 4167 pace
3427 4112 3528 4167 per
3557 4097 3759 4151 orbem

2112 4170 2456 4239 composita.
2491 4169 2666 4239 piscis
2698 4183 2773 4239 ac
2793 4167 3085 4235 columba,
3121 4174 3441 4239 caateraque
3471 4173 3768 4239 quotquot

2114 4238 2417 4295 ﬂoruerint
2434 4238 2707 4294 in'abdito
2731 4238 2898 4310 signa
2919 4240 3009 4294 vel
3034 4239 3204 4310 siglia
3222 4238 3542 4310 symbolice
3564 4238 3763 4309 palam

2114 4314 2171 4366 in
2206 4312 2395 4367 lucem
2432 4311 2770 4381 prodierint.
2818 4317 2983 4365 Nunc
3023 4328 3160 4381 ergo
3211 4312 3281 4365 de
3312 4312 3557 4367 ΙΧΘΥΟΣ
3592 4326 3761 4365 acro-

2115 4384 2359 4438 stichide
2392 4384 2461 4438 ad
2497 4384 2781 4453 quosdam
2825 4382 2901 4437 sit
2950 4383 3316 4438 tantumdem
3372 4385 3515 4439 satis
3548 4384 3766 4437 referre

2116 4461 2336 4521 Patres,
2390 4470 2597 4526 nempe
2649 4453 3004 4508 Clementem
3056 4454 3365 4509 Alexandr.
3404 4456 3461 4508 in
3514 4460 3768 4522 quatuor

2114 4528 2275 4593 locis,
2310 4532 2449 4580 tom.
2487 4528 2528 4589 Ι,
2563 4544 2619 4597 ρ.
2648 4527 2774 4585 260,
2808 4527 2949 4592 312;
3003 4543 3059 4596 p.
3082 4528 3220 4597 r289,
3252 4529 3329 4597 (p.
3366 4528 3534 4597 787);
3568 4530 3769 4579 Potler

365 4596 616 4682 rumque
638 4596 1030 4682 lit,_immista
1061 4598 1245 4680 signis
1278 4598 1583 4682 siglisque,
1616 4600 1770 4682 unde
1804 4596 2007 4679 puram
2039 4600 2085 4663 D
2117 4600 2520 4682 Nostrummet
2544 4596 3002 4682 "Ter‘tullianu'm,
3058 4596 3122 4682 de
3174 4599 3508 4682 Baptismoh
3545 4598 3614 4652 de
3662 4598 3768 4682 Re:

411 4671 571 4739 utam
622 4679 752 4734 fidei
806 4673 1086 4743 sanioris
1117 4671 1512 4743 integritatem
1573 4671 2006 4743 indigitaveris:

411 4703 571 4739 υῐιᾶῐη
622 4703 752 4734 IIUCI
806 4703 1058 4730 δῐιυιυιιῦ
1118 4703 1512 4740 ιυιῠδιιιαιυιιι
1573 4703 2006 4743 ιιιυιδιιανῦιιῠ.

367 4703 503 4811 Eine
536 4753 716 4825 piscis
753 4741 1182 4825 saepemsaepiu's-
1223 4758 1365 4825 eum
1414 4742 1701 4825 columba.
1746 4742 2011 4814 depictus

370 4814 657 4898 (Aringbi,
689 4829 727 4898 t_.
766 4821 811 4898 I_,
838 4814 1002 4882 '580;
1037 4819 1076 4867 t.
1135 4814 1203 4867 II.
1244 4814 1526 4898 258).,aut
1576 4814 2009 4898 a‘nchorzecon-

366 4886 865 4953 nequChrist.ive
916 4886 1429 4956 monogrammati,
1462 4888 1616 4957 quod
1671 4892 1733 4940 ut
1764 4887 2013 4957 quisque

365 4971 546 5029 novit,
581 4968 678 5021 diu
713 4971 845 5019 ante
889 4958 1438 5016 Constantinianum
1489 4958 1755 5013 labarum
1785 4958 2014 5029 vulgari

366 5060 477 5097 usu
513 5040 619 5096 fuit
669 5040 972 5106 acceptum
1032 5030 1295 5106 (Boldett.
1331 5031 1474 5106 7370:
1508 5032 1614 5106 366
1672 5031 1774 5106 453
1800 5049 1812 5099 ;
1843 5030 2012 5083 Arin-

406 5114 485 5182 hi,
520 5115 561 5179 Ι,
593 5111 740 5175 520;
776 5102 821 5162 li
1047 5102 1192 5167 6‘20;
1244 5102 1483 5171 Bottari,
1532 5103 1629 5182 IlI,
1661 5102 1780 5182 _19)
1811 5119 1824 5167 ;
1857 5117 2013 5182 nunc

391 5172 607 5239 lenium
639 5172 1050 5235 adorantium
1103 5188 1302 5242 penes,
1354 5190 1509 5227 nunc
1561 5174 1629 5227 ad
1661 5172 1841 5227 latera
1870 5172 2011 5227 Boni

368 5256 622 5311 Pastoris
655 5244 1200 5322 appositus_(BoId_._,
1244 5246 1371 5299 573.
1405 5246 1552 5322 Bolt,
1589 5244 1665 5315 pl.
1716 5262 1879 5322 xairv.
1914 5243 2011 5297 Vi-

367 5330 524 5383 desis
557 5330 612 5380 et
640 5316 711 5379 cl".
735 5316 1077 5403 'Costadoni
1122 5316 1515 5398 dissertazione
1530 5332 1719 5403 “sopra
1766 5318 1811 5370 il
1847 5332 2016 5403 ,pesce

365 5416 512 5456 come
553 5395 780 5451 simbolo
828 5391 911 5447 de’
954 5389 1130 5461 primi
1178 5388 1471 5449 cristiani;
1520 5389 1797 5461 Ιζιι-εςοιιςιΔ
1826 5386 2013 5461 d’opu-

363 5473 499 5527 scoli
541 5466 829 5536 scienti/iri
874 5458 968 5536 da‘
1004 5459 1281 5536 Calogerq.
1319 5462 1498 5536 __tom._
1546 5458 1917 5536 XLI,‘1749.
1946 5490 2015 5536 —_-

366 5544 509 5613 Lupi
555 5529 791 5596 dissert.
843 5535 913 5588 ad
944 5536 1193 5613 ἕψεις-Ξ
1231 5529 2012 5613 Epitaphium,n_f’arpho_rmi,

366 5600 529 5685 173‘s,
561 5630 615 5683 p.
656 5611 778 5685 1,03,
827 5624 897 5685 p._
935 5600 1413 5685 103,436,.“145,
1450 5602 1572 5670 153,
1614 5603 1733 5685 res,
1792 5603 2015 5685 iss:-

364 5670 642 5753 Fabretti,
673 5670 921 5756 inscript.
968 5674 1172 5756 unum,
1206 5670 1311 5756 li_b_.
1356 5689 1480 5756 viii,
1531 5674 1844 5756 p;.56f.9_._n.
1878 5675 2015 5756 124:

366 5761 507 5830 126;
561 5744 641 5830 μ’
668 5754 797 5822 590,
842 5744 906 5808 h.
958 5745 1084 5816 107,
1142 5774 1211 5785 -
1240 5747 1489 5817 Munter,
1532 5744 1869 5802 'Sinnbilder
1902 5744 2016 5801 und

2118 4672 2475 4738 surreclione,
2521 4669 2587 4723 de
2654 4669 3008 4738 Spectaculis,
3050 4676 3116 4723 ut
3180 4667 3331 4724 infra
3399 4670 3589 4724 fusius
3654 4667 3771 4723 erit

2120 4743 2344 4797 occasio
2376 4740 2621 4813 dicendi.
2656 4740 2774 4813 ,Ncc
2806 4740 2980 4794 etiam
3021 4741 3235 4795 addere
3284 4742 3478 4813 pigeat
3507 4758 3575 4793 ex
3605 4756 3768 4813 mar-

2120 4814 2336 4869 moreis
2364 4812 2611 4867 vetustis
2638 4812 2785 4865 duas
2826 4817 3089 4867 recenter
3135 4812 3377 4868 effossas
3428 4812 3765 4883 inscriptio-

2120 4903 2223 4941 nes
2275 4885 2609 4956 pulilicique
2652 4882 2805 4953 juris
2876 4883 3077 4953 factas,
3136 4902 3313 4939 unam
3367 4901 3575 4954 nempe
3624 4900 3773 4937 cura

2124 4960 2185 5012 Ι).
2218 4957 2391 5012 Raout
2439 4956 2710 5022 Rochetle,
2757 4957 3045 5011 Mdmoires
3097 4957 3165 5011 de
3215 4956 3529 5012 l’academie
3576 4957 3775 5026 royale

2120 5029 2211 5084 des
2250 5030 2524 5099 inscript,
2568 5032 2714 5099 tom.
2774 5027 2920 5097 XIII,
2989 5027 3172 5098 p.98,
3240 5032 3296 5083 et
3351 5028 3417 5084 D.
3490 5028 3772 5099 Thiersch,

2122 5100 2246 5155 loco
2280 5098 2493 5167 citato;
2528 5098 2769 5154 alteram
2816 5113 2857 5173 Ae
2905 5099 3306 5173 vetustissimo
3356 5116 3531 5173 prope
3563 5098 3774 5152 urbem

2121 5173 2468 5227 {Eduensem
2541 5167 2869 5225 coemeterio
2938 5169 3130 5225 Sancti
3176 5172 3333 5226 Petri
3356 5167 3414 5225 ἀ
3461 5167 3551 5225 ivia
3594 5174 3778 5224 strata

2123 5251 2373 5309 erutam,
2408 5260 2473 5297 ac
2503 5242 2655 5312 typis
2697 5242 3127 5315 mandatamgin
3175 5260 3347 5315 opere
3395 5244 3484 5299 cui
3520 5240 3776 5315 titulus:

2122 5316 2359 5370 Annales
2389 5316 2453 5369 de
2496 5310 2834 5383 philosophie
2880 5310 3229 5383 claretienne,
3254 5321 3393 5370 tom.
3446 5314 3583 5369 XIX.
3620 5313 3777 5383 Prae-

2121 5392 2279 5440 terea
2310 5386 2368 5439 cf
2424 5382 2760 5451 Costadoni,
2819 5382 2966 5451 §23,
3016 5400 3053 5436 χ
3099 5386 3190 5453 27,
3248 5388 3337 5454 30,
3389 5387 3498 5449 33;
3546 5382 3779 5449 Seechi,

2126 5460 2473 5529 Epigramma
2505 5471 2663 5523 greco
2692 5455 3074 5529 crist_iano_de
3119 5460 3294 5528 primi
3361 5458 3523 5514 secoli
3562 5463 3774 5529 traiiato

2118 5524 2300 5601 presso
2314 5529 2537 5601 l’antica
2553 5524 3305 5601 Augustodano,Roma18/10.
3321 5561 3389 5571 -—
3404 5535 3603 5591 Franz,
3619 5527 3781 5601 Chri-

2121 5597 2341 5655 stliches
2375 5599 2767 5654 Denkmalivon
2790 5597 2971 5651 Autun
3000 5600 3158 5665 eritit,
3184 5602 3397 5666 Berlin,
3434 5602 3589 5657 1841.
3624 5600 3775 5654 Eon.

2197 5672 2311 5743 (34)
2344 5674 2405 5745 In
2450 5671 2889 5745 “proauorum
2918 5670 3113 5745 facile
3160 5675 3415 5745 optimo:
3465 5674 3504 5729 Α
3530 5671 3781 5745 vindica-

2126 5742 2241 5801 tion
2270 5746 2333 5816 of
2356 5744 2444 5800 the
2477 5742 2747 5815 Sibylline
2777 5742 3006 5814 oractes,
3048 5742 3288 5819 PrOpbs.
3327 5748 3415 5819 10,
3448 5762 3505 5818 p.
3547 5744 3619 5800 36
3645 5757 3777 5812 seq.
