4072 6190
524 56 545 69 r-
556 56 577 69 Γ
644 56 653 63 π
732 56 737 65 ι

204 84 449 111 ἯΜΥδ
464 84 503 93 νὴ
538 92 563 111 ,⁸

206 56 505 139 Μγὲν⁵

246 140 251 147 Α
292 124 325 151 μ’
368 144 371 145 ν
468 132 473 137 .
500 132 505 135 ,

234 299 319 357 191
1052 291 1149 350 AC
1195 289 1589 351 DOCTRINA
1635 289 2141 351 SCRIPTORUM
2183 291 2716 354 TERTULLIANI

3469 292 3585 355 198

229 441 356 485 more
375 440 464 480 suo
482 421 663 478 errori
697 437 761 478 se
814 420 1089 476 dedisset.
1149 421 1293 476 Nam
1354 424 1410 477 et
1468 421 1818 476 Caianorum
1850 422 1905 488 Α
1934 421 2304 493 presbyteros
2335 422 2516 477 fuisse
2546 426 2602 476 et
2632 422 2931 489 diaconos,
2959 426 3155 477 tamen
3186 421 3365 478 alium
3396 423 3455 479 in
3487 441 3583 481 eo-

230 524 360 574 secte
407 514 549 568 hanc
610 511 919 566 mulierem
976 511 1271 565 addictam
1330 511 1511 566 fuisse
1566 512 1647 566 ait
1702 510 1828 581 ipse

225 603 587 668 Tertullianus,
621 619 669 656 c.
706 602 755 668 1,
802 617 1056 672 quorum
1116 605 1172 655 et
1227 602 1463 656 decreta
1519 604 1576 655 et
1634 616 1827 655 mores

228 695 431 751 multum
461 692 799 762 discrepant
830 708 863 745 a
893 691 1379 746 Montanistarum
1412 689 1745 762 disciplina,
1771 693 1829 744 et

226 800 473 854 nunquam
504 781 879 853 repudiatum
902 780 1265 851 baptismum
1289 797 1322 834 a
1350 779 1716 834 Montanistis
1746 780 1824 833 le-

223 874 398 946 gimus,
428 869 527 926 sed
560 868 869 923 defensum
903 868 1081 923 etiam
1115 885 1149 922 a
1179 866 1538 923 Tertulliano
1595 870 1825 922 monta-

221 962 345 1019 nista
396 958 577 1015 multa
633 958 692 1013 in
751 957 917 1027 locis,
967 962 1031 1012 ut
1075 957 1140 1013 de
1176 957 1476 1025 Pudicitia,
1510 974 1560 1012 c.
1596 957 1681 1011 19.
1715 957 1825 1011 Sed

218 1053 329 1108 sunt
345 1048 445 1104 alia
467 1049 583 1103 duo
607 1050 954 1119 argumenta
993 1047 1149 1118 apud
1194 1045 1508 1118 Dupinium
1540 1046 1830 1118 (Nouvelle

218 1140 541 1209 libliolhéque
569 1137 660 1193 des
688 1140 913 1191 auteurs
945 1136 1614 1207 ecclesiastiques,tom.l,
1631 1153 1688 1208 p.
1711 1134 1825 1205 91),

216 1231 388 1302 quibus
415 1229 574 1283 hunc
608 1226 821 1281 librum
856 1226 915 1280 in
946 1226 1203 1280 indicem
1237 1226 1593 1297 scriptorum
1627 1240 1828 1279 emen-

216 1319 417 1375 datioris
448 1317 727 1373 doctrinis
760 1316 933 1370 infert
964 1333 977 1382 ;
1012 1317 1261 1370 alterum
1312 1315 1466 1386 quod
1516 1313 1665 1369 nulli
1712 1313 1830 1369 sint

214 1411 322 1465 huic
350 1408 491 1462 libro
524 1422 749 1461 errores
779 1404 1269 1460 Montanistarum
1304 1404 1552 1476 aspersi,
1578 1403 1825 1459 alterum

215 1499 339 1569 quod
368 1496 522 1552 dicat
572 1499 923 1566 potestatem
974 1494 1310 1550 conferendi
1372 1492 1650 1565 baptismi
1712 1508 1827 1548 non

213 1587 300 1641 nisi
343 1584 747 1657 episc0porum
797 1599 947 1651 esse,
999 1584 1163 1638 nefas
1214 1582 1389 1638 etiam
1429 1597 1578 1651 esse,
1612 1582 1830 1653 siquis

214 1676 346 1730 illam
376 1673 726 1729 mulieribus
753 1673 1069 1740 concedat;
1104 1690 1229 1744 quae
1260 1672 1431 1727 verba
1482 1670 1829 1726 Tertulliani

1938 527 2068 563 rum
2100 511 2438 566 doctoribus
2487 511 2842 566 collocandis
2892 510 3157 566 ordinem
3209 513 3580 569 observatum

1938 599 2141 667 fuisse,
2175 601 2341 655 testis
2374 605 2461 656 est
2490 601 2875 673 Hieronymus
2908 602 3173 671 (Epistola
3231 601 3302 656 ad
3358 602 3580 658 Marcel-

1938 691 2069 755 lam,
2100 705 2226 761 quae
2255 695 2335 744 est
2363 694 2431 744 27
2460 692 2593 746 edit.
2627 692 2711 745 Jo.
2745 690 3085 755 Martianazi,
3118 695 3257 745 tom.
3296 692 3386 761 IV,
3421 698 3579 764 part:

1937 796 1999 848 ιι,
2034 796 2089 850 p.
2122 780 2212 848 65)
2248 796 2259 833 :
2293 780 2391 850 qui
2421 780 2564 851 apud
2592 796 2706 847 nos,
2740 780 2953 850 inquit,
2998 780 3366 850 apostolorum
3407 783 3583 838 locum

1935 870 2173 940 episcopi
2200 872 2408 937 tenent,
2441 871 2591 940 apud
2614 885 2702 924 eos
2744 870 3023 941 episc0pus
3073 871 3265 924 tertius
3322 876 3421 927 est.
3481 874 3584 928 Ha-

1938 960 2061 1013 bent
2116 960 2264 1013 enim
2308 960 2517 1031 primo:
2572 960 2637 1013 de
2664 960 2885 1030 Pepusa
2924 960 3298 1029 patriarchas,
3324 962 3590 1017 secundos

1938 1064 2069 1117 quos
2099 1048 2382 1119 appellant
2414 1050 2687 1119 Canenas,
2720 1053 2883 1119 atque
2915 1050 2991 1103 ita
3024 1051 3083 1103 in
3127 1052 3369 1117 tertium,
3422 1053 3459 1105 i.
3514 1068 3586 1119 e.,

1933 1153 2076 1207 pene
2122 1137 2380 1192 ultimum
2405 1137 2604 1208 jlocum
2635 1137 2875 1209 episcopi
2901 1137 3287 1194 devolvuntur.
3329 1140 3512 1202 Quam
3539 1140 3587 1196 si

1939 1226 2072 1297 quis
2104 1227 2297 1282 dicere
2330 1226 2463 1281 velit
2493 1227 2977 1281 consuetudinem
3002 1227 3488 1283 Montanistarum
3515 1229 3584 1283 ab

1938 1316 2285 1388 Hieronymo
2320 1317 2514 1371 ﬁctam
2547 1333 2675 1372 esse
2702 1316 2792 1370 vel
2829 1315 3172 1371 Tertulliani
3224 1334 3342 1373 sevo
3390 1334 3584 1374 recen-

1936 1405 2166 1476 tiorem,
2202 1423 2388 1478 neque
2420 1406 2561 1477 quid
2587 1422 2813 1461 movere
2844 1406 3261 1478 Hieronymum
3304 1407 3590 1478 potuisset

1938 1495 2124 1562 video,
2160 1500 2225 1549 ut
2254 1495 2397 1550 talia
2429 1497 2693 1568 ﬁngeret,
2728 1513 2855 1566 quas
2897 1512 3111 1567 magno
3169 1496 3403 1551 crimini
3459 1498 3586 1552 dari

1939 1584 2312 1639 Montanistis
2373 1602 2487 1639 non
2548 1589 2795 1656 poterat,
2856 1600 3043 1654 neque
3092 1583 3366 1639 abhorret
3394 1584 3586 1656 aliquo

1940 1674 2133 1744 modo,
2162 1674 2259 1744 qui
2290 1674 2403 1745 ipsi
2435 1691 2495 1729 se
2528 1674 2651 1729 suis
2684 1673 2769 1729 vel
2802 1672 3080 1728 docirinis
3111 1672 3195 1728 vel
3229 1673 3515 1730 institutis
3554 1691 3588 1730 a

211 1765 278 1819 illi
307 1764 569 1819 videntur
599 1762 892 1817 contraria
934 1762 1425 1817 Montanistarum
1484 1760 1826 1832 disciplinae.
1858 1796 1906 1860 B
1939 1763 2240 1818 communi
2271 1762 2529 1818 Ecclesia
2557 1763 2953 1833 sejunxerant,
2988 1778 3085 1817 eos
3115 1762 3289 1817 etiam
3323 1763 3587 1819 ordinem

211 1859 267 1908 At
316 1853 445 1907 illud
515 1852 791 1923 superius
837 1850 1071 1905 eludere
1102 1849 1291 1921 quivis
1323 1849 1488 1905 facile
1520 1853 1711 1921 potest
1740 1865 1825 1918 eo,

208 1942 336 2015 quod
366 1943 525 1997 dicat
552 1957 666 1995 non
706 1956 834 1995 esse
882 1939 1037 1993 hunc
1085 1938 1301 1993 librum
1351 1939 1683 2010 oppositum
1736 1955 1828 1993 or-

206 2032 436 2087 thodoxae
488 2028 760 2084 Ecclesiae
812 2027 1117 2093 doctrinis,
1166 2028 1318 2082 unde
1349 2043 1453 2081 nec
1484 2027 1826 2081 admiratio-

206 2138 311 2177 nem
339 2120 576 2175 baberet
625 2118 753 2187 hoc,
804 2117 957 2188 quod
1006 2115 1405 2172 Tertullianns
1454 2116 1549 2172 hic
1597 2116 1827 2171 nullum

205 2212 261 2265 ab
302 2210 395 2264 illa
438 2207 703 2263 Ecclesia
754 2206 1091 2262 dissensum
1142 2206 1501 2278 proﬁteatur,
1537 2206 1690 2277 quod
1726 2223 1829 2261 nec

203 2300 249 2353 in
274 2297 390 2353 aliis
419 2296 580 2363 fecit,
612 2297 672 2350 in
700 2295 915 2367 quibus
946 2294 1055 2348 sibi
1099 2312 1211 2349 non
1264 2294 1647 2364 pugnandum
1693 2311 1828 2349 cum

203 2388 410 2460 Psychis
440 2402 576 2442 esse
624 2385 876 2450 videbat,
937 2383 1150 2439 velutis
1203 2384 1261 2437 in
1321 2382 1468 2438 libro
1527 2383 1593 2439 de
1648 2385 1829 2440 Pallio

203 2477 421 2548 aliisque
469 2492 655 2547 supra
688 2473 1076 2546 pertractatis.
1130 2474 1239 2529 Sed
1289 2473 1348 2527 in
1380 2472 1561 2528 altero
1592 2473 1830 2545 Dupinii

201 2570 528 2637 argumento
588 2563 736 2618 falsa
782 2563 932 2617 veris
986 2566 1124 2617 sunt
1176 2562 1374 2616 mista.
1429 2562 1652 2633 Itaque,
1702 2579 1827 2633 qua:

201 2662 330 2710 recte
358 2673 424 2711 ex
453 2672 526 2710 eo
578 2670 679 2724 pro
728 2654 953 2723 integra
1000 2649 1180 2721 hujus
1228 2650 1360 2705 libri
1412 2650 1679 2706 doctrina
1729 2652 1826 2707 de-

198 2744 361 2815 promi
410 2743 671 2815 possint,
706 2746 906 2813 postea
937 2739 1397 2811 disputabimus,
1430 2744 1485 2795 et
1516 2757 1700 2794 unum
1733 2740 1826 2795 hic

198 2834 713 2889 animadvertemus
745 2830 849 2885 viri
882 2830 1034 2885 docti
1065 2829 1633 2885 errorem.Videlicet
1664 2830 1823 2885 Mon-

194 2924 416 2978 tanistas
447 2920 793 2993 suspicatur
824 2918 1056 2974 feminis
1088 2923 1435 2991 potestatem
1468 2918 1700 2990 publice
1730 2920 1828 2974 do-

194 3012 339 3066 cendi
386 3012 666 3077 dedisse,
711 3025 889 3081 quam
940 3024 1073 3064 cum
1124 3008 1194 3063 iis
1244 3007 1466 3063 adimat
1530 3008 1823 3063 licentiam

193 3100 381 3156 Tertul.
455 3101 520 3154 in
575 3102 776 3155 nostro
827 3096 1044 3166 libello,
1094 3096 1252 3152 hunc
1302 3100 1470 3168 putat
1514 3113 1545 3151 θ
1577 3113 1821 3152 numero

1940 1853 2310 1907 sacerdotum
2335 1853 2631 1907 diversum
2656 1851 2996 1907 acommuni
3011 1852 3433 1907 consuetudine
3447 1869 3584 1909 con-

1938 1941 2546 2013 stituisse,pra:sertim
2562 1942 2827 2012 cumjam
2840 1941 2963 2012 ipse
2976 1941 3287 1995 Montanus
3302 1941 3585 2012 Pepuzem

1936 2030 2195 2102 Phrygiae
2254 2031 2534 2102 oppidum
2589 2030 3043 2101 Hierosolymam
3103 2029 3456 2101 appellasset
3499 2032 3585 2101 (V.

1940 2120 2147 2175 Euseb.
2200 2122 2332 2175 Hist.
2366 2120 2577 2174 Eccles.
2611 2118 2711 2175 lib.
2744 2136 2798 2185 ν,
2833 2136 2882 2174 c.
2920 2120 3026 2189 18).
3059 2122 3245 2191 Atque
3276 2137 3407 2175 ecce
3440 2121 3584 2175 mihi

1939 2213 2225 2280 quantum
2242 2210 2299 2263 in
2316 2214 2516 2265 nostro
2531 2208 2727 2264 libello
2741 2209 3021 2263 honorem
3037 2209 3325 2280 episcopis
3339 2215 3585 2281 asserat,

1940 2315 2070 2353 cum
2102 2315 2335 2354 omnem
2367 2300 2628 2369 tingendi
2659 2316 2814 2369 aqua
2842 2315 3008 2353 sacra
3039 2302 3385 2369 potestatem
3409 2300 3481 2353 ab
3514 2298 3585 2354 iis

1940 2387 2214 2458 deducat,
2232 2392 2289 2442 et
2311 2387 2497 2457 ipsius
2515 2386 2785 2442 Ecclesizn
2799 2387 3076 2442 honorem
3096 2403 3227 2441 cum
3251 2386 3461 2441 horum
3495 2387 3581 2442 di-

1938 2476 2161 2546 gnitate
2185 2476 2741 2547 conjunctissimum
2766 2476 3093 2530 tradat.Sed
3120 2475 3175 2528 in
3199 2474 3348 2530 libro
3369 2476 3436 2530 de
3468 2481 3582 2531 Pu-

1936 2565 2157 2634 dicitia,
2184 2569 2304 2620 tam
2339 2565 2665 2620 vehementi
2699 2563 2799 2618 illo
2849 2564 2908 2618 in
2957 2564 3442 2620 consuetudinem
3494 2582 3584 2621 or-

1938 2654 2203 2709 thodoxa:
2236 2652 2527 2720 Ecclesiae,
2561 2669 2736 2722 quam
2771 2651 2948 2716 salse,
2972 2652 3586 2723 obsecro,perstringit

1938 2742 2424 2814 (c.1):Ponti/icem
2451 2742 2657 2796 scilicet
2688 2742 2998 2794 maximum
3028 2741 3443 2811 episcopumque
3470 2744 3585 2811 epi-

1934 2832 2474 2903 scoporum,ejusquc
2503 2830 2744 2885 edictum
2765 2831 3404 2900 peremptoriumlquam
3438 2831 3581 2884 nihil

1937 2922 2037 2975 dat
2068 2924 2228 2974 tanto
2262 2920 2400 2988 viro,
2435 2924 2498 2973 ut
2528 2919 2609 2973 ait
2640 2919 2754 2983 hic,
2791 2936 2822 2973 a
2855 2934 2967 2988 quo
3014 2918 3271 2988 dignitas
3318 2918 3581 2973 Ecclesiae

1934 3008 2240 3081 pendebat!
2268 3011 2344 3062 Ac
2376 3008 2424 3062 si
2457 3008 2589 3078 quis
2620 3011 2810 3078 putat,
2836 3007 2988 3078 quod
3019 3022 3120 3076 ego
3154 3023 3266 3060 non
3300 3006 3579 3064 difﬁteor.

1932 3097 2351 3153 Tertullianum
2382 3097 2440 3151 in
2472 3096 2569 3152 illo
2600 3096 2748 3151 libro
2781 3112 3049 3168 magnam
3105 3094 3286 3151 animi
3343 3112 3578 3167 permo-

191 3178 729 3245 monlanisticorum
754 3204 867 3242 non
910 3203 1059 3242 esse.
1116 3186 1179 3242 In
1231 3203 1346 3258 quo
1417 3186 1572 3241 haud
1645 3186 1821 3242 dubie
1853 3168 1895 3235 (ἶ
1933 3189 2153 3243 tionem
2213 3188 2283 3241 ad
2342 3203 2579 3241 causam
2640 3184 2925 3252 attulisse,
2976 3184 3156 3239 alium
3188 3184 3338 3239 dabo
3370 3184 3577 3241 elibro

188 3284 341 3347 errat,
396 3283 453 3334 et
503 3281 714 3333 contra
763 3277 1085 3332 niteremur
1128 3275 1236 3331 hoc
1268 3274 1393 3331 loco
1422 3292 1490 3331 ex
1517 3275 1664 3347 ipsis
1692 3280 1825 3331 Ter-

190 3367 393 3422 tulliani
426 3367 674 3438 scriptis
706 3366 1103 3421 montanismo
1135 3365 1385 3429 infectis,
1418 3382 1464 3419 c.
1500 3381 1549 3420 e.
1601 3382 1631 3419 e
1678 3365 1825 3421 libro

189 3457 243 3511 de
288 3458 541 3514 Velundis
588 3455 922 3524 virginibus,
973 3471 1022 3509 c.
1067 3455 1120 3517 9,
1170 3454 1282 3508 nisi
1313 3470 1440 3508 eam
1473 3453 1827 3524 disputatio-

190 3563 301 3599 nem
335 3549 693 3619 occupasset
719 3543 1243 3614 Cl.V.Theopbilus
1272 3543 1712 3597 \Vernsdorﬁus
1744 3545 1823 3612 (In

193 3636 324 3690 153
392 3637 771 3691 Commentat.
839 3632 903 3687 de
967 3631 1310 3688 Montanistis
1370 3646 1497 3687 saec.
1564 3632 1599 3684 ‘3
1664 3633 1827 3703 vulgo

191 3726 390 3781 creditis
422 3724 730 3788 haereticis,
764 3722 1006 3787 Gedaui,
1060 3722 1217 3791 1751,
1266 3720 1295 3791 §
1346 3720 1454 3791 19).
1519 3722 1703 3786 Quam
1754 3722 1827 3776 ob

188 3831 293 3869 rem
321 3830 691 3886 exponamus
722 3819 946 3883 oportet
974 3810 1303 3881 illud,quod
1339 3826 1445 3864 nos
1468 3815 1829 3865 commoveat

185 3912 237 3957 ut
261 3906 325 3959 de
355 3905 508 3959 libro
546 3907 748 3957 nostro
782 3901 971 3971 magis
998 3900 1056 3953 in
1083 3899 1496 3962 honestiorem,
1521 3914 1698 3968 quam
1729 3915 1826 3969 pe-

180 3993 345 4061 jorem
378 3999 605 4065 partem
641 3989 1143 4063 pronuntiandum
1178 4004 1304 4043 esse
1336 3988 1826 4059 putemus.Hujus

179 4081 361 4149 judicii
392 4080 623 4153 duplex
662 4084 751 4135 est
798 4094 997 4133 causa.
1046 4078 1301 4131 Primum
1349 4092 1482 4130 cum
1552 4076 1824 4147 quaestio-

186 4186 299 4224 nem
345 4176 565 4227 tractat
615 4170 688 4224 de
734 4168 828 4237 iis,
861 4167 1077 4238 quibus
1101 4167 1286 4237 jussit
1315 4165 1593 4234 baptismi
1627 4166 1827 4220 confe-

183 4260 325 4313 rendi
356 4262 430 4327 (c.
470 4260 587 4327 17),
622 4256 784 4311 illam
818 4259 1165 4327 potestatem
1196 4271 1472 4308 summum
1501 4254 1702 4309 habere
1749 4255 1830 4309 ait

180 4350 520 4415 sacerdotem,
557 4348 657 4418 qui
683 4348 762 4401 est
792 4346 1090 4416 episcOpas,
1142 4343 1339 4399 dehinc
1385 4344 1729 4414 presbyteros
1776 4347 1829 4397 et

180 4434 431 4505 diaconos,
495 4452 614 4491 non
674 4440 861 4488 tamen
917 4434 1040 4487 sine
1079 4431 1322 4502 episcopi
1351 4434 1672 4488 auctoritate
1697 4448 1827 4503 pro-

1934 3278 2000 3331 de
2035 3276 2433 3331 Exhortatione
2460 3276 2759 3341 castitatis,
2784 3274 2934 3328 haud
2958 3273 3133 3329 dubie
3166 3273 3579 3330 Montanistico

1933 3366 2149 3432 locum,
2183 3366 2281 3436 qui
2312 3365 2484 3435 longe
2516 3365 2821 3435 majorem,
2855 3368 2915 3418 ut
2946 3362 3088 3417 mihi
3123 3362 3367 3429 videtur,
3419 3363 3582 3419 laicis

1934 3453 2143 3509 tribuit
2176 3453 2455 3524 baptismi
2489 3451 2823 3507 conferendi
2857 3451 3177 3517 licentiam,
3212 3468 3387 3522 quam
3428 3469 3580 3521 eam,

1936 3542 2167 3613 qualem
2196 3548 2398 3597 nostro
2432 3543 2488 3596 in
2522 3542 2667 3596 libro
2716 3541 3074 3609 defenderat,
3125 3544 3189 3594 ut
3236 3541 3355 3610 jam
3418 3540 3582 3596 video

1936 3648 2213 3703 magnum
2240 3632 2448 3696 virum,
2484 3647 2653 3701 quem
2687 3629 2925 3685 honoris
2957 3646 3135 3684 causa
3168 3645 3464 3701 nuncupo,
3489 3631 3585 3701 ju-

1937 3728 2093 3777 stum
2126 3721 2516 3792 Henningium
2537 3725 2867 3775 Bmmerum
2891 3722 3057 3772 acute
3082 3717 3381 3773 monuisse
3409 3719 3580 3789 (Dies.

1937 3829 1991 3865 ix
2016 3814 2142 3866 Jur.
2175 3809 2658 3879 ecclesz’ast.antiq
2714 3808 2846 3881 §5).
2891 3807 2995 3863 Ubi
3056 3824 3188 3862 eum
3251 3823 3433 3877 neque
3491 3826 3584 3863 sa-

1936 3900 2296 3954 cerdotibus.
2333 3903 2400 3951 V.
2435 3899 2501 3952 T.
2537 3913 2728 3969 neque
2760 3896 3102 3951 Christianae
3134 3897 3289 3951 154
3321 3896 3585 3951 Ecclesiae

1937 3988 2340 4044 sacerdotibus
2373 3987 2646 4042 redctitas
2679 3986 2997 4057 permissas
3029 4001 3157 4040 esse
3189 3985 3423 4056 nuptias
3455 3987 3589 4039 Ter-

1936 4077 2219 4133 tullianus
2250 4077 2511 4147 dixisset,
2547 4092 2734 4146 neque
2766 4074 2894 4130 illas
2927 4074 3008 4129 ait
3053 4073 3271 4144 suscipi
3332 4091 3366 4128 a
3420 4073 3585 4128 laicis

1936 4166 2451 4237 debere,quoniam
2483 4171 2538 4219 et
2569 4165 2677 4236 ipsi
2714 4163 3337 4219 sacerdotesaChristo
3368 4164 3586 4217 consti-

1935 4257 2044 4309 tuti
2070 4255 2527 4324 fuissent,quare
2549 4254 2631 4307 illi
2655 4254 2829 4307 etiam
2850 4251 3112 4324 afferendi
3131 4251 3477 4321 tingendique
3494 4253 3589 4305 ha-

1938 4344 2121 4399 berent
2146 4347 2466 4415 potestatem
2502 4348 2554 4397 et
2578 4343 2889 4397 sacerdotes
2916 4341 3029 4395 sibi
3057 4341 3166 4394 soli
3195 4345 3387 4394 essent.
3423 4341 3586 4403 Quod

1936 4433 2170 4488 tametsi
2204 4450 2318 4487 non
2350 4433 2506 4487 dicat
2538 4433 2663 4487 ﬁeri
2688 4431 2919 4497 debere,
2956 4429 3067 4485 nisi
3093 4429 3187 4484 ubi
3216 4445 3325 4484 non
3375 4431 3445 4483 sit
3499 4445 3587 4483 ec-

178 4533 283 4592 pter
309 4527 578 4581 Ecclesiae
610 4524 895 4578 honorem.
932 4522 1201 4591 Alioquin
1230 4522 1421 4586 etiam,
1460 4522 1663 4593 pergit,
1715 4522 1826 4576 lai-
1859 4536 1906 4600 D
1936 4524 2227 4578 clesiastici
2281 4522 2493 4577 ordinis
2550 4538 2853 4589 consessus,
2890 4528 3085 4575 tamen
3118 4534 3307 4586 neque
3341 4518 3589 4575 mentio-

177 4613 245 4666 εἰς
276 4615 370 4685 jus
420 4616 529 4681 est,
580 4644 651 4653 -—
694 4612 792 4666 sed
820 4626 944 4666 cum
974 4626 1037 4665 ea
1066 4610 1377 4681 majoribus
1403 4612 1731 4679 competant,
1761 4627 1831 4665 ne

178 4701 268 4755 sibi
306 4706 607 4757 assumant
654 4699 902 4754 dicatum
948 4699 1207 4769 episcopis
1254 4698 1500 4768 ofﬁcium
1547 4700 1831 4770 episcopa-

179 4792 270 4845 tus.
299 4790 464 4846 Unde
497 4792 626 4845 hinc
662 4790 1127 4859 consequuntur.
1152 4785 1578 4841 Tertullianum
1614 4786 1829 4843 librum

180 4885 427 4933 nostrum
462 4878 789 4948 scripsisse
822 4883 972 4943 tum,
1006 4892 1141 4932 cum
1174 4880 1508 4930 versaretur
1540 4875 1597 4929 in
1633 4876 1829 4948 aliquo

182 4970 311 5021 coetu
343 4984 543 5033 sacro,
581 4966 683 5038 qui
714 4971 770 5020 et
796 4965 1099 5036 episcopos
1130 4981 1396 5019 summos
1429 4981 1557 5019 esse
1590 4967 1833 5036 putabat

179 5070 355 5112 rerum
404 5071 725 5112 sacrarum
781 5054 1216 5120 moderatores,
1273 5056 1330 5107 et
1376 5052 1540 5107 laicis
1591 5055 1828 5110 nonnisi

180 5158 397 5199 summa
428 5146 492 5199 in
532 5143 889 5199 necessitate
913 5142 1281 5198 versantibus
1324 5142 1425 5211 jus
1477 5143 1831 5199 concedebat

175 5230 415 5302 aliquem
472 5248 655 5287 sacro
706 5231 931 5288 lavacro
980 5231 1278 5287 abluendi.
1311 5231 1419 5286 Sed
1450 5230 1509 5285 in
1544 5231 1829 5288 Montani-

176 5326 382 5376 starum
418 5320 759 5377 conviculis
808 5320 980 5392 longe
1029 5320 1143 5375 alia
1191 5321 1421 5376 videtur
1468 5323 1830 5377 consuetudo

174 5409 468 5468 obtinisse.
507 5410 665 5466 Nam
698 5409 828 5464 etsi
863 5426 976 5464 non
1010 5425 1241 5481 negem,
1270 5409 1341 5464 iis
1370 5407 1546 5464 etiam
1580 5426 1719 5466 suos
1775 5416 1833 5466 et

1942 4627 2070 4667 nem
2103 4612 2467 4667 auctoritatis
2497 4612 2905 4682 episcoporum
2938 4608 3027 4662 vel
3086 4610 3427 4663 caaterorum
3488 4609 3590 4664 do-

1940 4706 2165 4756 ctorum
2227 4699 2599 4772 publicorum
2652 4698 2873 4769 injecit,
2907 4702 2970 4752 ut
3002 4698 3070 4751 ﬁt
3100 4697 3159 4751 in
3192 4701 3390 4751 nostro
3418 4696 3588 4767 libro,

1940 4806 2131 4862 neque
2163 4791 2311 4845 hanc
2342 4790 2623 4844 laicorum
2658 4792 3006 4860 potestatem
3040 4803 3109 4841 ex
3140 4786 3463 4841 ofﬁciorum
3489 4787 3592 4857 ju-

1941 4879 2141 4950 risque
2172 4879 2600 4947 vicissitudine,
2635 4884 2700 4933 ut
2731 4878 2823 4932 hic
2855 4878 2965 4947 (35)
2996 4875 3251 4945 deducit,
3285 4875 3385 4930 sed
3419 4875 3591 4946 plano

1940 4986 2008 5024 ex
2038 4972 2280 5039 mystico
2299 4968 2564 5022 omnium
2588 4967 3045 5021 Christianorum
3071 4965 3416 5031 saccedotio;
3440 4966 3592 5020 unde

1942 5074 2177 5129 magna,
2205 5058 2262 5111 ni
2298 5056 2484 5123 fallor,
2520 5054 2651 5110 duci
2685 5054 2945 5127 suspicio
2970 5058 3180 5125 potest,
3215 5053 3387 5108 aliam
3422 5052 3592 5123 plane

1942 5147 2314 5219 disciplinam
2347 5144 2710 5213 Tertulliani,
2762 5143 3071 5200 scribentis
3130 5143 3238 5197 hos
3296 5141 3592 5198 erroribus

1944 5236 2203 5291 Montani
2238 5236 2483 5291 infectos
2512 5234 2693 5290 libros
2725 5234 2927 5301 fuisse,
2953 5249 3129 5302 quam
3163 5233 3290 5303 ejus
3321 5248 3453 5287 cum
3476 5232 3596 5287 ani-

1942 5342 2104 5380 mum
2135 5326 2207 5379 ad
2240 5332 2507 5380 nostrum
2544 5324 2926 5379 scribendum
2982 5322 3349 5393 adjungeret.
3409 5322 3593 5393 Atque

1942 5418 2007 5469 ut
2049 5413 2194 5468 illud
2230 5414 2419 5487 magis
2451 5414 2816 5479 conﬁrmem,
2849 5428 3166 5485 proponam
3202 5411 3297 5465 hic
3331 5410 3590 5482 aliquam

234 5551 340 5623 (35)
374 5554 465 5610 Ita
501 5550 667 5607 enim
700 5551 769 5628 de
793 5551 1109 5628 baptismo,
1142 5568 1192 5608 c.
1226 5552 1294 5606 16
1326 5554 1339 5605 ε
1376 5574 1403 5601 ‹‹
1437 5551 1625 5607 Laicis
1653 5553 1829 5609 etiam
1855 5555 1957 5625 jus
1989 5560 2078 5611 est
2107 5556 2465 5628 baptismum
2499 5557 2709 5625 dandi;
2744 5556 2895 5628 quod
2932 5556 3089 5611 enim
3119 5572 3187 5610 ex
3231 5568 3395 5625 aequo
3439 5549 3587 5605 acci-

176 5622 336 5695 pitur,
369 5644 443 5683 ex
477 5638 658 5696 aquo
686 5622 811 5678 dari
843 5628 1051 5695 potest.
