4072 6190
385 268 500 329 199

1463 270 1984 332 DISSERTATIO
2028 270 2132 332 DE
2174 270 2386 331 VERA
2429 270 2716 331 AETATE

3673 275 3796 337 200

380 403 780 475 conjecturam
814 418 1028 475 meam,
1063 421 1180 461 non
1212 405 1382 477 quasi
1438 406 1567 479 ipse
1618 422 1711 463 me
1768 411 2036 480 putarem
2066 409 2120 477 Α
2152 405 2254 480 qui
2285 404 2509 462 fraudis
2541 404 2599 461 in
2624 420 2691 462 ea
2722 422 2785 462 re
2811 405 3115 462 convictus
3142 407 3213 463 de
3243 407 3368 464 loco
3400 408 3594 478 fuerit,
3626 408 3688 465 b.
3741 428 3795 466 c.

379 511 574 551 errare
603 494 662 548 in
699 509 767 549 ea
800 510 913 548 non
948 510 1140 565 posse,
1177 495 1278 549 sed
1312 499 1375 550 ut
1404 495 1642 552 offeram
1675 496 1746 553 iis
1780 514 2030 569 quorum

381 586 489 639 hac
521 584 590 638 de
622 600 682 639 re
716 588 904 655 potest
935 600 1061 639 esse
1083 584 1402 654 judicium,
1437 588 1591 657 quod
1623 586 1878 658 videant,
1934 605 2031 643 va-

379 673 572 729 leatne
623 672 943 744 quidquam
1006 674 1075 728 ad
1112 691 1349 731 causam
1383 679 1643 733 nostram
1676 675 1814 732 viris
1846 677 2033 733 doctis

379 764 766 834 probandam.
800 764 1016 832 Tempe
1047 780 1096 819 c.
1133 765 1198 818 17
1228 764 1361 821 libri
1390 766 1574 822 nostri
1606 766 1866 822 confutet
1893 771 2035 823 Ter-

376 852 661 907 tullianus
696 858 1105 922 argumentum
1139 852 1306 924 illud,
1340 857 1517 927 quod,
1544 856 1898 927 quibuscum
1926 874 2031 929 pu-

375 940 895 1015 gnabat,homines
926 943 1193 999 solebant
1213 960 1281 999 ex
1303 946 1448 1001 actis
1479 946 1832 1017 quibusdam
1864 945 2031 1001 Pauli

376 1046 631 1100 sumere,
666 1035 730 1086 ut
750 1030 986 1086 feminis
1014 1036 1357 1102 potestatem
1384 1034 1617 1105 publice
1639 1035 1883 1090 docendi
1905 1036 2031 1090 vin-

373 1120 657 1175 dicarent.
694 1119 823 1175 Haec
854 1137 956 1189 ego
990 1119 1151 1175 Pauli
1180 1124 1322 1177 Acta
1352 1121 1423 1191 si,
1483 1140 1751 1194 quaenam
1815 1124 2033 1179 fuerint

373 1226 668 1281 quemque
730 1220 1025 1265 auctorem
1059 1209 1395 1283 habuerint,
1428 1215 1733 1270 ostendere
1765 1218 2030 1286 potuero,

372 1313 498 1364 tum
533 1307 931 1379 mihiquidem
954 1308 1352 1366 Tertullianus
1370 1310 1460 1365 vix
1478 1312 1770 1368 videretur
1786 1330 1854 1369 ea
1874 1330 2034 1386 sper-

370 1414 507 1454 nere
537 1397 820 1470 potuisse,
853 1398 900 1452 si
935 1397 1092 1454 hunc
1123 1399 1193 1454 de
1224 1399 1519 1471 baptismo
1552 1401 1917 1473 librumjam
1949 1402 2033 1457 di-

372 1487 631 1560 sciplinee
666 1487 1161 1544 Montanistarum
1195 1490 1429 1546 deditus
1462 1490 1816 1563 scripsisset.
1842 1494 2030 1563 Atque

372 1577 495 1633 haec
525 1592 629 1649 ego
660 1580 801 1632 Acta
832 1593 900 1632 ea
931 1577 1113 1633 fuisse
1147 1579 1436 1650 suspicor,
1464 1596 1590 1651 quas
1623 1582 1779 1653 apud
1804 1586 2028 1636 veteres

372 1668 481 1723 sub
514 1666 750 1722 nomine
781 1668 1033 1723 Actorum
1061 1669 1229 1724 Pauli
1256 1674 1307 1725 ct
1343 1670 1546 1726 Thech
1577 1670 1868 1725 exstitisse
1924 1687 2025 1726 no-

2142 498 2214 554 de
2272 511 2516 552 munere
2572 512 2737 551 sacro
2794 496 3080 568 dejectus.
3126 497 3226 552 Cui
3256 497 3303 553 si
3337 498 3471 569 quis
3502 499 3797 556 addiderit

2142 589 2560 657 Hieronymum
2594 586 2676 658 (in
2708 587 2877 641 catal.
2909 588 3246 658 scriptorum
3274 588 3485 657 eccles.,
3528 605 3576 644 c.
3625 590 3680 644 7.
3733 608 3792 663 p.

2145 678 2288 746 104),
2352 676 2452 748 qui
2513 675 2728 731 diserte
2785 674 2886 741 ait,
2932 676 3357 732 Tertullianum
3391 677 3607 734 dixisse
3639 680 3795 737 hunc

2143 767 2545 839 presbyterum
2578 765 2729 837 apud
2762 765 3046 821 Joannem
3078 766 3410 822 convictum
3435 772 3491 823 et
3509 773 3794 826 remotum

2143 872 2447 911 amuuere
2476 855 2709 927 publico
2779 855 2962 911 fuisse
3020 860 3255 928 propter
3309 857 3574 913 fraudem
3631 876 3792 914 com-

2143 945 2424 1013 missam;
2496 946 2752 1016 profecto
2818 944 3036 1000 videbit
3109 946 3450 1017 scriptorem
3514 949 3794 1004 Actorum

2142 1034 2303 1090 Pauli
2327 1040 2383 1091 et
2411 1034 2633 1090 Thecla:
2667 1034 3002 1091 auctoritati
3036 1035 3282 1091 Joannis
3314 1035 3563 1107 apostoli
3612 1037 3798 1094 fuisse

2142 1126 2497 1197 subjectum,
2530 1126 2683 1198 quod
2715 1125 2827 1180 dici
2859 1126 2929 1181 de
2959 1125 3187 1193 Leucio,
3222 1129 3287 1180 ut
3316 1126 3493 1181 moda
3539 1127 3795 1198 ostendi,

2141 1224 2361 1296 optime
2409 1230 2618 1297 potest.
2651 1230 2900 1295 Denique
2942 1224 3088 1279 mihi
3120 1228 3551 1296 peropportune
3580 1224 3796 1281 cecidit

2141 1323 2206 1369 ut
2234 1316 2362 1385 ejus
2392 1316 2471 1370 rei
2504 1316 2684 1370 etiam
2716 1315 2774 1369 in
2806 1312 3122 1370 Philastrio
3154 1318 3231 1370 De
3260 1314 3588 1384 haeresibus,
3613 1330 3663 1370 c.
3696 1314 3791 1386 55,

2139 1403 2277 1459 edit.
2313 1403 2558 1459 Fabricii
2591 1421 2649 1475 p.
2675 1402 2797 1473 112)
2831 1402 3090 1473 aliquam
3146 1402 3636 1474 signiﬁcationem
3696 1419 3789 1459 re-

2141 1493 2389 1564 perirem
2424 1493 2481 1547 in
2526 1491 2651 1547 loco
2674 1492 2868 1560 eo,ubi
2893 1492 2963 1547 de
2985 1491 3221 1547 Seleuco
3247 1490 3521 1547 haeretico
3542 1492 3790 1571 ejusque

2139 1583 2404 1638 doctrina
2434 1582 2692 1638 disserit.
2726 1586 2940 1653 Nempe
2972 1582 3323 1637 conﬁtentur
3354 1596 3560 1637 omnes
3587 1580 3788 1636 Seleu-

2136 1690 2270 1729 cum
2294 1673 2631 1728 haereticum
2656 1677 2709 1727 et
2734 1671 3007 1727 Leucium
3033 1676 3300 1727 nostrum
3323 1671 3595 1725 eumdem
3635 1687 3785 1725 esse.

370 1757 584 1824 vimus,
647 1774 762 1812 non
824 1757 1058 1829 quidem
1118 1774 1185 1814 ea
1217 1758 1419 1813 habitu
1452 1776 1517 1815 ac
1552 1760 1759 1825 forma,
1794 1759 2023 1831 qualem
2057 1789 2103 1853 B
2134 1764 2265 1819 Jam
2290 1780 2419 1819 ecce
2442 1762 2584 1818 mihi
2609 1778 2827 1832 quaeso,
2857 1761 2994 1833 quid
3023 1761 3093 1816 de
3115 1760 3352 1816 Seleuco
3374 1760 3613 1831 suisque
3648 1759 3787 1814 Phi-

367 1848 586 1903 habent
619 1847 715 1902 illa
746 1864 775 1901 a
806 1847 858 1902 J.
893 1847 1137 1903 Ernesto
1170 1848 1381 1904 Grabio
1433 1850 1515 1921 (in
1573 1849 1867 1921 Spicilegio
1923 1850 2019 1905 SS.

364 1940 597 1993 Patrum
654 1945 704 1992 et
763 1937 1163 2007 haereticorum,
1194 1942 1338 1993 tom.
1371 1942 1415 2008 1,
1449 1955 1564 1993 sec.
1598 1940 1647 2005 1,
1682 1957 1739 2010 p.
1771 1940 1842 1993 95
1871 1955 2016 2010 seq.,

365 2032 504 2083 sunt
534 2026 687 2083 enim
722 2026 841 2081 hanc
873 2026 1029 2081 haud
1063 2027 1237 2081 dubie
1264 2027 1628 2097 temporibus
1677 2028 2017 2098 prodeunti-

362 2118 472 2175 bus
489 2116 941 2173 adulteratazsed
962 2121 1101 2171 sunt
1119 2117 1176 2171 in
1197 2116 1313 2172 illis
1332 2120 1527 2172 tamen
1544 2118 2018 2189 Grabianisquaz-

361 2210 496 2265 dam
521 2208 688 2280 quasi
706 2223 861 2262 venas
884 2211 987 2261 aut
1008 2206 1335 2277 fragmenta
1357 2222 1560 2262 eorum
1587 2205 1808 2263 Theclas
1846 2211 2015 2261 Acto-

361 2314 662 2369 rum,qu2e
692 2296 987 2353 veteribus
1019 2295 1307 2351 celebrata
1339 2297 1593 2364 fuerunt,
1618 2295 1797 2352 veluti
1830 2312 1885 2367 p.
1913 2296 2015 2350 115

359 2388 409 2443 is
429 2387 723 2453 locus,ubi
754 2386 973 2441 Paulus
1001 2385 1220 2441 Theclae
1252 2389 1598 2457 potestatem
1633 2385 1884 2457 imponit
1913 2385 2013 2440 do-

359 2478 580 2532 crinam
608 2476 823 2531 Christi
849 2476 980 2531 aliis
1005 2475 1236 2548 publice
1258 2476 1546 2530 tradendi.
1584 2476 1716 2539 Qua:
1739 2475 1865 2546 ipsa
1898 2491 2009 2545 res,

358 2568 584 2638 Opinor,
618 2565 871 2621 ostendit
900 2564 1329 2620 Tertullianum
1360 2564 1419 2618 in
1450 2564 1573 2620 loco
1606 2564 1850 2620 excitato
1891 2563 2011 2619 haec

359 2656 487 2711 Acta
520 2656 735 2712 Theclae
766 2654 1047 2710 habuisse
1080 2654 1151 2709 ob
1185 2653 1383 2709 oculos
1442 2654 1631 2725 posita
1685 2658 2009 2725 propterea,

356 2745 512 2817 quod
544 2746 900 2800 mentionem
934 2744 1120 2815 injicit
1152 2734 1354 2815 scripti
1379 2744 1688 2814 cujusdam
1714 2760 2010 2799 commen-

352 2834 465 2890 titii
496 2835 648 2907 quod
682 2833 843 2889 Pauli
889 2832 1137 2906 apostoli
1198 2849 1411 2887 nomen
1472 2832 1888 2897 mentiebatur,
1947 2832 2006 2886 in

353 2941 468 2997 quo
526 2940 802 2980 concessa
853 2929 976 2979 erat
1034 2923 1268 2978 feminis
1309 2922 1432 2977 haec
1464 2921 2003 2989 docendilicentia;

350 3024 407 3078 id
442 3024 595 3095 quod
631 3023 820 3095 magis
854 3026 1055 3094 postea
1081 3021 1700 3077 conﬁrmabimus.Sed
1721 3021 1766 3076 si
1789 3037 2008 3093 quaera-

350 3118 448 3167 tur
465 3113 598 3183 quis
621 3112 794 3168 fuerit
816 3111 865 3166 is
888 3111 984 3182 qui
1010 3112 1119 3166 sub
1147 3109 1306 3165 Pauli
1332 3108 1580 3180 apostoli
1606 3108 1843 3164 nomine
1890 3110 2003 3163 ﬁn-

350 3167 501 3255 xerii
528 3204 669 3255 Acta
701 3167 925 3271 spuria,
959 3204 1083 3253 tum
1119 3215 1223 3268 ego
1255 3167 1455 3253 nullus
1488 3197 1691 3251 dubito
1724 3196 2001 3251 Leucium
2034 3167 2076 3233 (ἶ

353 3289 713 3355 haereticum,
744 3304 915 3358 quem
949 3287 1119 3359 vulgo
1153 3285 1536 3340 Mauichaeum
1571 3302 1684 3340 non
1719 3289 1871 3340 recte
1902 3302 2005 3356 pu-

347 3381 494 3443 tant,
529 3377 739 3432 horum
768 3379 1204 3446 Actorum,quae
1236 3374 1632 3429 Tertullianus
1661 3374 2004 3443 atfert,scri-

347 3472 571 3539 ptorem
604 3466 872 3521 exstisse.
904 3468 1019 3520 Cur
1048 3465 1130 3519 ita
1186 3480 1456 3519 censeam
1517 3463 1772 3519 breviter
1829 3479 2000 3535 expo-

346 3557 603 3611 nendum
654 3556 940 3611 videatur.
976 3555 1225 3609 Primum
1259 3553 1454 3623 negari
1491 3570 1603 3607 non
1637 3557 1827 3624 potest
1856 3553 2002 3608 Leu-

344 3645 500 3701 cium
536 3650 601 3700 ut
633 3644 883 3700 aliorum
910 3642 1424 3716 apostolorum,sic
1454 3642 1631 3697 etiam
1659 3642 1822 3697 Pauli
1855 3658 2004 3713 quaa-

343 3752 478 3806 pam
540 3740 680 3790 Acta
740 3734 998 3799 ﬁnxisse,
1053 3734 1205 3804 quod
1239 3731 1483 3787 Photius
1514 3735 1763 3787 testatur
1793 3732 1874 3802 (in
1905 3733 2000 3786 Bi-

343 3825 637 3891 bliotheca,
673 3830 814 3881 sect.
850 3825 972 3891 114,
1008 3842 1064 3896 p.
1103 3840 1179 3878 m.
1228 3822 1371 3893 157),
1430 3822 1530 3893 qui
1589 3820 1730 3876 talia
1787 3822 2001 3891 saepius

338 3919 752 3973 trunctaverat.
787 3913 989 3969 Deinde
1043 3910 1315 3967 Leucium
1368 3928 1482 3966 non
1524 3909 1997 3975 Manichaeorum,

340 4017 441 4073 sed
476 4017 822 4072 Docetarum
856 4010 942 4068 vel
974 4010 1407 4066 Eucratitarum
1459 4006 1784 4080 disciplina:
1841 4009 1991 4064 I55

340 4107 603 4163 deditum
628 4100 1112 4174 fuisse,przeclare
1136 4099 1401 4171 probavit
1423 4098 1509 4152 vir
1530 4097 1760 4169 egregie
1784 4097 1995 4152 doctus

340 4196 708 4265 maximeque
722 4192 961 4247 limatus
978 4187 1608 4244 lsaacusBellosobrius
1625 4185 1994 4256 (Beausobre,

339 4287 582 4343 Histoire
610 4285 844 4354 critique
874 4281 945 4335 de
1003 4277 1280 4333 Manichée
1336 4284 1387 4331 ct
1443 4276 1515 4330 du
1574 4275 1994 4346 Manichéisme,

338 4373 439 4427 lib.
474 4389 536 4436 ιι,
569 4388 617 4427 ο.
652 4372 708 4436 2,
741 4372 767 4439 §
795 4372 829 4427 2
857 4367 1281 4439 seq.),quorum
1316 4363 1581 4435 capitalis
1614 4380 1775 4418 error
1808 4365 1994 4419 conti-

337 4462 585 4517 nebatur
614 4458 673 4513 in
707 4455 1154 4513 contemnendis
1188 4453 1433 4525 nuptiis;
1466 4458 1525 4508 et
1555 4454 1828 4508 Actorum
1867 4453 1993 4508 uni-

2134 1853 2374 1907 lastrius
2393 1852 2420 1907 ?
2449 1854 2747 1923 Baptismo,
2770 1851 2984 1921 inquit,
3008 1865 3118 1906 non
3149 1858 3388 1905 utuntur
3413 1853 3635 1920 propter
3660 1864 3786 1903 ver-

2136 1944 2264 1998 bum
2292 1944 2408 2008 hoc,
2432 1941 2574 2012 quod
2603 1942 2749 1996 dixit
2778 1942 2933 1996 Joan.
2982 1941 3227 2011 Baptista
3264 1957 3276 1995 :
3307 1941 3425 2010 Ipse
3452 1955 3542 1994 vos
3599 1938 3786 2010 bapti-

2130 2032 2279 2089 zabit
2320 2033 2376 2087 in
2408 2032 2615 2101 spiritu
2644 2034 2695 2084 et
2726 2033 2881 2102 igne.
2912 2029 3067 2084 Nihil
3100 2028 3352 2085 similius
3384 2028 3493 2084 hoc
3518 2045 3647 2084 esse
3679 2046 3783 2100 po-

2130 2126 2245 2178 test
2274 2120 2510 2177 illorum
2544 2135 2988 2189 errorum,quos
3019 2116 3419 2174 Tertullianus
3452 2118 3510 2172 in
3539 2117 3685 2173 libro
3716 2119 3785 2174 de

2129 2213 2412 2283 Baptismo
2443 2208 3039 2279 confutat.Negabant
3059 2206 3783 2276 hmretici,adversusquos

2129 2300 2207 2356 ibi
2229 2301 2684 2372 disputat,sacro
2706 2296 2932 2352 lavacro
2950 2295 3257 2368 tingendus
3274 2295 3636 2351 Christianos
3651 2311 3786 2351 esse

2126 2395 2300 2462 atque
2330 2390 2381 2445 is
2414 2388 2539 2460 ipse
2570 2387 2724 2442 dicta
2755 2386 3001 2441 Joannis
3033 2386 3104 2441 de
3134 2385 3431 2456 baptismo
3464 2400 3567 2456 per
3596 2384 3782 2456 spiri-

2124 2484 2250 2535 tum
2282 2482 2339 2534 et
2369 2478 2561 2549 ignem
2595 2494 2713 2532 suae
2746 2474 3047 2531 sententiae
3079 2474 3384 2539 conciliat;
3410 2491 3611 2545 quare,
3636 2474 3780 2545 quid

2122 2573 2208 2624 est
2238 2566 2599 2640 probabilius
2630 2581 2807 2637 quam
2839 2564 3203 2620 adversarios
3223 2562 3565 2619 Tertulliani
3589 2580 3621 2618 a
3642 2579 3779 2619 sen-

2119 2658 2302 2714 tentia
2331 2656 2523 2713 Leucii
2554 2654 2804 2722 stetisse,
2837 2654 2960 2725 qui,
3020 2657 3168 2709 teste
3228 2652 3555 2720 Pbilastrio,
3615 2652 3775 2709 idem

2121 2763 2362 2819 prorsus
2421 2745 2669 2800 dixerat.
2712 2748 2893 2799 Nemo
2934 2742 3076 2798 mihi
3102 2746 3369 2797 occurrat
3408 2758 3421 2795 :
3456 2740 3770 2797 Seleucum

2118 2835 2552 2902 v.Leucium,de
2574 2850 2689 2905 quo
2715 2832 3064 2888 Philastrius
3086 2830 3767 2902 loquitur,Manichieum

2116 2926 2299 2981 fuisse
2322 2930 2498 2996 atque
2519 2924 2814 2979 diversum
2842 2940 2875 2977 a
2897 2921 3106 2977 Leucio
3129 2918 3555 2992 Joan.apostoli
3587 2919 3767 2975 disci-

2114 3014 2660 3088 pulo;Philastrium
2683 3012 2858 3068 etiam
2882 3011 3182 3066 hominem
3198 3009 3419 3065 nullius
3432 3009 3601 3081 pretii
3615 3025 3769 3079 esse,

2115 3115 2270 3169 unde
2301 3112 2627 3178 exsisteret,
2662 3110 2815 3182 quod
2850 3109 2984 3165 fidei
3017 3108 3197 3180 hujus
3241 3107 3391 3163 male
3439 3106 3774 3163 ambulanti

2114 3205 2347 3259 credere
2379 3220 2491 3257 non
2527 3204 2807 3273 oporteat.
2842 3204 3103 3270 Namque
3129 3198 3289 3253 istud
3323 3197 3632 3253 discrimen
3665 3197 3773 3253 ﬁo-

2112 3298 2237 3348 tum
2272 3307 2520 3358 esse,ac
2578 3288 2834 3355 nullum,
2895 3288 3039 3344 satis
3099 3288 3380 3343 adversus
3437 3286 3774 3342 Fabricium

2112 3379 2531 3447 Bellosobrius,
2562 3377 2673 3434 loc.
2707 3379 2805 3433 cit.
2839 3379 2866 3445 §
2898 3378 2950 3444 3,
2984 3376 3267 3444 defendit,
3302 3380 3357 3430 et
3386 3375 3777 3430 Philastrium

2115 3487 2229 3526 non
2263 3468 2503 3540 quidem
2539 3467 2744 3539 ignoro
2777 3469 3123 3537 nugatorem
3155 3482 3284 3521 esse
3339 3464 3398 3519 in
3450 3464 3775 3537 plerisque,

2112 3559 2289 3615 etiam
2345 3557 2407 3611 in
2460 3556 2803 3613 enarrandis
2861 3554 3006 3627 ipsis
3065 3554 3287 3611 Seleuci
3320 3554 3637 3621 erroribus,
3670 3552 3777 3625 qui

2112 3652 2266 3703 certe
2295 3644 2505 3701 Leucio
2526 3645 2696 3700 Joan.
2723 3644 3012 3715 discipulo
3038 3643 3217 3699 tribui
3241 3660 3356 3699 non
3397 3659 3600 3698 omnes
3641 3659 3776 3714 pos-

2111 3741 2288 3803 sunt;
2325 3734 2427 3789 sed
2454 3734 2511 3788 in
2538 3733 2711 3804 nugis
2741 3732 2872 3787 'illis
2913 3732 3320 3788 Philastrianis
3360 3732 3460 3803 qui
3492 3730 3656 3787 nulla
3682 3732 3772 3785 di-

2111 3842 2238 3881 cere
2269 3825 2479 3879 audeat
2508 3822 2775 3878 veritatis
2805 3822 3031 3878 semina
3063 3820 3286 3878 latere?
3315 3822 3402 3877 Sit
3431 3821 3614 3893 igitur
3656 3821 3771 3877 hoc

2110 3914 2522 3977 constitutum,
2582 3912 3009 3967 Tertullianum
3068 3912 3128 3966 in
3184 3912 3331 3967 libro
3380 3915 3602 3978 nostro,
3630 3927 3767 3966 cum

2106 4005 2249 4059 Acta
2278 4001 2444 4057 Pauli
2476 4001 2760 4072 rejiceret,
2794 4001 3079 4072 scriptum
3113 4000 3348 4072 aliquod
3396 4000 3767 4071 repudiasse,

2109 4094 2261 4164 quod
2298 4092 2501 4146 ﬁctum
2530 4095 2654 4146 erat
2682 4108 2715 4145 a
2748 4091 2973 4158 Leucio,
3008 4090 3107 4162 qui
3132 4090 3431 4161 justitiam
3462 4089 3591 4144 vitae
3637 4089 3771 4144 sine

2108 4180 2331 4252 nuptiis
2387 4183 2694 4235 transactis
2752 4179 2913 4235 omni
2973 4180 3147 4235 modo
3204 4178 3570 4235 defendebat.
3627 4178 3767 4233 Jam

2107 4270 2298 4342 placet
2326 4285 2635 4341 provocare
2664 4268 2735 4322 ad
2769 4268 3085 4323 Pacianum
3118 4267 3458 4340 episcopum
3492 4266 3768 4321 Barcino-

2107 4375 2349 4415 nensem
2383 4357 2535 4413 I56
2570 4373 2698 4412 saec.
2733 4374 2809 4425 1v,
2841 4358 2938 4428 qui
2976 4358 3150 4427 Epist.
3188 4359 3237 4423 1,
3271 4357 3340 4411 ad
3398 4356 3766 4427 Symprom'a-

2104 4466 2238 4503 num
2266 4447 2807 4512 Novatianum,edita
2839 4448 2893 4500 in
2931 4445 3445 4501 Biblioth.maxima
3467 4450 3577 4501 PP.
3609 4446 3767 4520 Lug-

335 4564 639 4606 versorum
698 4546 858 4602 Pauli
918 4548 975 4600 et
1031 4544 1259 4600 Thecla:
1320 4542 1415 4598 hic
1475 4542 1630 4612 ﬁnis,
1693 4547 1758 4598 ut
1813 4544 1991 4599 vitam
2026 4540 2070 4603 D
2105 4539 2364 4603 dunensi,
2398 4541 2542 4591 tom.
2575 4535 2666 4603 IV,
2701 4553 2757 4607 p.
2790 4537 2895 4590 305
2926 4536 2992 4607 G)
3028 4551 3040 4589 :
3072 4534 3458 4605 Prhyges,boc
3484 4538 3764 4600 est,Mon-

337 4637 461 4693 sine
494 4635 717 4708 nuptiis
750 4634 1003 4690 summis
1035 4633 1313 4688 laudibus
1340 4632 1614 4699 efferant;
1638 4632 1825 4688 multa
1855 4633 1994 4688 item

338 4733 477 4785 sunt
503 4726 617 4782 alia
648 4727 757 4781 sub
791 4723 1189 4797 apostolorum
1225 4722 1458 4777 nomine
1489 4739 1523 4777 a
1556 4722 1765 4777 Leucio
1797 4722 1868 4778 ad
1930 4723 1993 4777 il.

335 4818 457 4875 lum
490 4832 745 4873 errorem
780 4832 881 4888 per
913 4815 1103 4887 ipsam
1138 4811 1551 4884 Apostolorum
1585 4812 1913 4867 doctrinam
1939 4817 1995 4868 et

336 4926 513 4964 usum
546 4907 1014 4963 conﬁrmandum
1048 4904 1313 4959 conﬁcta.
1351 4907 1525 4956 Porro
1558 4901 1759 4959 multis
1818 4919 1990 4974 argu-

336 4999 554 5055 mentis
585 4997 977 5058 Bellosobrus,
998 4994 1120 5060 1.c.,
1142 4993 1361 5061 docuit,
1400 4992 1677 5047 Leucium
1702 4993 1830 5062 jam
1858 5009 1987 5048 saec.

333 5108 374 5146 II
402 5088 716 5159 exstitisse,
750 5092 806 5142 et
837 5084 1202 5158 Epiphanius
1236 5082 1456 5153 (haires.
1488 5081 1577 5150 51,
1608 5082 1676 5150 ,6,
1732 5098 1788 5152 p.
1840 5083 1987 5151 427),

333 5186 614 5242 Deucium
649 5183 975 5240 clarissime
1006 5180 1261 5253 appellat
1288 5178 1532 5233 Joannis
1552 5177 1800 5248 apostoli
1819 5180 1991 5235 disci-

335 5274 562 5347 pulum.
620 5274 817 5343 Itaque
877 5276 931 5327 et
970 5274 1233 5340 tempore
1263 5265 1607 5321 Tertulliani
1639 5268 1990 5324 exstiterunt

334 5364 458 5420 haec
487 5365 629 5417 Acta
659 5360 842 5425 Pauli,
877 5377 1001 5430 qua:
1032 5356 1309 5413 Leucium
1359 5359 1656 5410 auctorem
1707 5356 1986 5413 habuisse

335 5453 610 5517 diximus,
640 5454 696 5505 et
725 5453 813 5505 est
843 5449 1160 5504 admodum
1192 5442 1527 5509 verisimile,
1554 5444 1983 5502 Tertullianum

336 5560 452 5600 non
487 5540 600 5597 alia
630 5538 747 5595 nisi
781 5536 975 5593 Leucii
1003 5537 1146 5590 Acta
1178 5533 1435 5588 indicare
1488 5532 1785 5606 voluisse;
1846 5552 1982 5593 nam

335 5633 550 5691 horum
573 5632 847 5690 Actorum
879 5626 1223 5699 scriptorem
1245 5623 1328 5681 ait
1349 5622 1530 5681 fuisse
1551 5627 1977 5701 presbyterum,

2106 4628 2357 4694 tanistae,
2389 4624 2603 4696 inquit,
2637 4640 2693 4680 se
2723 4626 2995 4680 animatos
3049 4640 3087 4679 a
3142 4625 3338 4679 Leucio
3390 4625 3760 4681 mentiuntur.

2107 4725 2303 4797 Neque
2360 4722 2506 4778 illud
2538 4721 2945 4777 testimonium
2977 4722 3209 4777 videtur
3238 4740 3272 4778 a
3299 4739 3433 4778 vero
3466 4723 3762 4793 aberrare,

2102 4817 2407 4886 propterea
2466 4812 2622 4884 quod
2681 4820 2902 4868 certum
2960 4814 3049 4867 est
3106 4812 3496 4870 Montanistas
3552 4813 3758 4869 eodem

2103 4904 2274 4959 modo
2323 4906 2498 4973 atque
2542 4901 2887 4972 Eucratitas,
2921 4918 2951 4956 e
2976 4918 3228 4973 quorum
3263 4900 3575 4973 disciplina
3608 4902 3758 4959 Leu-

2100 4993 2226 5048 cius
2283 4995 2432 5057 erat,
2468 4990 2718 5046 nimium
2752 4990 3031 5046 tribuisse
3063 4989 3135 5045 iis
3165 4990 3264 5062 qui
3298 4990 3696 5048 abhorrebant
3727 5009 3765 5049 α

2101 5081 2524 5153 nuptiis.Unde
2555 5080 2661 5136 hoc
2692 5080 2840 5135 efﬁci
2874 5094 3047 5151 posse
3078 5080 3280 5135 credo:
3306 5080 3761 5153 Tertullianum,

2098 5180 2389 5251 siquidem
2428 5178 2643 5233 librum
2676 5182 2942 5233 nostrum
2976 5179 3128 5233 inter
3159 5178 3414 5234 Montani
3436 5179 3770 5253 discipulos

2096 5270 2458 5325 constitutus
2490 5267 3090 5339 scripsisset,cautius
3122 5267 3306 5324 fuisse
3332 5267 3663 5325 locuturum
3689 5271 3767 5327 de

2096 5358 2245 5413 libro
2277 5356 2404 5425 tali,
2436 5356 2536 5427 qui
2568 5356 2845 5411 Leucium
2880 5361 3177 5413 auctorem
3235 5357 3508 5424 habebat,
3566 5374 3769 5431 neque

2094 5446 2264 5501 illum
2298 5444 2520 5501 fraudis
2555 5449 2989 5513 accusaturum,
3014 5462 3143 5502 cum
3178 5445 3237 5500 in
3270 5446 3395 5517 ipse
3426 5463 3557 5503 cum
3588 5448 3761 5504 Mon-

2095 5534 2281 5591 nastis
2313 5534 2575 5590 sentiret.
2631 5534 2792 5599 Quod
2850 5535 2899 5592 si
2958 5533 3092 5607 quis
3152 5536 3534 5606 contradicat,
3594 5536 3759 5594 elabi

2094 5624 2265 5683 nobis
2317 5621 2481 5681 illam
2540 5641 2803 5699 causam,
2859 5629 3167 5699 propterea
3224 5625 3382 5697 quod
3440 5642 3555 5685 non
3600 5627 3757 5685 satis
