4072 6190
269 357 351 415 901

1080 352 1179 414 AG
1222 351 1618 414 DOCTRINA
1663 349 2164 413 SCRIPTORUM
2208 349 2757 413 TERTULLIANI.

3500 356 3617 416 202

269 487 462 549 constat,
494 483 929 553 ignoraveritne
976 482 1371 539 Tertullianus
1424 483 1630 538 horum
1689 485 1861 536 Acto-
1892 483 1939 549 Α
1975 479 2072 536 nio
2099 482 2336 537 aliunde
2364 483 2757 549 commendat,
2789 483 2901 539 nisi
2934 500 3000 539 ex
3031 500 3097 540 eo
3136 486 3292 557 quod
3332 500 3401 541 ea
3430 489 3615 558 majo-

265 590 365 627 rum
392 575 681 642 parentem
716 573 887 641 (quod
922 572 1015 626 vix
1064 572 1340 627 credibile
1385 576 1474 627 est
1500 572 1557 625 in
1607 576 1728 625 tam
1762 587 1861 625 cu-

265 664 383 717 rioso
402 660 673 714 universae
710 660 937 730 antiqui
952 660 1092 715 tatis
1109 660 1672 731 exploratore),dabo
1694 658 1862 725 illud,

263 752 300 805 si
326 752 387 803 ita
415 748 618 819 placet;
652 748 763 803 hoc
794 754 991 803 tamen
1028 749 1171 803 mihi
1205 749 1457 819 quisque
1489 750 1747 803 vicissim
1772 749 1867 801 de-

262 839 397 903 derit,
425 838 534 891 nisi
579 837 712 909 quis
762 837 1114 893 contrariam
1172 837 1523 891 sententiam
1580 835 1863 901 docuerit,

264 926 377 981 satis
403 925 549 980 hanc
579 924 979 996 suspicionem
1019 925 1305 996 impedire
1344 926 1570 993 debere,
1605 942 1719 994 quo
1754 925 1866 978 mi-

260 1032 347 1069 nus
395 1015 547 1068 hunc
607 1014 953 1069 Tertulliani
1021 1014 1234 1068 librum
1298 1015 1367 1069 ad
1418 1029 1602 1084 genus
1663 1028 1864 1068 eorum

259 1104 505 1159 librorum
539 1103 909 1174 adjiciamus,
940 1119 1085 1173 quos
1108 1108 1239 1175 post
1268 1103 1657 1158 secessionem
1687 1102 1758 1157 ab
1780 1114 1867 1157 or‘

255 1192 485 1247 thodoxis
518 1191 725 1247 factam
757 1190 1106 1263 composuit.

255 1346 339 1413 §5.
365 1371 429 1386 -
455 1344 613 1399 Libri
635 1345 687 1399 ll
718 1344 788 1398 ad
823 1344 1055 1400 Uxorem
1084 1351 1215 1469 qnte
1256 1343 1472 1415 lapsum
1526 1341 1870 1398 Tertulliani

922 1431 1092 1469 exora
1126 1432 1163 1469 l.

922 1431 1163 1470 επαναιι.

306 1531 463 1586 Venio
490 1548 648 1586 nunc
679 1531 751 1586 ad
790 1529 973 1585 libros
1005 1547 1152 1601 quos
1188 1531 1356 1587 Uxori
1410 1544 1525 1584 suae
1556 1529 1871 1585 Tertullia-

252 1636 338 1674 nus
364 1620 684 1691 inscripsit,
719 1621 818 1690 qui
851 1620 1007 1689 quod
1040 1618 1159 1674 sint
1178 1619 1540 1689 conjunctim
1565 1618 1726 1685 editi,
1760 1619 1869 1672 du-

252 1709 392 1763 bitari
422 1725 541 1764 non
572 1709 793 1780 patitur
819 1708 953 1763 libri
987 1708 1327 1778 posterioris
1353 1707 1702 1778 principium
1733 1707 1869 1778 (36).

1973 587 2096 625 rem
2130 571 2334 625 offerat
2362 571 2699 628 utilitatem.
2732 572 2893 636 Quod
2932 578 3020 629 est
3051 574 3243 629 nimias
3274 575 3533 631 lenitatis
3554 577 3613 630 in

1975 660 2258 729 scriptore
2288 660 2717 725 Montanistico,
2750 663 2919 733 cujus
2949 663 3262 733 disciplina
3300 680 3500 720 omnes
3532 682 3619 720 se-

1975 749 2197 802 cundas
2229 751 2463 819 nuptias
2495 750 2552 802 in
2588 750 2712 805 loco
2745 767 3113 806 summorum
3136 753 3402 808 vitiorum
3438 754 3617 809 habe-

1975 837 2095 890 bat.
2116 837 2375 907 Denique
2393 836 2540 892 libro
2558 855 2596 891 11
2618 838 2780 893 uxori
2814 856 2931 893 suae
2952 840 3234 911 permittit
3254 858 3459 895 novam
3483 846 3617 913 post

1974 925 2197 979 obitum
2232 943 2405 980 suum
2445 927 2915 995 conjunctionem
2949 928 3289 995 ineundam,
3330 946 3521 1000 neque
3553 931 3619 984 il-

1975 1013 2075 1067 lud
2107 1014 2220 1068 alia
2250 1016 2520 1069 severiori
2565 1015 2712 1085 lege,
2764 1016 2877 1071 nisi
2928 1022 2992 1070 ut
3041 1018 3225 1072 nubat
3273 1018 3614 1087 christiano,

1976 1102 2232 1172 dicitque
2262 1119 2335 1156 c.I
2368 1102 2700 1157 difficilium
2734 1120 2928 1158 rerum
2952 1105 3173 1160 facilem
3201 1122 3329 1162 esse
3360 1109 3612 1162 veniam.

1975 1190 2084 1244 Sed
2118 1192 2474 1246 Montanistae
2506 1209 2621 1262 quo
2655 1193 2827 1246 modo
2859 1194 3221 1264 excipiebant
3258 1212 3358 1251 eos
3406 1197 3506 1267 qui
3540 1197 3612 1250 ad

1975 1281 2217 1349 nuptias
2248 1281 2592 1336 redierant?
2634 1284 2912 1351 Digamos,
2962 1282 3157 1348 inquit
3196 1285 3611 1353 Tertullianus,

1974 1365 2041 1420 de
2072 1366 2311 1421 Pudicit.
2347 1384 2395 1421 c.
2456 1369 2480 1421 1
2544 1374 2811 1438 extrem.,
2860 1370 3005 1442 foris
3052 1373 3323 1438 sistimus,
3372 1375 3624 1429 eumdem

1979 1455 2211 1509 limitem
2237 1457 2457 1511 mmo/iis
2487 1473 2696 1527 quoque
2728 1466 2780 1512 et
2809 1460 3235 1527 fornicatoribus
3279 1464 3520 1532 ﬁgimus,
3553 1494 3623 1504 -——

1977 1560 2088 1598 non
2109 1545 2350 1615 amplius
2380 1547 2447 1600 ab
2477 1548 2725 1601 Ecclesia
2752 1547 3193 1618 publicationem
3231 1551 3508 1608 dedecoris
3537 1568 3623 1607 re-

1982 1635 2203 1687 taturis.
2240 1632 2471 1688 Scilicet
2502 1634 2609 1689 hoc
2640 1640 2730 1689 est
2760 1636 2987 1691 facilem
3019 1640 3250 1694 veniam
3294 1641 3454 1696 dare.
3495 1642 3627 1697 Jam

1981 1721 2137 1776 haud
2166 1722 2407 1776 difficile
2439 1729 2530 1777 est
2559 1723 2631 1777 ad
2660 1724 3049 1791 judicandum
3084 1743 3225 1781 num
3260 1728 3627 1799 possintista

251 1798 300 1852 In
324 1799 529 1867 quibus
561 1796 729 1852 libris
761 1796 999 1852 tametsi
1040 1797 1163 1851 sint
1193 1814 1317 1866 quae
1366 1797 1676 1851 videantur
1709 1812 1870 1905 erfo-
1902 1840 1949 1905 Β
1981 1815 2103 1865 tam
2134 1810 2308 1879 clara,
2345 1826 2471 1881 quae
2497 1827 2735 1865 causam
2770 1829 2802 1866 α
2836 1814 3005 1869 nobis
3038 1796 3401 1885 propositam
3452 1818 3629 1888 δείλη-

370 1903 383 1905 ,
419 1886 907 1905 "ﬂammeum
962 1892 1334 1905 --ἐμ-,λη
1402 1891 1589 1905 .__-__
1635 1901 1727 1905 ,μ
1813 1902 1866 1905 _-
2106 1898 2163 1905 Α.
2610 1900 2642 1905 .-
2852 1900 2887 1905 --
2958 1901 2968 1905 -
3044 1903 3097 1905 -.
3219 1903 3227 1905 ς

250 1886 387 1941 ribus
419 1886 915 1941 Montanistarum
956 1892 1366 1953 consentanea,
1402 1891 1597 1940 tamen
1630 1901 1733 1956 ego
1764 1884 1870 1939 hos

245 1975 410 2029 ausim
441 1975 643 2045 potius
675 1975 733 2028 in
765 1990 1010 2029 numero
1032 1991 1236 2029 eorum
1259 1973 1542 2029 collocare
1574 1991 1717 2045 quos
1739 1978 1873 2028 ante

245 2063 371 2117 hanc
397 2063 785 2119 defectionem
819 2062 1186 2135 perscripsit.
1223 2063 1384 2126 Quod
1417 2062 1563 2117 mihi
1615 2063 1873 2133 primum

240 2153 443 2207 videtur
460 2152 1065 2223 confirmarieo,quod
1085 2168 1378 2223 nusquam
1407 2168 1583 2207 suum
1609 2150 1871 2206 Paracle-

242 2247 349 2295 tum
376 2240 775 2296 Tertullianus
797 2241 989 2311 jactat
1010 2242 1069 2295 in
1090 2241 1266 2296 rebus
1290 2240 1359 2295 iis
1392 2242 1449 2294 in
1483 2240 1700 2311 quibus
1722 2239 1872 2294 mul-

238 2337 345 2385 tum
394 2330 718 2385 auctoritas
779 2330 957 2399 hujus
1020 2330 1193 2385 effata
1259 2328 1530 2385 habitura
1601 2330 1871 2384 fuissent.

240 2418 500 2489 Namque,
544 2424 609 2472 ut
640 2418 748 2472 hoc
781 2423 934 2484 utar,
989 2434 1115 2489 cap.
1170 2419 1208 2486 l,
1243 2418 1344 2472 lib.
1398 2436 1416 2473 1
1457 2424 1724 2488 extrem.,
1773 2418 1875 2472 ubi

234 2506 398 2563 satius
429 2522 567 2563 esse
596 2508 862 2578 disputat
896 2508 1095 2579 fugere
1127 2508 1416 2562 secundas
1448 2507 1708 2578 nuptias,
1742 2506 1875 2560 nul-

238 2595 342 2651 turn
359 2597 579 2652 excitat
603 2594 1165 2666 Paracletum,quem
1190 2595 1381 2651 lccum
1400 2611 1704 2667 nunquam
1728 2611 1875 2666 pran-

235 2687 489 2741 tsrmittit
523 2686 590 2740 in
623 2684 791 2740 libris
822 2684 922 2756 qui
954 2702 983 2740 e
1016 2685 1509 2740 Montanistarum
1561 2682 1875 2755 disciplina

236 2774 527 2843 prodiere;
566 2775 669 2830 sed
726 2790 906 2829 unam
956 2773 1196 2829 adhibet
1245 2773 1652 2829 auctoritatem
1692 2772 1872 2827 disci-

234 2861 393 2932 plinae
424 2862 702 2920 Ecclesia:
733 2868 790 2919 et
822 2863 1085 2934 Apostoli
1116 2862 1322 2932 legem,
1356 2880 1469 2932 qua
1501 2862 1599 2933 qui
1640 2862 1731 2917 bis
1764 2862 1876 2933 (37)

234 2952 362 3006 157
403 2951 860 3007 matrimonium
892 2952 1411 3018 contraxerant,ait
1444 2950 1514 3005 ah
1543 2950 1735 3005 officio
1761 2967 1873 3021 pu-

232 3038 643 3113 blicosejungi;
670 3057 797 3113 quae
814 3040 994 3095 verba
1007 3039 1163 3095 haud
1179 3039 1299 3095 scio
1314 3056 1386 3095 an
1406 3055 1521 3094 non
1537 3038 1656 3094 sint
1674 3038 1872 3094 minus

225 3130 665 3185 accommodata
694 3129 967 3200 scriptori
988 3128 1340 3185 Montanisto
1356 3144 1532 3199 quam
1562 3128 1611 3183 ei
1646 3128 1746 3199 qui
1770 3128 1870 3182 do-

229 3219 433 3273 ctrinas
494 3217 776 3274 Ecclesia:
840 3218 1058 3273 rectius
1133 3217 1442 3273 sentientis
1496 3218 1867 3288 sequebatur.
1903 3203 1946 3271 C

225 3307 427 3363 Deinde
458 3309 519 3363 in
558 3308 769 3362 eadem
801 3307 1060 3361 sectione
1092 3323 1351 3373 uxorem,
1388 3306 1437 3362 si
1478 3307 1667 3361 denuo
1698 3306 1875 3361 socie-

220 3399 384 3450 tatem
411 3395 798 3467 conjugalem
834 3396 1049 3460 inierit,
1082 3412 1197 3451 non
1229 3396 1309 3450 ait
1340 3395 1491 3450 male
1520 3395 1877 3466 facere,adji-

218 3483 398 3553 citque
434 3501 467 3539 e
500 3489 708 3539 mente
744 3483 901 3538 Pauli
934 3482 1183 3553 apostoli
1214 3500 1327 3538 non
1352 3483 1585 3553 quidem
1620 3499 1735 3537 non
1766 3483 1874 3537 h0—

222 3578 402 3627 nestas
434 3589 579 3629 esse
612 3572 904 3628 secundas
938 3571 1198 3643 nuptias,
1229 3572 1329 3626 sed
1364 3576 1555 3627 tamen
1584 3587 1682 3625 eas
1713 3570 1873 3625 solli-

219 3660 535 3718 citudinem
599 3678 714 3716 non
778 3660 961 3716 levem
1030 3660 1509 3731 calamitatesque
1577 3660 1871 3714 inducere.

220 3752 402 3821 Neque
425 3752 537 3806 lib.
568 3767 639 3816 ιι,
670 3766 722 3821 c,
755 3751 804 3819 1,
846 3749 1266 3805 abstinentiam
1300 3767 1332 3803 a
1372 3765 1517 3803 novo
1572 3748 1872 3804 matrimo-

277 3868 382 3933 (36)
418 3869 702 3922 Proxime
730 3868 850 3922 tibi.
895 3905 907 3918 .
955 3908 967 3920 .
1003 3866 1135 3937 quid
1163 3868 1386 3937 feminae
1407 3870 1624 3923 sanctae
1651 3873 1871 3921 sectan-

216 3938 334 3991 dum
357 3944 433 3993 sit
460 3947 798 4009 prosecutus
817 3955 958 3993 sum.

275 4010 382 4081 (37)
417 4005 769 4081 Perspicua,
803 4010 917 4063 nisi
950 4008 1135 4077 fallor,
1165 4008 1259 4063 hic
1292 4008 1478 4077 locus,
1509 4012 1565 4063 et
1603 4006 1748 4062 alter
1773 4005 1871 4081 ille

211 4095 235 4131 e
264 4078 409 4136 libro
443 4083 512 4137 de
549 4078 788 4136 Exhort.
841 4082 1042 4149 castil.,
1094 4096 1144 4135 ο.
1175 4082 1229 4149 7,
1283 4080 1595 4146 excitatus,
1642 4084 1706 4132 ut
1756 4078 1871 4133 alia

211 4153 387 4223 inulta
419 4171 542 4208 non
584 4160 850 4223 tangam,
880 4152 1379 4222 docet,antiquam
1405 4151 1867 4204 Christianorum

210 4221 523 4280 Ecclesiam
562 4221 745 4293 verba
777 4223 940 4277 Pauli
972 4223 993 4277 l
1023 4224 1175 4277 Tim.
1213 4221 1298 4281 in.
1334 4223 1401 4275 de
1432 4223 1716 4293 Episcopo
1741 4240 1866 4289 μιας

206 4296 445 4368 γυναικὸς
481 4292 649 4368 atas.
684 4296 770 4368 sic
810 4294 1060 4368 cepisse,
1085 4300 1178 4368 ,ut
1224 4293 1442 4368 Paulus
1474 4294 1568 4368 de_
1593 4293 1868 4368 secundis

210 4366 508 4437 doctorum
550 4363 782 4437 nuptiis
814 4363 1042 4420 dixerit.
1085 4365 1227 4419 Nam
1275 4366 1352 4437 in,
1380 4363 1478 4418 illo
1498 4363 1867 4437 i'fl‘ertulliani

208 4433 341 4503 loco,
369 4456 512 4494 cum
552 4433 900 4492 interdictas
932 4436 1036 4491 has
1068 4435 1475 4491 sacerdotibus
1497 4436 1563 4489 V.
1591 4436 1653 4492 T.
1687 4436 1865 4489 dixis-

210 4516 287 4561 set
315 4527 328 4563 :
362 4511 623 4573 Christo,
656 4509 877 4579 inquit,
927 4510 1251 4563 servabatur
1299 4510 1439 4562 sicut
1468 4509 1527 4561 in
1547 4510 1873 4575 caterisu'ta

1985 1898 2276 1963 vant,loca
2298 1898 2543 1953 convelli
2568 1900 2765 1968 aliqua
2786 1900 2889 1955 tali
2922 1901 3309 1959 similitudine
3339 1906 3632 1962 dictorum

1985 1989 2399 2058 quorumdam,
2433 2004 2561 2057 quae
2592 1994 2731 2043 sunt
2763 1990 2821 2043 in
2852 1989 2980 2045 istis
3011 1991 3200 2057 libris,
3234 2010 3365 2049 cum
3401 1994 3473 2049 iis
3506 2012 3632 2066 quae

1985 2078 2238 2131 severior
2265 2076 2520 2130 Montani
2553 2077 2832 2148 diciplina
2862 2079 2919 2133 in
2952 2080 3083 2136 aliis
3114 2082 3476 2139 Tertulliano
3508 2101 3635 2155 per-

1984 2166 2192 2220 suasit.
2228 2164 2372 2219 lllud
2407 2182 2535 2219 vero
2572 2182 2776 2235 unum,
2810 2169 2964 2238 quod
3000 2168 3174 2225 habet
3222 2172 3628 2241 Hoﬂ‘mannus,

1984 2253 2023 2309 l.
2058 2271 2107 2309 c.
2160 2254 2189 2324 ἓ
2239 2255 2323 2323 12,
2375 2260 2810 2325 argumentum,
2865 2258 3019 2327 quod
3072 2258 3203 2314 libri
3256 2262 3459 2332 scripti
3506 2262 3631 2317 sint

1985 2359 2117 2398 cum
2150 2344 2390 2414 quassiio
2421 2344 2485 2398 de
2514 2346 2670 2415 Fuga
2701 2344 2761 2398 in
2810 2346 3068 2415 periculo
3119 2354 3353 2419 propter
3394 2350 3628 2423 religio—

1984 2447 2119 2487 nem
2134 2432 2349 2503 agitata
2364 2432 2781 2504 fuisset,eaque
2794 2433 3043 2490 salutem
3060 2442 3253 2507 petere
3276 2454 3633 2511 quamquam

1986 2521 2197 2575 debere
2227 2520 2625 2575 Tertullianus
2657 2538 2790 2576 cum
2820 2526 3193 2581 Montanistis
3227 2529 3636 2598 negasset;boo

1984 2608 2129 2664 illud
2161 2626 2340 2664 unum
2366 2610 2509 2665 adeo
2544 2626 2647 2665 nos
2681 2627 2796 2666 non
2828 2617 3043 2682 movet,
3064 2620 3126 2669 ut
3157 2631 3363 2672 eamus
3384 2617 3444 2672 in
3506 2621 3636 2688 ejus

1985 2699 2356 2765 sententiam,
2393 2703 2456 2752 ut
2487 2698 2559 2753 ab
2590 2715 2659 2754 ea
2689 2701 2879 2771 magis
2911 2702 3341 2760 retrahat.Nam
3376 2705 3473 2760 ille
3505 2706 3633 2777 ipse

1987 2786 2172 2857 locus,
2206 2804 2381 2858 quem
2414 2787 2629 2857 promit
2658 2805 2687 2843 e
2722 2789 2822 2843 lib.
2860 2807 2897 2858 1,
2931 2806 2980 2846 c.
3012 2792 3045 2846 3
3080 2809 3093 2858 ;
3122 2795 3292 2847 etiam
3336 2796 3397 2848 in
3438 2810 3628 2865 perse-

1984 2878 2292 2932 cutionibus
2320 2877 2518 2931 melius
2548 2886 2627 2931 est
2649 2893 2717 2931 ea:
2744 2880 3017 2947 permissu
3056 2882 3252 2951 fugere
3300 2882 3365 2936 de
3412 2884 3631 2954 Oppido,

1984 2981 2151 3035 quam
2178 2964 2575 3035 deprehensum
2620 2970 2673 3019 et
2717 2967 3019 3022 distortum
3074 2985 3278 3037 negare
3307 2986 3319 3035 ;
3354 2970 3450 3026 ille
3482 2972 3629 3027 satis

1985 3055 2153 3109 docet
2182 3052 2608 3108 Tertullianum
2642 3070 2759 3109 non
2792 3071 3022 3110 omnem
3042 3057 3238 3129 fugam
3271 3059 3327 3113 in
3361 3060 3462 3115 tali
3486 3066 3628 3116 tem-

1985 3146 2207 3213 pestate
2237 3158 2350 3196 non
2376 3141 2701 3212 legitimam
2716 3142 3101 3212 existimasse;
3128 3163 3259 3201 eum
3293 3147 3473 3219 igitur
3497 3167 3631 3205 con-

1986 3230 2180 3284 firmat
2210 3235 2469 3301 tempore
2500 3247 2565 3286 eo
2597 3248 2710 3302 quo
2745 3231 2850 3287 hos
2880 3234 3207 3305 composuit
3239 3234 3441 3308 libros,
3493 3255 3628 3294 cum

1985 3317 2355 3373 Montanistis
2382 3318 2600 3386 minus,
2634 3336 2805 3390 quam
2849 3322 3071 3378 caeteris
3100 3324 3378 3381 sensisse.

2550 3409 2947 3467 ARTICUEUS
2986 3410 3054 3468 V.

1985 3496 2192 3564 Quarta
2219 3495 2407 3551 classis
2440 3496 2731 3564 librorum,
2764 3514 2997 3625 quotrum
3034 3518 3145 3557 non
3168 3504 3285 3559 nisi
3318 3508 3628 3561 Montanis-

2648 3586 2771 3624 mus
2793 3587 2859 3625 va
2885 3580 2954 3625 et.

2648 3586 2771 3624 mus
2790 3580 2954 3640 patet.

1982 3657 2010 3728 Ξ
2041 3657 2089 3711 1.
2122 3687 2193 3696 ——
2223 3657 2382 3711 Liber
2408 3656 2476 3711 de
2510 3658 2815 3726 Patientia,
2850 3677 2944 3713 an.
2972 3662 3098 3729 200,
3120 3664 3203 3718 vel
3228 3666 3625 3737 20l,scriplus.

2053 3748 2235 3810 Quam
2270 3746 2341 3800 ob
2367 3760 2486 3799 rem
2520 3747 2694 3800 etiam
2730 3745 2837 3802 hos
2885 3748 3214 3807 eximamus
3264 3769 3294 3808 e
3336 3752 3622 3810 librorum

1981 3876 2031 3913 c.
2066 3859 2455 3939 lt,convincit
2485 3859 2847 3939 adversarios
2878 3861 3206 3934 iniquitatis
3238 3869 3617 3939 repetitarum

1980 3934 2319 4010 nuptiarum
2356 3932 2559 4010 sic,-_ut
2587 3947 2685 3985 eos
2723 3934 2831 4010 tate
2876 3932 3620 4010 mat—rimonium'postulare

1979 4003 2135 4056 dicat
2163 4004 2229 4055 ab
2260 4005 2333 4056 iis
2382 4004 2579 4072 quibus
2618 4020 2752 4082 non
2777 4007 2937 4082 liceat
2982 4008 3092 4062 tale
3146 4003 3361 4077 habere,
3397 4012 3464 4065 ab
3492 4016 3613 4082 epi-

1976 4089 2132 4144 δεορο
2162 4090 2513 4153 monogamo,
2547 4092 2581 4153 a_
2607 4075 3015 4153 pre_sbyteris_et
3056 4082 3318 4153 fdiaconis
3349 4075 3611 4153 ejusdem

1976 4148 2331 4223 sacramenti,
2363 4162 2399 4199 a
2425 4145 2604 4200 viduis
2632 4145 2819 4212 etiam,
2851 4159 2900 4204 et
2933 4150 3108 4215 laicis,
3142 4158 3197 4207 et
3228 4154 3297 4207 ab
3337 4145 3613 4223 Apostolo

1977 4218 2801 4297 interdictas_argum_entat_ur
2833 4224 3089 4297 nuptias,
3122 4218 3425 4295 propterea
3458 4227 3612 4297 quod

1977 4293 2151 4344 totum
2215 4288 2465 4343 ordinem
2531 4290 2809 4357 Ecclesia},
2879 4288 2938 4356 b,
3018 4288 3495 4360 e.,'sacerdotes
3553 4298 3618 4352 de

1976 4362 2320 4428 monogamis
2350 4361 2618 4431 disponat.
2650 4362 2782 4425 Qua:
2814 4365 3012 4418 omnia
3041 4368 3359 4421 ostendunt
3404 4370 3618 4424 Catho-

1975 4431 2120 4487 licos
2152 4433 2439 4520 secundas
2463 4434 2829 4520 sacerdotum
2854 4436 3086 4520 nuptias
3119 4440 3622 4520 repudiasse,cum

1977 4521 2044 4559 ex
2076 4520 2275 4581 eorum
2309 4504 2612 4581 sententiis
2644 4504 2898 4581 colligat,
2933 4504 3035 4581 nec
3067 4504 3228 4565 laicis
3279 4504 3623 4581 hujusmodi

212 4579 263 4631 in
293 4583 395 4635 isto
419 4572 669 4653 quoque,
708 4572 844 4647 legis
866 4580 1174 4650 plenitudo.
1216 4579 1342 4653 Inde
1376 4581 1562 4653 igitur
1604 4572 1745 4649 apud
1772 4572 1873 4653 nos
1900 4572 1946 4635 D
1979 4575 2215 4653 nuptias
2247 4576 2482 4630 concedi
2516 4591 2702 4644 posse.
2736 4572 2812 4630 Ac
2931 4580 3014 4653 12,
3049 4572 3391 4652 planissime
3436 4586 3519 4639 sic
3547 4587 3626 4642 ait

208 4651 625 4725 plenius‘atque
658 4653 985 4725 instructius
1012 4652 1411 4725 praescribitur,
1465 4651 1629 4725 unius
1671 4652 1865 4705 matri-

212 4728 372 4794 monii
397 4722 530 4780 essé
563 4724 951 4794 opertere,qui
979 4724 1297 4791 (illeguntur
1327 4724 1384 4776 in
1414 4722 1659 4775 ordinem
1690 4738 1873 4776 sacer-

209 4792 453 4868 dotalem.
498 4792 693 4868 Περιιε
722 4792 877 4849 adeo
902 4794 1159 4868 quosdam
1188 4795 1419 4868 memini
1463 4794 1723 4868 dignmos
1763 4794 1876 4868 loco

208 4866 453 4937 dejecios.
492 4864 618 4924 Ub’i
651 4882 843 4937 neque
873 4864 998 4919 vult
1029 4864 1145 4919 illis
1176 4866 1246 4919 de
1278 4866 1681 4919 sacerdotibus
1709 4864 1877 4918 intel-

214 4934 322 5007 ligi,
356 4940 458 5009 qui
497 4934 994 5010 praeterfuxorem
1036 4938 1212 5010 etiam
1268 4938 1571 5010 meretrice
1615 4937 1875 5010 quadam

210 5007 551 5080 utebantur,
592 5014 662 5064 ut
694 5008 1004 5063 videbatur
1034 5008 1377 5064 Heumanno
1432 5009 1490 5061 in
1536 5007 1881 5080 Erklerung

209 5078 301 5160 des
328 5082 392 5135 Ν.
535 5078 703 5160 part.
738 5097 906 5160 ιιι-ρ.
956 5081 1076 5144 179,
1105 5096 1318 5160 neque
1368 5095 1525 5160 more
1586 5078 1881 5160 Montani;

210 5154 426 5207 starum
466 5150 772 5223 loc—quitur.
804 5150 952 5206 Nam
987 5155 1186 5206 contra
1221 5150 1377 5205 illam
1432 5150 1760 5205 chmanni
1796 5150 1880 5203 in-

206 5222 707 5291 terpretationem
744 5226 968 5294 pugnat
998 5224 1333 5277 universum
1367 5222 1704 5277 Tertulliani
1741 5238 1881 5276 con-

208 5294 427 5355 silium,
464 5296 581 5367 qui
624 5295 775 5348 clare
806 5294 951 5367 dicit
981 5294 1332 5367 depcastrata
1355 5294 1628 5367 “licentia
1676 5296 1886 5358 saepius

206 5368 445 5424 nubendi
468 5364 500 5433 ;’
526 5374 595 5422 et
633 5381 681 5419 ο.
715 5368 769 5429 6,
800 5366 872 5419 de
915 5364 1136 5433 duplici
1186 5366 1281 5419 Usi
1333 5364 1708 5435 dispositione,
1768 5382 1887 5419 una

207 5438 296 5492 illa
341 5459 355 5495 :
414 5438 683 5495 Crescite
726 5440 779 5489 et
824 5437 1302 5508 multiplicamini,
1356 5436 1537 5508 altera
1589 5453 1601 5489 :
1660 5438 1887 5507 Tempus

204 5510 313 5578 iam
347 5514 407 5565 in
435 5511 690 5566 collecto
718 5515 813 5573 est,
844 5507 1128 5579 etc.,'qua
1162 5513 1308 5563 Deus
1356 5507 1702 5577 abolefecerit
1732 5508 1887 5578 prio-

204 5597 341 5638 rem.
375 5584 605 5654 Neque
646 5584 1069 5654 commemorat
1118 5580 1468 5654 sententiam
1518 5580 1891 5634 Montanistis

246 5650 545 5726 τοῖαι-ἰωή.
611 5651 718 5726 sed
755 5650 1448 5726 illis_atq_ue__t;atholici_s
1485 5668 1890 5726 communem.

208 5669 545 5777 propriam.
611 5669 716 5705 860
755 5669 878 5706 llllB
918 5669 1089 5716 atque
1136 5669 1448 5707 LRIDOHGIS
1492 5669 1890 5707 communem.

208 5724 345 5784 [am
376 5727 676 5802 primum
707 5722 763 5778 in
797 5721 941 5781 locis
975 5721 1271 5782 similibus
1294 5723 1429 5781 libri
1459 5723 1524 5781 de
1547 5725 1896 5795 Monoyumia

540 5854 825 5915 Pauor“
876 5853 927 5914 Ι.

1982 4648 2300 4723 catholicos
2349 4653 2788 4723 argumentatas
2821 4665 2833 4702 :
2864 4652 3017 4705 Solos
3049 4648 3160 4723 'qui
3210 4661 3341 4709 sunt
3385 4658 3445 4711 in
3473 4659 3624 4713 clero

1983 4721 2346 4799 monogumim
2375 4718 2501 4799 1'_ug_o
2532 4723 2817 4783 astrinxit;
2838 4738 2975 4799 ergo
3006 4723 3062 4777 id
3075 4718 3195 4781 'non
3218 4729 3473 4783 omnibus
3488 4744 3629 4799 prx-

1984 4792 2193 4868 scribit.
2226 4790 2432 4868 Deinde
2464 4790 2617 4868 hanc
2664 4790 3164 4868 constitutionem,
3218 4816 3334 4868 qua
3382 4790 3626 4856 sublatas

1988 4862 2105 4936 sint
2137 4862 2427 4936 secundis
2455 4861 2691 4936 nuptiae,
2742 4880 2853 4936 non
2897 4867 3209 4936 Puraclelo,
3233 4861 3364 4924 'sed
3418 4871 3629 4927 Christo

1992 4934 2307 5013 tribuit,_et
2338 4930 2575 5013 adhibet
2601 4935 2861 5013 Apostoli
2890 4939 3100 5013 verba,
3134 4930 3233 5009 qui
3281 4942 3498 5013 plenius
3538 4951 3628 4997 at-

1989 5023 2091 5083 que
2121 5007 2444 5083 instructius
2477 5005 2675 5083 (quam
2704 5005 2761 5060 in
2813 5007 2877 5061 V.
2929 5010 3108 5079 Test.)
3152 5005 3567 5083 prescripscrit
3614 5032 3633 5069 :

1988 5080 2154 5152 unius
2184 5078 2533 5152 matrimonii
2562 5092 2677 5152 esse
2732 5084 3002 5152 oportere,
3055 5078 3164 5150 qui
3214 5078 3540 5152 alleganlur
3570 5087 3632 5141 in

1989 5149 2232 5206 ordinem
2291 5146 2709 5203 sacerdotalem.
2768 5146 2903 5204 Tum
2963 5146 3161 5208 statim
3222 5146 3636 5215 additzusaue

1992 5175 2232 5206 Uruuwm
2291 5175 2709 5203 succlamatum.
2776 5175 2903 5204 tum
2963 5175 3161 5208 statim
3222 5175 3385 5211 ἃααιι
3417 5177 3429 5215 :
3464 5175 3527 5213 us
3571 5176 3635 5215 ue

1992 5222 2125 5276 adeo
2154 5220 2388 5274 memini
2416 5221 2665 5293 digamos
2701 5218 2840 5275 loco:
2870 5223 3116 5293 dejcclos.
3151 5226 3311 5288 Quod
3336 5230 3405 5283 de
3436 5175 3635 5285 estim-

1995 5292 2124 5348 licis
2158 5294 2384 5362 oportet
2416 5290 2682 5361 intelligi,
2719 5310 2851 5346 nam
2903 5290 3272 5354 Montanistm
3318 5318 3387 5356 ne
3420 5301 3637 5358 laicum

1997 5365 2233 5434 quidem
2258 5365 2649 5417 secundarum
2679 5367 3013 5434 nuptiarum
3043 5385 3204 5423 reum
3246 5374 3539 5429 tulissent.
3575 5375 3637 5428 In

1998 5442 2198 5491 nostro
2227 5450 2356 5489 vero
2390 5434 2527 5508 loco
2567 5436 2653 5490 sic
2700 5434 2960 5507 loquitur
2992 5456 3005 5495 :
3040 5442 3317 5508 Quantum
3352 5447 3640 5502 detrahant

1997 5508 2146 5584 fidei,
2178 5506 2791 5584 quantumobstrepant
2818 5506 3111 5584 sanctitati
3140 5517 3353 5584 nuptiae
3371 5515 3637 5579 secundas,

2000 5578 2297 5654 disciplina
2322 5578 2591 5634 Ecclesiae
2620 5583 2687 5654 et
2698 5583 3044 5654 praescriptio
3076 5578 3319 5654 Apostoli
3362 5578 3637 5648 declarat,

2001 5669 2126 5707 cum
2156 5649 2404 5722 digamos
2434 5666 2543 5705 non
2571 5649 2710 5706 sinit
2746 5653 3066 5722 praesidere,
3115 5649 3239 5709 cum
3286 5659 3513 5711 viduam
3542 5654 3640 5709 ad-

2005 5725 2118 5794 legi
2148 5723 2208 5780 in
2235 5721 2507 5793 ordinem,
2536 5723 2692 5779 misit
2717 5721 3022 5793 univiram,
3054 5740 3165 5780 non
3191 5729 3460 5785 concedit.

3288 5858 3323 5909 7
