4072 6190
343 338 461 401 203

1419 313 1942 384 DISSERTATIO
1983 311 2086 372 DE
2129 310 2341 372 VERA
2386 309 2669 371 ETATE

3630 304 3749 366 204

338 469 494 528 158
525 464 1067 524 Montanisticorum
1102 474 1368 521 numero,
1400 460 1458 510 et
1487 453 1593 525 qui
1646 466 1713 505 eo
1764 446 1984 504 rectius
2013 451 2065 516 Α
2098 458 2300 498 earum
2332 458 2439 498 suo
2461 442 2672 496 Severo
2698 441 3277 528 Aug.,quoitempore
3300 435 3753 528 etipsedef‘uga

338 559 539 616 referri
570 557 844 621 debeant,
884 552 1207 607 videamus.
1258 549 1320 602 In
1368 544 1583 616 quibus
1636 555 1753 595 non
1785 537 1989 591 dubito

337 663 583 706 aureum
624 646 691 700 de
711 643 988 698 Patientia
1010 640 1225 693 librum
1245 635 1433 707 primo
1448 632 1567 687 loco
1583 643 1813 701 ponere.
1848 625 1991 679 Nam

337 739 441 795 etsi
476 733 888 791 Tillemontius
919 732 1224 801 (Mémocres
1248 740 1390 796 pour
1419 722 1595 776 servir
1635 721 1668 772 ὰ
1698 715 1993 771 l'llistoire

336 824 777 893 Ecclésiastique,
800 825 938 874 tom.
976 817 1074 883 ΙΙΙ,
1104 814 1291 884 p.262)
1325 812 1482 866 hunc
1513 806 1649 862 velit
1681 802 1989 893 iisadjun:

341 931 498 988 gere,
530 912 630 983 qui
664 890 1000 979 superiores
1034 908 1173 960 sunt
1203 901 1529 957 defectione
1547 891 1897 988 Tertulliani
1917 890 1987 988 ad

340 978 749 1066 “Montanistas,
782 1000 1107 1070 propterea,
1139 991 1293 1062 quod
1325 994 1383 1044 et
1412 990 1610 1058 fugam
1643 984 1701 1038 in
1742 978 1989 1052 publicis

341 1090 804 1147 Christianorum
820 1089 1055 1156 propter
1066 1081 1406 1152 religionem
1418 1071 1856 1131 calamitatibus
1871 1083 1987 1122 non

341 1189 583 1261 spernit,
616 1192 672 1241 et
702 1199 979 1255 magnam
1005 1177 1349 1234 modestiam
1374 1173 1631 1238 adhibet;
1664 1173 1862 1261 tamen
1886 1164 1987 1218 illa

340 1257 714 1350 nequaquam
746 1274 950 1327 idonea
981 1270 1051 1324 ad
1085 1268 1237 1323 hanc
1260 1280 1381 1320 rem
1405 1257 1864 1317 confirmandam
1902 1269 1986 1350 ar:

338 1342 725 1423 bitror.-Nam
760 1363 829 1416 de
861 1358 1155 1413 modestia
1194 1372 1260 1410 ea
1291 1370 1405 1407 non
1462 1350 1629 1405 video
1687 1358 1866 1416 quare
1898 1342 1982 1395 uti

336 1453 737 1512 Tertullianus
768 1465 885 1503 non
918 1447 1092 1502 etiam
1137 1448 1267 1515 post
1297 1444 1629 1511 susceptam
1676 1434 1734 1488 in
1785 1430 1979 1487 ortho-

334 1546 515 1600 doxos
545 1539 914 1597 inimicitiam
932 1536 1439 1609 potuisset,neque
1466 1527 1621 1582 enim
1653 1540 1716 1579 ea
1748 1518 1983 1593 propria

332 1638 423 1690 est
454 1633 639 1687 virtus
671 1632 825 1684 recte
858 1625 1237 1699 sentientium
1271 1646 1285 1687 ;
1316 1624 1371 1674 et
1402 1617 1485 1671 illi
1530 1613 1697 1669 alteri
1747 1628 1817 1665 ne
1871 1624 1981 1663 sua

333 1722 571 1794 quidem
603 1718 818 1773 veritas
868 1718 1121 1770 constat.
1166 1709 1392 1765 Etenim
1435 1706 1493 1759 in
1544 1720 1610 1758 eo
1642 1701 1769 1756 loco
1800 1716 1830 1754 e
1863 1713 1978 1769 quo

331 1814 673 1883 potestatem
717 1802 976 1877 fugiendi
1019 1818 1051 1856 a
1091 1796 1452 1854 Tertulliano
1502 1804 1840 1847 concessam
1880 1803 1976 1883 ef-

332 1875 509 1954 eitare
540 1875 797 1952 conatur
816 1890 1155 1963 (c.13),fuga
1184 1887 1286 1942 illa
1315 1883 1478 1939 nullo
1502 1880 1675 1936 modo
1706 1875 1975 1932 concedi-

330 1993 448 2054 tur,
482 1986 583 2041 sed
615 1985 803 2055 ipsam
839 1980 1179 2051 patientiam
1214 1975 1541 2031 affirmatur
1570 1971 1840 2023 humanas
1863 1964 1973 2055 im-

330 2052 968 2143 becilitatispriestare,
1000 2068 1194 2140 ignem
1227 2064 1401 2119 etiam
1434 2064 1491 2114 et
1526 2071 1760 2114 crucem
1784 2057 1841 2108 et
1871 2052 1972 2107 be-

329 2163 475 2219 stias
506 2165 563 2216 et
593 2142 857 2231 gladium
890 2157 1019 2227 ipsa
1049 2150 1382 2210 constantia
1410 2146 1585 2203 vinci.
1626 2142 1801 2214 Atqui
1834 2144 1973 2195 sunt

329 2251 505 2307 etiam
539 2250 598 2304 in
629 2248 739 2303 hoc
770 2246 1038 2317 quamvis
1076 2240 1351 2314 praeclaro
1382 2235 1576 2292 libello
1625 2233 1813 2305 plura,
1845 2245 1967 2299 quae

323 2340 588 2396 animum
618 2334 961 2392 Tertulliani
997 2330 1485 2388 Montanistarum
1522 2321 1820 2380 erroribus
1852 2333 1965 2372 non

321 2429 524 2485 leviter
554 2427 804 2483 tinctum
839 2422 1177 2484 ostendunt,
1211 2421 1465 2487 suntque
1506 2413 1583 2467 ibi
1617 2425 1819 2467 omnes
1851 2407 1967 2460 fere

321 2516 811 2573 Montanistarum
861 2526 1086 2566 errores
1131 2506 1435 2580 prepositi.
1492 2509 1570 2556 Ac
1619 2494 1965 2570 significatio

324 2605 428 2661 illa
475 2603 715 2675 quidem
766 2597 1041 2655 Peracleti
1096 2596 1461 2651 subobscure
1513 2594 1622 2658 est,
1657 2603 1770 2641 non
1807 2583 1967 2675 nulla

320 2672 518 2750 tamen
547 2691 610 2745 in
640 2690 749 2745 hoc
782 2688 930 2757 loco,
956 2704 1004 2742 c.
1044 2687 1094 2754 1,
1124 2684 1194 2739 ad
1239 2680 1503 2754 capienda
1543 2682 1593 2733 et
1654 2672 1966 2746 praestanda

321 2800 405 2850 ea,
438 2782 554 2837 sola
582 2781 775 2853 gratia
802 2777 1004 2833 divinae
1037 2773 1426 2845 inspirationis
1456 2774 1734 2839 cperatur.
1786 2767 1963 2816 Porro

322 2852 663 2945 praestantia
697 2866 1039 2939 nuptiarum
1098 2880 1213 2919 non
1274 2858 1655 2932 repetitarum
1718 2854 1798 2907 ita
1846 2852 1964 2905 fere

317 2970 651 3042 poponitur,
685 2982 735 3022 c.
759 2967 825 3021 13
859 2981 873 3022 :
907 2964 1190 3020 Patientia
1244 2957 1524 3015 sanctitati
1584 2967 1792 3024 quoque
1833 2964 1963 3021 pro-

317 3064 480 3116 curat
509 3056 904 3113 continentiam
926 3054 1112 3107 carnis
1131 3068 1151 3111 ;
1180 3049 1319 3118 hazc,
1368 3056 1417 3101 et
1466 3044 1690 3100 viduam
1720 3046 1882 3105 tenet,
1909 3047 1963 3091 et

316 3150 593 3217 virginem
622 3146 945 3214 assignat,et
964 3140 1345 3196 voluntarium
1365 3135 1663 3207 spadonem
1683 3130 1753 3185 ad
1781 3143 1961 3217 regina

2102 532 2162 586 in
2209 531 2617 603 persecutione
2649 528 2920 599 placidus
2951 526 3046 581 ille
3100 543 3211 581 non
3265 526 3467 581 minus
3509 529 3566 580 et
3596 524 3747 581 I59

2101 620 2409 691 mitigatus
2450 615 2910 673 commentarius
2960 615 3199 687 prodiit,
3251 616 3308 669 id
3362 630 3535 670 nemo
3584 612 3750 669 facile

2099 709 2307 765 dixerit
2338 725 2351 763 :
2386 724 2566 778 quare
2598 707 2670 760 ad
2703 706 2885 760 alium
2917 710 3312 760 transeamus.

2096 904 2207 970 §2.
2241 932 2307 942 —
2341 901 2501 955 Liber
2538 900 2604 954 de
2653 899 2895 954 velandis
2957 898 3269 969 Virginibus
3317 898 3415 968 qui
3461 899 3539 952 est
3578 897 3746 966 facile

2382 975 2655 1027 librorum
2685 972 3192 1026 Montanisticorum
3221 969 3454 1040 primus.

2165 1118 2266 1173 Est
2294 1117 2347 1171 is
2376 1117 2443 1171 de
2469 1116 2715 1171 velandis
2757 1116 3076 1185 Virginibus
3106 1114 3273 1180 liber,
3305 1129 3478 1184 quem
3514 1112 3581 1167 ad
3614 1111 3739 1184 pri-

2095 1222 2221 1262 mos
2243 1222 2507 1261 errorum
2538 1204 2796 1260 Montani
2830 1203 3032 1275 plenos
3060 1201 3348 1275 pertinere
3380 1218 3494 1256 non
3528 1202 3738 1256 admo-

2093 1296 2235 1350 dum
2266 1294 2486 1350 dubito.
2522 1294 2666 1348 Nam
2715 1293 2785 1347 de
2815 1292 2913 1346 illo
2963 1308 3069 1346 nos
3114 1290 3382 1345 haesitare
3432 1306 3546 1344 non
3596 1290 3739 1345 sinit

2092 1384 2445 1439 creberrima
2478 1383 2753 1437 Paracleti
2775 1397 3051 1451 novaeque
3075 1381 3206 1449 ejus
3230 1378 3552 1451 disciplinae
3583 1394 3736 1433 com-

2091 1471 2459 1538 memoratio,
2486 1477 2547 1525 ut
2579 1487 2648 1525 ne
2682 1485 2917 1526 necesse
2938 1469 3171 1541 quidem
3209 1468 3281 1523 sit
3304 1467 3388 1522 vel
3415 1466 3735 1523 libriistius

2090 1560 2539 1615 similitudinem
2579 1576 2711 1614 cum
2771 1559 2843 1613 iis
2903 1558 2969 1613 de
3023 1558 3185 1613 Cultu
3240 1557 3599 1627 feminarum,
3634 1557 3734 1627 qui

2088 1654 2227 1705 sunt
2255 1665 2284 1703 e
2316 1647 2803 1704 Montanistarum
2835 1646 3171 1716 disciplina,
3201 1646 3288 1701 vel
3337 1640 3732 1701 obscuriorem

2087 1734 2266 1789 unius
2312 1735 2570 1806 conjugii
2618 1735 2690 1805 (c.
2742 1734 2796 1806 3)
2847 1733 3246 1788 defensionem
3303 1733 3533 1788 referre.
3583 1734 3731 1798 Quid

2087 1825 2243 1879 enim
2274 1823 2376 1879 illa
2406 1823 2759 1895 signiﬁcatio
2791 1822 3236 1889 revelationum,
3284 1822 3523 1893 quibus,
3561 1827 3624 1877 ut
3652 1823 3733 1878 ait

2084 1914 2182 1969 ille
2230 1930 2259 1969 c
2340 1914 2429 1978 17,
2492 1913 2772 1968 Dominus
2842 1911 3150 1967 velaminis
3231 1910 3420 1983 spatia
3473 1916 3729 1967 metatus

2083 2007 2171 2058 est
2195 2005 2221 2058 ‘l
2250 2002 2398 2069 Quid
2430 2002 2656 2057 novitas
2688 2001 3087 2067 correctionis,
3122 2017 3298 2072 quam
3329 2000 3456 2071 lege
3490 2001 3619 2055 fidei
3644 2004 3725 2070 (in

2081 2091 2354 2163 Symbolo
2387 2090 2706 2163 apostolico
2734 2090 3182 2161 comprehensa)
3215 2093 3728 2155 manente,ceatera

2081 2181 2404 2253 disciplinae
2432 2184 2488 2236 et
2510 2179 2993 2249 conversationis,
3015 2182 3290 2250 operante
3311 2182 3367 2234 et
3388 2178 3726 2250 proficiente

2080 2285 2268 2340 usque
2300 2269 2359 2323 in
2394 2269 2568 2323 finem
2602 2268 2791 2339 gratia
2821 2268 2945 2333 Dei,
2979 2267 3299 2322 admittant
3347 2270 3417 2339 (c.
3451 2267 3546 2337 1)?
3575 2269 3724 2332 Quid

2076 2356 2175 2413 ille
2204 2356 2561 2424 Paracletus,
2585 2372 2761 2427 quem
2795 2355 3018 2411 miserit
3040 2354 3412 2424 Dominus,ut
3442 2356 3724 2428 paulatim

2078 2446 2365 2518 dirigetur
2394 2449 2446 2501 et
2480 2447 2550 2500 ad
2586 2446 2904 2517 perfectum
2953 2445 3369 2516 perduceretur
3414 2445 3725 2517 disciplina

2075 2534 2446 2607 (ibid.)?Quid
2463 2535 2751 2590 enarratio
2773 2538 3008 2589 aetatum
3024 2533 3348 2605 disciplinae
3365 2534 3721 2602 christiana»,

2074 2623 2135 2679 in
2165 2624 2635 2695 quibusjustitia
2670 2625 2906 2678 demum
2941 2640 3043 2695 per
3091 2624 3447 2678 Paracletum
3486 2640 3723 2696 compo-

2076 2714 2268 2768 nenda
2298 2714 2374 2768 sit
2402 2712 2460 2767 in
2495 2713 2893 2769 maturitatem
2924 2712 2950 2765 ?
2980 2712 3424 2783 Quid,inquam,
3459 2713 3578 2767 haec
3600 2730 3721 2768 om-

2074 2802 2173 2856 nia
2204 2801 2383 2871 aliud,
2416 2818 2595 2872 quam
2622 2800 3048 2856 Tertullianum
3074 2802 3333 2855 Montani
3357 2800 3716 2871 discipulum

2072 2895 2366 2946 testantur
2393 2891 2420 2945 ‘I
2450 2891 2556 2946 Sed
2602 2906 2787 2961 neque
2820 2890 2964 2944 illud
2999 2890 3187 2961 magis
3238 2890 3553 2945 obscurum
3605 2895 3715 2961 est,

2073 2979 2330 3053 primum
2365 2980 2520 3035 hunc
2571 2980 2687 3035 fere
2742 2980 2937 3034 factum
2976 2995 3104 3033 esse
3136 2995 3309 3050 quem
3360 2979 3717 3050 conjunctus

2072 3086 2207 3126 cum
2230 3068 2595 3124 Montanistis
2617 3067 3247 3137 ediderit.Namque,ut
3271 3068 3342 3122 ab
3364 3067 3472 3122 hoc
3494 3068 3713 3135 ordiar,

1992 3189 2030 3229 λ
2068 3159 2269 3214 nullus
2298 3159 2415 3214 fere
2444 3158 2701 3213 estinter
2717 3174 2917 3212 omnes
2933 3159 3059 3227 ejus
3081 3157 3521 3212 Montanisticos
3543 3155 3710 3229 liber,

314 3210 442 3293 εωίί
470 3235 638 3289 ιευαιο
672 3210 966 3286 abundas
996 3231 1135 3283 item
1170 3226 1403 3319 ηρριῖθε
1424 3219 1692 3319 adulterii
1724 3216 1959 3318 ηοιιξίοθ
1988 3210 2031 3277 ο
2069 3210 2278 3319 {iis
2298 3210 3013 3318 ξέίεξο-ρεηένίω-δαιηνιςρέι
3038 3247 3108 3300 αα
3136 3210 3557 3300 defendenda
3589 3210 3708 3300 at:

316 3321 574 3380 traducit
604 3337 654 3375 c.
676 3322 741 3374 12
766 3337 779 3387 ;
812 3319 1017 3372 inediaa
1039 3335 1108 3372 ex
1138 3314 1379 3371 arbitrio
1405 3316 1676 3382 suscepta
1705 3307 1962 3363 maxima

318 3412 448 3468 laus
471 3426 538 3466 ex
565 3408 625 3463 h.
657 3407 696 3462 1.
731 3405 989 3462 cernitur
1019 3421 1068 3459 c.
1108 3405 1204 3459 13:
1241 3402 1538 3471 Afﬂictalio
1568 3398 1755 3453 carnis
1785 3396 1963 3450 hostia

321 3500 565 3556 Domino
615 3496 925 3569 placatoria
978 3510 1076 3564 per
1132 3490 1545 3546 humiliationis
1599 3486 1961 3555 sacriﬁcium,

324 3605 447 3643 cum
478 3586 662 3642 sordes
691 3601 814 3639 cum
857 3585 1113 3653 angustia
1159 3581 1331 3635 victus
1378 3580 1610 3633 Domino
1660 3577 1794 3631 libat
1843 3591 1966 3630 con-

327 3684 482 3734 tenta
512 3675 755 3745 simplici
781 3672 988 3743 pabulo
1012 3684 1262 3743 puroque
1290 3682 1450 3739 aqua:
1470 3670 1625 3738 potu,
1670 3681 1793 3720 cum
1827 3665 1966 3733 jeju-

325 3766 425 3819 nia
448 3764 750 3835 conjungit,
782 3778 907 3817 cum
936 3761 1116 3816 cineri
1142 3761 1193 3813 et
1221 3773 1372 3812 sacco
1422 3757 1691 3811 inolescit.
1726 3760 1800 3809 De
1832 3756 1969 3825 fuga

321 3855 446 3923 jam
477 3851 846 3921 dixi.Negata
864 3848 1113 3919 denique
1145 3846 1438 3901 semotisa
1469 3846 1744 3900 societate
1775 3859 1967 3897 saera-

325 3941 729 4015 peccatoribus
771 3938 939 3994 venia
968 3954 1160 3992 nonne
1215 3941 1305 3991 est
1336 3935 1395 3989 in
1428 3934 1522 3988 his
1571 3932 1763 3987 verbis
1795 3948 1844 3986 c.
1881 3932 1967 3996 12,

325 4039 425 4095 ubi
443 4056 677 4095 omnem
700 4042 1077 4110 peccatorum
1102 4052 1265 4109 spem
1286 4052 1399 4090 non
1414 4034 1475 4088 in
1492 4033 1585 4088 via
1608 4033 1678 4087 ab
1697 4030 1966 4087 Ecclesia:

323 4129 626 4186 sodalibus
658 4128 976 4185 obtinenda
1008 4127 1190 4198 ponit,
1222 4126 1322 4181 sed
1356 4125 1412 4179 in
1456 4123 1643 4179 salute
1673 4138 1758 4190 ea,
1794 4138 1967 4190 quam

321 4215 641 4273 Christiani
672 4216 883 4271 horum
925 4214 1393 4271 emendationem
1445 4214 1849 4281 exspectantes
1880 4209 1966 4263 vel

322 4309 668 4377 exoptarent
697 4304 786 4359 vel
818 4308 1124 4360 exorarent
1158 4319 1173 4371 ;
1204 4306 1439 4372 propter
1487 4300 1640 4370 quod
1686 4316 1718 4353 a
1747 4298 1965 4369 oollego

320 4413 483 4452 sacro
553 4396 1042 4452 Montanistarum
1110 4394 1553 4465 exspectantum
1624 4389 1769 4443 nihil
1841 4393 1966 4443 erat

320 4484 489 4555 (Vide
520 4484 585 4540 de
612 4485 914 4549 Pudicitia,
946 4484 968 4538 l
996 4484 1183 4551 exin).
1219 4480 1324 4545 Qui
1352 4478 1841 4533 Montanistarum
1874 4493 1961 4531 er-

2072 3336 2350 3408 ciplinam
2384 3336 2875 3391 Montanistarum
2923 3354 2957 3391 a
2986 3335 3159 3407 culpa
3213 3335 3507 3404 novitatis,
3541 3351 3721 3407 quam

2072 3425 2123 3481 is
2162 3425 2231 3479 de
2282 3442 2396 3497 quo
2455 3426 2759 3497 quaeritur,
2812 3424 3103 3495 imprimis
3159 3430 3301 3480 sect.
3356 3425 3405 3485 1.
3440 3427 3509 3491 2;
3564 3425 3722 3495 quod

2075 3519 2227 3571 certe
2242 3516 2341 3569 dat
2366 3516 2488 3570 locu
2501 3532 2555 3569 m
2570 3513 2909 3586 auspicandi
2936 3532 3047 3569 non
3073 3514 3270 3585 inepte
3290 3512 3723 3568 Tertullianum

2074 3603 2252 3670 hunc,
2286 3621 2462 3675 quam
2517 3604 2775 3676 primum
2809 3620 2870 3659 se
2918 3603 3299 3659 Montanistis
3346 3602 3728 3673 adjunxerat,

2075 3693 2570 3764 oomposuisse,ut
2604 3694 2823 3748 crimen
2857 3710 2890 3747 a
2911 3709 2973 3746 se
3003 3709 3287 3746 novarum
3315 3708 3514 3747 rerum
3538 3708 3731 3746 remo-

2076 3788 2254 3837 veret.
2290 3782 2403 3839 Nec
2431 3782 2489 3836 in
2525 3782 2639 3837 ullo
2681 3780 2792 3836 alio
2846 3782 3032 3851 magis
3077 3780 3306 3835 videtur
3359 3780 3731 3835 Paracletum

2077 3871 2325 3941 ejusque
2373 3870 2694 3941 disciplinae
2745 3869 3001 3925 divinam
3050 3869 3333 3941 originem
3396 3869 3733 3938 defendere,

2079 3960 2192 4014 nisi
2224 3959 2280 4013 in
2314 3960 2422 4014 hoc
2447 3960 2595 4031 ipso;
2625 3976 2801 4031 quam
2826 3976 2939 4013 non
2972 3959 3143 4013 modo
3163 3957 3523 4029 agnitionem
3557 3958 3733 4012 Para-

2078 4048 2230 4113 cleti,
2291 4049 2391 4103 sed
2467 4049 2865 4103 defensionem
2941 4063 3075 4102 cum
3149 4046 3288 4101 alibi
3364 4046 3509 4117 (adv.
3589 4047 3732 4099 Pra~

2074 4153 2257 4202 meum,
2287 4153 2336 4190 c.
2374 4136 2448 4207 1.)
2481 4137 2635 4191 dicat
2665 4153 2727 4192 se
2759 4137 3121 4207 disjunxisse
3147 4152 3180 4190 a
3207 4134 3525 4206 Psychicis,
3553 4134 3729 4189 facile

2076 4228 2165 4279 est
2191 4223 2510 4294 intellectu,
2548 4230 2812 4280 nostrum
2849 4224 3084 4290 librum,
3116 4223 3177 4277 in
3211 4241 3324 4295 quo
3355 4222 3733 4278 vehementer

2076 4331 2208 4369 eum
2243 4315 2479 4385 quidem
2511 4315 2793 4383 defendit,
2826 4315 2976 4369 inter
3008 4313 3331 4385 primordia
3354 4312 3636 4383 temporis
3656 4312 3729 4366 ab

2074 4403 2202 4475 ipso
2235 4404 2389 4474 apud
2420 4404 2803 4458 Montanistas
2825 4403 2939 4457 acti
2971 4408 3276 4457 exaratum
3308 4401 3509 4456 fuisse.
3546 4405 3733 4471 Atque

2075 4490 2218 4546 illud
2253 4492 2588 4547 conﬁrmari
2625 4492 2827 4547 multis
2861 4490 3225 4563 argumentis
3256 4508 3370 4545 non
3405 4490 3734 4562 probabili-

322 4572 783 4644 rores,quamvis
818 4589 931 4627 non
957 4570 1184 4643 possint
1214 4568 1327 4623 nisi
1358 4585 1460 4639 per
1489 4566 1755 4637 quaedam
1787 4564 1962 4620 veluti

2079 4585 2192 4636 tate
2245 4582 2542 4637 destitutis
2595 4586 2806 4652 potest.
2866 4587 3053 4635 Prtmo
3110 4581 3218 4635 sub
3278 4580 3389 4634 isto
3464 4584 3732 4649 tempore

318 4660 627 4716 involucra
656 4661 717 4715 in
750 4661 858 4715 hoc
890 4658 1036 4714 libro
1062 4658 1313 4729 perspici
1348 4678 1360 4725 δ
1396 4664 1592 4711 tamen
1624 4671 1691 4709 ex
1722 4671 1787 4709 eo
1820 4653 1963 4709 nihil

318 4750 594 4815 efﬁcitur,
625 4748 739 4803 nisi
772 4748 927 4819 quod
961 4747 1054 4801 hic
1100 4745 1334 4801 libellus
1366 4745 1443 4800 sit
1488 4762 1557 4799 ex
1586 4760 1651 4798 eo
1682 4748 1964 4815 tempore,

316 4863 432 4918 quo
464 4846 565 4901 illa
598 4846 943 4903 Tertulliani
984 4845 1280 4903 contentio
1312 4846 1370 4899 in
1402 4844 1782 4899 defendendis
1805 4847 1962 4899 Mon-

314 4936 669 4992 tanistarum
717 4935 882 4991 scitis
938 4935 1023 4990 vel
1078 4935 1337 4990 nondum
1387 4939 1702 4998 exarserat,
1750 4932 1836 4989 vel
1868 4949 1959 4987 re-

315 5025 530 5080 stincta
561 5024 754 5095 aliquo
789 5025 959 5080 modo
991 5028 1135 5079 erat.
1170 5025 1327 5080 Aitas
1357 5023 1537 5096 igitus
1572 5024 1749 5090 hujus
1780 5021 1959 5077 libelli

313 5129 426 5167 non
462 5113 606 5169 satis
624 5120 779 5169 certa
804 5114 1081 5178 est.QUod
1119 5111 1958 5181 imminentejamChristianis

312 5200 569 5271 periculo
641 5202 896 5272 scriptus
957 5201 1051 5273 sit,
1115 5218 1229 5256 non
1301 5201 1620 5255 admodum
1670 5200 1954 5265 dubitem,

312 5289 527 5345 etenim
563 5290 759 5361 aliqua
790 5290 969 5362 hujus
1000 5290 1301 5346 sententia:
1335 5306 1447 5345 non
1492 5289 1689 5359 inepta
1720 5289 1863 5344 ratio
1895 5288 1953 5344 in

309 5376 438 5449 ipso
458 5377 589 5434 libri
607 5386 952 5450 argumento
972 5380 1302 5451 quaerenda.
1335 5380 1405 5432 At
1436 5395 1565 5432 vero
1582 5379 1955 5448 scripseritne

308 5466 477 5523 illum
511 5468 909 5523 Tertullianus
942 5469 1093 5522 inter
1125 5472 1317 5521 metus
1367 5467 1629 5539 Scapulae
1673 5470 1953 5523 adversus

307 5555 688 5627 Christianos,
720 5557 1046 5629 imperante
1094 5554 1411 5623 Caracallo,
1461 5558 1763 5629 excitatos,
1796 5557 1951 5629 quod

306 5645 516 5702 Allixio
548 5646 788 5720 placuit,
822 5664 893 5701 an
928 5646 1037 5701 sub
1069 5644 1299 5700 initium
1334 5646 1733 5701 calamitatum
1768 5646 1953 5718 publi~

2076 4671 2276 4740 scripti
2308 4677 2449 4725 sunt
2481 4671 2613 4725 libri
2644 4671 2711 4724 de
2745 4670 2909 4724 Cultu
2938 4671 3299 4739 feminarum,
3348 4673 3408 4723 ut
3460 4667 3571 4723 alio
3603 4668 3733 4722 loco

2075 4759 2551 4829 disputabamus,
2584 4759 2681 4813 isti
2710 4776 2842 4814 vero
2874 4759 3139 4829 ejusdem
3176 4774 3355 4829 prope
3402 4762 3543 4812 sunt
3590 4773 3733 4811 cum

2074 4854 2276 4903 nostro
2312 4850 2664 4919 argumenti.
2713 4850 2943 4917 Deinde,
2993 4864 3125 4902 cum
3179 4847 3419 4901 haberet
3463 4847 3732 4901 occasio-

2072 4952 2207 4991 nem
2240 4936 2379 4991 satis
2413 4941 2802 5007 opportunam
2829 4935 3136 4990 invehendi
3164 4934 3423 4989 severius
3446 4934 3505 4987 in
3528 4933 3729 4988 ortho-

2070 5025 2228 5080 doxae
2260 5025 2527 5081 Ecclesiae
2568 5026 2959 5091 addictorum,
3011 5022 3434 5078 nonnullorum
3486 5023 3727 5091 saltem,

2070 5114 2128 5167 in
2162 5114 2425 5168 velandis
2458 5113 2783 5184 virginibus
2826 5111 3312 5167 consuetudinem
3365 5110 3724 5165 contrariam

2070 5220 2210 5271 suae,
2243 5208 2437 5258 tamen
2472 5202 2565 5257 hic
2597 5202 2779 5257 multo
2832 5201 3154 5257 modestius
3205 5200 3495 5272 disputat,
3542 5216 3728 5270 quam

2066 5292 2123 5346 in
2158 5292 2289 5347 aliis
2320 5292 2419 5361 qui
2471 5297 2609 5346 sunt
2657 5290 2994 5346 orthodoxis
3039 5289 3316 5362 oppositi,
3366 5290 3546 5359 quod,
3605 5288 3730 5345 nisi

2065 5381 2219 5450 quod
2252 5379 2534 5433 vellemus
2584 5380 2949 5443 admittatur,
2990 5383 3271 5449 conceptu
3326 5376 3563 5432 difﬁcile
3592 5394 3729 5433 esse

2064 5469 2316 5540 quisque
2348 5469 2521 5534 dicet,
2558 5467 2655 5537 qui
2688 5467 3268 5524 vehementissimam
3302 5467 3632 5522 Tertulliani
3663 5468 3724 5523 in

2063 5560 2427 5615 defendendo
2506 5559 2898 5615 Montanismo
2986 5560 3168 5616 animi
3258 5557 3721 5614 commotionem

2062 5648 2299 5705 aliunde
2331 5647 2634 5717 intellexit,
2689 5650 2949 5722 Denique,
3000 5649 3239 5706 tametsi
3286 5647 3541 5704 multum
3573 5662 3715 5719 pro-
