4072 6190
257 333 347 394 205
1080 328 1179 389 AC
1222 327 1621 389 DOCTRINA
1666 326 2172 388 SCRIPTORUM
2215 328 2765 389 TERTULLIANI.

3426 334 3611 395 ο206

253 464 652 529 fuissetcausaa,
684 463 857 533 cujus
891 461 947 518 in
998 461 1147 518 libro
1191 464 1393 517 nostro
1451 461 1851 518 defensionem
1883 462 1931 528 D
1965 461 2136 529 dero;
2173 461 2326 516 unde
2360 460 2630 534 colligere
2662 462 2793 534 quis
2822 467 3044 535 posset,
3104 481 3239 521 cum
3289 465 3608 525 inclinasse

248 556 550 624 susceperat,
573 552 622 607 si
643 550 1045 607 calamitatum
1079 551 1443 623 publicatum
1466 556 1522 607 et
1561 550 1845 623 periculo-

248 661 343 701 rum
372 643 509 697 160
529 641 749 711 quibus
781 640 1085 696 christiani
1148 658 1182 695 a
1233 641 1472 697 deorum
1521 640 1849 696 cultoribus

250 733 644 799 objiciebantur,
696 731 1055 785 mentionem
1117 730 1435 800 iniecisset,
1488 731 1615 802 ipse
1670 730 1847 785 etiam

246 820 617 891 Tertullianus,
652 820 752 891 qui
784 818 930 875 nihil
956 820 1105 874 solet
1146 819 1417 875 omittere
1475 836 1665 875 causai
1732 836 1849 875 suae

246 911 550 983 proﬁcuum,
584 926 719 965 cum
772 908 912 963 illud
963 913 1381 981 argumentum
1430 909 1489 963 in
1556 908 1722 964 libris
1788 908 1851 963 de

245 1002 372 1058 Cultu
386 1002 723 1069 feminarum
745 1000 927 1054 nostri
951 998 1247 1054 similibus
1275 998 1635 1064 adhibuerit,
1653 1003 1847 1053 tamen

246 1092 319 1145 hic
338 1107 397 1145 ne
417 1106 529 1144 uno
562 1089 800 1160 quidem
835 1089 1004 1143 verbo
1053 1104 1150 1143 eas
1183 1087 1262 1142 ait
1294 1088 1606 1143 exstitisse.
1633 1088 1757 1151 Qua
1784 1105 1853 1142 ex

244 1196 289 1235 re
314 1177 488 1250 colligi
520 1181 733 1248 potest,
767 1194 899 1232 eum
932 1177 1215 1248 scriptum
1245 1192 1372 1232 esse
1396 1182 1686 1243 tum,cum
1718 1175 1849 1231 tali-

244 1271 331 1324 bus
356 1267 519 1323 malis
561 1285 674 1322 non
724 1272 919 1322 essent
976 1265 1282 1322 christiani
1341 1265 1625 1337 oppressi.
1675 1266 1852 1336 Atqui

241 1375 347 1413 cum
377 1373 505 1411 eum
535 1356 857 1411 dixerimus
902 1355 1291 1427 compositum
1351 1371 1479 1411 esse
1537 1359 1851 1427 postquam

240 1445 599 1501 Tertullianus
632 1462 694 1501 se
738 1444 1107 1500 Montanistis
1188 1445 1555 1515 adjunxerat,
1615 1448 1855 1516 apparet

237 1540 468 1590 nostrum
493 1533 710 1588 librum
747 1551 861 1590 non
912 1550 1083 1605 posse
1143 1532 1535 1604 antiquiorem
1590 1550 1717 1589 esse
1749 1550 1849 1587 an-

238 1642 295 1679 no
320 1626 407 1690 GC,
438 1624 723 1695 quoniam
754 1623 1181 1679 Tertullianum
1214 1622 1353 1679 alibi
1384 1624 1740 1678 docebamus
1787 1640 1852 1679 eo

234 1730 361 1769 anno
388 1714 452 1768 ad
488 1712 877 1769 Montanistas
910 1712 1250 1781 transiisse;
1287 1728 1475 1784 neque
1508 1712 1694 1768 multo
1718 1730 1851 1785 pos-

1960 555 2128 623 forte,
2161 554 2259 609 sed
2287 570 2390 609 nec
2422 556 2546 608 tum
2580 570 2641 609 se
2673 554 2999 626 applicasse
3033 557 3102 610 ad
3138 561 3329 626 partes
3382 557 3611 615 Monta-

1959 643 3002 713 nistarum,quemadmodumetillud
3024 644 3081 698 in
3100 644 3267 701 libris
3289 646 3357 700 ad
3383 648 3613 703 Uxorem

1960 730 2728 805 superiusdiximus.Atista
2754 734 3042 789 modestia
3066 735 3212 789 161
3245 735 3613 808 facilitasque

1961 822 2088 892 ejus
2120 824 2362 891 apparet
2393 821 2569 875 etiam
2599 821 2657 875 in
2690 820 2822 875 aliis
2864 821 3031 877 libris
3053 822 3210 877 haud
3263 823 3439 878 dubie
3470 830 3614 880 tem-

1960 928 2096 982 porc
2128 926 2193 965 eo
2226 909 2508 980 scrriptis,
2544 927 2657 983 quo
2681 912 2806 981 jam
2841 928 2903 966 se
2962 911 3286 983 disciplina:
3346 914 3609 971 Montani

1961 999 2361 1064 dediderat,et
2387 998 2858 1054 admirandanon
2891 998 3070 1055 nimis
3099 1004 3187 1055 est
3218 1000 3275 1055 in
3299 1000 3449 1056 libro
3482 999 3607 1069 tali,

1964 1088 2063 1160 qui
2096 1093 2183 1142 est
2216 1088 2396 1142 instar
2430 1087 2683 1159 epistolae
2724 1088 3020 1156 suasoriae,
3054 1088 3113 1143 in
3174 1105 3290 1160 qua
3346 1089 3607 1147 solemus

1963 1179 2047 1234 uti
2079 1177 2472 1233 summissiori
2502 1176 2845 1249 placidaque
2895 1178 3166 1245 dictione,
3226 1196 3291 1234 ac
3350 1180 3606 1252 scriptus

1960 1267 2190 1323 videtur
2220 1284 2333 1322 non
2366 1268 2437 1322 ad
2470 1266 2725 1339 aliquem
2752 1267 3257 1335 Montanistarum,
3317 1269 3416 1340 qui
3446 1286 3608 1326 seve-

1963 1358 2115 1412 riore
2146 1356 2454 1428 disciplina
2486 1355 2904 1428 delectabatur,
2941 1358 3040 1413 sed
3074 1358 3147 1413 ad
3178 1358 3495 1429 quemdam
3540 1359 3612 1416 de

1963 1446 2219 1502 Ecclesia
2251 1446 2708 1501 orthodoxorum
2742 1446 3066 1502 hominem.
3106 1448 3298 1517 Cujus
3357 1447 3441 1503 rei
3498 1464 3613 1505 non

1963 1536 2212 1591 obscura
2237 1540 2324 1590 est
2354 1535 2410 1589 in
2445 1535 2750 1608 principiis
2781 1534 2918 1591 libri
2950 1534 3324 1607 significatio,
3378 1536 3476 1591 ubi
3499 1537 3611 1592 fra-

1962 1630 2111 1679 trem
2142 1624 2303 1679 illum
2330 1624 2410 1679 ait
2462 1624 2588 1680 sine
2645 1624 2824 1680 dubio
2891 1625 2962 1679 de
2991 1626 3149 1679 exitu
3194 1625 3616 1695 singularitatis

1966 1715 2043 1784 (h.
2070 1730 2100 1769 e
2132 1714 2202 1769 de
2233 1713 2636 1769 restaurandis
2670 1713 2917 1785 nuptiis)
2948 1716 3228 1784 cogitare,-
3260 1716 3415 1786 quod
3452 1714 3611 1770 haud

232 1803 467 1856 teriorem
503 1801 705 1868 etiam,
738 1818 871 1856 eum
904 1818 1055 1856 anno
1075 1802 1225 1873 CCII,
1252 1801 1555 1856 calamitas
1587 1820 1619 1857 a
1649 1806 1853 1857 Severo
1889 1835 1936 1900 Β
1966 1803 2086 1858 scio
2136 1821 2206 1858 an
2268 1819 2380 1857 non
2441 1804 2611 1857 cadat
2667 1803 2726 1857 in
2785 1817 2918 1856 eum
2953 1802 3211 1874 quicum
3240 1804 3613 1861 Montanistis

233 1891 455 1946 excitatae
480 1891 613 1963 jam
646 1891 905 1963 ceperint
933 1890 1304 1947 initiumSed
1336 1908 1469 1946 eum
1503 1890 1721 1946 librum
1753 1908 1855 1947 no-

230 1978 422 2034 luimus
450 1980 613 2035 inter
642 1979 776 2035 illos
806 1980 1038 2047 referre,
1084 1996 1334 2052 quorum
1400 1985 1540 2034 aetas
1600 1979 1855 2035 certissi-

232 2084 307 2122 me
333 2073 625 2124 constaret
656 2074 981 2140 propterea,
1010 2070 1164 2140 quod
1225 2069 1607 2139 conjectando
1668 2068 1856 2141 magis

229 2173 383 2227 quam
408 2156 698 2212 adhibitis
727 2158 1078 2213 certissimis
1096 2157 1619 2230 argumentis,ejus
1652 2163 1854 2230 potue-

230 2250 345 2300 runt
373 2245 601 2301 natales
635 2245 936 2301 constitui.

283 2421 309 2492 §
336 2422 382 2477 3.
416 2454 485 2464 ——
522 2423 686 2477 Liber
708 2422 773 2479 de
799 2422 1201 2548 Exhortatfone
1220 2424 1512 2493 castitatis,
1560 2439 1708 2480 anno
1751 2424 1853 2478 201

903 2511 1075 2548 exora
1102 2511 1187 2548 us.

903 2511 1187 2550 exoratus.

278 2636 464 2708 Neque
496 2653 638 2693 vero
668 2637 750 2693 ita
781 2636 965 2693 multo
1006 2643 1139 2709 post
1162 2637 1363 2709 scripti
1396 2638 1668 2694 videntur
1721 2636 1856 2691 libri

214 2724 267 2791 ii,
298 2728 507 2798 quibus
554 2727 910 2783 domesticas
950 2727 1447 2783 Montanistarum
1492 2727 1789 2782 doctrinas
1823 2743 1857 2781 a

217 2822 544 2887 contemptu
578 2821 637 2871 et
677 2819 898 2888 impetu
945 2817 1261 2872 contrariae
1324 2816 1509 2888 partis
1565 2816 1857 2870 vindicare

213 2906 441 2972 studuit,
476 2905 691 2977 quales
729 2912 869 2960 sunt
895 2906 962 2960 de
1010 2906 1408 2961 Exhortatione
1451 2906 1745 2969 castitatis,
1794 2903 1858 2958 de

216 2992 571 3061 Monogamia,
612 2993 958 3061 deJejuniis,
1003 2995 1172 3065 deque
1230 2994 1507 3049 Pudicitia
1559 3007 1855 3047 commen-

214 3080 468 3137 tationes.
501 3085 666 3147 Quas
695 3098 823 3136 esse
844 3099 1047 3137 omnes
1063 3083 1264 3153 plenas
1278 3098 1542 3137 errorum
1576 3080 1854 3145 Montani,

216 3185 371 3224 nemo
402 3176 494 3226 est
527 3171 634 3241 qui
667 3172 917 3238 dubitet;
945 3179 1001 3227 et
1030 3190 1128 3227 eas
1161 3173 1269 3227 hoc
1299 3174 1415 3227 fere
1447 3177 1708 3241 tempore
1738 3169 1856 3223 h.e.

212 3258 524 3314 subinitiis
570 3259 949 3315 Montanismi
990 3261 1254 3331 Septimii
1321 3261 1633 3331 prodiisse,
1691 3258 1859 3312 dubi-

211 3347 308 3399 tari
335 3348 424 3402 vix
459 3349 662 3418 magis
706 3353 916 3419 potest.
977 3350 1136 3414 Quod
1196 3355 1534 3419 utrumque,
1592 3346 1859 3417 singulos

211 3432 305 3488 hos
355 3435 548 3491 libros
608 3438 1023 3507 percurrendo,
1086 3439 1338 3493 breviter
1381 3436 1744 3501 docebimus,
1790 3451 1859 3489 ne

208 3522 315 3579 hac
347 3532 574 3582 nostra:
595 3528 931 3597 scriptionis
964 3529 1400 3600 pars,quamvis
1427 3530 1500 3583 ab
1521 3527 1652 3582 aliis
1680 3527 1857 3581 etiam

208 3617 464 3683 tractata,
531 3615 859 3670 desiderari
915 3616 1200 3672 videatur.
1256 3622 1403 3672 Sunt
1440 3633 1576 3671 vero
1628 3616 1747 3683 isti,
1806 3614 1857 3669 si

204 3703 329 3770 quid
360 3704 566 3773 video,
599 3704 805 3758 eodem
839 3704 1041 3760 ordine
1069 3705 1231 3775 editi,
1265 3723 1380 3776 quo
1412 3721 1511 3761 eos
1566 3704 1859 3759 enarravi-

205 3805 324 3846 mus
358 3809 372 3858 ;
406 3792 495 3847 ita
526 3800 599 3846 ut
630 3791 839 3847 horum
872 3793 1099 3863 primus
1131 3795 1311 3849 videri
1342 3794 1528 3865 possit
1559 3792 1739 3863 is,qui
1768 3796 1859 3848 est

200 3880 256 3933 de
285 3882 700 3936 Exhortatione
730 3884 1021 3937 castitatis.
1056 3883 1161 3947 Qui
1194 3884 1429 3954 quidem
1465 3898 1578 3936 non
1612 3882 1861 3935 refertur

203 3971 264 4021 ab
291 3970 663 4042 Hieronymo
698 3969 899 4040 (Catal.
935 3971 1203 4041 scriptor.
1240 3972 1388 4026 Eccl.
1422 3988 1472 4025 c.
1514 3971 1605 4042 53)
1646 3972 1705 4024 in
1749 3986 1858 4023 nu-

201 4073 348 4113 mero
380 4058 690 4115 librorum
722 4076 870 4129 quos
895 4061 967 4115 ad
999 4060 1367 4115 defendenda
1397 4059 1655 4114 Montani
1715 4058 1860 4113 scita

201 4146 602 4203 Tertullianus
635 4148 1075 4218 composuerit;
1109 4155 1248 4204 sunt
1277 4150 1453 4204 etiam
1487 4149 1546 4203 in
1579 4149 1683 4203 hoc
1712 4147 1860 4201 libro

200 4250 317 4305 qua
345 4254 475 4292 rem
513 4253 636 4291 non
672 4236 818 4291 satis
847 4237 1159 4292 excutienti
1194 4238 1541 4309 persuadere
1598 4241 1858 4308 possent,

205 4325 467 4379 nondum
506 4331 643 4380 tum
677 4326 747 4379 de
780 4324 879 4379 illa
913 4325 1225 4397 disciplina
1294 4343 1427 4382 eum
1475 4326 1655 4381 fuisse
1687 4342 1700 4381 ε
1760 4325 1862 4380 sed

199 4427 256 4467 ea
287 4414 541 4484 quidem
579 4419 723 4469 sunt
756 4413 991 4469 leviora.
1025 4414 1169 4469 Nam
1203 4417 1355 4486 quod
1386 4416 1772 4483 Hieronymus
1803 4414 1862 4468 in

200 4501 382 4557 indice
416 4504 648 4558 horum
683 4502 970 4559 librorum
1004 4509 1273 4559 nostrum
1296 4522 1411 4559 non
1445 4504 1864 4574 habeat,hujus

1968 1909 2081 1948 non
2117 1891 2409 1965 legitimas
2452 1892 2692 1963 putabat
2749 1892 3039 1947 secundas
3096 1892 3353 1965 nuptias.
3412 1893 3612 1965 Neque

1966 1998 2071 2054 ego
2102 1982 2304 2054 ignoro
2336 1980 2682 2053 scrupulum
2721 1980 3081 2036 Tillemontii
3133 1982 3200 2054 (Ι.
3261 1999 3312 2050 c,
3345 1998 3399 2054 p.
3460 1984 3613 2055 202),

1966 2071 2067 2141 qui
2103 2075 2157 2125 et
2187 2086 2463 2143 magnam
2494 2069 2783 2142 sibiﬁngit
2812 2071 2963 2126 inter
2998 2071 3150 2126 hunc
3184 2075 3239 2127 et
3258 2071 3323 2127 de
3353 2077 3609 2144 Monoga-

1965 2161 2080 2216 mia
2110 2159 2599 2215 commentarium
2653 2158 3220 2226 dissimilitudinem,
3273 2177 3403 2232 qua:
3453 2160 3615 2216 nulla

1968 2250 2088 2304 fera
2117 2253 2205 2304 est
2235 2254 2386 2304 recte
2416 2248 2765 2320 attendenti,
2799 2252 2856 2304 et
2902 2249 3321 2321 praeteritatam
3376 2250 3613 2307 silentio

1967 2337 2227 2393 Montani
2270 2337 2615 2392 memoriam
2648 2338 2998 2395 miratur.At
3030 2354 3100 2394 ne
3121 2338 3412 2410 appellem
3441 2338 3612 2394 illum

1966 2426 2365 2497 locum,quem
2400 2442 2515 2481 non
2547 2441 2889 2497 expressum
2910 2426 3153 2482 inlibris
3169 2428 3387 2483 nostris
3419 2426 3609 2499 Rigal.

1965 2517 2085 2571 tius
2118 2514 2199 2586 (in
2225 2519 2344 2570 not.
2380 2515 2450 2570 ad
2484 2515 2543 2570 h.
2580 2515 2617 2569 Ι.
2651 2532 2707 2586 p,
2740 2516 2865 2583 414)
2900 2516 3179 2583 restituit,
3212 2517 3271 2571 in
3299 2533 3415 2588 quo
3446 2533 3616 2572 sum-

1967 2620 2071 2659 ma:
2105 2602 2377 2659 Priscilla:
2410 2604 2560 2659 vatis
2589 2603 3035 2674 Montanisticae,
3069 2603 3274 2661 laudes
3304 2605 3614 2661 continen-

1964 2696 2081 2759 tur,
2118 2709 2231 2746 non
2265 2692 2446 2746 fuisse
2479 2692 2804 2763 prudentia
2836 2693 2886 2749 ei
2945 2692 3187 2748 laudare
3247 2694 3613 2762 Montanum,

1967 2782 2066 2853 qui
2096 2780 2401 2852 repudiare
2432 2782 2560 2851 ejus
2608 2781 2980 2853 disciplinam
3012 2781 3341 2837 videbatur.
3394 2784 3503 2839 Sed
3564 2784 3615 2838 si

1967 2888 2083 2943 qua
2112 2874 2201 2925 est
2223 2870 2398 2924 etiam
2414 2869 3026 2936 aliadubitatio,omni
3057 2870 3141 2924 illi
3169 2872 3612 2943 opponipotest,

1966 2976 2083 3015 non
2111 2958 2301 3013 solum
2324 2974 2578 3026 summa,
2611 2958 2788 3013 etiam
2821 2959 2887 3013 ad
2922 2958 3096 3013 verba
3126 2958 3451 3015 similitudo
3480 2977 3612 3015 cum

1966 3046 2113 3100 libro
2143 3046 2205 3100 de
2234 3047 2574 3116 Monogomia
2608 3071 2621 3113 ;
2658 3062 2829 3117 quem
2864 3046 2981 3101 fere
3011 3045 3144 3101 libri
3177 3048 3361 3102 nostri
3412 3065 3617 3120 posses

1968 3135 2161 3189 dicere
2190 3132 2559 3207 παράφρασινς
2590 3134 2689 3190 sed
2724 3151 2958 3206 quoque
3008 3134 3088 3202 id,
3124 3135 3277 3207 quod
3318 3140 3410 3191 est
3453 3154 3501 3191 c.
3534 3138 3569 3191 6
3602 3154 3615 3192 :

1894 3205 1935 3271 C
1974 3225 2114 3277 Deus
2140 3226 2196 3278 in
2224 3205 2532 3294 primordio
2561 3228 2855 3278 sementem
2883 3225 3100 3292 generis
3156 3225 3342 3279 emisit
3391 3226 3620 3281 indultis

1967 3313 2353 3382 conjugiorum
2411 3312 2655 3377 habenis,
2732 3312 2900 3368 donec
2982 3312 3218 3367 mundus
3292 3314 3619 3386 repleretur,

1967 3399 2133 3454 donec
2162 3414 2317 3455 novae
2345 3398 2657 3470 disciplina:
2686 3402 2931 3455 materia
2956 3401 3278 3471 proﬁceret;
3310 3418 3457 3457 nunc
3493 3418 3620 3458 vero

1966 3488 2064 3542 sub
2095 3488 2541 3543 extremitatibus
2570 3491 2876 3558 temporum
2926 3491 3241 3560 compressit
3289 3490 3429 3561 quod
3474 3492 3620 3546 emi-

1966 3580 2134 3641 serat,
2165 3580 2217 3630 et
2243 3578 2510 3630 revocavit
2556 3576 2695 3647 quod
2744 3576 3068 3631 indutserat.
3125 3578 3325 3649 Neque
3372 3596 3504 3634 vero
3564 3584 3620 3635 et

1967 3681 2001 3719 a
2030 3664 2267 3719 veritate
2298 3664 2486 3736 magis
2518 3664 2867 3735 alienarum,
2895 3665 3111 3720 librum
3170 3672 3436 3723 nostrum
3499 3669 3616 3723 fere

1966 3755 2221 3825 primum
2254 3754 2673 3821 dicere,eorum
2696 3770 2943 3825 quorum
2970 3754 3165 3825 ipsum
3199 3762 3611 3829 argumentum

1966 3850 2232 3901 versatur
2260 3844 2319 3897 in
2353 3844 2735 3899 defendendis
2764 3844 3256 3900 Montanistarum
3289 3848 3608 3916 erroribus,

1966 3934 2109 3989 Nan.
2142 3933 2207 3987 de
2234 3934 2576 4003 Monogamia
2601 3932 2816 3987 librum
2851 3950 2966 3987 non
3016 3950 3333 4005 possumus
3381 3937 3608 4001 eodem,

1967 4038 2100 4078 cum
2134 4025 2351 4089 nostro,
2393 4026 2655 4091 tempore
2715 4023 2999 4093 scriptum
3056 4022 3425 4079 exsistimare
3481 4041 3609 4095 pro-

1969 4114 2166 4181 pterea
2192 4111 2369 4179 quod,
2406 4110 2487 4163 uti
2513 4110 2988 4179 dicebamus,est
3049 4127 3289 4181 prorsus
3345 4114 3611 4182 ejusdem

1971 4197 2323 4269 argumenti.
2366 4195 2585 4251 Deinde
2625 4202 2891 4251 nostrum
2951 4197 3180 4253 videtur
3223 4200 3619 4256 Tertullianus

1972 4288 2134 4358 prius
2160 4283 2671 4355 scripsisse,quam
2700 4284 2865 4339 illum
2901 4287 3023 4356 qui,
3044 4287 3090 4340 si
3118 4288 3245 4357 jam
3277 4289 3621 4357 exstitisset,

1972 4391 2106 4430 cum
2140 4391 2201 4428 se
2233 4374 2302 4427 ad
2339 4379 2603 4427 nostrum
2637 4374 3015 4430 scribendum
3048 4375 3398 4447 accingeret,
3433 4378 3617 4433 nostri

1974 4462 2269 4520 scribendi
2330 4460 2492 4516 nulla
2548 4462 2869 4518 necessitas
2926 4463 3155 4532 fuisset,
3222 4467 3324 4520 sed
3381 4466 3618 4522 fratrem

201 4550 381 4645 pg?"
417 4550 648 4558 ”“”““’
683 4550 970 4602 “”“”ῖ““”
1004 4550 1273 4559 “““““”
1297 4550 1411 4559 ’⁴”“
1445 4550 1862 4603 ’““”“”ἶ²”“·’“”
1897 4568 1942 4632 D
1974 4552 2140 4606 illum
2176 4550 2457 4621 potuisset
2514 4551 2585 4603 ad
2645 4552 3139 4607 commentarium
3171 4552 3236 4608 de
3267 4558 3627 4624 Monogamia

294 4596 499 4662 potest
568 4591 693 4646 haec
754 4599 900 4647 ratio
934 4610 1084 4659 esse,
1118 4594 1271 4663 quod
1300 4610 1415 4648 non
1445 4593 1689 4648 voluerit
1719 4609 1865 4646 euu-
1974 4644 2253 4663 ΔΑΜ---Μ
2293 4639 2358 4663 η,
2396 4637 2622 4663 Mm,“
2658 4639 2865 4663 “mam
2907 4640 3355 4663 ,τη-ωμιεηω,

1974 4644 2259 4710 tanquam
2292 4639 2363 4693 ad
2395 4637 2627 4709 publice
2655 4639 2871 4695 editam
2902 4640 3364 4712 disputationem
3422 4645 3629 4700 remit-

1978 4733 2121 4784 tere.
2155 4728 2260 4781 Sed
2297 4733 2565 4781 nostrum
2596 4726 2645 4782 si
2668 4728 2829 4799 prius
2863 4731 3149 4802 scriptum
3204 4748 3332 4788 esse
3381 4733 3629 4789 arbitre-

1983 4834 2137 4887 mur,
2172 4832 2286 4870 nou
2319 4818 2543 4886 poterat
2572 4816 2621 4871 is
2652 4819 3046 4873 commendari
3078 4820 3375 4891 Psychicis
3409 4839 3421 4876 :
3456 4822 3637 4894 siqui-

1985 4908 2118 4963 dem
2152 4921 2265 4959 non
2290 4904 2519 4975 publice
2550 4909 2694 4971 erat,
2728 4907 2827 4961 sed
2879 4909 3101 4978 privato
3125 4909 3299 4964 alicui
3367 4913 3637 4984 proposi-

1985 5000 2103 5050 tus.
2140 4993 2396 5064 Denique
2427 4994 2805 5049 ostendemus
2838 5001 3059 5066 postea,
3094 4996 3311 5053 librum
3340 4999 3404 5055 de
3453 5000 3631 5055 Mono-

1988 5084 2172 5157 gamia
2202 5099 2329 5138 esse
2357 5082 2473 5138 fere
2503 5084 2613 5138 sub
2648 5083 2885 5138 initium
2927 5085 3330 5142 calamitatum
3381 5090 3452 5144 ab
3513 5090 3642 5161 ipso

1990 5174 2197 5229 Severo
2229 5188 2365 5227 ann.
2397 5172 2536 5228 CCII
2559 5172 2939 5228 excitaturum
2965 5174 3639 5251 scriptum,cazterosque

1990 5261 2290 5333 Psychicis
2323 5261 2589 5318 consulto
2620 5261 2919 5334 oppositos
2976 5264 3328 5335 posteriores
3387 5283 3517 5324 csse
3578 5284 3643 5323 eo

1994 5354 2057 5408 de
2088 5352 2426 5422 Monogamia
2461 5369 2473 5417 ;
2508 5351 2704 5425 itaque
2728 5368 2962 5408 necesse
2993 5358 3081 5408 est
3111 5356 3644 5424 credere,nostrum

1995 5442 2061 5496 de
2093 5441 2499 5497 Exhortatione
2540 5443 2808 5499 castitatis
2866 5443 3084 5499 librum
3126 5444 3259 5500 illos
3318 5451 3482 5502 astate
3528 5446 3645 5499 fere

1999 5546 2295 5601 superare.

202 4695 422 4735 merare
457 4680 588 4736 nisi
621 4680 806 4736 libros
838 4698 935 4736 eos
968 4699 1114 4752 quos
1144 4682 1476 4753 opponendi
1535 4681 1870 4736 orthodoxis

204 4767 521 4822 consilium
562 4767 927 4824 Tertulliano
962 4770 1070 4824 fuit
1104 4787 1116 4835 ;
1146 4771 1195 4825 is
1227 4787 1359 4825 vero
1390 4771 1453 4825 de
1482 4771 1873 4825 Exhortatione

202 4860 471 4912 castitatis
501 4857 664 4912 liber
698 4873 810 4911 non
842 4858 914 4911 iis
948 4859 1255 4929 oppositus
1288 4864 1397 4923 est,
1454 4860 1554 4914 sed
1618 4859 1875 4929 scriptus

208 4945 274 4997 ad
300 4946 656 5001 docendum
695 4946 932 5001 fratrem
968 4947 1163 5003 nescio
1195 4964 1575 5019 quem,quem
1610 4964 1723 5003 non
1753 4952 1875 5002 tam

205 5036 520 5090 confutare
554 5035 632 5088 de
664 5034 890 5105 nuptiis
922 5038 1252 5107 repetendis
1286 5036 1639 5108 cogitantem
1670 5036 1875 5101 voluit,

207 5138 377 5191 quam
418 5123 499 5178 ad
540 5123 907 5179 omittendas
939 5124 1080 5179 istas
1112 5125 1427 5180 adhortari.
1463 5126 1743 5181 Praeterea
1765 5142 1879 5180 non

203 5212 482 5283 equidem
523 5210 786 5277 inﬁcior,
818 5214 963 5267 satis
995 5212 1088 5267 hic
1119 5214 1417 5268 modestiae
1450 5218 1505 5269 et
1566 5215 1697 5286 plus
1754 5230 1882 5269 esse

205 5317 379 5371 quam
416 5300 481 5354 in
520 5300 783 5367 caeteris,
818 5302 916 5371 qui
947 5302 1277 5356 doctrinam
1310 5304 1569 5374 aliquam
1592 5303 1879 5359 Montani-

199 5396 429 5447 starum
451 5388 1004 5461 disputant,ipsum
1029 5393 1206 5446 etiam
1236 5391 1661 5447 Tertullianum
1693 5392 1752 5446 in
1777 5393 1885 5447 hoc

200 5478 345 5535 libro
378 5478 660 5535 suadere
691 5478 882 5550 magis
912 5483 967 5534 et
1008 5479 1149 5534 utile
1208 5479 1639 5550 honestumque
1697 5480 1886 5533 dicere

205 5583 389 5623 unum
426 5567 582 5637 conj
598 5566 825 5637 ugium,
858 5584 1035 5638 quam
1067 5568 1381 5639 perfectam
1415 5567 1887 5624 intermittenda-

206 5672 333 5711 rum
366 5654 798 5713 secundarum
844 5655 1175 5728 nuptiarum
1229 5656 1639 5715 necessitatem
1690 5654 1889 5713 defen-
