4072 6190
361 349 483 411 207

1446 350 1965 413 DlSSERTATlO
2009 352 2108 412 DE
2161 354 2363 415 VERA
2410 357 2691 420 JETATE

3658 363 3776 422 208

357 506 385 572 §
415 504 467 559 4.
501 533 568 545 -
595 503 754 557 Libri
781 503 853 559 de
896 501 1255 573 Monogamia,
1320 503 1560 569 Jefuniis
1619 512 1670 558 et
1723 502 2000 558 Pudicita.
2031 486 2087 553 Α
2113 486 2217 554 Iit»
2251 505 2378 559 qua?
2409 508 2525 546 non
2565 494 2883 550 admOdum
2918 495 3296 551 recentiorem
3336 495 3494 551 hunc
3549 495 3769 552 librum

940 590 1076 629 ann.
1099 575 1205 628 203
1234 576 1451 646 scrpitit

423 714 757 772 Devolvitur
784 730 919 787 ergo
950 716 1135 771 oratio
1159 720 1358 772 nostra
1389 718 1461 771 ad
1496 716 1656 772 illam
1700 718 1763 772 de
1816 717 2003 771 Mono-

354 806 541 875 gamz’a
569 803 810 869 librum;
843 804 903 858 in
937 821 1052 875 quo
1084 821 1216 859 cum
1243 804 1433 860 ubivis
1464 804 1775 876 Psychicos
1808 806 2005 860 redar-

356 898 518 966 guat,
552 891 911 948 Paracletum
944 896 1241 948 auctorem
1272 910 1447 948 suum
1482 898 1553 963 (c.
1588 897 1619 948 4
1649 893 1774 948 init.
1804 896 2007 964 cap.14

357 983 505 1054 eaet.)
537 998 669 1037 cum
701 998 847 1037 nova
877 982 1184 1053 prophetia
1216 982 1503 1049 decantet,
1525 999 1783 1054 suosque
1813 989 2007 1054 crepet

356 1071 874 1144 spirituales,162
904 1071 985 1125 ita
1015 1076 1250 1143 propter
1281 1072 1642 1143 agnitionem
1682 1072 2004 1127 charisma-

354 1166 483 1217 tum
516 1159 861 1231 appellatos,
895 1160 1148 1231 denique
1180 1160 1237 1214 in
1270 1160 1691 1232 impugnandis
1731 1161 2005 1216 secundis

353 1250 574 1321 nuptiis
591 1254 898 1304 consumat
930 1248 1409 1315 universum,non
1436 1264 1673 1304 necesse
1703 1249 2007 1305 estmultis

351 1338 510 1393 hunc
531 1338 748 1391 librum
780 1352 1039 1392 asserere
1062 1336 1633 1392 Montanisticis.Sed
1657 1337 1893 1408 paulum
1913 1338 2007 1409 ju-

348 1431 444 1481 vat
474 1427 532 1481 in
562 1429 797 1496 tempus
829 1424 1224 1497 scriptihujus
1253 1427 1660 1481 commentarii
1687 1426 2002 1497 inquirere.

351 1514 497 1569 Cum
532 1513 699 1567 illum
731 1513 925 1568 locum
957 1512 1121 1568 Pauli
1151 1530 1265 1583 quo
1289 1512 1707 1569 abstinentiam
1742 1514 2005 1584 anuptiis

349 1602 557 1658 suadet
582 1605 820 1673 propter
850 1601 1068 1671 injuria
1097 1600 1154 1655 in
1188 1601 1349 1656 illius
1380 1601 1685 1673 temporis,
1719 1619 1835 1673 quo
1866 1604 2007 1657 sub-

339 1691 478 1761 jecti
509 1690 813 1745 christiani
842 1694 1010 1745 erant
1042 1689 1436 1761 periculorum
1469 1690 2006 1762 perpetuitati,Ter-

350 1778 641 1835 tullianus
672 1781 744 1834 ad
775 1796 1016 1835 causam
1034 1796 1203 1835 suam
1225 1780 1809 1849 contorsisset,magis
1836 1797 2003 1845 nunc,

2114 575 2548 637 calamitatibus
2570 599 2603 637 a
2633 588 2839 639 Severo
2859 583 3320 641 Christianorum
3357 584 3592 640 familiae
3616 585 3771 640 infli-

2115 665 2247 732 ctis,
2280 684 2497 723 annum
2530 670 2713 742 igitur
2743 672 2996 728 natalem
3029 673 3207 742 huius
3227 672 3358 728 libri
3435 674 3551 730 fere
3589 674 3773 731 CCIV.

2116 760 2217 810 aut
2246 763 2614 829 sequentem,
2651 763 2989 829 ostendunt,

2114 929 2143 1001 §
2173 931 2226 984 5.
2258 962 2328 972 ——
2359 934 2515 987 Libri
2540 933 2798 989 adversus
2826 940 3125 1004 Praedam,
3160 936 3560 1006 Hermogenem,
3606 940 3658 991 et
3704 936 3771 990 de

2444 1005 2663 1076 Anima,
2698 1022 2843 1061 anno
2875 1009 3001 1075 204,
3026 1008 3113 1062 vel
3137 1008 3244 1061 205
3273 1005 3429 1062 editi.

2187 1154 2301 1208 Hos
2334 1158 2592 1211 nondum
2611 1158 2726 1212 fere
2744 1158 2922 1214 libros
2937 1162 3141 1214 contra
3160 1158 3476 1215 Ecclesiam
3495 1159 3771 1215 orthodo-

2114 1258 2246 1296 xam
2273 1244 2422 1298 163
2453 1247 2799 1314 confecerat,
2823 1263 2956 1301 cum
2989 1246 3084 1301 alii
3106 1265 3167 1303 se
3188 1248 3383 1318 generi
3418 1247 3771 1319 disputatio-

2116 1347 2255 1385 num
2278 1332 2557 1388 adversus
2591 1334 2889 1390 haereticos
2922 1336 3177 1391 dederet.
3230 1336 3495 1407 Namque
3553 1335 3767 1391 horum

2115 1420 2408 1475 doctrinas
2438 1421 2605 1477 libris
2638 1426 2841 1479 statim
2876 1425 2988 1479 sibi
3022 1425 3303 1495 subjectis
3334 1424 3769 1480 Tertullianum

2114 1511 2461 1579 exagitasse,
2482 1528 2593 1565 non
2628 1512 3398 1583 abhorretavero,quoniam
3424 1514 3535 1585 ipsi
3550 1514 3607 1568 hi
3633 1514 3768 1569 libri

2114 1598 2378 1653 eamdem
2405 1599 2521 1654 fere
2549 1604 2779 1655 aetatem
2811 1618 3026 1674 magna
3054 1604 3161 1657 sub
3193 1607 3401 1657 Severo
3433 1604 3770 1659 calamitate

2113 1686 2579 1742 Christianorum
2642 1688 2811 1758 paulo
2868 1690 3247 1761 posteriorem
3287 1690 3595 1761 produnt;
3626 1696 3684 1745 et
3715 1692 3765 1746 si

2115 1775 2250 1845 quis
2272 1777 2618 1845 conjectures
2649 1777 2881 1832 dandus
2920 1783 3009 1833 est
3031 1777 3217 1847 locus,
3253 1795 3369 1833 non
3403 1779 3598 1850 inepte
3625 1780 3762 1850 quis

351 1869 537 1935 addit,
558 1873 769 1940 tempus
800 1871 860 1922 in
880 1869 1097 1924 collecto
1127 1867 1560 1940 esqc,3),neque
1590 1868 1683 1923 his
1714 1868 2001 1940 ipsisver-
2033 1860 2080 1925 B
2108 1862 2532 1918 Tertullianum
2574 1872 2922 1921 concentum
2952 1882 3087 1921 cum
3140 1883 3273 1922 vera
3303 1865 3559 1922 Ecclesia
3584 1884 3763 1923 suum

349 1956 440 2011 bis
462 1957 708 2012 obscure
730 1955 1311 2028 significatmagnam
1325 1962 1733 2029 tempestatem
1756 1958 2001 2013 calami-

345 2049 536 2101 tatum
566 2050 712 2112 tum,
746 2061 879 2100 cum
913 2047 983 2101 de
1024 2047 1399 2117 monogamia
1430 2047 1728 2112 scriberet,
1755 2047 1813 2102 in
1845 2047 1996 2102 chri-

346 2135 569 2189 stianos
601 2134 863 2190 irruisse.
895 2135 1056 2200 Quod
1113 2135 1346 2189 etiamsi
1379 2134 1514 2205 quis
1545 2135 1763 2189 diceret
1820 2137 1997 2191 etiam

352 2224 465 2278 dici
497 2240 529 2279 a
556 2222 912 2279 Tertulliano
944 2222 1205 2294 potuisse
1237 2223 1399 2279 nulla
1429 2223 1620 2278 adhuc
1668 2224 1999 2280 calamitate

343 2311 581 2383 publica
601 2311 660 2366 in
693 2311 1049 2367 christianos
1080 2310 1565 2377 exsistente,illud
1586 2316 1780 2367 tamen
1814 2312 1997 2368 multo

342 2404 452 2467 est,
485 2399 850 2471 probabilius
873 2404 1179 2472 pr0pterea
1192 2402 1349 2471 quod
1369 2400 1689 2456 admodum
1719 2401 1996 2457 credibile

345 2494 455 2544 est.
515 2488 941 2544 Tertullianum
992 2489 1191 2544 statim
1247 2490 1357 2544 sub
1418 2489 1654 2543 initium
1740 2491 1997 2562 suscepti

350 2578 729 2632 Mcntanismi
759 2578 1024 2632 animum
1050 2578 1122 2633 ad
1140 2577 1318 2649 hujus
1332 2576 1653 2649 disciplinae
1671 2578 1998 2634 doctrinam

346 2666 774 2722 defendendam
807 2665 1134 2738 appulisse.
1178 2666 1238 2721 Id
1299 2666 1348 2721 si
1391 2682 1592 2722 verum
1650 2667 1748 2735 sit,
1789 2666 1996 2723 incidit

343 2754 601 2826 profecto
635 2755 730 2810 hic
761 2755 907 2810 liber
937 2756 997 2809 in
1028 2770 1095 2810 ea
1134 2758 1399 2826 tempora
1428 2755 1643 2825 quibus
1683 2756 1808 2826 jam
1840 2755 1994 2827 ignis

341 2843 743 2899 calamitatum
760 2842 1132 2915 publicarum
1148 2843 1301 2898 inter
1313 2842 1662 2900 christianos
1674 2850 1988 2913 exarserat,

340 2931 459 2987 Hoc
490 2931 671 3003 igitur
699 2931 827 2987 loco
857 2932 998 2986 dum
1031 2931 1570 3004 requiraturqualis
1593 2932 1814 2987 vexatio
1834 2932 1908 2988 Ch
1921 2933 1993 2987 ri-

339 3019 670 3075 stianorum
703 3018 1088 3091 intelligenda
1117 3021 1214 3088 sit,
1247 3021 1637 3076 demonstrari
1673 3022 1785 3075 ista
1828 3020 1989 3077 nullo

336 3107 569 3181 negotio
601 3112 810 3179 potest.
842 3108 989 3163 Nam
1023 3112 1156 3178 post
1184 3108 1530 3163 Tertulliani
1573 3108 1645 3163 ad
1696 3109 1991 3164 Montani-

2112 1952 2171 2006 in
2205 1952 2380 2007 rebus
2411 1953 2482 2007 ad
2510 1953 2685 2008 ﬁdem
2720 1954 3152 2024 pertinentibus
3186 1955 3335 2026 ipsis
3364 1955 3456 2010 his
3478 1955 3764 2011 doctrinis

2110 2041 2389 2096 adversus
2412 2040 2714 2097 haereticos
2737 2044 3119 2099 defendendis
3133 2044 3479 2100 confirmare
3505 2044 3763 2101 voluisse

2110 2130 2346 2184 diceret.
2380 2131 2543 2185 Acin
2576 2130 2669 2184 his
2727 2131 2896 2187 libris
2955 2132 3119 2187 nulla
3176 2133 3409 2188 videtur
3465 2134 3766 2204 antiquior

2109 2218 2425 2289 disputatio
2449 2219 2551 2274 illa
2576 2236 2705 2291 qua
2739 2225 2829 2275 est
2859 2221 3138 2276 adversus
3171 2226 3473 2289 Praxeam;
3501 2238 3677 2292 quam
3703 2226 3763 2276 et
3844 2234 3851 2241 ‘

2103 2306 2334 2362 videtur
2390 2308 2565 2377 paulo
2609 2314 2745 2363 ante
2802 2308 3020 2364 librum
3078 2319 3267 2365 contra
3343 2311 3758 2366 Valentiniano:

2105 2396 2455 2467 conscripta;
2479 2413 2774 2468 nusquam
2800 2397 2955 2452 enim
2992 2398 3050 2452 in
3082 2398 3191 2453 hoc
3211 2400 3758 2470 Antipraxea,qnam

2102 2484 2191 2539 vis
2248 2500 2648 2556 saepenumero
2713 2488 3127 2543 Valentiniano:
3187 2492 3624 2553 commemoret,
3680 2489 3756 2543 ad

2101 2570 2321 2627 librum
2353 2573 2778 2630 Valentinianis
2833 2575 3167 2647 oppositum
3225 2581 3516 2647 provocat,
3577 2592 3755 2648 quem

2104 2678 2326 2717 morem
2357 2661 2525 2730 alias,
2558 2664 2615 2717 id
2641 2664 2817 2734 [quod
2849 2664 3124 2720 omnibus
3182 2665 3378 2737 ipsum
3419 2665 3755 2738 legcntibus

2100 2754 2349 2815 constat,
2379 2755 2576 2806 tenere
2606 2751 2755 2807 solet
2785 2752 3181 2808 Tertullianus
3216 2759 3310 2821 ;et
3339 2755 3492 2825 quod
3522 2754 3758 2809 videtur

2101 2840 2173 2894 ad
2197 2856 2266 2895 ea
2299 2856 2425 2910 quae
2486 2840 2764 2905 diximus,
2797 2841 3203 2897 conﬁrmanda
3229 2844 3754 2900 accommodatius.

2102 2928 2354 2983 Praxeas
2388 2929 2438 2984 is
2470 2933 2595 2984 erat
2624 2929 2954 2998 haereticus,
2986 2947 3158 3001 quem
3210 2930 3575 2986 Montanistae
3633 2931 3753 2986 sibi

2096 3016 2270 3089 longe
2301 3017 2785 3073 molestissimum
2817 3022 3020 3091 putare
3052 3020 3361 3086 debebant,
3397 3020 3675 3092 quoniam
3699 3021 3753 3076 is

2097 3105 2246 3176 ipse,
2281 3110 2670 3177 prmterquam
2694 3107 2849 3177 quod
2882 3124 3137 3163 errorem
3159 3109 3434 3164 doctrinas
3457 3109 3753 3165 deTriade

335 3201 456 3251 stas
490 3196 882 3251 secessionem
916 3212 983 3252 ea
1012 3202 1249 3268 repente
1283 3197 1500 3252 exstitit
1531 3213 1723 3252 rerum
1760 3203 1984 3268 pertur-
2017 3224 2059 3290 ρ
2100 3194 2479 3250 sanctissima
2509 3197 2819 3250 adversum
2854 3196 3360 3263 disseminaverat,
3382 3201 3760 3268 persuaserat

333 3283 699 3355 batio,quam
731 3289 975 3339 Severus
998 3288 1301 3356 Augustus
1324 3284 1511 3339 edicto
1525 3301 1630 3339 suo
1660 3285 1985 3341 concitave-

339 3374 647 3441 rat.Atque
668 3371 937 3427 haecum
958 3377 1145 3444 empta
1164 3372 1589 3438 ann.CClI,fere
1619 3378 1984 3444 postannum

337 3459 499 3514 CCIV
530 3459 791 3526 desierit,
813 3460 1134 3531 scriptique
1156 3460 1275 3516 sint
1309 3465 1442 3531 post
1472 3460 1689 3515 librum
1718 3465 1985 3517 nostrum

336 3546 472 3601 libri
526 3548 593 3603 de
673 3549 909 3619 Jejuniz’s
961 3547 1132 3618 deque
1205 3549 1519 3615 Pudicitia,
1572 3564 1685 3604 non
1769 3550 1987 3606 librum

339 3640 608 3692 nostrum
633 3636 904 3692 abhorret
930 3637 1013 3705 {in
1045 3652 1267 3691 annum
1317 3636 1432 3691 fere
1483 3636 1651 3693 CCIII
1703 3637 1989 3708 conjicere

341 3724 542 3795 Neque
598 3741 730 3780 vero
788 3740 986 3779 vereor
1056 3724 1194 3779 huic
1264 3726 1618 3795 subjungere
1674 3724 1842 3781 illum
1925 3727 1991 3782 de

342 3813 577 3882 Jejum'is
624 3812 863 3874 librum,
923 3828 1099 3883 quem
1134 3812 1513 3881 posteriorem
1546 3830 1675 3869 esse
1721 3813 1870 3869 libro
1926 3815 1991 3870 de

338 3902 680 3972 Monogomz‘a
709 3906 766 3956 et
794 3900 1035 3956 alteram
1060 3900 1235 3955 veluti
1268 3901 1686 3972 disputationis
1709 3903 1989 3958 adversus

340 3990 653 4061 Psychicos
671 3994 919 4061 partem,
941 3989 1178 4045 initium
1202 3990 1520 4044 istiuslibri
1545 3990 1688 4044 satis
1711 3991 1987 4061 ostendit,

338 4077 653 4149 ipsumque
674 4078 822 4133 illud
850 4079 1019 4133 docet
1050 4094 1162 4131 non
1187 4077 1268 4131 ita
1287 4077 1473 4132 multa
1503 4082 1636 4148 post
1664 4077 1830 4133 illum
1864 4080 1989 4134 edi-

334 4170 462 4223 tum
492 4185 525 4223 a
555 4166 911 4222 Tertulliano
943 4166 1145 4220 fuisse.
1180 4170 1277 4219 Est
1304 4164 1486 4235 igitur
1534 4164 1585 4221 is
1640 4181 1870 4237 quoque
1928 4167 1987 4222 in

338 4257 577 4327 publica
607 4257 855 4328 quadam
888 4254 1186 4311 vexatione
1230 4254 1551 4325 expositus,
1586 4271 1769 4325 quam
1803 4254 1987 4327 signi-

333 4346 507 4400 ficare
537 4345 674 4399 hinc
704 4345 858 4410 inde,
883 4343 1060 4399 veluti
1094 4343 1150 4397 in
1186 4351 1441 4398 extrema
1472 4342 1605 4397 libri
1639 4344 1985 4414 parte,vide-

333 4441 462 4497 tur;
493 4448 598 4487 nec
624 4436 814 4502 potest
838 4432 1121 4486 vindicari
1156 4448 1189 4486 a
1211 4430 1587 4486 Montanismi
1624 4431 1980 4503 suspicione,

331 4537 447 4575 non
481 4521 649 4573 modo
679 4526 915 4590 propter
947 4519 1104 4573 illam
1141 4518 1272 4573 libri
1305 4524 1555 4584 aetatem,
1589 4521 1690 4574 sed
1748 4525 1983 4592 propter

331 4608 611 4664 Paracleti
643 4607 818 4662 etiam
853 4607 1274 4673 defensionem,
1310 4623 1359 4671 c,
1397 4608 1483 4672 10,
1519 4623 1570 4661 c.
1608 4609 1694 4675 11,
1719 4624 1766 4663 c.
1802 4610 1889 4676 13,
1922 4614 1981 4665 et

329 4697 547 4753 bellum
572 4696 811 4766 Psychis
844 4694 1075 4767 publice
1098 4696 1156 4748 in
1190 4694 1299 4749 hoc
1331 4693 1479 4751 libro
1508 4696 1815 4752 indictum.
1850 4698 1980 4752 Post

326 4786 484 4841 hunc
542 4803 659 4841 una
717 4788 898 4841 restat
950 4784 1366 4839 commentatio
1428 4785 1723 4852 Psychicis
1782 4787 1976 4842 studio

324 4875 613 4947 opposita,
665 4892 732 4930 ea
769 4872 1058 4940 videlicet,
1094 4890 1218 4944 quia
1249 4877 1339 4929 est
1374 4874 1438 4928 de
1493 4874 1749 4929 Pudiclz'a
1807 4875 1975 4930 insti-

320 4967 464 5019 tuta.
498 4964 682 5027 Quam
714 4978 842 5018 esse
865 4966 1067 5016 contra
1087 4961 1450 5018 adversarios
1482 4962 1978 5018 Montanistarum

321 5053 605 5126 scriptam
660 5067 830 5106 nemo
876 5067 1136 5121 unquam
1195 5051 1503 5114 dubitavit,
1558 5067 1663 5107 nec
1709 5052 1976 5107 dubitare

319 5142 452 5212 quis
484 5145 697 5212 potest,
725 5144 1030 5211 propterea
1045 5140 1198 5209 quod
1225 5140 1351 5210 ipse
1380 5139 1525 5193 illud
1579 5139 1977 5195 Tertullianus

318 5244 498 5299 seque
529 5229 790 5284 alienum
825 5244 859 5283 a
889 5228 1165 5284 societate
1224 5227 1639 5299 Pyschicorum
1670 5230 1979 5299 profitetur

316 5333 367 5373 c.
402 5319 509 5382 1,0.
532 5318 587 5384 6,
619 5318 901 5383 c.10,c.l6
933 5322 983 5371 et
1015 5318 1181 5386 eam).
1205 5316 1466 5386 Suntque
1500 5318 1686 5371 multa
1716 5318 1803 5372 vel
1827 5318 1975 5373 libro

313 5405 428 5479 ipsi
460 5406 751 5477 impressa
772 5406 847 5477 (c.
881 5406 969 5477 22)
1002 5405 1088 5460 vel
1119 5404 1357 5459 aliunde
1387 5410 1540 5458 certa
1569 5405 1756 5476 signa,
1778 5405 1977 5476 qualia

314 5495 518 5551 Orsius
549 5494 633 5567 (in
656 5495 797 5550 Diss.
830 5493 894 5548 de
922 5509 1056 5562 pace
1084 5501 1135 5549 et
1155 5490 1394 5547 absolut.
1422 5493 1749 5563 capitalium
1787 5496 1976 5550 crimi-

313 5601 472 5655 num,
522 5600 564 5639 α
624 5583 893 5640 catholica
950 5582 1200 5637 Ecclesia
1246 5581 1420 5636 tribus
1466 5582 1977 5650 prioribussaeeuli':

313 5688 424 5727 non
454 5673 747 5742 denegata,
809 5688 859 5726 c.
893 5671 944 5736 4,
973 5670 1241 5741 ιᾶὶενθεε.
1276 5670 1330 5736 3,
1356 5686 1408 5740 p.
1438 5670 1541 5724 120
1591 5670 1705 5742 seq)
1763 5673 1975 5743 produ-

2101 3283 2277 3361 etiam
2301 3283 2573 3337 Pontiﬁci
2604 3284 3069 3355 Romano,quem
3102 3286 3206 3339 viri
3233 3286 3390 3341 docti
3422 3286 3567 3341 satis
3587 3288 3759 3342 .bene

2104 3373 2371 3427 Victorem
2400 3371 2583 3427 fuisse
2607 3372 2967 3443 existimaui,
2997 3378 3062 3427 ut
3083 3374 3209 3443 jam
3269 3378 3537 3445 paratam
3585 3374 3755 3429 Mon-

2099 3460 2334 3515 tanistis
2367 3475 2566 3530 pacem
2597 3461 2941 3531 refringeret
2969 3461 3103 3529 (vid.
3127 3477 3178 3517 c.
3225 3463 3297 3530 1).
3356 3466 3555 3533 Neque
3615 3479 3757 3534 ergo

2098 3547 2336 3603 difﬁcile
2364 3552 2454 3603 est
2475 3549 2975 3617 credere,initium
3009 3550 3478 3621 disputationum
3508 3567 3758 3607 suarum

2097 3635 2522 3692 Tertullianum
2582 3653 2616 3690 a
2654 3636 2988 3691 velitatione
3047 3654 3181 3692 cum
3239 3638 3456 3693 Praxea
3520 3638 3757 3695 fecisse.

2098 3727 2279 3791 Quam
2314 3740 2485 3780 nemo
2516 3724 3153 3796 negabitaTertullz’ano
3175 3727 3529 3783 Montanista
3569 3728 3757 3785 fuisse
3860 3792 3871 3799 ,

2098 3818 2456 3885 susceptam;
2480 3812 2675 3884 ipsum
2707 3812 2863 3868 enim
2894 3830 3126 3883 ,nomen
3178 3817 3569 3887 Psychicorum
3600 3818 3762 3889 (c.1),

2097 3902 2222 3974 ipse
2254 3902 2676 3967 Paracletus,in
2699 3918 2812 3974 quo
2832 3918 2894 3958 se
2918 3903 3130 3959 melius
3148 3906 3221 3959 de
3238 3905 3482 3960 veritate
3498 3906 3767 3977 mysterii

2100 3992 2408 4045 dssumma
2436 3992 2689 4045 maxima
2705 3991 2910 4046 Triade
2933 3992 3201 4047 edoctum
3232 3994 3677 4064 profitetur(c.2.
3696 4011 3752 4061 c,

2096 4080 2149 4146 8,
2174 4082 2331 4149 etc.),
2372 4080 2501 4149 ipsa
2533 4080 2786 4151 denique
2826 4080 3108 4150 professio
3167 4082 3529 4152 agnitionem
3581 4088 3762 4138 Para-

2096 4169 2225 4222 δίαιτ’
2245 4171 2301 4222 et
2322 4166 2720 4222 defensionem
2740 4169 3070 4237 sejunxisse
3087 4186 3147 4224 se
3166 4170 3509 4240 aPyschicis,
3525 4179 3762 4241 ponunt

2097 4255 2242 4310 illud
2259 4271 2439 4327 supra
2457 4271 2689 4311 omnem
2711 4257 3165 4313 dubitationem.
3182 4259 3285 4313 Sed
3307 4260 3379 4314 de
3410 4259 3540 4329 ipsa
3569 4259 3756 4331 hujus

2095 4343 2229 4399 libri
2260 4348 2425 4399 astate
2456 4361 2560 4399 nos
2584 4361 2696 4399 non
2730 4346 3019 4401 audemus
3051 4352 3449 4402 asseveranter
3490 4365 3751 4419 pronun-

2092 4434 2261 4504 tiare,
2293 4433 2580 4504 quamvis,
2614 4434 2663 4487 si
2695 4433 2808 4489 ista
2847 4435 3128 4490 adversus
3163 4440 3438 4491 Praxeam
3485 4436 3751 4507 disputa-

2093 4523 2173 4577 tio
2205 4522 2393 4594 prima
2421 4523 2687 4577 estinter
2737 4524 3195 4579 consertationes
3241 4541 3374 4579 cum
3436 4525 3749 4598 haereticis,

2087 4616 2262 4681 atque
2292 4610 2376 4664 ha:
2409 4616 2622 4666 secutae
2643 4616 2782 4668 sunt
2813 4613 3009 4667 statim
3040 4612 3221 4667 libros
3253 4613 3583 4669 orthodoxa:
3638 4619 3748 4670 Ec-

2085 4699 2271 4754 clesia
2319 4700 2643 4770 oppositos,
2710 4716 2863 4755 anno
2896 4701 3012 4756 fere
3044 4701 3225 4772 CCIV,
3249 4706 3351 4757 aut
3384 4704 3750 4774 V,assignari

2088 4806 2201 4844 non
2231 4788 2381 4843 male
2404 4789 2795 4859 possit.Hanc
2846 4790 3143 4861 excepisse
3201 4790 3415 4847 librum
3474 4793 3746 4849 adversus

2088 4877 2473 4945 Hermogenem
2502 4892 2615 4930 non
2652 4876 2972 4930 dubitarim
3004 4877 3231 4945 dicere;
3266 4883 3356 4932 est
3412 4879 3569 4933 enim
3632 4882 3744 4937 iste

2088 4964 2384 5036 antiquior
2414 4963 2560 5019 libro
2591 4964 2654 5019 de
2679 4966 2877 5020 Anima
2907 4970 2963 5019 et
3011 4964 3110 5021 illo
3169 4967 3433 5022 adversus
3496 4968 3746 5023 Valenti-

2087 5054 2318 5119 niamos,
2352 5058 2416 5105 ut
2442 5058 2642 5122 postea
2657 5054 3086 5124 docebitur,qui
3120 5071 3250 5108 cum
3287 5056 3597 5127 compositi
3625 5056 3750 5113 sint

2088 5142 2205 5196 fere
2254 5141 2571 5194 transactis
2634 5141 2933 5196 furoribus
2994 5143 3336 5208 Severianis,
3369 5144 3559 5199 eidem
3600 5161 3742 5202 cum

2087 5230 2443 5296 Antipraxea
2463 5244 2615 5282 anno
2630 5228 2979 5283 tribuendus
2999 5228 3231 5285 videtur
3252 5236 3449 5287 noster
3478 5231 3743 5302 libellus,

2086 5332 2256 5386 quem
2291 5333 2323 5369 a
2353 5314 2705 5369 Montanista
2731 5317 3067 5373 Tertullz'ano
3100 5319 3422 5389 profectum
3452 5335 3579 5375 esse
3603 5337 3741 5391 per-

2084 5404 2372 5459 acerbain
2433 5404 2709 5473 repetitas
2768 5405 2839 5459 ab
2907 5406 3242 5477 Hermogene
3311 5408 3547 5480 nuptias
3604 5425 3742 5465 ora-

2084 5492 2241 5547 tione
2265 5492 2337 5563 (c.
2366 5493 2538 5561 1)non
2571 5491 2818 5547 obscure
2849 5492 3282 5552 declarat.Huie
3312 5497 3487 5551 veluti
3519 5514 3743 5568 appen-

2083 5580 2273 5635 dicem
2306 5580 2533 5649 abjecit,
2566 5580 2718 5650 quod
2745 5580 2980 5638 initium
3001 5583 3134 5638 libri
3158 5589 3215 5639 et
3244 5584 3432 5640 multa
3462 5586 3578 5640 alia
3607 5585 3742 5644 loca

2084 5669 2312 5737 docent,
2355 5667 2570 5725 librum
2602 5668 2667 5726 de
2695 5671 2893 5729 Anima
2923 5672 3201 5730 refertum
3248 5674 3499 5733 somniis
3554 5675 3735 5733 innu-
