4072 6190
268 371 367 432 209

1097 370 1196 433 AC
1238 370 1632 431 DOCTRINA
1677 369 2178 432 SCRIP’I‘ORUM
2226 368 2777 431 TERTULLIANI.

3524 366 3647 427 210

268 502 631 571 merabilibus,
664 504 765 575 qui
810 504 986 561 habet
1033 504 1190 562 haud
1238 505 1451 561 dubias
1502 502 1871 559 Montanismi
1902 504 1955 570 Α
1986 507 2078 586 [ut
2109 502 2282 557 refert
2312 503 2618 571 Eusebius,
2654 503 2694 557 I.
2731 520 2779 558 ο.
2814 501 2915 558 lib.
2946 517 2999 569 v,
3060 502 3147 571 17]
3180 501 3353 556 etiam
3390 516 3451 556 se
3481 503 3641 557 Mon-

264 599 402 650 notas
442 592 594 664 (38);
647 594 749 648 sed
807 594 1059 649 fueritne
1110 595 1315 649 eodem
1374 595 1491 649 fere
1547 610 1680 647 cum
1734 593 1880 647 libro

264 684 505 739 adversus
529 682 951 753 Hermogenem
973 701 1146 749 anno,
1165 701 1236 738 an
1252 688 1384 755 post
1401 699 1621 737 annum
1641 683 1880 736 demum

262 771 441 826 CCVIII
470 772 753 842 scriptus,
790 771 935 826 illud
979 789 1111 827 vero
1161 774 1368 827 cadere
1403 774 1459 826 in
1507 770 1879 842 disceptatio—

257 877 367 915 nem
396 866 607 930 potest.
649 859 794 913 Nam
828 876 877 915 c.
908 862 980 913 2:
1037 863 1234 927 lnesse,
1271 860 1372 926 ait,
1420 861 1575 915 nobis
1602 859 1664 912 τὸ
1698 857 1879 929 αὐςεεξ-

258 947 411 1002 θύσων
441 950 781 1004 naturaliter
800 949 921 1020 jam
953 959 1006 1006 et
1055 951 1323 1005 Marciani
1351 950 1681 1005 ostendimus
1700 965 1719 1010 ;
1750 965 1878 1019 quae

254 1038 546 1109 disputatio
579 1039 641 1092 in
675 1038 845 1104 libro,
880 1040 1033 1094 164
1064 1039 1165 1110 qui
1199 1044 1408 1108 exstat,
1449 1039 1705 1093 adversus
1734 1038 1871 1092 Mar-

254 1130 434 1182 cionem
468 1127 747 1197 secundo,
782 1143 831 1182 c.
874 1128 929 1192 6,
978 1128 1270 1195 occurrit;
1327 1129 1429 1184 sed
1479 1131 1672 1199 potest
1701 1128 1877 1182 etiam

252 1234 278 1271 a
290 1214 632 1271 Tertulliano
655 1233 809 1271 unus
834 1215 979 1271 libro
988 1234 1050 1271 ru
1061 1233 1116 1271 m
1130 1226 1324 1272 contra
1340 1218 1669 1272 Marcionem
1680 1215 1879 1285 deper-

250 1306 482 1359 ditorum
515 1304 787 1377 intelligi.
822 1305 877 1359 Si
910 1305 1057 1361 illud
1100 1306 1400 1375 statueris,
1433 1307 1542 1361 erit
1570 1305 1634 1360 de
1679 1306 1877 1359 Anima

250 1392 466 1465 scriptio
492 1393 780 1464 posterior
796 1412 949 1450 anno
974 1394 1190 1450 CCVIII
1215 1394 1332 1462 ;sin
1352 1394 1683 1465 boc,potest
1698 1394 1874 1448 etiam

246 1489 361 1538 ante
388 1481 559 1537 illum
591 1500 811 1539 annum
843 1484 1133 1540 collocari.
1159 1485 1418 1548 Quarum
1450 1482 1873 1539 sententiarum

246 1572 367 1626 mihi
397 1572 592 1643 magis
624 1573 913 1643 posterior
933 1574 1215 1644 probatur
1239 1590 1251 1627 ε
1277 1588 1410 1627 nam
1433 1578 1497 1627 ut
1522 1570 1875 1642 appendices

244 1661 533 1729 librorum,
569 1662 761 1731 qualis
794 1666 881 1717 est
920 1667 1121 1717 noster
1162 1661 1422 1729 libellus,
1474 1661 1661 1732 magis
1692 1659 1873 1714 moris

241 1756 311 1804 est
336 1750 559 1814 statim,
598 1766 712 1805 non
744 1750 917 1821 longo
950 1756 1082 1821 post
1115 1756 1397 1821 tempore,
1445 1750 1515 1804 iis
1560 1750 1872 1818 subjicere,

1995 592 2231 647 tanistis
2291 595 2691 664 opposuerat),
2745 598 2919 663 atque
2966 596 3206 661 Irenwo,
3258 590 3645 660 scriptoribus

1991 680 2323 736 orthodoxae
2354 682 2640 737 Ecclesiae.
2692 682 2800 736 Sed
2854 681 3047 752 ipsam
3098 680 3277 750 hujus
3329 678 3463 733 libri
3507 682 3641 734 aeta-

1990 774 2107 824 tem
2141 770 2189 824 si
2225 771 2358 842 quis
2406 772 2687 827 subtilius
2736 774 3174 843 percunctatur,
3227 768 3371 823 satis
3414 768 3644 823 videtur

1988 865 2449 916 consentaneum
2476 862 2687 929 dicere,
2714 878 2845 915 eum
2879 877 3009 917 esse
3031 878 3147 916 non
3180 860 3261 915 ita
3292 859 3477 913 multo
3511 862 3643 930 post

1989 951 2241 1020 sopitam
2274 950 2526 1021 quodam
2562 951 2733 1005 modo
2752 949 3159 1005 crudelitatem
3194 949 3253 1002 in
3286 946 3641 1003 christianos

1988 1045 2310 1093 exaratum.
2334 1044 2480 1093 Nam
2494 1045 2550 1094 et
2572 1038 2997 1094 confessionem
3023 1037 3284 1093 veritatis
3306 1035 3638 1091 christiana:

1988 1128 2099 1181 sub
2131 1128 2519 1197 potestatibus
2557 1128 2730 1183 istius
2780 1127 2975 1182 seaculi
3026 1133 3082 1182 et
3111 1128 3265 1198 apud
3321 1125 3643 1181 tribunalia

1987 1217 2300 1287 praesidum
2335 1220 2536 1288 (quam
2588 1222 2756 1289 urget
2787 1234 2836 1271 c.
2886 1218 2976 1287 30)
3027 1217 3335 1272 defendere
3389 1232 3504 1270 non
3536 1215 3639 1270 ad-

1986 1306 2227 1360 modum
2260 1322 2499 1361 necesse
2530 1310 2673 1373 erat,
2710 1305 2825 1360 nisi
2855 1310 2981 1360 tum
3011 1305 3100 1359 vel
3134 1306 3328 1376 ipsum
3364 1303 3507 1359 illud
3541 1320 3635 1358 ca-

1985 1393 2327 1449 lamitosum
2358 1400 2613 1466 tempus,
2666 1394 2754 1448 vel
2808 1396 2958 1450 165
3012 1394 3140 1465 ejus
3190 1393 3319 1448 viva
3353 1391 3637 1447 memoria

1984 1482 2323 1551 exstitisset,
2357 1488 2413 1537 et
2442 1488 2549 1548 est,
2602 1488 2665 1538 ut
2716 1484 2887 1538 modo
2938 1483 3301 1550 dicebamus,
3353 1481 3445 1536 hic
3489 1480 3639 1536 liber

1984 1572 2186 1626 eodem
2220 1572 2337 1626 fere
2370 1588 2505 1627 cum
2536 1574 2829 1642 Scorpiace
2870 1576 3132 1642 tempore
3184 1571 3438 1641 scriptus
3471 1573 3637 1641 post-

1984 1676 2159 1731 quam
2206 1663 2367 1715 furor
2413 1661 2604 1716 Severi
2665 1660 2980 1715 restinctus
3031 1660 3240 1725 fuerat,
3297 1664 3357 1714 ut
3391 1658 3636 1715 historia

1983 1748 2159 1819 hujus
2190 1752 2472 1821 temporis
2503 1751 2688 1805 docet.
2740 1751 2939 1820 Itaque
2969 1749 3158 1821 placet
3205 1750 3275 1805 ad
3320 1748 3538 1802 librum
3569 1748 3635 1803 de

239 1838 311 1893 sic
337 1846 390 1893 et
419 1839 627 1894 eodem
662 1842 833 1894 modo
854 1842 916 1895 in
949 1840 1237 1911 Scorpiace
1259 1839 1510 1895 amissos
1534 1839 1661 1909 jam
1694 1838 1872 1892 libros
1902 1874 1950 1938 Β
1980 1840 2505 1911 Ρνέθδονίριίοηίὺω
2536 1840 2921 1895 haereticorum
2965 1838 3254 1911 progredi,
3287 1854 3460 1908 quem
3494 1836 3631 1891 huic

239 1927 475 1983 adversus
510 1930 839 1983 Marcionem
892 1930 1124 1994 excitat,
1159 1934 1215 1984 et
1262 1930 1373 1984 erit
1399 1929 1540 1983 ordo
1586 1926 1871 1981 librorum

237 2016 585 2084 Tertulliani,
648 2018 698 2071 si
747 2018 861 2072 ista
916 2017 1267 2072 admittatur
1312 2017 1623 2086 sententia,
1685 2014 1870 2070 multo

238 2106 581 2161 concinnior.
634 2107 860 2162 Etenim
914 2107 971 2161 in
1025 2106 1139 2161 ista
1194 2106 1478 2178 Scorpiace
1524 2122 1701 2176 quam
1737 2121 1868 2175 pro-

235 2196 487 2251 bavimus
539 2212 692 2250 anno
747 2194 909 2250 CCIV
950 2194 1229 2267 scriptam
1290 2196 1494 2264 fuisse,
1545 2194 1869 2259 haereticos,

232 2284 523 2339 Gnosticos
580 2288 637 2339 et
698 2283 1136 2340 Valentinianos
1195 2284 1466 2354 queritur
1523 2284 1870 2354 impugnare

230 2372 510 2443 supplicia
540 2377 750 2444 sponte
783 2392 815 2428 a
845 2373 1195 2429 Christianis
1240 2376 1477 2445 propter
1524 2370 1868 2442 religionem

232 2467 487 2533 suscepta
524 2464 601 2533 (ο.
665 2465 715 2529 1,
769 2480 821 2517 c.
873 2464 925 2527 4,
982 2464 1057 2531 3).
1105 2464 1213 2519 Sed
1267 2463 1327 2517 in
1359 2462 1507 2517 libro
1555 2461 1620 2516 de
1647 2462 1868 2525 Anima,

231 2566 272 2604 c.
303 2552 388 2619 55,
422 2555 614 2605 multa
644 2552 907 2622 disputat
937 2552 1007 2606 de
1037 2550 1223 2622 gloria
1254 2557 1598 2620 martyrum,
1632 2554 1689 2603 et
1733 2550 1869 2604 huic

230 2638 379 2703 libro,
415 2644 478 2694 ut
518 2646 719 2709 postea
750 2641 1073 2711 apparebit,
1099 2640 1298 2695 statim
1332 2639 1582 2710 subjecit
1610 2638 1870 2693 adversus

235 2727 645 2783 Valentinianos
688 2728 928 2793 librum,
983 2729 1042 2783 in
1096 2745 1229 2799 quo,
1279 2746 1327 2783 c.
1370 2730 1439 2783 30
1487 2728 1641 2796 init.,
1676 2728 1868 2797 impu-

225 2821 444 2885 gnatam
473 2816 563 2871 ait
592 2833 627 2871 a
670 2816 1095 2872 Valentinianis
1142 2817 1405 2888 martyrii
1437 2816 1864 2872 necessitatem.

222 2906 409 2975 Itaque
456 2906 609 2961 satis
666 2905 900 2961 videtur
956 2906 1184 2961 veritati
1236 2911 1717 2973 consentaneum,
1766 2921 1869 2959 no-

226 2998 396 3047 strum
423 2995 489 3049 de
526 2994 727 3049 Anima
773 3003 823 3050 et
868 2994 1133 3049 Adversus
1189 2995 1607 3050 Valentinianos
1650 2993 1867 3048 librum

224 3097 331 3135 non
362 3083 559 3138 multo
608 3088 742 3155 post
790 3083 1116 3154 Scorpiacen
1165 3100 1318 3139 anno
1364 3084 1481 3139 fere
1528 3082 1658 3139 CCV
1689 3081 1871 3137 fuisse

224 3171 639 3243 conscriptum.

1983 1927 2271 1997 subjicere
2302 1945 2416 1983 non
2449 1929 2791 1983 dubitamus
2820 1953 2832 1995 ;
2866 1926 3146 1998 quidquid
3196 1926 3372 1982 etiam
3403 1926 3462 1980 in
3494 1942 3632 1980 con-

1980 2016 2222 2072 trariam
2254 2023 2477 2088 partem
2510 2016 2924 2073 Tillemontius
2945 2016 3005 2087 (l.
3040 2034 3090 2072 ο.
3118 2020 3265 2088 part.
3298 2033 3379 2084 ιιι,
3414 2032 3473 2086 p.
3504 2015 3632 2080 203,

1980 2110 2038 2159 et
2068 2112 2187 2160 not.
2221 2107 2277 2174 6,
2326 2106 2385 2161 in
2434 2105 2755 2161 tertullian.
2808 2124 2865 2177 p.
2911 2106 3038 2177 656)
3069 2110 3125 2161 et
3174 2104 3519 2161 Whistonus
3550 2104 3634 2175 (in

1981 2195 2197 2266 scripto
2223 2212 2236 2249 :
2276 2197 2379 2251 The
2404 2199 2529 2249 true
2560 2197 2745 2266 origin
2776 2198 2840 2266 of
2863 2195 2951 2250 the
2994 2194 3279 2250 Sabellian
3330 2192 3442 2249 and
3468 2193 3635 2248 Atha-

1978 2286 2181 2338 nasian
2211 2286 2492 2340 Doctrz’nes
2521 2286 2585 2355 of
2605 2284 2699 2339 the
2744 2286 2983 2355 Trinity,
3028 2300 3083 2354 p.
3131 2285 3164 2337 3
3196 2282 3341 2353 seq.)
3366 2281 3629 2352 disputa-

1978 2372 2340 2428 verint.Nam
2370 2372 2520 2428 libro
2554 2391 2571 2427 ι
2599 2374 2876 2429 Adversus
2923 2373 3277 2438 Marcionem,
3328 2386 3456 2442 cap.
3490 2370 3540 2440 1,
3569 2385 3632 2426 se

1980 2461 2299 2532 aliquando
2331 2467 2707 2518 exaraturum
2741 2461 3053 2534 promittit,
3086 2459 3542 2533 disputationem
3566 2459 3633 2514 de

1978 2552 2410 2622 Praescriptione
2439 2552 2721 2607 adversus
2745 2549 3066 2617 haereticos,
3100 2567 3130 2605 e
3156 2566 3271 2621 quo
3294 2549 3403 2604 hoc
3436 2563 3632 2604 neces-

1981 2642 2135 2697 saria
2192 2641 2565 2697 conclusione
2616 2641 2866 2709 elicitur,
2925 2641 3165 2697 demum
3225 2644 3358 2712 post
3408 2655 3629 2696 annum

1979 2731 2186 2787 CCVIII
2242 2735 2509 2786 nostrum
2564 2729 2783 2785 librum
2857 2728 2973 2785 luci
3032 2730 3214 2784 fuisse
3271 2730 3626 2802 expositum.

1980 2821 2164 2890 Atque
2196 2819 2342 2874 illud
2374 2819 2595 2891 ipsum,
2632 2835 2820 2890 neque
2851 2822 3113 2890 tempore
3144 2835 3231 2885 eo,
3266 2835 3380 2889 quo
3411 2818 3630 2873 librum

1979 2913 2246 2963 nostrum
2296 2908 2702 2979 perscriberet,
2750 2922 3000 2962 vacuum
3052 2924 3086 2961 a
3132 2906 3629 2962 Montanistarum

1978 2998 2276 3053 erroribus
2343 2997 2525 3052 fuisse
2579 2996 2841 3051 animum
2910 2994 3254 3051 Tertulliani
3303 2994 3630 3051 clarissime

1980 3085 2254 3153 ostendit,
2289 3090 2354 3139 ut
2402 3102 2516 3140 non
2567 3084 2759 3140 dicam
2810 3084 3022 3139 horum
3070 3099 3334 3138 errorum
3384 3082 3630 3154 vestigia

1978 3192 2093 3230 non
2126 3174 2378 3230 obscura
2426 3174 2645 3229 essein
2693 3174 2803 3229 hoc
2852 3173 3022 3238 libro,
3072 3170 3249 3228 veluti
3281 3189 3329 3227 c.
3382 3172 3470 3239 40,
3503 3171 3625 3241 ubi,

219 3275 244 3342 §
268 3277 299 3329 6
326 3308 389 3317 —
418 3240 584 3334 [libri
612 3278 879 3333 adversus
904 3279 1317 3334 Valentinianos
1337 3278 1465 3333 etde
1483 3276 1867 3348 Praescriptio-

1980 3280 2110 3319 cum
2144 3264 2367 3329 doceat,
2404 3262 2580 3319 etiam
2614 3262 2941 3333 malignum
2973 3260 3213 3333 genium
3245 3259 3507 3315 aemulari
3539 3260 3627 3317 in-

280 3349 446 3431 nibas
465 3353 666 3431 _Carne
697 3350 908 3405 Christi
927 3356 975 3406 et
1004 3352 1439 3421 Resurrectione,
1462 3358 1584 3421 post
1603 3367 1737 3405 ann.
1758 3348 1865 3401 203

283 3428 473 3492 scripti
481 3462 493 3473 .

279 3526 425 3583 Ordo
490 3527 681 3599 igitur
709 3526 997 3583 librorum
1046 3527 1328 3599 postulat,
1358 3531 1423 3583 ut
1469 3544 1624 3582 nunc
1655 3527 1726 3582 de
1756 3525 1865 3581 hac

221 3616 698 3673 Valentinianoru
710 3634 760 3671 in
776 3617 1229 3688 reprehensione
1241 3618 1602 3672 dicamus.Et
1614 3632 1747 3671 vero
1765 3614 1866 3669 illa

214 3703 533 3761 defectione
594 3704 944 3760 Tertulliani
1004 3707 1075 3761 ad
1135 3705 1521 3761 Montanistas
1583 3704 1861 3759 inferior:

219 3794 353 3861 quod
387 3795 640 3866 quidem
675 3794 833 3848 dicta
879 3793 1017 3848 huic
1065 3793 1446 3865 disputationi
1479 3809 1720 3865 aspersa
1750 3808 1864 3847 non

215 3879 553 3951 planissime
586 3883 838 3948 docent;
892 3882 1038 3937 nihil
1080 3889 1168 3938 est
1216 3883 1373 3938 enim
1406 3883 1467 3937 in
1527 3882 1633 3937 hoc
1666 3881 1865 3936 libello

213 3968 633 4040 doctrinarum,
668 3972 823 4043 quod
859 3988 972 4026 non
1006 3972 1295 4044 potuisset
1334 3972 1507 4026 etiam
1562 3972 1635 4027 ab
1666 3971 1864 4025 ortho-

213 4055 345 4113 dnxo
378 4060 681 4132 proficisci
715 4085 729 4127 ;
764 4061 865 4115 sed
912 4064 1108 4115 tamen
1161 4060 1217 4114 id
1250 4064 1491 4132 apparet
1534 4059 1862 4131 dupliciter.

214 4148 461 4204 Primum
523 4150 685 4221 quod
709 4149 837 4221 jam
881 4166 939 4204 se
988 4149 1163 4211 dicat,
1197 4166 1247 4203 ο.
1303 4150 1367 4203 16
1414 4154 1681 4217 extrem.,
1730 4165 1865 4203 cum

215 4233 569 4309 Hermogene
597 4239 671 4292 de
703 4239 906 4293 eodem
943 4243 1122 4310 atque
1153 4254 1287 4293 eum
1318 4237 1743 4292 Valentinianis
1775 4254 1867 4291 ar-

212 4332 481 4394 gumento
502 4343 892 4399 congressum
915 4327 1119 4397 fuisse,
1142 4312 1266 4398 quia
1285 4326 1868 4395 Antithermogeniana

213 4412 526 4487 disputatio
560 4421 654 4471 est
683 4433 717 4471 a
748 4416 919 4471 nobis
950 4416 1121 4471 modo
1155 4415 1563 4472 Montanistico
1596 4413 1868 4486 scriptori

211 4509 426 4559 asserta
456 4522 471 4572 ;
508 4504 728 4559 deinde
751 4505 907 4576 quod
933 4505 1309 4560 vehementer
1335 4508 1518 4575 optat,
1553 4521 1601 4559 c.
1632 4505 1668 4558 5
1696 4510 1866 4574 extr.,

1976 3353 2313 3408 stitutiones
2344 3352 2609 3407 divinas:
2647 3352 2792 3420 Quid
2818 3350 2977 3424 quod,
3010 3350 3222 3421 inquit,
3254 3354 3306 3406 et
3352 3366 3629 3406 summum

1970 3438 2288 3511 pontiﬁcem
2319 3440 2375 3493 in
2408 3440 2535 3493 unis
2564 3439 2778 3510 nuptiis
2824 3440 3040 3508 statuit,
3074 3439 3235 3493 habet
3279 3443 3333 3492 et
3361 3438 3620 3509 virgines,

1977 3528 2139 3583 habet
2170 3536 2220 3583 et
2250 3530 2587 3584 continentes
2606 3545 2626 3588 ;
2657 3532 2714 3584 et
2742 3544 2871 3599 quas
2906 3532 3047 3583 sunt
3074 3527 3303 3600 generis
3331 3528 3616 3598 ejusdem.

1973 3619 2082 3672 Sed
2115 3634 2220 3689 age
2249 3618 2584 3690 aperiamus
2615 3634 2682 3673 ea
2714 3617 2924 3689 capita,
2958 3618 3114 3673 unde
3145 3616 3338 3672 omnis
3369 3617 3440 3672 ad
3471 3617 3622 3672 hanc

1976 3723 2212 3761 causam
2247 3706 2567 3776 disputatio
2600 3706 2673 3760 ab
2702 3705 2776 3760 iis
2807 3704 2907 3777 qui
2939 3710 3140 3761 contra
3189 3705 3453 3762 sentiunt
3483 3705 3624 3761 dici-

1975 3798 2088 3850 tur.
2124 3802 2203 3849 Ac
2236 3795 2494 3865 primum
2526 3794 2712 3861 aiunt,
2747 3794 2938 3849 locum
2982 3812 3015 3849 a
3064 3794 3233 3849 nobis
3266 3811 3296 3849 e
3346 3794 3491 3850 libro
3525 3795 3626 3850 ad-

1973 3902 2175 3940 versus
2194 3884 2544 3939 Marcionem
2564 3883 2880 3938 excitatum
2906 3883 3238 3955 significare
3260 3883 3431 3938 etiam
3458 3899 3629 3955 posse

1974 3973 2193 4029 librum
2247 3974 2373 4043 jam
2433 3971 2759 4042 scriptum;
2818 3970 3172 4026 Wisthonus
3230 3971 3406 4026 etiam
3468 3971 3629 4026 aliud

1976 4062 2307 4133 exemplum
2341 4061 2504 4133 ponit
2536 4059 2713 4131 hujus
2745 4060 3023 4131 loquendi
3080 4059 3258 4126 modi,
3293 4076 3398 4114 nec
3430 4075 3629 4115 neces-

1976 4151 2199 4206 sarium
2232 4150 2290 4203 in
2326 4167 2384 4204 re
2416 4149 2691 4204 omnibus
2724 4154 2881 4213 nota,
2917 4164 3020 4203 nec
3047 4147 3166 4202 ullo
3195 4147 3367 4203 modo
3396 4152 3628 4219 aptum,

1977 4258 2007 4295 e
2037 4239 2138 4294 lib.
2170 4256 2228 4304 v,
2262 4256 2310 4293 c.
2350 4239 2434 4292 19.
2470 4239 2582 4293 Sed
2609 4237 2755 4292 illud
2810 4236 3042 4292 defendi
3076 4253 3189 4291 non
3240 4235 3383 4291 satis
3415 4240 3627 4307 potest.

1975 4330 2122 4385 Nam
2157 4328 2623 4400 quotiescunque
2662 4324 3064 4381 Tertullianus
3110 4325 3365 4396 aliquem
3408 4324 3628 4380 librum

1969 4417 2095 4486 jam
2131 4433 2163 4470 a
2193 4433 2254 4472 se
2283 4416 2678 4486 compositum
2731 4415 2971 4486 profert,
3025 4430 3329 4485 nunquam
3363 4414 3629 4469 futurum

1979 4505 2220 4560 adhibet
2271 4504 2549 4575 loquendi
2598 4520 2805 4575 genus,
2854 4504 2956 4557 sed
3008 4502 3197 4559 ubivis
3246 4503 3630 4574 praeteritum,

211 4595 267 4643 ut
296 4592 407 4647 sibi
441 4593 693 4648 daretur
741 4595 978 4664 assequi
1032 4592 1339 4649 Proculum
1388 4594 1447 4647 in
1480 4593 1640 4648 omni
1672 4610 1863 4665 opere,
1897 4613 1947 4680 D
1978 4599 2154 4666 atque
2205 4595 2431 4660 eodem,
2495 4592 2721 4665 opinor,
2783 4592 2955 4647 modo
3014 4592 3289 4663 prateriti
3348 4593 3631 4664 temporis

213 4695 373 4749 quem
408 4686 467 4736 et
504 4683 745 4752 virginis
793 4691 1025 4740 senectw
1073 4690 1123 4738 et
1169 4682 1502 4739 Christiana
1542 4684 1867 4754 eloquentia

214 4767 543 4839 dignitatem
574 4770 849 4842 appellat.
894 4775 1062 4826 Hunc
1114 4771 1427 4828 Proculum
1461 4788 1566 4843 ego
1614 4789 1729 4827 non
1760 4773 1868 4827 du-

212 4855 318 4913 bito
371 4859 700 4914 Proculum
752 4859 920 4915 illum
981 4860 1402 4916 Montanistam
1452 4860 1655 4927 fuisse,
1697 4862 1867 4930 cujus

214 4952 389 5003 exstat
422 4950 590 5021 apud
643 4949 983 5015 Eusebium,
1017 4950 1120 5005 lib.
1170 4967 1245 5019 v1,
1282 4955 1352 5005 Η.
1406 4950 1489 5017 Ε.,
1543 4967 1592 5005 c.
1622 4951 1713 5013 20,
1749 4966 1867 5005 me-

212 5038 407 5103 moria,
442 5054 587 5093 cum
620 5043 859 5110 propter
880 5038 1115 5094 laudem
1147 5038 1498 5110 virginitatis
1531 5041 1866 5111 ejus,quam

212 5126 492 5195 tanquam
549 5126 892 5198 praeclaram
926 5127 984 5183 in
1034 5145 1099 5184 eo
1148 5128 1423 5184 virtutem
1474 5127 1868 5183 Tertullianus

214 5212 530 5285 collaudat,
585 5221 712 5270 tum
773 5221 1098 5288 propterea,
1148 5219 1299 5289 quod
1362 5218 1557 5288 ipsum
1600 5221 1867 5273 nostrum

219 5309 545 5375 nuncupat,
580 5304 923 5359 distinctum
946 5306 1053 5361 hoc
1076 5306 1312 5361 nomine
1335 5306 1500 5361 abiis
1523 5323 1670 5377 quos
1698 5307 1868 5361 modo

211 5386 580 5463 laudaverat,
611 5392 846 5449 JUStino
883 5401 1155 5468 martyre,
1193 5395 1452 5451 Miltiade
1483 5398 1870 5466 (Ecclesiarum

212 5480 479 5551 sap/testa,
528 5488 599 5537 ut
628 5484 707 5538 ait
736 5483 884 5539 forte
915 5485 1193 5541 incensus
1222 5485 1352 5540 odio
1384 5485 1564 5557 hujus
1592 5485 1723 5556 viri,
1768 5486 1870 5557 qui

278 5624 389 5696 (38)
425 5626 493 5680 E.
529 5641 585 5679 c.
618 5642 750 5681 cum
800 5643 848 5682 c.
899 5629 969 5682 55
1018 5634 1074 5684 et
1113 5630 1203 5684 58.
1259 5627 1535 5684 Paracleti
1567 5630 1785 5685 monita
1814 5632 1873 5684 et

214 5696 637 5753 testimonium
664 5697 898 5767 excitat,
937 5700 1270 5773 ibidemque
1313 5705 1371 5756 et
1399 5716 1450 5757 ο.
1481 5700 1516 5754 9
1562 5702 1704 5757 dicit
1731 5716 1871 5757 suos

1978 4684 2283 4738 flexionem
2318 4687 2713 4753 usurpaturus
2746 4681 2955 4737 fuisset
2985 4681 3477 4748 Tertullianus,ut
3497 4681 3634 4737 fecit

1979 4775 2049 4828 de
2079 4773 2187 4827 hoc
2212 4771 2362 4827 libro
2395 4770 2535 4827 alibi
2569 4772 2649 4842 (in
2683 4770 2833 4826 libro
2883 4770 2947 4825 de
2978 4770 3159 4826 Carne
3204 4771 3435 4837 Christi,
3471 4787 3517 4826 c.
3551 4772 3629 4842 2),

1979 4862 2027 4918 si
2058 4862 2223 4917 illum
2250 4862 2375 4932 jam
2410 4879 2443 4916 a
2475 4878 2535 4916 se
2566 4860 2957 4931 compositum
2989 4859 3269 4916 voluisset
3299 4860 3630 4915 dicere.Ne-

1979 4968 2092 5023 que
2120 4967 2253 5006 vero
2287 4949 2431 5003 illud
2484 4948 2681 5003 minus
2725 4952 2816 5003 est
2865 4953 3219 5016 contortum,
3270 4965 3404 5004 cum
3434 4948 3629 5004 locum

1978 5056 2043 5095 ex
2076 5038 2489 5095 Antimarcione
2533 5035 2943 5091 Tillemontius
2976 5041 3143 5108 putat
3190 5053 3493 5092 remanere
3526 5053 3629 5109 po-

1978 5128 2167 5184 tuisse
2212 5143 2244 5182 e
2291 5123 2458 5180 libris
2507 5124 2604 5192 iis,
2655 5140 2802 5196 quos
2852 5129 2987 5180 ante
3042 5125 3169 5195 hoc,
3229 5126 3383 5197 quod
3418 5128 3630 5191 exstat,

1980 5234 2127 5289 opus
2156 5216 2415 5272 adversus
2445 5214 2782 5270 Marcionem
2805 5213 2927 5284 jam
2963 5219 3165 5270 contra
3214 5231 3344 5270 cum
3380 5215 3631 5286 scripse-

1980 5311 2090 5362 rat.
2120 5306 2266 5360 Nam
2297 5307 2355 5360 et
2384 5302 2529 5357 illud
2566 5318 2724 5357 mera
2755 5302 3091 5372 conjectura
3134 5308 3223 5360 est
3264 5302 3427 5359 nullo
3461 5305 3632 5359 modo

1980 5393 2302 5468 probabilis
2330 5396 2655 5464 propterea,
2685 5391 2840 5462 quod
2865 5391 3286 5462 Tertullianus,
3311 5408 3443 5449 cum
3477 5410 3539 5449 se
3559 5393 3632 5448 ad

1981 5484 2322 5541 scribendos
2354 5486 2585 5537 nostros
2627 5480 2887 5537 adversus
2934 5485 3277 5541 Marcionem
3323 5483 3503 5539 libros
3536 5496 3633 5536 ac-

1983 5627 2277 5699 Spiritalia
2326 5625 2665 5709 charismata
2718 5642 3041 5709 agnoscere,
3094 5643 3158 5709 ac
3210 5637 3328 5697 post
3365 5625 3629 5679 Joannem

1983 5698 2195 5771 quoque
2217 5698 2564 5770 praphetiam
2593 5698 2862 5755 meruisse
2888 5699 3163 5768 consequi.
