4072 6190
364 369 477 429 2H

1446 372 1969 434 DISSERTATIO
2015 371 2114 433 DE
2152 373 2363 433 VERA
2411 375 2694 435 ᾹΞΤΑΤΕ

3655 377 3774 435 212

366 502 645 574 cingeret,
692 519 871 558 unam
920 501 1003 557 illi
1048 503 1377 576 oppositam
1423 504 1883 577 disputationem
1927 522 2015 561 re-
2050 508 2100 573 Α
2131 505 2205 561 ad
2235 506 2509 579 Phrygas,
2546 524 2677 579 quos
2722 513 2888 563 antea
2938 508 3307 565 destruxerat.
3364 507 3610 564 Ubinam
3643 514 3777 563 tan-

368 593 636 658 scissam,
698 591 936 648 alteram
1010 593 1285 650 amissam
1337 595 1689 662 confirmat;
1753 600 1808 650 et
1857 596 2014 650 istud

369 685 782 752 argumentum
809 681 1161 737 Tillemontii
1216 683 1270 736 in
1300 700 1361 738 se
1393 685 1567 738 etiam
1614 685 1873 757 ineptam
1906 690 2015 740 est.

369 779 532 843 Quod
567 795 695 834 vero
728 779 869 834 dicit
903 779 1119 835 librum
1152 781 1215 836 de
1247 782 1421 839 Carne
1467 784 1674 839 Christi
1702 800 1828 839 esse
1861 784 2016 855 prio-

371 884 491 922 rem
528 868 691 924 libris
741 870 960 925 nostris
1009 870 1268 926 adversus
1328 873 1653 928 lllarcionem
1702 874 1857 928 hunc
1888 890 2017 929 vero

371 957 754 1030 posteriorem
788 958 936 1014 libro
968 960 1033 1015 de
1065 960 1443 1017 hazreticorum
1491 965 1921 1035 praescriptione,
1953 980 2021 1018 ca

372 1062 485 1101 non
520 1063 698 1102 conor
727 1048 1009 1120 attingere
1039 1068 1051 1117 ;
1085 1054 1174 1105 est
1203 1052 1358 1106 enim
1394 1068 1460 1107 ea
1476 1053 1546 1107 de
1578 1069 1637 1107 re
1669 1054 1813 1108 satis
1841 1069 2021 1124 supra

372 1135 759 1208 disputatum,
811 1139 965 1193 unde
1023 1138 1387 1212 intelligatur
1443 1142 1701 1213 primum
1754 1148 2020 1197 nostrum

372 1224 592 1280 librum
624 1228 1069 1296 Antimarcionis,
1126 1230 1194 1285 de
1226 1246 1342 1301 quo
1394 1230 1485 1286 hic
1530 1232 1868 1303 quaerimus,
1906 1249 2020 1287 non

374 1332 503 1371 esse
533 1332 664 1371 cum
733 1317 953 1373 caeteris
1014 1318 1262 1388 editum,
1322 1337 1423 1375 nec
1477 1321 1596 1376 ullo
1629 1322 1797 1377 modo
1831 1321 1927 1377 illo
1960 1322 2023 1377 de

380 1406 563 1460 Carne
594 1405 800 1461 Christi
830 1407 1233 1479 posteriorem.
1264 1410 1368 1464 Sed
1394 1410 1451 1464 in
1477 1409 1589 1465 ﬁne
1621 1409 1752 1466 libri
1778 1411 1842 1466 de
1869 1413 2023 1467 Prae-

375 1496 674 1566 scriptione
725 1496 1158 1553 Tertullianus:
1192 1499 1348 1554 Nunc
1394 1500 1610 1571 quidem
1662 1502 2023 1571 generaliter,

378 1583 595 1655 inquit,
632 1589 813 1640 actum
844 1594 923 1641 est
962 1603 993 1640 a
1036 1588 1192 1643 nobis
1240 1588 1494 1645 adversus
1543 1591 1771 1646 haereses
1818 1608 2025 1657 omnes,

380 1675 542 1729 certis
571 1681 621 1729 et
641 1674 814 1745 justis
844 1680 896 1731 et
921 1679 1251 1732 necessariis
1297 1680 1807 1751 praescriptionibus
1849 1684 2023 1753 repel-

384 1763 571 1819 lendas
601 1781 636 1818 a
664 1765 957 1821 collatione
975 1768 1409 1837 Scripturarum.
1440 1773 1518 1823 De
1546 1769 1826 1839 reliquo...
1860 1772 2029 1825 etiam

385 1854 697 1947 specialiter
726 1855 1053 1947 quibusdam
1114 1857 1572 1927 respondebimus.
1639 1860 1787 1914 I66
1818 1860 2025 1915 Audio.
2062 1882 2110 1947 Β

387 1942 535 2005 Quid
585 1960 720 2015 ergo
769 1945 904 1999 est?
952 1962 1156 2000 omnes
1208 1950 1345 2001 sunt
1399 1949 1723 2003 Tertulliani
1752 1950 2033 2005 adversus

394 2031 694 2087 haereticos
723 2031 855 2087 libri
888 2034 1237 2105 posteriores
1283 2052 1349 2090 eo
1383 2036 1481 2107 qui
1532 2042 1620 2092 est
1648 2038 1713 2092 de
1767 2040 2033 2095 Praescri-

390 2123 711 2191 ptione?At
741 2121 920 2177 istum
953 2122 1142 2178 locum
1173 2124 1601 2192 Tillemontius,
1639 2131 1698 2181 ut
1720 2128 1862 2182 mihi
1886 2129 2038 2183 vide-

393 2214 509 2283 tur,
543 2228 658 2267 non
690 2216 841 2267 recte
864 2213 1033 2284 cepit.
1061 2213 1205 2270 Nam
1240 2213 1295 2267 in
1322 2232 1386 2269 eo
1418 2214 1542 2270 loco
1567 2233 1679 2271 non
1712 2219 2034 2289 generatim

391 2302 450 2357 in
484 2302 592 2357 hoc
624 2301 770 2356 libro
816 2301 1214 2358 Tertullianus
1246 2302 1326 2358 ait
1371 2320 1431 2359 se
1481 2304 1781 2361 haereticos
1834 2308 2036 2363 confu-

387 2394 568 2460 tasse,
626 2391 726 2447 sed
782 2391 945 2446 addit
1002 2408 1064 2447 se
1117 2392 1173 2446 id
1222 2391 1428 2448 fecisse
1488 2394 1753 2451 universe
1791 2399 1960 2452 certis
1989 2403 2038 2453 et

380 2482 549 2552 justis
578 2487 632 2537 et
663 2483 987 2537 necessariis
1012 2483 1554 2552 praescriptionibus.
1592 2484 1789 2555 Itaque
1818 2485 1877 2540 in
1908 2485 2038 2541 aliis

388 2570 555 2626 libris
587 2587 701 2625 non
755 2587 815 2626 se
866 2569 1170 2641 pollicetur
1220 2572 1536 2643 separatim
1595 2576 2038 2630 confutaturum

390 2658 798 2714 hereticorum
834 2658 1203 2730 singulorum
1251 2661 1600 2729 doctrinam,
1635 2664 1735 2718 sed
1767 2668 2040 2720 ostensu-

394 2764 527 2804 rum
561 2764 644 2815 se,
678 2747 942 2821 singulos
974 2748 1147 2804 etiam
1181 2749 1483 2806 haereticos
1518 2768 1839 2823 eorumque
1871 2754 2039 2823 scita,

397 2842 562 2895 estate
592 2838 874 2894 doctrinis
904 2841 1055 2894 recte
1086 2838 1458 2895 sentientium
1480 2842 1732 2896 credere.
1761 2843 1831 2897 At
1851 2843 2042 2899 denuo

398 2936 763 3006 Whistonus,
798 2935 835 2991 1.
871 2953 919 2991 c.
952 2953 1008 3007 p.
1044 2937 1112 2992 4ε
1149 2936 1455 3007 Antiquior
1484 2943 1572 2994 est
1602 2939 1652 2994 is
1690 2940 1754 2997 de
1784 2942 2043 2996 Praescri-

394 3028 579 3098 ptione
599 3025 1068 3081 Commentarios
1088 3027 1433 3096 Apologetico
1452 3028 1815 3085 Tertulliani.
1836 3030 2043 3093 Quam-

397 3116 621 3182 obrem,
658 3116 897 3170 obsecro
918 3113 945 3168 ?
976 3115 1257 3185 Expedite,
1288 3116 1479 3186 inqutt
1509 3117 1569 3170 in
1600 3117 1829 3188 Apolog.
1863 3137 1912 3174 c.
1955 3119 2042 3188 h7,

388 3203 800 3277 praescribimus
828 3204 1104 3259 adulteris
1151 3206 1380 3269 nostris,
1432 3204 1602 3259 illam
1651 3222 1764 3260 esse
1792 3208 2042 3276 regulam

396 3293 668 3357 veritatis,
699 3306 823 3361 qua?
854 3292 1035 3346 veniat
1066 3308 1098 3345 a
1132 3290 1369 3361 Christo,
1402 3294 1723 3347 transmissa
1754 3309 1854 3363 per
1882 3296 2043 3348 comi-

397 3389 477 3437 tes
507 3381 699 3452 ipsius,
751 3379 952 3450 quibus
995 3380 1296 3449 aliquando
1342 3382 1665 3447 posteriores
1712 3381 1915 3437 diversi
1954 3384 2046 3437 isti

396 3473 846 3526 commentatores
902 3468 1291 3540 probabuntur.
1357 3474 1607 3525 Acutum
1666 3487 1796 3526 vero
1854 3472 2046 3527 homi-

398 3576 554 3627 nem,
579 3558 840 3630 quicum
868 3557 937 3612 de
966 3556 1401 3629 praescriptione
1433 3558 1799 3626 audit,etiam
1828 3559 2046 3615 librum

399 3664 577 3720 super
606 3664 674 3703 ea
704 3664 765 3703 re
816 3647 1098 3717 scriptum
1130 3645 1322 3701 videt!
1357 3648 1426 3701 Et
1477 3664 1545 3703 ea
1591 3648 1829 3719 quidem
1862 3666 2047 3720 oppu-

401 3738 599 3810 gnatio
652 3736 723 3791 ad
773 3740 1000 3791 aetatem
1050 3735 1228 3806 hujus
1277 3735 1409 3791 libri
1461 3736 1649 3809 magis
1680 3738 2046 3808 pertinebat;

402 3834 849 3905 caetera,quibus
880 3849 943 3889 se
964 3834 1201 3889 adactos
1222 3851 1286 3889 eo
1316 3834 1541 3901 dicunt,
1566 3840 1629 3890 ut
1650 3834 1807 3891 hunc
1831 3836 2047 3891 librum

399 3941 431 3980 e
488 3940 734 3979 numero
808 3922 1358 3980 Montanisticorum
1418 3924 1866 3996 proscriberent,
1932 3927 2049 3981 haec

400 4017 575 4069 sunt:
608 4013 864 4069 Primum
917 4013 1251 4068 thistonus
1302 4014 1598 4085 adjectum
1662 4015 1809 4069 libro
1850 4020 2049 4070 nostro

395 4101 683 4169 libellum,
716 4101 816 4173 qui
866 4101 1170 4157 haereticos
1202 4106 1359 4159 ortos
1404 4104 1462 4158 in
1515 4103 1737 4159 familia
1770 4103 2050 4159 Christia-

399 4208 606 4247 norum
642 4196 923 4257 recenset,
957 4191 1180 4261 objicit,
1214 4193 1272 4246 in
1308 4209 1421 4264 quo
1456 4192 1800 4263 planissime
1835 4192 1885 4244 οἱ
1917 4193 2053 4245 κατὰ

398 4279 604 4356 φρύγας
636 4279 893 4335 haeretici
943 4280 1411 4335 condemnentur
1445 4298 1457 4349 ;
1492 4282 1645 4351 quod
1694 4285 1849 4336 esset
1879 4298 2051 4352 argu-

399 4375 660 4425 mentum
692 4368 853 4424 nullo
884 4369 1058 4423 modo
1090 4368 1471 4434 eludendum,
1506 4370 1576 4434 si,
1613 4370 1767 4440 quod
1807 4371 2053 4439 proban-

398 4458 540 4513 dum
598 4458 845 4530 suscipit
898 4457 1273 4527 Whistonus,
1325 4457 1420 4512 hic
1472 4456 1708 4512 libellus
1766 4456 2051 4512 vindicari

400 4546 755 4602 Tertulliano
787 4551 1004 4618 posset.
1038 4546 1146 4601 Sed
1180 4546 1319 4616 quid
1354 4562 1456 4617 pro
1488 4545 1779 4600 sententia
1810 4545 1983 4601 hodie
2017 4563 2047 4600 a

2129 596 2257 649 dem
2284 596 2311 650 ‘I
2342 596 2669 667 Nusquam,
2700 598 2779 653 ait
2810 598 3179 668 Wisthonus,
3227 604 3342 653 tam
3378 598 3568 670 ample
3600 614 3777 669 quam

2126 684 2186 737 in
2219 684 2328 739 hac
2361 687 2701 757 appendice.
2763 691 2923 742 Certe
2972 688 3231 752 audiam,
3267 687 3419 742 unde
3475 687 3593 740 haec
3624 687 3776 742 Wis-

2129 773 2342 829 thodus
2374 775 2662 831 didicerit.
2702 776 3085 847 Hieronymus
3118 776 3373 831 adversus
3402 776 3783 845 Luci/erianos

2128 878 2195 916 ex
2226 863 2353 933 hoc,
2388 865 2456 919 de
2489 882 2602 935 quo
2626 867 2966 937 quaerimus,
2996 866 3212 931 libello,
3252 866 3455 932 multa,
3487 871 3772 936 tanquam

2129 968 2194 1006 ev
2228 953 2467 1024 antiquo
2500 955 2716 1026 scripto
2747 956 2949 1023 sumit,
2985 955 3243 1024 itemque
3275 954 3657 1025 Epiphanius.
3693 954 3786 1009 Sit

2130 1041 2211 1095 ita
2243 1058 2400 1109 sane,
2437 1044 2855 1115 descripserint
2876 1044 3059 1116 igitur
3080 1043 3284 1099 multa.
3309 1045 3456 1116 Ergo
3488 1043 3583 1098 hic
3612 1041 3782 1098 libel-

2130 1129 2226 1186 lus
2259 1148 2532 1203 magnam
2584 1133 2761 1189 habet
2809 1133 3240 1205 antiquitatem.
3289 1133 3472 1188 Habet
3502 1132 3785 1205 profecto,

2132 1227 2307 1282 etiam
2340 1229 2699 1286 Tertulliano
2748 1232 2894 1287 forte
2944 1232 3271 1302 aequalem;
3307 1248 3379 1286 an
3439 1247 3570 1285 eum
3604 1230 3784 1286 etiam

2134 1321 2436 1388 parentem
2478 1319 2710 1391 habeat,
2758 1320 2814 1375 id
2866 1322 3127 1375 nondum
3178 1320 3343 1375 video
3394 1336 3427 1374 ο.
3472 1318 3787 1375 Whistono

2136 1405 2377 1477 planum
2410 1407 2501 1463 his
2536 1409 2891 1465 testimoniis
2924 1410 3165 1465 factum.
3211 1409 3431 1465 Deinde
3477 1408 3791 1464 abhorrere

2136 1495 2503 1551 arbitrantur
2550 1499 2705 1569 quod
2755 1499 3156 1554 Tertullianus
3206 1503 3514 1570 separatus
3567 1514 3787 1553 acom-

2140 1585 2297 1639 muni
2331 1586 2588 1643 Ecclesia
2620 1588 2921 1660 scripserit
2970 1588 3187 1643 librum
3221 1592 3337 1643 tam
3391 1587 3633 1653 bellum,
3666 1590 3787 1641 tam

2140 1673 2345 1729 fortem
2380 1677 2450 1730 ad
2481 1677 2860 1747 exugitandos
2892 1694 3117 1741 omnes,
3150 1677 3248 1746 qui
3292 1692 3354 1731 se
3384 1676 3681 1732 erroribus
3713 1676 3786 1730 ab

2140 1762 2395 1818 Ecclesia
2424 1771 2839 1835 separassent.
2893 1783 2979 1834 ac,
3031 1766 3261 1820 etiamsi
3304 1769 3467 1820 tanta
3522 1765 3611 1819 vis
3645 1764 3791 1819 insit

2142 1852 2389 1922 veritati,
2424 1857 2486 1907 ut
2517 1853 2689 1908 etiam
2744 1854 2941 1909 invitis
2990 1871 3052 1910 se
3082 1853 3553 1925 conspiciendam
3587 1854 3789 1908 defen-

2144 1941 2513 2013 dendamque
2546 1943 2816 2013 praebeat,
2850 1943 2975 2015 ipse
3006 1960 3237 2015 quoque
3267 1942 3658 1999 Tertullianus
3690 1960 3790 1998 sas-

2146 2030 2277 2100 pius
2308 2030 2366 2084 in
2397 2030 2562 2086 libris
2594 2030 2751 2085 haud
2784 2032 2961 2087 dubie
2995 2033 3053 2086 in
3106 2031 3497 2087 Montanismo
3529 2030 3791 2086 conscri-

2145 2120 2259 2190 ptis
2284 2119 2707 2191 praescriptioni
2732 2122 3009 2176 adversus
3034 2121 3333 2176 haereticos
3356 2121 3610 2187 insistat,
3635 2120 3787 2175 I67

2146 2213 2337 2263 tamen
2373 2213 2537 2263 tanto
2569 2228 2701 2265 cum
2724 2210 2965 2266 consilio
2989 2216 3045 2266 et
3076 2210 3460 2280 amplitudine
3492 2226 3791 2281 nusquam

2146 2297 2255 2352 hoc
2286 2297 2397 2353 telo
2432 2315 2566 2353 eum
2602 2300 2782 2355 luisse
2832 2317 3023 2355 usum.
3053 2300 3513 2355 animadvertere
3559 2300 3791 2369 jubent.

2148 2397 2282 2459 Quae
2314 2398 2633 2468 disputatio
2659 2404 2745 2454 est
2768 2400 2973 2471 magis,
3002 2416 3178 2471 quam
3208 2400 3389 2464 decet,
3416 2398 3795 2470 arguta.Nam

2146 2489 2533 2558 Montanistae,
2566 2488 2692 2560 ipse
2722 2490 2898 2544 etiam
2934 2488 3352 2553 Tertullianus,
3386 2488 3443 2542 id
3473 2488 3629 2559 quod
3656 2504 3798 2541 con-

2147 2581 2265 2632 stat
2292 2576 2375 2647 (V.
2410 2578 2478 2631 de
2504 2579 2685 2648 Jejun.
2720 2595 2771 2633 c.
2826 2580 2849 2632 1
2879 2593 2921 2645 ς·
2952 2578 3015 2633 de
3082 2580 3224 2646 Virg.
3258 2576 3370 2632 vel.
3417 2594 3466 2632 ο.
3525 2578 3606 2644 2),
3639 2592 3793 2630 nun-

2150 2683 2327 2737 quam
2359 2683 2421 2721 se
2451 2665 2673 2722 alienos
2704 2667 2761 2722 in
2798 2667 3078 2722 doctrinis
3111 2668 3181 2721 ad
3231 2668 3407 2721 ﬁdem
3455 2665 3796 2736 pertinenti-

2150 2756 2261 2811 bus
2293 2756 2363 2810 ab
2388 2756 2723 2811 orthodoxis
2746 2756 2992 2828 professi
3022 2762 3377 2827 sunt,neque
3397 2753 3801 2810 Tertullianus

2154 2861 2404 2915 usquam
2440 2844 2747 2916 Psychicos
2790 2845 2952 2916 ponit
2985 2845 3041 2899 in
3092 2861 3336 2900 numero
3368 2844 3802 2909 haereticorum,

2153 2933 2253 2988 sed
2286 2934 2356 2986 ad
2402 2933 2473 2987 iis
2503 2933 2845 3003 planissime
2892 2933 3202 3005 distinguit
3257 2933 3330 3004 (e.
3379 2949 3434 3004 g.
3495 2934 3553 2986 in
3604 2932 3703 2986 lib.
3737 2931 3804 2986 de

2154 3026 2377 3090 Monog.
2411 3021 2520 3077 sub
2553 3022 2726 3089 init.).
2752 3023 2920 3077 Modo
2942 3024 3313 3077 emendatam
3338 3022 3571 3076 aiebant
3600 3025 3655 3075 et
3678 3036 3809 3091 per-

2155 3114 2391 3166 ductam
2424 3112 2493 3165 ad
2525 3112 2934 3183 perfectionem
2970 3111 3344 3182 disciplinam
3392 3126 3582 3176 suam,
3614 3124 3807 3179 neque

2157 3201 2215 3255 in
2248 3201 2444 3266 rebus,
2475 3218 2603 3271 quas
2634 3201 2743 3255 sub
2795 3201 2963 3255 fidem
3013 3201 3257 3265 cadunt,
3304 3200 3374 3254 de
3414 3198 3629 3269 quibus
3679 3197 3806 3252 dis-

2155 3290 2351 3344 sensio
2381 3289 2549 3343 unice
2581 3290 2883 3345 haereticos
2930 3289 3255 3355 constituit,
3292 3304 3355 3343 se
3401 3288 3806 3357 discrepantes

2156 3397 2189 3433 a
2230 3378 2491 3433 doctrina
2533 3379 2749 3433 Christi
2803 3386 2856 3434 ct
2902 3378 3303 3450 apostolorum
3352 3376 3803 3431 conﬁrmabant.

2156 3480 2353 3545 Itaque
2384 3475 2531 3530 nihil
2565 3476 2765 3530 mirari
2811 3477 3040 3541 attinet,
3092 3476 3242 3547 quod
3285 3491 3352 3529 ex
3404 3479 3570 3528 aetate
3604 3489 3805 3527 recen-

2156 3564 2288 3619 tiori
2321 3563 2721 3620 doctrinarum
2766 3563 2837 3619 ab
2879 3563 3166 3618 haereticis
3215 3562 3589 3617 defensurum
3623 3577 3807 3631 argu-

2159 3657 2423 3707 mentum
2442 3653 2511 3707 ad
2527 3669 2624 3708 eos
2646 3652 3082 3725 impugnandos
3106 3651 3355 3707 duxerit.
3382 3649 3642 3704 Alterum
3668 3664 3802 3704 vero

2160 3741 2304 3795 illud
2339 3740 2695 3796 Tillemontii
2732 3741 2879 3796 nihil
2910 3749 3021 3796 est.
3069 3741 3297 3797 Etenim
3344 3740 3452 3794 etsi
3484 3737 3810 3809 suscipiam

2159 3831 2314 3901 quod
2348 3829 2442 3885 hic
2474 3830 2739 3898 consilio,
2775 3831 2875 3886 sed
2927 3831 2987 3885 in
3024 3831 3247 3885 caeteris
3296 3828 3465 3883 libris
3495 3827 3703 3894 obiter,
3738 3828 3810 3881 de

2161 3919 2267 3974 hac
2292 3920 2492 3991 regula
2520 3920 2918 3974 doctrinarum
2936 3919 3395 3989 judicandarum
3413 3916 3821 3973 Tertullianas

2159 4008 2562 4079 disputaverit,
2597 4014 2790 4063 tamen
2826 4008 2984 4064 illam
3030 4026 3141 4063 non
3196 4008 3463 4073 obscure,
3507 4007 3607 4061 sed
3641 4004 3820 4077 plane

2160 4096 2324 4164 satis,
2363 4099 2637 4170 proponit
2666 4099 2723 4151 in
2758 4098 2923 4153 libris
2955 4099 3236 4153 adversus
3287 4096 3613 4161 haereticos,
3649 4103 3701 4149 et
3738 4095 3812 4149 ad

2158 4184 2317 4240 illam
2337 4202 2454 4240 rem
2474 4186 2852 4241 rexinstituto
2867 4186 3285 4257 disputandam
3305 4183 3521 4239 librum
3542 4188 3815 4238 nostrum

2162 4275 2574 4344 destinaverat,
2637 4275 2867 4345 alioque
2924 4276 3092 4329 modo
3149 4274 3414 4328 confutet
3465 4273 3524 4327 in
3583 4269 3814 4326 caeteris

2163 4364 2565 4419 haereticorum
2583 4364 3049 4435 ineptias.Atque
3069 4363 3190 4418 haec
3214 4363 3343 4434 ipsa
3366 4369 3609 4433 possunt
3633 4360 3815 4414 etiam

2161 4454 2375 4523 opponi
2403 4452 2501 4507 alii
2533 4452 2767 4507 cuidam
2800 4452 3258 4507 adversariorum
3287 4454 3657 4521 argumento,
3693 4464 3812 4501 non

2160 4540 2271 4596 levi
2303 4541 2383 4595 illi
2416 4541 2673 4612 quidem,
2708 4544 2808 4596 sect
2860 4541 2940 4596 ita
2976 4527 3147 4606 .forti,
3180 4546 3243 4594 ut
3294 4556 3440 4612 pene
3488 4555 3595 4594 nos
3624 4536 3817 4592 videri

403 4635 542 4691 viris
573 4635 757 4692 doctis
798 4650 1039 4706 prorsus
1073 4633 1381 4703 proﬂigata
1422 4633 1702 4705 disputet,
1735 4633 2047 4689 audiamus
2078 4621 2126 4687 Ι)
2161 4636 2355 4702 posset
2386 4630 2722 4702 pertrahere
2766 4630 2823 4685 in
2857 4630 3219 4686 adversariae
3252 4634 3448 4700 partes
3481 4643 3675 4700 posse,
3710 4626 3815 4681 sed

404 4732 625 4781 tamen.
659 4725 817 4780 Idem
849 4726 956 4789 est,
990 4722 1089 4789 ait,
1121 4721 1178 4775 in
1214 4721 1342 4789 hoc,
1368 4722 1516 4791 quod
1553 4722 1610 4776 in
1642 4722 1877 4794 scriptis
1910 4723 2054 4779 Ter-

403 4814 654 4882 tulliani,
688 4810 918 4869 dicendi
947 4827 1150 4880 genus.
1189 4812 1488 4875 Quomodo
1534 4812 1773 4867 tandem
1800 4810 1826 4864 ‘?
1858 4811 2056 4867 Graeca

407 4904 620 4974 saepius
651 4901 826 4957 verba
857 4897 1092 4954 libellus
1141 4898 1358 4954 Latinis
1404 4900 1647 4967 miscet;
1702 4900 1957 4971 loquitur
1988 4916 2053 4956 eo

405 4992 600 5058 modo,
652 5007 766 5062 quo
814 4987 1072 5044 Africani
1122 4987 1332 5055 solent,
1392 4989 1627 5046 horrido
1680 4991 1780 5045 illo
1808 4994 1865 5045 et
1907 5006 2056 5062 pene

403 5088 675 5156 barbaro,
708 5088 863 5142 acuti
898 5085 1275 5158 persequitur
1323 5088 1627 5143 haereticos
1676 5088 2053 5143 conclusiun-

404 5175 589 5244 culis;
626 5178 811 5231 multa
841 5176 1018 5230 etiam
1053 5193 1117 5229 ex
1150 5177 1351 5232 Irenaeo
1385 5179 1603 5246 sumit;
1653 5178 1906 5247 denique
1938 5177 2054 5231 hae-

404 5264 613 5319 reticos
648 5270 848 5320 narrat
878 5282 911 5320 a
941 5264 1298 5320 Tcrtulliano
1332 5271 1843 5335 commemorantes,
1877 5266 2053 5321 etiam

402 5368 521 5420 eos,
555 5371 701 5424 quos
732 5372 885 5409 unus
916 5352 1012 5406 ille
1045 5353 1241 5421 habet,
1284 5355 1458 5409 veluti
1506 5356 1781 5411 Ebionem
1832 5360 1887 5409 et
1919 5360 2056 5409 Pra-

401 5455 590 5496 xeam.
626 5449 697 5496 At
728 5444 800 5510 si,
856 5442 953 5513 qui
1006 5441 1162 5495 hunc
1215 5440 1478 5496 libellum
1517 5444 1773 5515 scripsit,
1808 5446 1936 5497 Al'er
1964 5459 2056 5515 ge-

405 5546 544 5587 nere
577 5532 707 5603 fuit,
753 5531 840 5587 vel
900 5528 1330 5586 Tertullianum
1380 5532 1735 5604 descripsit?
1784 5532 1939 5587 Nihil
1982 5533 2054 5586 ad

405 5620 528 5677 haec
578 5622 941 5678 Whistonus.
1006 5619 1457 5690 Progrediamur
1505 5638 1660 5692 ergo.
1721 5621 2055 5677 clarissime

407 5713 796 5782 Augustinus,
827 5712 890 5767 de
921 5713 1133 5767 narres.
1174 5724 1237 5764 II.
1282 5709 1389 5765 86:
1432 5711 1796 5766 Tertullianus
1828 5710 2056 5765 transiit

2164 4737 2196 4774 a
2227 4719 2623 4785 Tillemontio,
2675 4721 2829 4791 quod
2881 4719 3080 4786 miror,
3131 4736 3245 4774 non
3297 4718 3440 4773 satis
3494 4716 3814 4771 illustrato.

2170 4817 2444 4874 Videlicet
2475 4834 2775 4873 summum
2809 4818 2867 4872 in
2902 4815 3183 4871 doctrinis
3220 4814 3672 4887 apostolicarnm
3708 4814 3820 4867 Ee—

2164 4907 2477 4962 clesiarum
2508 4923 2641 4960 cum
2675 4907 2799 4961 suis
2848 4922 3221 4971 consensum,
3256 4905 3356 4960 sed
3404 4904 3812 4958 vehementem

2166 4996 2236 5051 ab
2271 4996 2552 5050 haereticis
2585 4996 2919 5050 dissensum
2957 4993 3245 5065 proponit,
3278 5010 3409 5064 cap.
3442 4993 3547 5058 36;
3577 4995 3631 5043 et
3653 4990 3815 5060 quod

2166 5085 2336 5156 longe
2368 5087 2561 5155 majus
2618 5090 2726 5151 est,
2786 5084 3175 5149 vehementer,
3236 5099 3362 5153 cap.
3418 5083 3509 5144 21,
3559 5079 3821 5148 exagitat

2168 5175 2491 5241 haereticus,
2549 5178 2854 5243 propterea
2906 5173 3061 5242 quod
3118 5173 3545 5227 consueverant
3601 5166 3817 5233 dicere,

2168 5282 2282 5319 non
2317 5264 2514 5319 omnia
2545 5260 2839 5332 apostolos
2871 5260 3071 5327 scisse,
3106 5260 3261 5333 quod
3287 5261 3411 5331 ipse
3441 5257 3560 5313 illis
3584 5256 3823 5311 videba-

2167 5360 2263 5407 tur
2291 5354 2464 5406 Jesus
2512 5350 2776 5403 Christus
2826 5348 3042 5403 dixisse
3093 5351 3244 5421 apud
3292 5350 3579 5404 Joannem
3618 5345 3818 5399 verbis

2168 5443 2259 5497 his
2285 5459 2297 5495 :
2333 5442 2509 5496 Multa
2540 5439 2687 5494 vobis
2719 5456 2747 5491 a
2778 5453 2864 5491 me
2895 5439 3128 5494 dicenda
3159 5444 3389 5508 restant,
3421 5437 3513 5493 sed
3542 5437 3821 5504 suscipere

2164 5547 2229 5586 ea
2286 5528 2523 5584 nondum
2577 5528 2820 5599 potestis.
2877 5526 2991 5580 Hos
3047 5532 3249 5598 postea
3309 5525 3569 5582 retundit
3619 5522 3821 5577 verbis

2166 5618 2373 5675 Christi
2405 5617 2497 5682 iis,
2531 5632 2660 5687 quae
2704 5615 3109 5687 superioribus
3150 5616 3511 5687 subjecerat:
3565 5612 3701 5667 Cum
3728 5626 3823 5665 re-

2164 5705 2308 5762 nerit
2339 5705 2436 5760 ille
2464 5703 2731 5775 Spiritus,
2762 5704 2808 5758 is
2838 5719 2928 5759 vos
2950 5704 3028 5760 ad
3057 5720 3216 5763 omne
3246 5703 3302 5760 id
3323 5702 3465 5775 quod
3489 5716 3687 5757 verum
3716 5703 3827 5770 est,
