4072 6190
320 363 434 421 213

1179 364 1276 425 AC
1322 364 1716 426 DOC'I‘RINA
1763 360 2269 424 SCRIPTORUM
2312 360 2867 423 TERTULLIANI.

3614 358 3736 415 214

316 489 740 557 cognoscendum
780 489 1037 561 perducet
1070 511 1082 559 ;
1154 494 1310 549 unde
1360 493 1511 548 efﬁci
1571 507 1741 564 posse
1797 495 1965 563 putat
1991 494 2047 562 Α
2078 490 2331 559 fuerant,
2363 490 2539 546 etiam
2573 490 2631 545 in
2662 488 2851 558 libris,
2885 503 3031 559 quos
3064 490 3345 556 tanquam
3374 483 3733 541 Montanista

314 578 508 633 omnia
555 578 767 633 fuisset
816 582 1051 635 edoctos
1095 581 1426 653 apostolos;
1473 598 1607 637 nam
1638 582 1800 652 ipsos
1828 580 1960 636 illos

309 667 588 737 Spiritum
624 686 656 721 a
686 668 915 723 Christo
950 675 1151 740 postea
1191 672 1429 726 omnino
1461 669 1755 742 accepisse
1787 669 1868 723 ait
1894 684 1963 723 ex

306 756 463 810 Actis
497 756 897 828 apostolorum
928 757 1080 814 haud
1104 760 1279 815 dubie
1310 764 1598 815 constare.
1635 757 1808 830 Atqui
1842 758 1959 812 haec

305 845 581 915 cogitanti
617 846 875 913 cuidam,
909 852 963 902 et
994 849 1147 919 apud
1180 865 1242 903 se
1294 848 1584 920 reputanti
1627 848 1775 904 scita
1799 851 1956 901 Mon-

301 934 676 1002 tanistarum,
703 936 805 1006 qui
829 936 943 991 fere
967 939 1035 992 ad
1061 939 1330 993 eumdem
1351 938 1518 992 illum
1550 938 1743 993 locum
1773 937 1958 992 Joan-

300 1024 387 1077 nis
420 1024 807 1094 posteriorem
842 1032 1238 1097 provocantes,
1272 1027 1550 1082 Paracleti
1584 1025 1956 1097 disciplinam

296 1112 699 1183 perfectiorem
743 1130 977 1185 quoque
1026 1116 1338 1188 disciplina
1386 1117 1595 1171 Christi
1638 1120 1694 1172 et
1721 1120 1955 1185 aposto-

294 1199 480 1255 lorum
536 1202 950 1272 defendebant,
982 1204 1351 1260 videreturne
1381 1205 1564 1276 igitur
1608 1202 1693 1258 illi
1724 1202 1954 1258 Tertul-

290 1288 485 1345 lianus
513 1294 637 1345 tam
668 1291 820 1347 clare
842 1292 1695 1364 adversusipsosMontanistas
1717 1296 1953 1346 senten-

288 1380 430 1433 tiam
467 1380 687 1447 dicere,
720 1384 784 1434 ut
836 1381 1091 1437 dubitari
1145 1382 1214 1437 de
1273 1377 1558 1453 ὀρθοδοξίᾳ
1603 1381 1781 1451 hujus
1819 1380 1954 1434 libri

287 1485 396 1522 non
433 1470 688 1538 posset?
720 1469 843 1525 Non
877 1470 1146 1540 equidem
1172 1475 1331 1542 puto.
1357 1470 1641 1539 Nam,etsi
1669 1470 1764 1524 hic
1787 1470 1950 1524 locus

291 1573 573 1629 magnam
619 1557 832 1614 habeat
880 1559 1187 1625 rationem,
1221 1560 1411 1631 potuit
1456 1565 1652 1615 tamen
1704 1558 1949 1629 proferri

283 1645 457 1701 etiam
494 1649 570 1701 ab
606 1663 672 1702 eo
706 1648 805 1717 qui
836 1649 1029 1702 stabat
1060 1666 1091 1703 a
1124 1650 1611 1704 Montanistarum
1655 1647 1945 1719 partibus.

280 1735 537 1801 Etenim,
572 1739 639 1790 ut
679 1737 958 1807 diximus,
993 1754 1285 1808 nusquam
1326 1738 1723 1794 Tertullianus
1756 1735 1942 1791 ullum

281 1823 546 1879 admittit
576 1824 731 1880 inter
762 1826 1147 1881 Montanistas
1180 1832 1235 1882 et
1264 1828 1619 1882 orthodoxos
1649 1824 1939 1896 apostolo-
1969 1860 2016 1924 Β

280 1928 408 1968 rum
466 1918 795 1969 sectatores
844 1915 1178 1971 dissensum
1232 1917 1302 1971 de
1346 1916 1418 1972 iis
1456 1932 1603 1983 esse,
1664 1931 1791 1986 quae
1828 1914 1939 1968 fide

276 2002 626 2073 accipienda
663 2008 847 2071 sunt;
881 2008 938 2059 et
988 2005 1141 2075 quod
1192 2004 1412 2060 nullius
1458 2021 1607 2060 verae
1662 2002 1937 2059 doctrinae

276 2098 549 2162 expertes
600 2092 785 2148 fuisse
836 2092 1130 2165 apostolos
1189 2094 1466 2163 defendit,
1528 2092 1675 2148 illud
1732 2092 1858 2147 dari
1905 2107 1939 2146 a

276 2180 479 2250 quovis
509 2181 1005 2237 Montanistarum
1041 2186 1284 2253 poteret.
1337 2183 1442 2237 Sed
1480 2181 1936 2237 emendatiorem

273 2268 517 2324 domum
599 2288 700 2341 per
755 2271 1121 2326 Paracletum
1176 2271 1577 2343 disciplinam,
1637 2270 1937 2326 doctrinas

270 2359 443 2413 etiam
475 2376 601 2414 non
636 2377 837 2430 novas,
860 2361 1012 2416 168
1036 2362 1136 2415 sed
1170 2361 1358 2433 magis
1387 2362 1761 2416 confirmatas
1780 2364 1935 2415 vete-

265 2461 353 2501 res
385 2448 857 2503 christianorum
892 2449 1378 2521 propugnabant;
1415 2450 1529 2503 imo
1564 2451 1720 2520 ipsos
1762 2448 1933 2518 ritus,

265 2553 403 2605 quas
436 2537 745 2592 recentius
791 2538 1063 2593 inductos
1109 2540 1263 2610 apud
1315 2540 1570 2593 Montani
1622 2542 1936 2593 sectatores

265 2624 481 2679 rectius
537 2625 860 2680 sentientes
910 2624 1266 2691 clamabant,
1327 2630 1392 2679 ut
1450 2625 1656 2695 probet
1693 2623 1936 2679 esacris

267 2711 504 2784 litteris,
547 2714 811 2785 ipsorum
844 2714 1020 2768 etiam
1051 2714 1457 2786 Apostolorum
1502 2714 1590 2768 vel
1622 2718 1936 2769 consuetu-

270 2803 399 2857 dine
453 2802 555 2858 vel
605 2804 929 2874 praeceptis,
980 2803 1182 2858 multis
1226 2803 1288 2858 in
1338 2804 1480 2859 locis
1536 2802 1936 2860 Tertullianus

268 2890 515 2947 laborat.
572 2893 683 2947 Sed
729 2892 767 2946 ii
819 2893 1068 2948 haeretici
1110 2894 1390 2948 adversus
1436 2909 1549 2963 quo
1592 2892 1936 2948 Tertulliani

266 2982 549 3038 instituta
590 2988 680 3038 est
728 2984 785 3038 in
832 2984 983 3039 libro
1030 2986 1093 3039 de
1131 2985 1548 3054 Prwscriptione
1594 2983 1933 3055 disputatio,

268 3071 595 3127 multarum
629 3072 839 3127 Christi
873 3074 1273 3128 doctrinarum
1315 3074 1402 3128 vel
1436 3074 1610 3128 rudes
1640 3072 1935 3144 apostolos

271 3160 628 3216 dictitabant
659 3163 860 3227 fuisse,
893 3162 982 3216 vel
1015 3162 1312 3217 Christum
1352 3178 1465 3216 non
1512 3162 1709 3216 omnia
1740 3160 1931 3215 omni-

268 3249 374 3304 bus
403 3250 757 3316 tradidisse,
801 3255 865 3305 ut
908 3250 1116 3306 Noster
1163 3252 1243 3305 ait
1290 3251 1347 3305 in
1406 3249 1533 3321 ipso
1582 3250 1711 3314 hoc,
1758 3265 1933 3320 quem

267 3342 623 3404 tractamus,
656 3338 804 3394 loco.
854 3342 1035 3403 Quam
1086 3340 1157 3393 ob
1218 3355 1341 3394 rem
1385 3355 1516 3393 cum
1566 3338 1730 3393 locus
1764 3339 1833 3403 is,
1867 3338 1937 3392 de

265 3444 375 3499 quo
408 3430 825 3500 disputamus,
859 3446 891 3483 a
922 3429 1277 3483 Montanista
1310 3445 1425 3483 non
1459 3428 1656 3483 minus
1684 3426 1939 3499 potuerit

264 3517 557 3585 adhiberi,
592 3531 771 3589 quam
810 3533 842 3571 a
872 3518 1029 3572 socio
1076 3517 1344 3572 Ecclesiae
1396 3521 1560 3572 rectas
1594 3515 1934 3594 sentientis;

264 3604 370 3661 hoc
402 3607 716 3677 quaeritur,
769 3611 904 3660 utra
936 3606 1012 3661 sit
1063 3607 1353 3661 sententia
1398 3607 1489 3661 vel
1538 3604 1938 3676 interpretatio

266 3697 329 3748 ad
358 3696 676 3751 veritatem
712 3694 1095 3767 propensior?
1124 3695 1225 3749 ubi
1248 3711 1384 3766 ergo
1410 3710 1523 3749 non
1548 3695 1800 3749 multum
1836 3695 1939 3747 du-

272 3783 381 3839 bito
413 3785 565 3855 quin
599 3785 797 3856 ipsum
830 3784 985 3839 hunc
1015 3783 1231 3839 librum
1285 3784 1476 3839 dicam
1519 3800 1551 3838 a
1578 3782 1937 3838 Tertulliano

265 3875 629 3928 Montanista
685 3872 1001 3945 proﬁcisci,
1062 3872 1206 3926 Nam
1266 3872 1548 3943 primum,
1608 3875 1748 3927 sunt
1806 3870 1939 3925 libri

269 3962 625 4033 Septimiani
666 3978 696 4016 e
745 3960 1058 4032 disciplina
1099 3961 1589 4016 Montanistarum
1645 3959 1827 4027 ducti,
1878 3959 1937 4012 in

271 4051 481 4121 quibus
514 4050 602 4105 illi
642 4050 823 4105 instat
861 4050 1291 4122 praascriptioni
1322 4050 1381 4104 in
1415 4066 1592 4104 causa
1636 4047 1934 4103 haeretico-

270 4155 422 4205 rum,
455 4156 568 4194 nec
602 4138 727 4194 ullo
760 4140 958 4205 modo,
989 4139 1143 4209 quod
1177 4155 1287 4193 usu
1339 4137 1454 4209 ipsi
1487 4138 1645 4192 venit
1675 4137 1745 4192 de
1773 4136 1940 4191 libris

270 4228 547 4284 omnibus
581 4228 733 4294 suis,
767 4231 839 4282 ad
874 4244 1023 4299 quos
1057 4228 1349 4283 remittere
1410 4228 1659 4281 lectores
1692 4228 1935 4296 poterat,

268 4332 436 4370 suum
473 4318 550 4371 de
582 4317 1021 4387 Praescriptione
1066 4317 1451 4372 hwreticorum
1492 4332 1639 4387 opus
1689 4319 1941 4370 antesta-

268 4410 380 4471 tur,
412 4404 601 4461 veluti
638 4405 696 4459 in
731 4404 879 4459 libro
910 4404 1168 4459 adversus
1212 4406 1517 4469 Praxeam,
1551 4419 1598 4457 c.
1632 4407 1701 4469 2;
1753 4402 1941 4457 adver-

266 4510 351 4547 sus
381 4495 812 4566 Hermogenem,
846 4508 895 4547 c.
941 4493 993 4548 4.
1030 4493 1272 4559 Deinde,
1306 4492 1354 4546 si
1410 4493 1460 4546 is
1509 4496 1665 4547 esset
1695 4491 1805 4546 loci
1838 4508 1936 4545 su-

2066 580 2347 645 exaravit,
2384 584 2449 634 ut
2510 580 2568 633 in
2630 578 2727 633 lib.
2755 577 2819 632 de
2851 578 3024 631 Carne
3056 575 3267 630 Christi
3296 590 3344 627 c.
3367 573 3403 625 2
3434 571 3730 640 extr.,lau-

2070 669 2226 723 dare.
2260 669 2458 740 Neque
2506 685 2641 723 vera
2671 665 2876 721 mirari
2925 664 3059 737 quis
3092 664 3264 719 debet
3294 660 3724 717 Tertullianum

2068 761 2185 813 tam
2218 775 2279 813 se
2310 758 2647 829 adjunxisse
2676 753 3002 811 defensioni
3031 752 3431 808 doctrinarum
3460 751 3518 804 in
3549 749 3717 805 Chri-

2069 848 2398 902 stianorum
2448 844 2720 902 Ecclesiis
2768 846 3182 914 susceptarum
3230 840 3290 895 in
3347 839 3494 893 libro
3549 854 3728 908 quem

2066 940 2326 1008 tempore
2365 935 2706 991 defectionis
2752 951 2871 990 suae
2907 933 2979 987 ab
3029 930 3121 985 his
3175 928 3443 985 Ecclesiis
3476 927 3727 998 scripse-

2067 1030 2191 1093 rat;
2224 1030 2348 1081 tum
2385 1025 2540 1081 enim
2562 1027 2686 1096 jam
2720 1024 2844 1093 ipso
2877 1028 3139 1092 tempore
3170 1018 3487 1074 restinctus
3534 1015 3727 1087 aliquo

2066 1116 2239 1170 modo
2288 1117 2411 1169 erat
2455 1113 2553 1169 ille
2595 1110 2939 1167 Tertulliani
2980 1110 3041 1164 in
3093 1125 3261 1164 secus
3292 1106 3611 1162 sentientes
3640 1121 3730 1160 or-

2064 1204 2329 1259 thodoxae
2361 1202 2628 1258 Ecclesiae
2660 1200 2850 1257 sccios
2882 1200 3062 1264 furor,
3095 1214 3294 1269 seque,
3329 1195 3553 1266 placato
3586 1210 3723 1266 pau-

2061 1292 2243 1363 lisper
2272 1292 2490 1362 animo,
2524 1292 2581 1346 in
2614 1291 2917 1345 haereticos
2949 1291 3330 1353 converterat,
3356 1284 3510 1339 unde
3532 1284 3723 1354 major

2062 1399 2196 1437 cum
2230 1388 2380 1438 recte
2413 1381 2803 1437 sentientibus
2832 1395 3155 1435 consensus
3204 1381 3262 1432 et
3312 1374 3511 1430 mitior
3543 1374 3613 1428 de
3644 1372 3717 1427 iis

2061 1471 2353 1527 sententia
2384 1471 2603 1527 exstitit
2634 1471 2766 1541 (29).

2616 1612 3011 1669 ARTICULUS
3050 1612 3143 1667 VI.

2058 1707 2258 1774 Quinta
2286 1705 2477 1760 classis
2510 1706 2776 1760 librorum
2798 1718 3033 1828 quoruitn
3052 1716 3151 1756 nec
3172 1703 3305 1754 (etas
3334 1712 3431 1754 nec
3460 1696 3714 1753 doctrina

2728 1783 2883 1830 certa
2925 1790 2979 1829 es
3011 1814 3023 1827 .

2429 1882 2457 1954 §
2490 1882 2540 1936 1.
2575 1911 2642 1923 —
2674 1881 2831 1937 Liber
2862 1882 2930 1937 de
2965 1880 3317 1935 Paenitentia.

2116 2011 2246 2065 Jam
2279 2010 2346 2065 de
2375 2008 2564 2079 libris,
2599 2009 2699 2079 qui
2748 2012 2887 2064 sunt
2929 2008 2998 2063 de
3047 2007 3227 2062 Carne
3261 2006 3486 2075 Christi,
3517 2003 3690 2073 deque

2045 2101 2230 2155 carnis
2256 2098 2693 2165 Resurrectione,
2734 2115 2848 2152 non
2880 2103 2969 2153 est
2998 2098 3152 2169 quod
3183 2096 3370 2151 multa
3397 2095 3691 2160 dicamus,

2046 2205 2181 2244 cum
2226 2188 2385 2243 hunc
2431 2202 2498 2242 eo
2541 2187 2920 2258 posteriorem
2960 2202 3087 2242 esse
3129 2184 3289 2240 illius
3317 2183 3452 2239 libri
3480 2183 3541 2237 in
3582 2182 3692 2237 hoc

2045 2278 2290 2334 excitato
2334 2276 2477 2334 satis
2523 2278 2674 2333 169
2726 2278 2930 2333 doceat
2971 2278 3045 2348 (ο.
3084 2277 3161 2347 2),
3210 2293 3277 2332 ac
3326 2274 3424 2330 ille
3456 2275 3694 2330 demum

2049 2372 2181 2439 post
2218 2367 2437 2423 librum
2486 2368 2555 2421 de
2609 2367 2949 2424 haericorum
2991 2367 3417 2436 Praescriptione
3464 2378 3697 2433 compo-

2047 2456 2219 2525 situs,
2292 2457 2447 2527 quod
2497 2457 2703 2512 eodem
2753 2457 2921 2512 modo
2972 2460 3213 2528 apparet
3270 2454 3413 2523 (Vid.
3482 2455 3591 2507 art.
3642 2451 3695 2521 4,

2045 2546 2153 2616 §6)
2183 2564 2195 2613 ;
2230 2551 2289 2601 at
2331 2551 2525 2601 certus
2572 2547 2784 2601 horum
2834 2546 3119 2600 librorum
3169 2560 3359 2599 annus
3402 2559 3518 2598 non
3562 2556 3699 2595 con-

2046 2638 2183 2690 stat.
2214 2634 2457 2690 Restant
2486 2634 2663 2705 igitur
2693 2634 2731 2687 ii
2765 2634 2919 2700 libri,
2950 2649 3202 2705 quorum
3251 2631 3431 2698 nulla,
3458 2634 3524 2685 ut
3554 2627 3701 2683 mihi

2044 2724 2299 2787 videtur,
2332 2723 2477 2777 ratio
2510 2722 2600 2777 vel
2649 2722 2839 2776 aetatis
2876 2722 2965 2776 vel
3020 2722 3294 2776 doctrinae
3326 2719 3478 2775 tradi
3511 2718 3703 2789 potest

2048 2811 2119 2882 (is
2150 2811 2306 2866 enim
2341 2815 2465 2865 erat
2494 2810 2703 2865 tertius
2744 2813 2956 2865 nostra;
3000 2810 3341 2882 scriptionis
3390 2808 3597 2876 locus),
3630 2806 3700 2860 de

2047 2900 2263 2969 quibus
2295 2915 2429 2953 cum
2458 2898 2577 2964 alii,
2607 2898 2707 2969 qui
2740 2915 2867 2952 eam
2918 2915 3041 2953 rem
3074 2915 3107 2952 a
3146 2914 3208 2953 se
3238 2897 3557 2968 perfectum
3590 2911 3698 2965 pu-

2044 2991 2267 3056 tarunt,
2299 2986 2626 3042 decrevisse
2658 2986 2768 3041 sibi
2800 2986 2907 3041 visi
2956 2986 3075 3040 sint
3122 3003 3254 3040 cum
3298 2985 3492 3052 aliqua
3521 2981 3699 3037 certi-

2045 3077 2272 3145 tudine,
2323 3091 2682 3145 quaecunque
2732 3076 2791 3129 in
2834 3074 3009 3129 istam
3041 3090 3162 3130 rem
3201 3073 3599 3145 disputarunt,
3632 3086 3701 3126 ea

2047 3182 2174 3231 nos,
2208 3163 2427 3235 quibus
2459 3165 2644 3233 magis
2674 3163 2865 3233 placet
2893 3162 2952 3217 in
2986 3164 3093 3218 hac
3113 3178 3293 3218 causa
3310 3158 3701 3216 verecundius

2045 3251 2227 3323 loqui,
2261 3256 2489 3320 oportet
2534 3250 2843 3323 paululum
2887 3256 3179 3323 postremo
3227 3250 3353 3307 1000
3410 3252 3700 3304 excutere.

2048 3344 2148 3398 Est
2180 3341 2358 3411 hujus
2390 3340 2620 3411 generis
2654 3340 2802 3395 liber
2831 3342 2903 3396 de
2944 3341 3298 3407 Pwnitentia,
3351 3354 3525 3409 quem
3564 3336 3701 3392 Ter-

2048 3430 2281 3485 tulliani
2322 3446 2451 3485 esse
2495 3430 2637 3484 adeo
2691 3430 2942 3500 negabat
2984 3434 3287 3496 Erasmus,
3337 3428 3617 3498 probatus
3645 3424 3704 3480 in

2048 3518 2156 3573 hac
2190 3535 2249 3573 re
2282 3535 2314 3573 a
2345 3517 2556 3573 Dallaeo
2617 3516 2954 3589 aliquando,
2988 3517 3163 3573 etiam
3216 3518 3286 3572 ab
3330 3514 3701 3581 Hofl'manno,

2053 3608 2304 3664 maxime
2336 3612 2574 3679 propter
2603 3606 2739 3679 styli
2790 3606 3334 3663 dissimilitudinem
3365 3606 3423 3659 in
3455 3604 3565 3659 hoc
3594 3620 3705 3657 cte-

2046 3697 2303 3767 terisque
2380 3694 2726 3751 Tertulliani
2785 3695 3000 3763 libris;
3054 3712 3232 3766 quam
3308 3710 3438 3766 ego,
3499 3693 3703 3761 fateor,

2048 3784 2485 3857 deprehendere
2518 3801 2634 3839 non
2666 3784 2808 3840 satis
2840 3800 3012 3855 queo,
3045 3784 3276 3839 etiamsi
3307 3783 3401 3838 hic
3435 3799 3550 3837 non
3582 3786 3704 3836 tam

2048 3877 2327 3945 appareat
2370 3872 2719 3944 impeditum
2788 3872 2934 3927 illud
2993 3876 3051 3928 et
3103 3874 3406 3928 concisum
3474 3869 3706 3926 dicendi

2046 3978 2253 4035 genus,
2285 3962 2440 4032 quod
2476 3966 2681 4032 regnat
2712 3961 2770 4015 in
2820 3962 3065 4017 caeteris.
3118 3961 3319 4032 Neque
3349 3960 3506 4016 enim
3542 3962 3708 4014 tanta

2047 4056 2153 4119 est,
2187 4054 2410 4122 quanta
2440 4054 2701 4121 putatur,
2734 4050 2852 4105 haec
2893 4049 3335 4119 dissimilitudo,
3368 4048 3470 4104 sed
3502 4050 3707 4104 eadem

2050 4140 2235 4195 fracta
2264 4143 2320 4194 et
2349 4139 2682 4210 interrupta
2730 4138 2908 4194 dictio
2957 4138 3049 4193 hic
3095 4142 3303 4205 exstat,
3336 4154 3461 4209 quas
3510 4140 3599 4191 est
3646 4137 3709 4191 in

2048 4228 2180 4284 aliis
2224 4227 2500 4297 mitigatis
2553 4226 2853 4299 paulisper
2902 4226 3176 4283 dictionis
3225 4225 3391 4282 libris
3433 4225 3613 4281 veluti
3646 4225 3708 4280 in

2047 4317 2142 4386 iis,
2177 4316 2276 4387 qui
2311 4320 2449 4371 sunt
2476 4316 2540 4371 de
2568 4317 2879 4381 Patientia,
2933 4316 3116 4387 deque
3164 4318 3316 4387 Fuga
3358 4317 3419 4369 in
3456 4329 3706 4385 persecu-

2048 4408 2212 4461 tione.
2259 4404 2344 4459 Sit
2375 4404 2557 4475 igitur
2586 4404 2679 4459 hic
2724 4404 2873 4459 liber
2900 4404 3146 4476 Septimi
3178 4403 3390 4470 nostri,
3442 4403 3541 4459 sed
3575 4418 3710 4458 eum

2048 4509 2181 4548 cum
2214 4492 2514 4563 scriberet,
2549 4493 2861 4563 cujusnam
2912 4497 3082 4547 sectae
3130 4492 3327 4563 fuerit,
3364 4491 3557 4548 dicere
3589 4507 3704 4547 non

266 4583 459 4654 perius
489 4582 732 4637 tractati
762 4587 820 4637 et
849 4582 997 4636 libro
1031 4588 1230 4637 nostro
1260 4598 1470 4637 sensus
1494 4580 1723 4652 qualem
1755 4580 1926 4635 Tille-
1955 4590 2002 4653 1)
2040 4583 2248 4638 audeo.
2300 4584 2371 4635 At
2418 4581 2514 4636 hic
2566 4582 2934 4636 intercedunt
2983 4581 3102 4636 fere
3154 4599 3382 4646 omnes,
3445 4579 3704 4636 certissi-

274 4674 535 4727 montius
568 4672 759 4743 fingit,
793 4686 909 4726 non
952 4672 1269 4726 admodum
1321 4669 1594 4725 credibile
1623 4675 1681 4725 et
1702 4668 1928 4724 Tertul-

276 4759 497 4816 lianum
545 4761 807 4832 potuisse
864 4764 996 4831 post
1046 4760 1331 4831 scriptum
1380 4758 1535 4813 hunc
1587 4758 1805 4812 librum
1856 4758 1928 4813 ad

278 4851 663 4905 Montanistas
694 4850 907 4917 delabi,
953 4850 1051 4921 qui
1104 4853 1227 4903 tam
1277 4848 1529 4903 dilucide
1577 4848 1929 4903 sententiam

276 4940 558 4994 adversus
579 4938 841 4993 Montani
866 4936 1127 4993 scholam
1151 4937 1490 5008 dixerat,vel
1510 4937 1667 4992 hunc
1689 4937 1928 5005 librum,

273 5027 329 5081 in
360 5044 479 5099 quo
540 5027 803 5083 Montani
849 5027 1182 5083 molitiones
1214 5032 1377 5083 tanto
1409 5027 1633 5099 impetu
1667 5025 1932 5082 damnati

345 5188 458 5257 (39)
496 5189 688 5243 Ardua
728 5204 888 5253 sane,
923 5189 971 5242 si
1008 5204 1125 5259 qua
1168 5188 1360 5258 fuerit,
1396 5203 1459 5259 ac
1510 5184 1802 5257 angustiis
1841 5185 1930 5240 in-

279 5258 482 5314 tricata
542 5261 774 5315 videtur
831 5259 949 5313 haec
998 5258 1068 5314 die
1126 5258 1629 5330 praescriptionum
1672 5263 1931 5328 tempore

279 5331 672 5386 controversia
698 5349 710 5386 :
737 5348 912 5401 quam
940 5347 1146 5386 rursus
1168 5331 1224 5385 in
1251 5332 1427 5401 hujus
1459 5330 1647 5402 operis
1679 5331 1930 5384 decursu

280 5402 329 5455 in
362 5410 640 5473 promptu
676 5404 781 5458 erit
805 5402 1179 5473 aliquatenus
1210 5403 1928 5475 exagitare,nostramque,

278 5479 380 5528 etsi
431 5476 605 5530 nobis
643 5492 757 5547 non
798 5475 931 5530 licet
965 5481 1161 5530 tantas
1213 5491 1561 5547 componere
1609 5474 1765 5543 lites,
1796 5490 1931 5547 seu:

278 5547 525 5601 tentiam
559 5546 1050 5617 qualemcumque
1082 5544 1385 5617 explicare.
1432 5546 1597 5601 Nunc
1628 5544 1930 5617 autemid

281 5618 468 5673 obiter
496 5615 726 5673 tantum
760 5615 970 5675 dicere
993 5615 1187 5689 juvat,
1234 5634 1339 5674 nec
1380 5618 1503 5688 jam
1535 5616 1807 5689 videlicet
1838 5615 1931 5689 his

280 5689 564 5757 plicuisse
609 5705 787 5761 quam
827 5686 1243 5755 subolioratur.
1275 5686 1677 5749 Tillemontius
1706 5686 1932 5760 opinio-

2038 4686 2321 4743 mumque
2378 4687 2505 4725 esse
2562 4670 2751 4738 aiunt,
2811 4688 2945 4726 cum
3000 4670 3341 4727 orthodoxis
3391 4675 3516 4725 tum
3566 4670 3702 4724 Ter‘

2036 4759 2353 4814 tullianum
2403 4758 2682 4825 sensisse,
2742 4776 2992 4830 namque
3042 4764 3100 4814 et
3147 4777 3281 4815 cum
3329 4758 3502 4813 coetui
3533 4773 3699 4813 sacro

2039 4851 2385 4920 potestatem
2434 4848 2750 4903 concedere
2796 4848 3009 4902 delicta
3065 4847 3437 4903 condonandi
3481 4846 3554 4900 iis
3598 4837 3699 4916 qui

2040 4937 2275 5009 gravius
2316 4941 2677 5006 peccassent,
2714 4953 2891 5007 quam
2941 4953 3183 5008 prorsus
3214 4937 3603 4993 destruxisset
3631 4934 3691 4989 in

2041 5027 2191 5083 libro
2222 5027 2287 5081 de
2316 5026 2620 5090 Pudicitia,
2646 5030 2703 5081 et
2733 5025 2791 5080 in
2825 5024 2923 5080 illo
2955 5025 3103 5081 libro
3134 5028 3332 5098 ipsum
3364 5026 3532 5081 illum
3562 5041 3697 5097 pro-

2039 5202 2191 5256 nem,
2226 5203 2343 5257 qua
2382 5186 2600 5241 librum
2651 5184 2828 5256 hunc,
2862 5188 3136 5258 equidem
3187 5192 3321 5243 ante
3356 5187 3700 5245 Tertulliani

2041 5259 2448 5325 defectionem,
2483 5275 2615 5313 cum
2649 5258 2839 5313 adhuc
2872 5276 3016 5315 sana
3057 5260 3169 5315 ﬁde
3202 5261 3453 5328 ﬂoreret,
3487 5278 3551 5317 ac
3584 5261 3700 5315 for-

2041 5347 2145 5385 san
2180 5332 2322 5385 dum
2354 5332 2545 5385 Romae
2577 5347 2756 5402 agens
2782 5332 3125 5388 traditiones
3159 5333 3509 5403 apostolicas
3542 5332 3698 5403 peni-

2040 5406 2137 5457 tus
2183 5403 2612 5477 introspiceret,
2644 5407 2989 5477 conceptum
3027 5404 3210 5460 fuisse
3260 5422 3326 5461 ac
3374 5406 3693 5477 inceptum,

2042 5490 2145 5529 nec
2175 5481 2369 5528 tamen
2421 5474 2534 5529 nisi
2567 5479 2696 5545 post
2726 5475 2907 5530 libros
2938 5476 2994 5530 in
3028 5478 3398 5545 Marcionem,
3441 5474 3693 5530 haerente

2033 5546 2157 5616 jam
2192 5551 2427 5601 auctore
2456 5545 2515 5600 in
2547 5547 2920 5602 Montanismi
2954 5548 3111 5617 faece,
3146 5549 3204 5604 in
3245 5549 3434 5604 lucem
3466 5547 3689 5602 editum

2040 5617 2477 5674 arbitraremur.
2508 5620 2648 5673 Enn.
