4072 6190
333 283 451 342 215

1412 280 1936 342 DlSSEltTATIO
1980 279 2082 340 DE
2126 279 2335 342 VERA
2376 280 2660 341 ΑΞΤΑΤΕ

3627 283 3747 341 216

334 413 506 481 fiteri,
539 430 602 469 se
631 429 785 468 nunc
816 414 1116 468 confutare
1146 412 1288 467 velle
1336 412 1553 469 librum
1586 430 1762 485 quem
1814 413 1976 479 olim,
2007 415 2062 480 Α
2092 412 2177 467 vel
2209 413 2535 469 doctrinam
2588 413 2681 467 hic
2729 412 2876 468 liber
2902 414 3258 484 {referendus
3307 414 3404 482 sit,
3438 430 3571 469 cum
3619 418 3744 469 alia:

336 502 542 557 haeresi
573 501 909 556 communis
940 500 1209 556 Ecclesiae
1248 501 1515 555 addictus
1548 519 1649 572 pro
1681 502 1789 557 hac
1821 508 1986 573 pote-

335 596 483 647 state
538 589 889 660 scripsisset.
962 589 1024 643 In
1085 606 1200 659 qua
1258 590 1534 645 universa
1592 592 1986 661 disputatione

337 678 523 735 multo
555 679 873 748 sapientior
903 678 1048 733 mihi
1095 678 1327 733 videtur
1365 680 1771 746 Hoﬂ‘mannus,
1812 697 1988 750 quam

337 770 398 823 in
448 769 692 823 caeteris.
743 768 1007 838 Namque
1054 767 1093 821 l.
1142 770 1257 835 c.§
1306 768 1372 822 13
1421 768 1659 840 pulchre
1699 770 1987 835 monetis,

337 864 505 934 longe
537 866 828 920 diversam
860 882 985 920 esse
1026 866 1409 937 quaestionem
1443 866 1499 920 in
1535 865 1680 921 libro
1710 867 1775 921 de
1807 868 1992 922 Paeni-

337 957 512 1009 tentia
561 954 918 1024 propositam
964 955 1036 1009 ab
1085 971 1174 1021 ea,
1241 971 1419 1025 quam
1481 954 1876 1010 Tertullianus
1930 956 1991 1010 in

335 1043 756 1098 commentario
813 1059 978 1114 super
1024 1043 1306 1098 Pudicitia
1364 1044 1579 1114 posuit,
1611 1049 1784 1113 atque
1812 1044 1991 1099 etiam

338 1131 724 1187 Montanistas
754 1148 925 1186 omne
983 1130 1126 1185 illud
1180 1133 1439 1201 potuisse
1490 1132 1798 1187 defendere
1838 1133 1993 1204 quod

338 1224 425 1275 est
474 1222 535 1274 in
585 1221 732 1276 libro
785 1221 849 1276 de
898 1222 1229 1276 Ροεητίεηίιά
1278 1221 1663 1292 propositum.
1721 1222 1996 1277 Videlicet

341 1326 458 1364 non
485 1326 664 1380 super
694 1326 761 1365 ea
793 1326 852 1364 re
880 1314 1005 1363 erat
1054 1310 1408 1365 orthodoxos
1456 1309 1608 1363 inter
1663 1314 1719 1364 et
1770 1313 1994 1365 Monta-

344 1398 530 1453 nistas
558 1398 798 1468 quaestio
832 1415 844 1452 :
896 1403 1210 1468 possentne
1260 1399 1320 1465 ii,
1354 1399 1453 1468 qui
1495 1399 1565 1452 ad
1600 1400 1995 1471 impuritatem

344 1488 655 1558 pristinam
685 1487 1057 1558 gravioribus
1088 1486 1321 1541 delictis
1372 1487 1704 1558 rediissent,
1740 1490 1995 1560 interpo-

345 1576 461 1631 sita
491 1576 852 1646 paenitentia,
886 1577 1116 1630 veniam
1169 1574 1609 1630 malefactorum
1660 1594 1692 1631 a
1738 1578 1854 1633 Deo
1884 1579 2021 1633 im-r

346 1671 595 1735 petrare,
628 1665 784 1735 quod
818 1664 1030 1734 neutri,
1080 1680 1150 1719 ne
1182 1664 1548 1720 Montanistaa
1582 1667 1842 1738 quidem,
1892 1684 1995 1722 ne-

2096 501 2175 554 rei
2200 501 2539 562 dirimenda:
2582 502 2640 554 in
2685 500 2793 556 hoc
2845 503 2990 556 libro
3040 502 3431 573 signifitiones
3481 518 3596 557 non
3651 519 3744 557 ex-

2098 595 2274 656 stent,
2310 605 2401 644 me
2433 589 2670 661 quidem
2706 606 2944 660 prorsus
2979 591 3205 645 nescire
3236 590 3536 646 Proﬁteor.

2447 762 2475 828 §
2504 761 2558 815 2.
2590 790 2661 801 —
2689 761 2852 815 Liber
2882 761 3141 817 adversus
3167 761 3404 817 Iudaeos.

2173 897 2363 965 Atque
2394 894 2569 948 etiam
2604 893 2747 948 illud
2805 911 2918 950 non
2970 912 3063 951 me
3104 895 3269 951 fateri
3296 896 3476 968 pudet
3506 896 3576 951 de
3605 895 3757 951 libro

2102 997 2272 1052 quem
2307 983 2575 1038 adversus
2603 983 2819 1040 Judaeos
2848 983 3218 1055 conscripsit,
3252 984 3311 1039 in
3338 1001 3453 1055 quo
3485 984 3758 1049 nihilest,

2103 1070 2259 1140 quod
2292 1071 2550 1126 Montani
2605 1072 2856 1143 ineptias
2906 1076 3184 1145 saperet:
3222 1073 3320 1128 sed
3374 1089 3561 1142 neque
3612 1072 3759 1127 illud

2103 1159 2550 1215 admirationem
2586 1160 2798 1228 habet;
2834 1161 2995 1216 nulla
3022 1162 3178 1216 enim
3210 1161 3328 1217 fere
3366 1161 3588 1217 exstitit
3621 1162 3763 1215 Ter-

2102 1244 2348 1301 tulliano
2380 1246 2436 1301 in
2494 1247 2603 1302 hoc
2651 1247 2801 1304 libro
2856 1248 3065 1303 talium
3111 1248 3762 1304 commemorandarum

2103 1335 2529 1405 opportunitas.
2565 1340 2752 1400 Quare
2804 1336 2951 1391 illud
3002 1342 3090 1393 est
3114 1338 3454 1405 videndum,
3488 1344 3765 1391 utrumne

2104 1418 2185 1478 ibi
2217 1423 2415 1495 aliqua
2464 1425 2790 1497 reperiatur
2831 1426 3117 1497 temporis
3165 1425 3534 1497 significatio.
3586 1426 3656 1480 Et
3694 1442 3764 1479 ea

2104 1516 2195 1567 est
2220 1514 2456 1583 quidem
2499 1514 2868 1569 subobscura
2918 1515 2976 1570 in
3032 1516 3266 1570 duobus
3317 1514 3505 1570 locis:
3544 1514 3763 1584 Prima,

2105 1618 2155 1656 c.
2186 1604 2243 1667 7,
2296 1603 2354 1656 in
2406 1618 2520 1673 quo
2568 1604 2967 1658 Britannorum
3016 1605 3289 1661 inaccessa
3339 1604 3596 1660 Romanis
3644 1604 3766 1658 loca

2107 1696 2515 1759 commemorat,
2549 1696 2606 1747 et
2636 1691 2809 1763 paulo
2855 1698 2988 1765 post
3035 1709 3135 1749 eos
3180 1694 3387 1750 Oceani
3430 1693 3522 1747 sui
3549 1694 3767 1748 ambitu

345 1754 582 1825 gabant,
616 1770 764 1823 quos
798 1753 991 1824 potius
1040 1758 1266 1808 constat
1305 1753 1495 1824 ipsam
1540 1752 1933 1829 ἐξομολόγησιν
1965 1776 1999 1813 a

2117 1780 2408 1835 conclusos.
2443 1782 2577 1847 Quae
2608 1797 2700 1836 res
2732 1782 2970 1853 quidem
3000 1782 3315 1838 Baronium
3344 1782 3564 1855 (Annal.
3592 1782 3771 1837 eccle-

345 1843 461 1897 reis
495 1841 844 1913 postulasse,
880 1842 981 1896 sed
1014 1857 1142 1896 eam
1167 1842 1406 1913 quidem
1438 1859 1553 1897 non
1586 1842 1687 1912 ita,
1722 1851 1785 1899 ut
1815 1846 2001 1917 impe-

346 1936 546 1998 traret,
578 1931 678 2002 qui
725 1936 1083 2001 peccaverat,
1114 1930 1345 1985 veniam
1377 1931 1449 1985 ab
1480 1932 1737 1987 Ecclesia
1765 1940 1823 1989 et
1870 1951 2003 1990 con-

335 2020 664 2090 junctionis
721 2035 855 2073 cum
889 2019 990 2073 illa
1031 2020 1486 2089 restitutionem,
1537 2022 1637 2076 sed
1688 2027 1752 2077 ut
1796 2022 2003 2079 incita-

346 2112 552 2163 rentur
570 2108 737 2179 probi
760 2109 831 2163 ad
857 2107 1308 2180 supplicandum
1333 2109 1543 2175 Deo,ut
1561 2109 1698 2167 huic
1721 2113 2003 2182 peccatori

346 2198 585 2252 tandem
632 2196 949 2268 aliquando
979 2198 1207 2252 veniam
1258 2200 1643 2266 concederet;
1700 2203 1798 2255 sed
1860 2202 2002 2259 illud

351 2287 723 2358 quaerebatur
754 2286 971 2356 potius,
1021 2285 1298 2341 liceretne
1349 2287 1665 2343 Ecclesiam
1717 2307 2003 2363 usurpare

350 2379 723 2446 potestatem,
753 2391 869 2445 qua
902 2390 963 2430 se
995 2391 1110 2429 non
1142 2375 1484 2431 destitutam
1509 2378 1685 2432 etiam
1717 2379 1845 2450 ipsa
1875 2397 2004 2435 sen-

351 2466 552 2530 tirent,
586 2463 903 2534 recipiendi
955 2464 1255 2533 sejunctos
1286 2481 1319 2518 a
1350 2464 1625 2521 societate
1666 2484 1774 2522 sua
1802 2485 2001 2538 pecca-
2048 2475 2059 2488 '

352 2557 511 2609 tores
542 2553 602 2607 in
651 2552 974 2607 amicitiam
1015 2558 1264 2608 veterem
1311 2558 1365 2608 et
1412 2557 1886 2611 communionem
1918 2575 2004 2612 sa-

352 2656 587 2696 crorum
607 2658 619 2707 ;
643 2641 799 2711 quod
820 2640 1182 2695 Montanistae
1206 2640 1286 2696 ita
1309 2643 1603 2713 negabant
1624 2646 1746 2699 fieri
1770 2647 1999 2716 debere,

350 2739 454 2793 sed
486 2737 789 2793 orthodoxi
831 2738 912 2792 ita
953 2754 1125 2809 posse
1172 2738 1297 2793 ﬁeri
1347 2739 1600 2794 aiebant.
1635 2745 1794 2796 Hanc
1823 2742 2005 2813 igitur

348 2825 646 2881 licentiam
699 2830 1040 2897 usurpatam
1091 2827 1163 2881 ab
1213 2826 1550 2882 orthodoxis
1584 2830 1999 2898 Tertullianus,

346 2914 408 2971 in
440 2916 588 2970 libro
620 2931 685 2971 eo
713 2915 813 2985 qui
846 2920 934 2971 est
961 2914 1028 2969 de
1061 2915 1360 2985 Pudicitia,
1400 2919 1774 2973 vehementer
1820 2920 2003 2976 salse-

348 3020 460 3076 que
515 3005 786 3076 exagitat,
840 3005 940 3059 sed
988 3005 1047 3058 in
1102 3003 1251 3059 libro
1306 3005 1375 3060 de
1432 3008 1759 3062 Ptenitentia
1816 3025 2003 3080 neque

351 3093 683 3159 confirmat,
704 3109 895 3163 nequo
926 3092 1239 3163 impugnat
1264 3094 1464 3161 etiam,
1484 3095 1583 3149 sed
1610 3095 1680 3149 de
1708 3096 1808 3151 illa
1837 3098 2004 3152 venia

349 3180 629 3250 loquitur,
662 3182 733 3235 ad
765 3197 942 3251 quam
973 3180 1149 3234 etiam
1183 3181 1254 3234 iis
1284 3182 1400 3251 ,qui
1434 3181 1696 3237 immersi
1726 3186 1880 3239 I70
1910 3202 2001 3240 es-

353 3272 487 3323 sent
515 3268 881 3338 gravissimis
905 3268 1161 3337 ﬂagitiis,
1200 3269 1354 3339 apud
1387 3269 1593 3335 Deum,
1617 3270 1665 3324 si
1690 3273 1761 3326 ab
1797 3273 2007 3328 bonam

359 3360 613 3411 mentem
646 3356 978 3422 rediissent,
1013 3356 1208 3410 aditus
1240 3373 1355 3411 non
1381 3364 1539 3412 esset
1570 3357 1908 3430 impeditus.
1932 3363 2010 3417 Ex

358 3461 473 3515 quo
505 3444 682 3500 etiam
716 3443 861 3499 illud
902 3444 1175 3511 efficitur,
1224 3459 1339 3499 non
1386 3462 1653 3502 revocare
1698 3450 2011 3506 Tertullia-

358 3550 502 3588 num
562 3534 621 3587 in
672 3532 821 3587 libro
869 3532 935 3587 de
975 3532 1254 3588 Pudicitia
1298 3534 1378 3600 id,
1429 3536 1583 3605 quod
1616 3537 1676 3591 in
1723 3538 2011 3610 singulari

352 3621 550 3677 libello
581 3621 1035 3676 orthodoxorum
1065 3621 1205 3676 olim
1235 3624 1531 3678 sententiae
1566 3625 1835 3683 addictus
1866 3629 2011 3685 scri-

353 3709 699 3781 psisset,sed
733 3708 879 3763 nihil
910 3726 1065 3764 nunc
1094 3711 1331 3780 fatetur,
1369 3712 1481 3767 nisi
1515 3730 1576 3768 se
1606 3714 1774 3770 aliter
1792 3718 2011 3773 sentire

355 3800 427 3854 de
456 3799 566 3853 ista
596 3798 765 3853 venia
796 3815 830 3852 a
859 3806 1006 3853 coetu
1039 3815 1203 3855 sacro
1236 3802 1621 3870 concedenda,
1657 3822 1833 3877 quam
1868 3807 2009 3863 olim

355 3888 510 3942 inter
537 3887 889 3942 orthodoxos
927 3904 1037 3942 non
1070 3888 1306 3959 quidem
1355 3890 1707 3963 scripsisset,
1740 3896 1840 3950 sed
1873 3914 2008 3953 sen-

362 3975 540 4031 sisset
569 3980 787 4030 tamen.
825 3976 972 4039 Quid
1005 3992 1141 4047 ergo
1187 3977 1321 4032 est?
1367 3979 1870 4039 rl‘ertullianumne
1904 4003 2007 4052 pu-

355 4067 619 4119 taremus
650 4063 806 4119 hunc
856 4064 1075 4119 librum
1107 4065 1166 4119 in
1202 4069 1598 4125 montanismo
1648 4073 1955 4142 scripsisse
1986 4074 2008 4129 ?

356 4164 555 4232 Neque
586 4161 692 4217 hoc
724 4163 910 4217 audeo
941 4161 1152 4217 dicere.
1188 4162 1331 4217 Nam
1366 4165 1475 4219 etsi
1507 4169 1908 4235 peccatoribus
1939 4168 2011 4222 ad

357 4250 665 4321 pristinam
718 4266 968 4320 eamque
1016 4267 1345 4321 perversam
1395 4254 1574 4308 vitam
1628 4257 2011 4312 redeuntibus

357 4355 473 4393 non
508 4338 619 4393 nisi
653 4355 828 4393 unam
861 4354 1108 4409 eamque
1140 4339 1405 4394 ultimam
1449 4358 1611 4411 spem
1661 4345 1829 4398 venia
1858 4345 2012 4415 apud

360 4430 542 4481 Deum
577 4427 956 4497 impetrandae
989 4426 1246 4497 polliceri
1280 4429 1546 4483 videatur
1576 4447 1623 4485 c.
1648 4433 1701 4501 8,
1740 4440 1933 4489 tamen
1957 4440 2015 4490 et

2110 1868 2291 1935 siast.,
2324 1868 2395 1923 ad
2431 1885 2526 1923 an.
2575 1870 2723 1941 212),
2775 1869 3073 1937 Allixium,
3125 1871 3390 1942 aliosque
3433 1871 3678 1926 deduxit
3708 1870 3771 1925 in

2112 1972 2239 2011 eam
2271 1956 2629 2027 opinionem,
2663 1962 2728 2013 ut
2766 1960 3067 2014 crederent
3108 1964 3241 2030 post
3272 1959 3543 2015 victorias
3572 1959 3776 2015 Severi

2112 2062 2145 2101 a
2172 2046 2469 2101 Britannis
2500 2052 2828 2119 reportatae
2856 2048 3148 2120 scriptum
3181 2048 3337 2103 hunc
3369 2047 3585 2103 librum
3617 2064 3772 2115 esse,

2111 2137 2169 2188 et
2188 2133 2268 2189 ita
2296 2150 2449 2189 anno
2483 2135 2599 2190 fere
2629 2136 2788 2191 CCIX
2812 2162 2825 2204 ;
2846 2137 3001 2206 quod
3034 2152 3139 2209 ego
3168 2153 3281 2191 non
3315 2137 3555 2192 dixerim
3584 2155 3598 2204 ;
3632 2153 3770 2191 nam

2112 2223 2403 2293 quomodo
2436 2227 2561 2279 tum
2592 2225 2831 2280 tandem
2862 2225 2991 2279 loca
3016 2225 3429 2281 Britannorum
3454 2225 3569 2279 dici
3610 2225 3772 2279 inac-

2109 2328 2274 2367 cessa
2313 2313 2658 2385 potuissent,
2705 2330 2957 2385 quorum
2987 2314 3097 2369 sibi
3134 2314 3360 2369 aditum
3408 2314 3651 2371 Romani
3688 2316 3775 2368 fe-

2113 2405 2346 2469 cerant;
2379 2406 2435 2456 et
2458 2402 2557 2473 qui
2581 2402 2906 2472 potuissent
2925 2402 3320 2458 Tertullianus
3344 2404 3535 2458 dicere
3562 2420 3573 2457 :
3603 2405 3772 2457 Trans

2113 2490 2247 2545 istas
2274 2499 2459 2560 gentes
2492 2497 2760 2547 Romanos
2806 2494 3096 2564 porrigere
3142 2494 3304 2563 regni
3350 2494 3438 2547 sui
3482 2494 3626 2547 vires
3654 2509 3772 2545 non

2109 2593 2280 2648 posse,
2327 2594 2463 2633 cum
2513 2577 2658 2633 illud
2711 2579 2906 2651 ipsum
2938 2580 3091 2634 inter
3130 2580 3437 2634 Britannos
3469 2579 3768 2635 fecissent.

2112 2666 2301 2722 Nimis
2332 2668 2590 2737 profecto
2634 2668 2786 2723 clare
2833 2669 3142 2723 conﬁrmat
3188 2668 3552 2724 Herodianus
3584 2670 3771 2739 (Hist,

2112 2754 2214 2809 lib.
2248 2771 2332 2824 III,
2365 2771 2416 2810 c.
2450 2756 2539 2821 14,
2573 2773 2629 2827 p.
2667 2772 2742 2810 tr.
2787 2758 2931 2827 170),
2988 2758 3264 2813 Severum
3300 2773 3413 2812 non
3446 2758 3615 2812 modo
3662 2762 3778 2811 Ge-

2111 2846 2232 2897 tam
2270 2843 2328 2898 in
2361 2844 2432 2900 iis
2463 2845 2873 2900 Britannorum
2922 2846 3260 2917 regionibus
3286 2846 3610 2916 reliquisse,
3644 2863 3775 2917 quae

2114 2931 2360 3002 imperio
2393 2933 2785 2988 Romanorum
2819 2934 3095 3005 subjectae
3145 2939 3331 3003 erant,
3364 2935 3463 2989 sed
3495 2938 3776 2990 Severum

2114 3037 2368 3092 quoque,
2403 3023 2610 3094 pergit,
2652 3022 2828 3078 latius
2877 3040 2938 3078 se
2988 3023 3347 3093 profudisse.
3395 3029 3590 3095 Neque
3635 3040 3775 3079 vero

2116 3112 2315 3164 muros
2349 3111 2612 3165 aSevero
2661 3112 2720 3165 in
2770 3112 3073 3167 Britannia
3125 3116 3479 3182 exstructus,
3514 3112 3614 3183 qui
3666 3111 3777 3165 Ba-

2120 3199 2352 3254 ronium
2385 3205 2740 3271 caeterosque
2778 3201 3028 3272 decepit,
3065 3203 3115 3257 is
3145 3206 3255 3270 est,
3300 3218 3416 3273 quo
3462 3200 3779 3257 Tertullia-

2118 3303 2231 3342 nus
2296 3287 2591 3359 significat
2641 3288 2950 3345 conclusos
2998 3291 3215 3345 ﬁnibus
3275 3292 3402 3346 suis
3458 3291 3777 3345 Britannos

2118 3376 2323 3442 fuisse,
2357 3392 2546 3448 neque
2586 3377 2743 3433 enim
2788 3395 2977 3447 muro,
3012 3380 3115 3434 sed
3164 3381 3318 3434 intra
3366 3380 3568 3436 Oceani
3594 3380 3781 3434 ambi-

2118 3467 2238 3519 tum
2266 3465 2548 3521 conclusos
2573 3467 2869 3523 Britannos
2902 3469 3049 3522 171
3089 3467 3434 3540 planissime
3466 3468 3627 3522 dicit.
3662 3467 3779 3523 Sed

2117 3551 2230 3608 ista
2286 3554 2549 3625 demum,
2584 3571 2710 3626 quae
2755 3556 2826 3610 de
2874 3556 3171 3612 Britannis
3223 3557 3413 3611 caeteri
3460 3556 3782 3627 scriptores

2117 3640 2509 3709 tradiderunt,
2562 3647 2701 3699 sunt
2742 3643 2799 3698 in
2849 3644 3215 3715 expeditione
3254 3644 3447 3701 Severi
3498 3645 3782 3700 adversus

2117 3750 2217 3789 eos
2249 3735 2422 3803 tacta,
2474 3751 2651 3806 quam
2700 3740 2930 3791 constat
2978 3736 3163 3792 fuisse
3211 3754 3363 3793 anno
3412 3737 3598 3793 CCVII
3639 3753 3783 3792 sus-

2117 3825 2368 3893 ceptam.
2401 3823 2567 3878 Prior
2614 3824 2791 3894 igitur
2838 3825 2930 3879 hic
2961 3825 3310 3881 Tertulliani
3350 3826 3499 3881 liber
3536 3824 3781 3898 exstitit,

2119 3916 2176 3966 et
2232 3911 2417 3967 multo
2472 3913 2630 3984 prior
2686 3912 2948 3984 quidem,
2980 3914 3029 3969 si
3089 3914 3230 3987 quid
3278 3915 3468 3991 video,
3511 3920 3787 3986 recteque

2118 3999 2516 4055 Tertullianus
2548 4000 2729 4057 altero
2760 4001 2819 4056 in
2852 4000 2977 4058 loco
3007 4003 3459 4076 disputavit,qui
3490 4008 3579 4059 est
3607 4020 3656 4058 ο.
3692 4004 3782 4058 13.

2118 4089 2320 4160 Neque
2349 4089 2505 4144 enim
2536 4094 2794 4161 tempore
2827 4091 3029 4169 scripti
3078 4091 3256 4163 hujus
3306 4092 3441 4148 libri
3495 4092 3780 4164 cuiquam

2118 4177 2452 4232 Judaeorum
2488 4178 2815 4249 permissus
2846 4184 2969 4235 erat
3002 4179 3196 4235 aditus
3226 4182 3295 4236 ad
3330 4181 3782 4237 Bethlehemum

2122 4274 2222 4322 aut
2288 4286 2496 4341 agrum
2553 4270 3093 4341 circumjecentem,
3135 4278 3237 4328 aut
3293 4273 3782 4345 Hierosolymam.

2122 4356 2428 4412 Enimvero
2460 4363 2689 4413 constat
2721 4360 2996 4416 Severum
3028 4360 3245 4417 multas
3285 4378 3524 4434 rogasse
3564 4362 3790 4420 Judaeis

2125 4445 2347 4501 amicas
2386 4446 2564 4518 leges,
2588 4465 2736 4519 quas
2766 4449 2825 4504 in
2860 4450 3206 4522 compendio
3237 4451 3499 4506 recitavit
3526 4452 3789 4507 Jacobus

358 4513 419 4569 in
448 4529 607 4623 33:6
638 4513 783 4623 “tibi!
819 4515 1023 4623 ιάοοθι»
1071 4517 1223 4623 ρυᾼθά
1277 4520 1576 4623 ρι’ξψτξξληι
1625 4521 2012 4623 fU‘issemlega-
2042 4517 2091 4585 Ι)
2124 4513 2472 4607 Βαεηεεὶυεν
2499 4513 2655 4608 (Hist.
2705 4537 2795 4594 des
2840 4513 3012 4609 Juifs,
3057 4544 3098 4595 t.
3150 4540 3299 4623 VIII,
3334 4557 3392 4612 p.
3425 4541 3493 4594 49
3521 4541 3683 4613 seq.),
3720 4557 3789 4597 ac

364 4619 495 4657 mus
525 4602 1032 4668 Montanistarum,
1069 4605 1169 4657 sed
1209 4607 1364 4675 quod
1416 4606 1592 4662 etiam
1641 4610 1713 4664 ab
1762 4611 1893 4668 aliis
1923 4630 2015 4669 or-

364 4691 750 4746 thodoxorum
781 4690 1153 4746 vehementer
1204 4701 1631 4763 propugnatum
1682 4716 1809 4756 esse
1858 4702 2016 4758 inve-

367 4779 601 4834 niamus
661 4778 810 4847 (Vide
859 4782 1078 4833 Hermae
1145 4782 1444 4849 Pastorem,
1508 4788 1783 4845 mandato
1846 4792 1876 4845 4
1956 4792 2016 4846 in

367 4866 616 4922 Fabricii
648 4866 983 4937 Apocryphis
1018 4868 1078 4921 Ν.
1114 4870 1171 4925 Τ.
1212 4873 1354 4927 tom.
1394 4874 1489 4942 Ill,
1544 4892 1599 4946 p.
1650 4877 1757 4931 845
1793 4895 1927 4949 sequ,
1962 4884 2021 4935 et

366 4955 495 5010 loca
518 4954 600 5009 ibi
624 4972 658 5009 a
682 4955 939 5009 Fabricio
972 4955 1190 5027 citata),
1214 4958 1433 5015 nullam
1460 4979 1622 5034 spem
1655 4983 1782 5022 esse
1811 4968 2019 5024 salutis

365 5043 442 5099 iis
471 5044 572 5115 qui
613 5048 744 5114 post
776 5050 1114 5114 susceptum
1150 5047 1509 5118 baptismum
1540 5051 1751 5108 iterum
1781 5057 2020 5127 gravius

368 5135 426 5186 et
446 5132 518 5185 ad
544 5131 838 5201 jacturam
874 5147 1021 5185 verae
1054 5134 1284 5203 pietatis
1318 5145 1673 5207 peccassent,
1708 5146 1861 5213 quod
1891 5161 2022 5215 pes-

366 5218 567 5275 simam
600 5221 885 5291 baptismi
937 5222 1241 5277 diﬂ'ercndi
1283 5229 1771 5286 consuetudinem
1812 5233 1868 5286 in
1920 5238 2023 5288 Ec-

371 5307 609 5363 clesiam
644 5313 843 5379 postea
871 5310 1070 5364 intulit
1093 5336 1118 5377 ;.
1154 5317 1210 5366 et
1239 5329 1365 5383 quae
1397 5316 1603 5372 durius
1633 5318 1863 5377 locutus
1894 5338 2027 5377 esse

372 5396 553 5453 videri
590 5402 835 5467 poterat,
867 5398 994 5467 ipse
1052 5398 1142 5453 his
1192 5401 1380 5455 verbis
1429 5404 1709 5474 subjectis
1742 5410 1976 5481 mitigat
2007 5428 2021 5467 :

382 5496 579 5554 Verum
623 5510 734 5550 non
778 5497 965 5549 statim
1015 5496 1371 5554 succidenda:
1427 5518 1498 5556 ac
1550 5503 1892 5562 subruendus
1949 5512 2027 5564 est

379 5585 602 5644 animus
642 5583 1042 5657 desperatione.
1088 5584 1277 5650 Quare
1318 5588 1390 5645 ad
1441 5605 1619 5662 quam
1667 5593 1755 5650 vel
1796 5599 2024 5655 aetatem

2128 4624 2241 4678 ista
2262 4625 2401 4694 jura
2429 4626 2774 4696 Spartianus
2822 4626 2902 4698 (in
2942 4629 3060 4683 Vita
3092 4628 3297 4696 Severi,
3339 4645 3389 4683 c.
3425 4628 3512 4701 16)
3543 4631 3623 4684 ait
3652 4628 3793 4683 fun-

2126 4713 2264 4767 data
2321 4714 2466 4784 ipsis
2513 4731 2643 4770 esse
2690 4719 2837 4782 tum,
2890 4733 3023 4772 cum
3077 4717 3343 4786 Severus,
3379 4722 3549 4790 capta
3592 4718 3794 4774 Cresi-

2126 4801 2364 4872 phonte,
2396 4802 2455 4858 in
2485 4808 2797 4876 Egyptum
2842 4805 3331 4876 proﬁcisceretur,
3383 4806 3442 4862 h.
3477 4824 3527 4863 e.
3560 4824 3634 4862 an
3669 4808 3793 4862 fere

2127 4890 2282 4945 CCII.
2330 4893 2531 4963 Itaque
2581 4910 2695 4948 non
2744 4898 2834 4948 est
2879 4895 3175 4968 credibile,
3211 4912 3343 4950 cum
3396 4895 3581 4952 multa
3641 4896 3793 4967 ipsis

2121 4979 2260 5050 jura
2289 4984 2663 5049 concesserit,
2697 4982 2951 5054 amplius
2999 5000 3356 5057 quemquam
3405 4985 3788 5057 prohibuisse

2131 5069 2204 5123 ab
2234 5069 2399 5125 aditu
2427 5070 2516 5126 vel
2550 5070 3082 5143 Hierosolymorum
3113 5074 3199 5129 vel
3241 5074 3592 5146 cujusquam
3632 5073 3794 5132 alius

2130 5156 2190 5211 in
2224 5156 2528 5213 Palaestina
2575 5157 2710 5226 laci,
2735 5174 2839 5213 nec
2880 5159 2997 5215 dici
3029 5166 3222 5232 potest
3255 5162 3526 5217 exsilium
3557 5162 3793 5218 Judsso-

2134 5262 2263 5299 rum
2297 5244 2383 5301 vel
2404 5246 2749 5301 Tertulliani
2772 5247 3029 5303 adversus
3048 5251 3274 5308 Judmos
3305 5251 3523 5306 librum
3546 5252 3793 5308 demum

2133 5337 2265 5405 post
2312 5334 2455 5389 ilum
2505 5352 2724 5389 annum
2776 5336 3090 5409 exstitisse,
3126 5341 3228 5396 sed
3279 5345 3453 5396 antea
3484 5341 3691 5412 magis.
3730 5342 3795 5397 In

2134 5438 2250 5493 qua
2307 5422 2595 5477 sententia
2641 5422 2975 5480 confirmari
3023 5427 3227 5483 videor
3269 5426 3395 5484 loco
3426 5428 3623 5500 aliquo
3651 5428 3798 5485 Ter-

2134 5508 2367 5588 tulliani
2420 5527 2488 5565 ex
2533 5512 2904 5581 Apologetico,
2959 5530 3009 5569 c.
3055 5516 3146 5580 21,
3182 5516 3281 5572 ubi
3312 5523 3522 5588 praeter
3551 5517 3665 5573 alia
3692 5518 3799 5574 Ju-

2135 5587 2507 5656 daeis'narrat
2553 5614 2625 5656 ne
2669 5601 3029 5663 advenarum
3076 5587 3328 5670 Quidam,
3356 5606 3490 5677 jure
3528 5607 3796 5682 concedi,
