4072 6190
217 314 317 373 217

1057 312 1154 371 AC
1194 311 1584 372 DOCTRINA
1640 311 2139 372 SCRIP'l‘OltUM
2187 314 2740 376 TERTULLIANI.

3480 320 3598 380 218

220 450 281 500 ut
306 450 498 499 terram
530 442 779 513 patriam
813 442 1020 499 saltem
1054 444 1295 518 vestigio
1329 444 1841 507 salutarent.Quod
1874 447 1923 511 Α
1956 445 2269 515 existimet,
2302 451 2499 503 tamen
2553 453 2794 503 strenuo
2848 448 2905 503 in
2963 450 3326 504 defendenda
3386 450 3592 508 harum

218 532 416 588 etiamsi
448 530 654 585 falsum
692 532 765 587 sit
796 533 866 587 de
915 532 1183 588 universo
1241 532 1560 588 Palaestinae
1618 538 1833 604 tractu,

218 641 241 678 e
291 639 393 693 quo
448 637 557 675 non
605 621 876 677 videntur
904 622 1090 678 Judaei
1124 640 1194 677 ne
1228 641 1329 695 per
1358 624 1673 678 Azlrianum
1704 623 1833 694 qui—

222 713 333 766 dem
363 710 545 781 ejecti,
579 712 733 782 quod
768 711 973 767 multis
1007 712 1147 767 locis
1182 714 1527 785 scriptorum
1575 718 1831 767 veterum

218 799 479 871 imprimis
536 800 733 855 docuit
787 799 875 856 J0.
909 801 1237 873 :Massonus
1271 802 1349 873 (in
1386 801 1598 857 Collect.
1633 805 1830 858 histor.

212 890 273 945 ad
319 905 398 960 op.
453 890 711 944 Aristidis
760 890 850 944 ed.
908 908 941 945 a
993 891 1151 947 Sam.
1211 890 1527 964 Jebbio,’§
1556 893 1613 958 6,
1650 910 1703 946 ιι.
1736 893 1829 965 8);

218 984 383 1034 tamen
413 978 839 1033 Tertullianum
895 979 976 1034 ita
1034 980 1291 1053 oportuit
1350 980 1716 1036 existimasse
1774 980 1831 1035 in

213 1067 582 1139 Apologetico.
641 1067 804 1124 Unde
856 1069 1102 1136 caeteris,
1137 1086 1263 1141 quas
1291 1070 1567 1137 diximus,
1599 1087 1828 1125 assum-

205 1156 325 1228 ptis,
352 1157 645 1227 {ejusdem
706 1157 823 1212 fere
869 1157 1057 1213 astatis
1113 1175 1240 1215 esse
1292 1159 1508 1214 librum
1567 1160 1833 1216 adversus

203 1246 385 1301 ludzos
441 1244 636 1317 colligi
698 1248 947 1318 quodam
1009 1248 1180 1303 modo
1242 1254 1463 1319 potest.
1526 1250 1635 1305 Sed
1696 1267 1831 1305 cum

204 1351 372 1406 neque
431 1351 627 1390 annus
687 1335 866 1405 hujus
904 1335 1037 1391 libri
1067 1343 1331 1394 accurate
1364 1339 1550 1409 possit
1580 1338 1830 1407 deliniri,

209 1440 375 1495 neque
408 1424 785 1496 perspicuum
818 1426 916 1491 sit,
950 1426 1273 1481 senseritne
1319 1428 1445 1498 jam
1506 1432 1629 1482 tum
1689 1429 1830 1482 Ter-

204 1512 465 1567 tullianus
494 1514 649 1584 [cum
700 1514 1087 1582 Montanistis,
1147 1515 1387 1586 placuit,
1442 1516 1616 1571 etiam
1677 1517 1832 1571 hunc

200 1601 389 1655 librum
415 1601 490 1657 iis
515 1602 854 1674 adjungere,
882 1620 1130 1675 quorum
1156 1622 1260 1659 nec
1283 1610 1420 1660 aetas
1445 1623 1547 1660 nec
1572 1606 1834 1662 doctrina

205 1697 497 1762 appareat;
532 1698 590 1746 et
616 1692 873 1747 collectis
900 1694 1175 1748 omnibus
1233 1694 1304 1749 iis
1365 1711 1490 1766 quae
1550 1695 1833 1751 hactenus

200 1780 475 1880 proposita
506 1783 690 1851 ,'sunt,
724 1781 809 1836 ita
842 1780 955 1837 fere
987 1782 1253 1838 ordinem
1286 1782 1572 1839 librorum
1603 1783 1831 1839 Tertul-
1864 1817 1912 1880 B

199 1866 320 1922 liani
349 1869 730 1925 constituere.

197 2019 308 2066 Ante
334 2022 549 2079 suscept.

247 2081 546 2129 Hontanism
556 2120 568 2130 .

197 2144 257 2191 De
284 2142 549 2192 Oratione.

198 2205 261 2269 51d
287 2204 558 2269 Martyres.

198 2268 257 2315 De
284 2268 622 2318 Spectaculis.

199 2331 257 2378 De
283 2331 549 2379 ldolatria.

195 2394 406 2456 Apologe
416 2395 602 2443 ticum.
724 2394 733 2456 |
749 2394 816 2442 De
846 2395 1061 2445 Exhort.

197 2456 257 2502 De
270 2456 455 2505 Testim
493 2456 734 2506 animal
806 2459 945 2506 tatis.

195 2517 290 2567 Lib.
334 2528 370 2568 ιι
415 2520 485 2569 ad
536 2517 819 2594 Natio-[9e
851 2522 1202 2594 ttionogamia.
1410 2524 1832 2594 Resurreetione.

248 2596 350 2646 nes.
423 2645 427 2646 ν
725 2581 819 2646 |De
849 2581 1099 2646 Jejuniis.
1286 2581 1415 2646 ιω).
1447 2600 1493 2642 v,
1526 2586 1643 2636 adv.
1674 2588 1837 2637 Marc.

196 2641 257 2707 De
289 2642 576 2707 Baptismo.
724 2641 817 2707 |De
848 2641 1119 2695 Pudicitia.
1286 2641 1378 2707 |De
1412 2648 1589 2696 Pallio.

194 2704 291 2773 Lib.
312 2720 341 2754 ιι
360 2704 427 2755 ad
460 2721 690 2773 uxorem
724 2704 957 2773 IAdvers.
1000 2704 1400 2773 Pi'axeam.|(De
1431 2712 1728 2773 Patientia.)

194 2770 450 2825 (adversus
468 2770 881 2837 ,ΙιιίιιιιοξιηᾼιὶιιΓ
921 2773 1163 2837 Hermog.
1288 2770 1384 2837 [Ad
1413 2770 1715 2837 Scapulam;

748 2835 817 2882 De
851 2834 1058 2883 Anima.
1120 2834 1137 2836 ⁷
1284 2834 1400 2896 κυθ
1429 2834 1791 2899 Pas—nitentia.)

824 2020 878 2085 In
911 2020 1293 2085 Montanismo.|
1309 2022 1644 2085 Scorpiacen.

745 2082 812 2129 De
843 2084 1071 2132 Corona.
1286 2082 1452 2135 IAdVJ
1473 2087 1739 2135 Valentin.

742 2145 812 2208 De
843 2145 982 2208 Virg.
1012 2145 1437 2208 velandis.|Adv.
1466 2147 1719 2198 Marcion.
1752 2149 1828 2200 1.1.

742 2207 813 2275 9e
843 2207 995 2275 Cultu
1030 2207 1377 2275 feminar.|l)e
1410 2210 1702 2275 Prmseript.
1730 2214 1834 2263 hie-

749 2270 818 2317 De
853 2271 998 2333 Fuga
1026 2274 1079 2320 in
1102 2287 1275 2334 perse-

805 2337 910 2381 cut.

1368 2274 1518 2321 relic.

1305 2348 1356 2395 ιι,
1398 2349 1465 2393 ιιι,
1517 2351 1581 2398 Iv,
1629 2338 1832 2388 advers.

1114 2399 1294 2447 casti-I
1370 2399 1529 2446 Marc.

1310 2460 1377 2508 De
1418 2461 1583 2509 Carne
1625 2461 1836 2512 Christi.

228 2954 323 3021 §3.
356 2987 423 2997 —
455 2956 537 3011 De
566 2958 705 3011 actis
736 2958 1019 3027 Perpetua
1050 2962 1101 3034 et
1132 2959 1457 3031 Felicitatis,
1491 2960 1801 3034 harumque

816 3033 1205 3086 montanismo.

255 3120 439 3186 Atque
473 3115 575 3171 hic
606 3133 917 3187 possemus
956 3119 1132 3173 ﬁnem
1182 3120 1369 3175 facere
1419 3119 1834 3192 disputationis

196 3210 385 3258 nostra:
416 3221 429 3258 :
464 3221 662 3276 neque
694 3206 850 3260 enim
900 3213 1107 3262 caetera
1161 3207 1534 3264 Tertullianis
1590 3210 1831 3282 scripta,
1865 3184 1907 3252 (ἶ

195 3308 307 3362 qua:
362 3293 446 3347 vel
514 3309 823 3365 perperam
879 3303 1020 3350 sunt
1078 3295 1189 3367 ipsi
1248 3297 1523 3368 ascripta,
1554 3298 1670 3369 zvel
1721 3316 1836 3355 non

196 3387 430 3452 exstant,
504 3388 782 3438 excutere
838 3383 1009 3439 nobis
1064 3389 1153 3439 est
1201 3386 1587 3457 propositum.
1639 3390 1746 3444 Sed
1778 3389 1837 3444 in

198 3471 437 3526 animum
478 3471 647 3526 venit
674 3472 940 3542 quaedam
974 3474 1044 3529 de
1075 3473 1233 3529 Actis
1264 3475 1381 3530 illis
1413 3475 1512 3531 SS.
1548 3480 1839 3549 Perpetua;

201 3563 251 3611 et
276 3559 592 3615 Felicitatis
626 3561 838 3625 dicere,
871 3577 995 3630 quae
1029 3567 1189 3629 sunt,
1238 3563 1338 3635 qui
1388 3564 1565 3619 etiam
1614 3567 1838 3622 Tertul-

201 3644 339 3704 liano
359 3637 771 3703 tribuerihtJn
804 3649 1019 3721 quibus
1050 3668 1233 3706 unum
1264 3651 1433 3708 illum
1456 3653 1837 3711 Whistonum

200 3736 540 3809 impugnare
600 3736 813 3809 placet,
872 3737 975 3810 qui
1031 3756 1265 3795 omnem
1315 3758 1554 3814 operam
1584 3744 1745 3800 dedit
1777 3749 1841 3801 ut

202 3823 307 3880 hiec
328 3831 460 3882 Acta
481 3826 844 3882 Tertulliano
876 3833 1163 3883 assereret
1191 3830 1343 3885 172
1376 3830 1459 3901 (in
1492 3832 1597 3887 The
1641 3834 1840 3888 sacred

203 3915 403 3985 History
436 3921 493 3985 of
531 3914 621 3969 the
648 3914 848 3970 Jewish
878 3915 988 3971 and
1017 3918 1302 3973 Christian
1332 3919 1553 3989 church,
1588 3927 1736 3991 part.
1775 3939 1835 3992 ιι,

200 4000 297 4054 vol.
329 4005 422 4071 Vl,
459 4018 607 4075 pag.
650 4004 898 4075 477-78).
934 4006 1119 4076 Atque
1152 4006 1201 4060 is
1229 4010 1322 4061 SS.
1376 4006 1507 4063 illas
1554 4014 1839 4082 martyres

200 4105 301 4146 non
330 4093 575 4163 quidem
609 4092 976 4148 arhitrature
1008 4094 1316 4166 disciplina
1348 4096 1837 4155 Montanistarum

202 4177 384 4246 fuisse,
418 4181 579 4252 quod
641 4180 993 4250 quibusdam
1052 4182 1293 4254 placuit,
1350 4183 1527 4241 veluti
1582 4188 1839 4244 Samueli

201 4268 471 4340 Basnagio
534 4269 818 4341 (Annalib.
879 4271 1042 4325 Polzt.
1101 4273 1333 4339 Eccles.,
1395 4278 1537 4330 tom.
1597 4278 1667 4343 ΙΙ,
1701 4295 1834 4349 pag.

198 4356 292 4408 224
345 4358 588 4430 seqq.);
648 4357 750 4412 sed
807 4357 929 4412 haec
986 4358 1084 4429 qui
1138 4360 1411 4432 collegit,
1472 4380 1605 4420 eum
1665 4366 1839 4436 plane

202 4449 352 4513 putat
382 4463 500 4501 non
528 4446 952 4502 montanistam
986 4448 1288 4519 modo,sed
1321 4452 1378 4504 et
1406 4451 1835 4510 Tertullianum

1945 540 2268 606 martyrum
2333 536 2442 591 fide
2498 537 2727 591 laborat
2782 538 2863 607 (in
2895 537 3022 592 diss.
3057 539 3334 608 Apologet.
3365 557 3465 609 pro
3493 540 3590 595 SS.

1942 623 2248 694 Perpetua),
2282 625 2585 680 Felicitatis
2613 630 2663 681 et
2709 628 2982 682 sociorum
3042 631 3352 698 martyrum
3408 627 3594 683 ortho-

1941 712 2133 779 doxia,
2191 714 2447 769 adversus
2509 714 2653 769 Sam.
2718 716 3079 785 Basnagium,
3126 716 3399 783 Florent.,
3436 717 3594 786 1728,

1944 799 2117 870 in-li")
2140 802 2328 871 ,cujus
2363 807 2709 875 argumenta
2741 803 2983 859 memini
3016 803 3158 858 mihi
3192 803 3330 859 olim
3365 803 3593 876 legendi

1944 907 2064 944 rem
2100 891 2270 945 istam
2307 910 2418 946 non
2455 894 2826 963 persuadere,
2856 894 2957 948 sed
2994 893 3254 964 plurima
3300 893 3595 949 continere

1943 978 2013 1033 ab
2047 979 2155 1033 hac
2188 981 2583 1052 disputatione
2616 999 2857 1053 prorsus
2892 982 3102 1036 aliena.
3137 983 3240 1037 Sed
3278 999 3433 1037 nunc
3466 982 3593 1054 qui-

1943 1066 2073 1122 dem
2111 1086 2221 1123 non
2255 1075 2343 1124 est
2374 1071 2443 1124 ad
2478 1087 2727 1138 manus;
2765 1072 2962 1142 itaque
3006 1088 3188 1125 unum
3214 1070 3593 1127 Wbistonum

1942 1174 2385 1229 persequamur.
2446 1158 2546 1214 Ille
2606 1177 2677 1215 ne
2708 1160 2961 1215 litteram
2998 1160 3233 1231 quidem
3266 1178 3390 1231 quae
3423 1178 3595 1216 mon-

1942 1247 2262 1301 tanismum
2297 1248 2487 1319 sapiat
2517 1249 2596 1303 ait
2627 1266 2754 1303 esse
2787 1249 2841 1303 in
2878 1249 2969 1303 his
2994 1249 3292 1319 Perpetua;
3320 1256 3376 1304 et
3402 1248 3594 1304 Saturi

1942 1336 2380 1392 commentariis
2409 1354 2437 1392 e
2468 1337 2684 1408 quibus
2719 1354 2864 1408 pene
2914 1338 3027 1392 ista
3076 1340 3215 1392 Acta
3272 1338 3596 1410 composita

1942 1430 2112 1493 sunt;
2150 1426 2302 1496 quod
2331 1443 2508 1497 quam
2543 1444 2574 1480 a
2607 1428 2843 1482 veritate
2869 1428 3180 1481 abhorreat
3232 1433 3436 1499 postea
3493 1428 3593 1482 d0-

1942 1512 2239 1581 cehimus;
2300 1515 2509 1569 deinde
2563 1516 2667 1570 hoc
2721 1533 2905 1570 unum
2954 1516 3221 1571 sufﬁcere
3251 1517 3320 1571 ad
3354 1532 3589 1571 omnem

1940 1600 2100 1655 litem
2135 1604 2599 1674 componendam
2635 1610 2821 1675 putat,
2852 1606 3005 1675 quod
3037 1604 3432 1661 Tertullianus
3470 1606 3594 1676 pri-

1944 1706 2076 1745 mus
2111 1691 2282 1745 fuerit
2315 1692 2413 1763 qui
2448 1710 2672 1748 errores
2704 1694 3194 1749 Montanistarum
3229 1694 3287 1750 in
3337 1696 3592 1750 Africam

1941 1784 2200 1851 tempore
2259 1781 2375 1835 fere
2423 1799 2510 1851 eo,
2544 1798 2659 1853 quo
2693 1782 2979 1854 supplicia
3010 1784 3082 1837 ab
3115 1783 3207 1838 his
3236 1784 3592 1855 martyribus

1944 1873 2183 1941 sumpta
2215 1870 2684 1936 sunt,induceret
2714 1888 2727 1925 :
2764 1889 2941 1942 quare
2972 1889 3103 1927 cum
3130 1871 3214 1926 vis
3246 1872 3305 1926 in
3338 1872 3590 1928 Africam

1944 1957 2065 2012 haec
2098 1958 2239 2012 scita
2270 1959 2521 2014 fuissent
2553 1961 2744 2015 delata
2791 1978 2855 2015 eo
2905 1966 3189 2033 tempore,
3248 1978 3359 2016 non
3420 1977 3593 2034 posse

1943 2045 2057 2101 dici
2110 2047 2380 2103 homines
2433 2048 2762 2104 litterarum
2824 2051 2998 2105 rudes
3058 2050 3227 2121 longe
3272 2056 3526 2106 remotos
3560 2068 3594 2106 a

1943 2136 2312 2208 Carthagine,
2344 2138 2547 2209 quales
2576 2139 2671 2195 isti
2706 2141 3092 2210 fuerunt,jam
3126 2139 3299 2196 istam
3332 2140 3593 2212 discipli-

1944 2241 2079 2279 nam
2105 2226 2454 2297 suscepisse.
2492 2228 2553 2281 In
2586 2244 2699 2299 quo
2748 2244 3017 2283 sermone
3066 2245 3180 2282 non
3230 2245 3384 2283 unus
3433 2244 3597 2283 error

1944 2315 2247 2384 reperitur.
2316 2316 2580 2371 Primum
2638 2317 2746 2371 hoc
2803 2315 2984 2371 sumit
3041 2317 3153 2370 sibi
3212 2316 3367 2371 haud
3394 2317 3591 2385 dubie,

1945 2404 2099 2473 quod
2133 2404 2228 2457 isti
2291 2410 2574 2475 martyres
2635 2410 2881 2460 mortem
2940 2406 3233 2461 subierint
3286 2406 3594 2472 Tuhurbii,

1945 2493 2114 2561 cujus
2148 2493 2309 2547 urbis
2340 2494 2460 2548 scio
2485 2496 2837 2549 mentionem
2864 2495 3133 2565 injectum
3154 2494 3356 2550 essein
3376 2495 3594 2567 spuriis

1944 2583 2156 2637 horum
2187 2585 2458 2637 Actorum
2494 2584 2797 2655 exemplis,
2831 2589 2884 2639 et
2914 2589 3001 2639 est
3033 2600 3267 2656 quoque
3317 2585 3447 2655 ejus
3498 2602 3599 2640 no-

1948 2688 2081 2725 men
2142 2689 2175 2726 a
2232 2672 2541 2727 Whistono
2600 2689 2965 2743 expressum,
2998 2674 3098 2728 sed
3135 2678 3193 2727 et
3223 2690 3325 2743 per
3356 2673 3599 2728 meliora

1948 2759 2231 2835 ἀπόγραφα
2262 2765 2317 2815 et
2352 2761 2709 2831 argumentis
2766 2761 2981 2815 Valesii
3041 2779 3107 2816 ac
3167 2762 3459 2817 Ruinartii
3515 2762 3598 2833 (in

1948 2852 2067 2903 not.
2128 2850 2198 2904 ad
2256 2850 2387 2903 Acta
2435 2854 2693 2921 martyr.,
2756 2866 2889 2921 pag.
2946 2851 3039 2917 90,
3072 2850 3165 2917 91,
3198 2851 3289 2905 ed.
3324 2852 3597 2920 Amstel.)

1947 2937 2090 2992 satis
2123 2937 2647 3009 explosum.Quare
2677 2939 2724 2993 si
2759 2956 2879 3007 eos,
2912 2943 2977 2993 ut
3005 2939 3088 2993 illi
3120 2938 3227 2993 viri
3251 2940 3603 3009 docuerunt,

1946 3025 2297 3097 Carthagine
2330 3026 2712 3098 interemptos
2746 3028 3078 3094 credamus,
3112 3027 3279 3082 facile
3338 3028 3602 3099 accipere

1948 3113 2008 3169 hi
2066 3114 2333 3169 notitiam
2387 3132 2649 3170 errorum
2702 3116 3191 3171 Montanistarum
3246 3116 3598 3188 potuissent,

1947 3220 2080 3258 cum
2114 3203 2542 3259 Tertullianum
2575 3205 2940 3277 Carthaginis
2972 3205 3186 3261 vixisse
3243 3222 3445 3261 omnes
3497 3222 3602 3261 no-

1948 3291 2085 3347 rint.
2154 3291 2317 3349 Unde
2374 3309 2507 3348 vero
2532 3292 2881 3349 Whistonus
2912 3293 3143 3349 docebit
3172 3292 3599 3349 Tertullianum

1948 3381 2208 3453 primum
2242 3382 2444 3451 fuisse,
2480 3382 2579 3453 qui
2612 3382 2671 3436 in
2702 3383 2895 3438 Africa
2923 3382 3030 3438 hos
3063 3399 3288 3439 errores
3339 3388 3397 3438 et
3453 3388 3602 3438 tem-

1950 3486 2087 3542 pore
2147 3470 2265 3526 fere
2324 3471 2745 3543 suppliciorum
2806 3473 2877 3527 ab
2928 3472 3021 3526 his
3053 3472 3411 3540 martyribus
3442 3488 3602 3526 sum-

1949 3564 2182 3631 ptorum
2215 3559 2541 3631 sparserit?
2570 3561 2638 3615 Et
2669 3561 2719 3615 si
2751 3562 2872 3617 haec
2903 3560 3079 3616 etiam
3112 3560 3398 3628 dederim,
3431 3560 3594 3632 quid,

1949 3649 2212 3718 obsecro,
2270 3648 2613 3709 incredibile
2672 3656 2760 3705 est
2810 3667 3036 3705 errores
3088 3649 3503 3705 aTertulliano
3536 3649 3598 3704 in

1946 3737 2142 3793 Africa
2172 3736 2610 3805 disseminatos,
2646 3756 2792 3810 quos
2822 3745 2954 3793 ante
3014 3755 3235 3793 annum
3296 3739 3428 3794 CCV
3471 3738 3597 3808 jam

1949 3826 2182 3896 scriptis
2243 3827 2582 3882 defenderat
2639 3827 2798 3898 (huic
2841 3828 2997 3883 enim
3030 3844 3182 3882 anno
3216 3831 3463 3882 mortem
3496 3827 3594 3883 SS.

1947 3919 2263 3987 Martyrum
2294 3915 2643 3970 Whistonus
2669 3916 2978 3987 adjunxit),
3014 3920 3316 3987 perceptus
3376 3915 3449 3970 ab
3505 3915 3599 3971 his

1950 4004 2308 4073 martyribus
2340 4004 2844 4084 fuisse,imprimis
2877 4021 3010 4059 cum
3044 4004 3280 4076 plurimi
3312 4005 3383 4058 ad
3418 4003 3601 4059 socie-

1947 4101 2128 4151 tatem
2184 4094 2444 4149 Montani
2504 4096 2844 4150 accedentes
2881 4140 2894 4161 ,
2953 4102 3211 4161 expertes
3266 4094 3597 4148 litterarum

1948 4184 2187 4255 fuerint,
2221 4188 2275 4239 et
2307 4183 2392 4238 ita
2422 4183 2631 4238 horum
2666 4190 2986 4256 martyrum
3020 4182 3262 4239 similes.
3298 4188 3379 4237 Ac
3412 4180 3596 4237 multo

1949 4273 2134 4346 magis
2167 4272 2442 4328 abhorret
2469 4274 2547 4341 id,
2570 4274 2725 4345 quod
2756 4272 2902 4329 nihil
2933 4273 3012 4327 sit
3041 4271 3408 4327 somniorum
3434 4273 3594 4326 Mon-

1946 4363 2067 4417 tani
2099 4363 2533 4417 commentariis
2566 4362 2752 4433 ipsius
2782 4366 3070 4433 Perpetua
3101 4365 3151 4415 et
3182 4359 3376 4414 Saturi
3404 4375 3602 4430 asper-

1947 4468 2099 4506 sum.
2130 4450 2274 4505 Nam
2304 4468 2561 4523 primum
2624 4468 2837 4522 magna
2897 4456 2986 4505 est
3044 4448 3301 4520 suspicio
3360 4448 3603 4503 humani

202 4533 385 4590 fuisse.
412 4539 539 4599 Qua
571 4537 642 4591 de
674 4552 735 4590 re
766 4536 937 4591 nobis
968 4537 1131 4592 sedet
1187 4539 1479 4595 contraria
1530 4543 1840 4598 sententia.
1872 4552 1917 4617 D
1952 4557 2162 4595 sensus
2212 4540 2269 4594 in
2302 4540 2468 4611 “ipsis
2498 4539 2805 4610 speciebus
2837 4539 2931 4595 his
2962 4538 3303 4593 hominibus
3334 4537 3600 4608 objectis.

202 4619 330 4677 Nam
379 4624 649 4695 primum
701 4623 889 4679 multa
918 4630 1057 4681 sunt
1088 4626 1148 4680 in
1180 4626 1346 4698 ipsis,
1378 4646 1524 4699 quos
1557 4629 1842 4702 Perpetua

202 4711 443 4783 reliquit,
480 4713 1059 4787 commentariis,qui
1094 4716 1245 4770 haud
1279 4717 1455 4772 dubie
1485 4735 1612 4773 eam
1646 4725 1839 4776 osten-

203 4798 383 4857 dante
412 4803 911 4859 Montanistarum
946 4804 1164 4860 familia
1221 4806 1422 4861 fuisse.
1481 4806 1661 4879 quue
1711 4810 1840 4880 jam

204 4893 494 4962 occupavit
525 4893 879 4965 Basnagius,
915 4895 1015 4949 sed
1049 4898 1259 4951 nactus
1290 4899 1398 4963 est,
1455 4900 1553 4969 qui
1611 4904 1840 4955 contra-

206 4977 449 5050 diceret,
520 4981 847 5053 Josephum
914 4983 1308 5056 Augustinum
1377 4984 1653 5057 Orsium,
1720 4987 1838 5058 qui,

205 5080 309 5135 qua
329 5069 456 5124 uvis
484 5086 646 5140 eum,
679 5071 779 5141 qui
813 5076 942 5127 acta
973 5072 1082 5127 ista
1124 5071 1376 5145 collegit,
1426 5075 1841 5131 Montanistam

264 5210 372 5277 (40)
428 5213 576 5266 Acta
630 5212 840 5277 Perpet.
903 5218 958 5268 et
1014 5214 1255 5281 Felicit.,
1317 5216 1374 5270 in
1410 5218 1653 5272 Ruznari
1681 5218 1843 5273 Actis

206 5288 522 5361 martyrum
554 5284 960 5361 sinceris._Ed.
998 5290 1205 5361 Amst.,
1239 5305 1273 5358 p
1328 5288 1418 5352 93,
1452 5288 1481 5361 §
1511 5290 1559 5343 3.
1620 5290 1679 5343 In
1726 5291 1843 5360 ipso

202 5355 367 5429 spatio
404 5428 409 5429 γ
422 5371 727 5429 paucorum
781 5357 995 5411 dierum
1040 5355 1308 5429 baptizdti
1333 5355 1543 5415 sumus.
1577 5361 1710 5416 Mihi
1740 5355 1842 5416 au-

204 5428 305 5505 tent
326 5428 559 5505 spiritus
582 5429 811 5505 dictavit
844 5447 863 5481 :
892 5429 1045 5505 nihil
1074 5432 1234 5485 aliud
1261 5432 1551 5502 petendum
1584 5435 1642 5487 in
1674 5450 1839 5504 aqua,

205 5500 305 5548 nisi
331 5500 716 5555 sufferentium
747 5502 949 5555 carnis.

266 5568 374 5645 (41)
408 5568 584 5633 lbid.,
618 5586 675 5641 p.
700 5570 790 5645 94,
822 5572 909 5645 §74
944 5587 955 5625 :
992 5573 1153 5641 Dixit
1187 5572 1353 5645 mihi
1403 5576 1584 5645 frater
1640 5591 1793 5631 meus
1822 5592 1843 5632 :

204 5636 431 5694 Domina
462 5636 659 5712 soror,
688 5636 807 5710 iam
830 5636 899 5698 in
928 5636 1133 5715 magna
1163 5636 1438 5715 dignitate
1466 5662 1541 5715 es,
1573 5651 1626 5703 et
1652 5653 1839 5719 tanta,

1952 4628 2179 4683 Etenim
2214 4632 2497 4700 Perpetua
2529 4646 2642 4683 non
2678 4629 2847 4683 modo
2872 4629 3075 4683 statim
3110 4628 3263 4682 I73
3316 4643 3451 4682 cum
3505 4626 3604 4682 ba-

1950 4717 2166 4789 ptismo
2200 4733 2260 4771 se
2291 4716 2595 4787 proﬁtetur
2624 4716 2819 4771 dotem
2852 4717 3175 4770 luturorem
3207 4713 3604 4786 praenuntian-

1952 4807 2158 4861 dorum
2191 4804 2485 4875 accepisse
2518 4804 2663 4876 (40);
2698 4805 2797 4859 sed
2837 4804 2919 4859 ita
2948 4803 3124 4858 etiam
3159 4803 3402 4858 ﬁdenter
3432 4803 3502 4857 de
3533 4817 3602 4857 ea

1950 4894 2083 4949 dote
2114 4892 2389 4964 loquitur,
2420 4896 2483 4946 ut
2514 4910 2616 4963 pro
2649 4892 2887 4947 arbitrio
2937 4892 3134 4947 futura
3178 4891 3486 4964 praesagire
3545 4893 3603 4946 et

1955 4983 2039 5039 vel
2097 4982 2169 5038 ab
2226 4981 2372 5052 ipsis
2425 4980 2636 5036 inferni
2697 4981 3007 5053 suppliciis
3059 4988 3321 5037 mortuos
3353 4980 3599 5034 liberare

1952 5077 2147 5144 posset
2176 5070 2312 5143 (41).
2366 5071 2551 5135 Quam
2610 5076 2969 5143 postremam
3030 5070 3424 5142 arrogantiam
3482 5084 3599 5123 non

1952 5225 2012 5271 ut
2067 5218 2301 5287 postules
2358 5216 2645 5291 visionem,
2706 5223 2754 5269 et
2813 5213 3133 5269 ostendatur
3163 5213 3284 5291 tibi,
3316 5229 3389 5291 an
3418 5211 3600 5291 passio

1951 5292 2044 5356 sit,
2077 5306 2149 5343 an
2174 5292 2548 5342 commeatus?
2580 5289 2615 5341 i.
2655 5302 2706 5341 e.
2735 5304 2805 5340 an
2840 5290 3103 5342 futurum
3138 5287 3233 5353 sit,
3282 5290 3369 5356 uti
3392 5287 3602 5356 mortis

1953 5358 2598 5436 perieulumell'ugiasi’
2631 5358 2687 5412 ν.
2724 5358 3001 5436 Holstenii
3038 5363 3154 5436 not.
3190 5359 3259 5412 ad
3433 5355 3602 5436 i_bid.,

1953 5428 2008 5502 ᾖ.
2044 5432 2164 5497 106,
2196 5432 2297 5502 qui
2339 5428 2488 5508 bene
2543 5431 2817 5508 observat
2872 5430 3061 5485 locum
3112 5428 3484 5508 ‘Tei'tulliani,
3540 5428 3600 5508 in

1953 5501 2068 5574 quo
2124 5518 2336 5559 sorores
2379 5520 2414 5557 a
2442 5503 2674 5559 Domino
2705 5506 3128 5558 commemorat
3151 5501 3531 5574 dignationem
3557 5501 3596 5574 i_.

1953 5569 2002 5629 ἑ.
2053 5574 2301 5648 gratiam
2361 5574 2743 5648 singularem,
2793 5569 3225 5646 quotiescunque,
3271 5569 3595 5648 desiderati,

1951 5640 2222 5718 coniequi.
2258 5640 2584 5719 Pergit'illa
2616 5663 2629 5702 :
2660 5640 2872 5719 Ειέῥο,
2904 5661 3030 5720 qua:
3080 5640 3169 5703 nie
3221 5642 3453 5701 sciebam
3510 5640 3598 5708 la-
