  <div class='ocr_page' id='page_1' title='image "/cluster/home/n/w/nwhite01/storage/ocr_20150623/1/hvd.32044096580337/117.png"; bbox 0 0 4072 6190; ppageno 0'>
   <div class='ocr_carea' id='block_1_1' title="bbox 445 362 562 422">
    <p class='ocr_par' dir='ltr' id='par_1_1' title="bbox 445 362 562 422">
     <span class='ocr_line' id='line_1_1' title="bbox 445 362 562 422; baseline 0.009 -2"><span class='ocrx_word' id='word_1_1' title='bbox 445 362 562 422; x_wconf 77' lang='grc'>219</span> 
     </span>
    </p>
   </div>
   <div class='ocr_carea' id='block_1_2' title="bbox 1541 361 2782 425">
    <p class='ocr_par' dir='ltr' id='par_1_2' title="bbox 1541 361 2782 425">
     <span class='ocr_line' id='line_1_2' title="bbox 1541 361 2782 425; baseline 0.001 -4"><span class='ocrx_word' id='word_1_2' title='bbox 1541 361 2053 423; x_wconf 79' lang='lat' dir='ltr'>DISSERTATIO</span> <span class='ocrx_word' id='word_1_3' title='bbox 2099 362 2200 424; x_wconf 86' lang='lat' dir='ltr'><strong>DE</strong></span> <span class='ocrx_word' id='word_1_4' title='bbox 2246 363 2459 425; x_wconf 75' lang='lat' dir='ltr'>VEHA</span> <span class='ocrx_word' id='word_1_5' title='bbox 2501 361 2782 424; x_wconf 56' lang='lat' dir='ltr'>[ETATE</span> 
     </span>
    </p>
   </div>
   <div class='ocr_carea' id='block_1_3' title="bbox 3737 361 3856 422">
    <p class='ocr_par' dir='ltr' id='par_1_3' title="bbox 3737 361 3856 422">
     <span class='ocr_line' id='line_1_3' title="bbox 3737 361 3856 422; baseline -0.008 0"><span class='ocrx_word' id='word_1_6' title='bbox 3737 361 3856 422; x_wconf 77' lang='grc'>220</span> 
     </span>
    </p>
   </div>
   <div class='ocr_carea' id='block_1_4' title="bbox 449 493 3850 565">
    <p class='ocr_par' dir='ltr' id='par_1_4' title="bbox 449 493 3850 565">
     <span class='ocr_line' id='line_1_4' title="bbox 449 493 3850 565; baseline 0 -17"><span class='ocrx_word' id='word_1_7' title='bbox 449 494 738 548; x_wconf 80' lang='lat' dir='ltr'>excutiam</span> <span class='ocrx_word' id='word_1_8' title='bbox 787 510 942 547; x_wconf 92' lang='lat' dir='ltr'>nunc</span> <span class='ocrx_word' id='word_1_9' title='bbox 995 493 1257 564; x_wconf 85' lang='lat' dir='ltr'>quidem,</span> <span class='ocrx_word' id='word_1_10' title='bbox 1317 495 1417 548; x_wconf 88' lang='lat' dir='ltr'>sed</span> <span class='ocrx_word' id='word_1_11' title='bbox 1475 493 1854 549; x_wconf 83' lang='lat' dir='ltr'>vehementer</span> <span class='ocrx_word' id='word_1_12' title='bbox 1902 498 2175 562; x_wconf 72' lang='lat' dir='ltr'>tamenA</span> <span class='ocrx_word' id='word_1_13' title='bbox 2209 499 2348 550; x_wconf 85' lang='lat' dir='ltr'>tata.</span> <span class='ocrx_word' id='word_1_14' title='bbox 2381 498 2570 565; x_wconf 86' lang='lat' dir='ltr'>Atque</span> <span class='ocrx_word' id='word_1_15' title='bbox 2628 494 2756 551; x_wconf 88' lang='lat' dir='ltr'>illas</span> <span class='ocrx_word' id='word_1_16' title='bbox 2819 494 2980 549; x_wconf 83' lang='lat' dir='ltr'>addit</span> <span class='ocrx_word' id='word_1_17' title='bbox 3047 494 3283 558; x_wconf 82' lang='lat' dir='ltr'>Paulus,</span> <span class='ocrx_word' id='word_1_18' title='bbox 3355 493 3425 547; x_wconf 89' lang='lat' dir='ltr'>ad</span> <span class='ocrx_word' id='word_1_19' title='bbox 3491 493 3703 564; x_wconf 88' lang='lat' dir='ltr'>Ephes.</span> <span class='ocrx_word' id='word_1_20' title='bbox 3773 510 3850 561; x_wconf 87' lang='lat' dir='ltr'>1v,</span> 
     </span>
    </p>
   </div>
   <div class='ocr_carea' id='block_1_5' title="bbox 448 583 2089 654">
    <p class='ocr_par' dir='ltr' id='par_1_5' title="bbox 448 583 2089 654">
     <span class='ocr_line' id='line_1_5' title="bbox 448 583 2089 654; baseline 0.001 -18"><span class='ocrx_word' id='word_1_21' title='bbox 448 583 671 647; x_wconf 90' lang='lat' dir='ltr'>dubito,</span> <span class='ocrx_word' id='word_1_22' title='bbox 728 599 799 636; x_wconf 87' lang='lat' dir='ltr'>an</span> <span class='ocrx_word' id='word_1_23' title='bbox 867 583 1229 653; x_wconf 83' lang='lat' dir='ltr'>temporibus</span> <span class='ocrx_word' id='word_1_24' title='bbox 1260 583 1355 649; x_wconf 86' lang='lat' dir='ltr'>iis,</span> <span class='ocrx_word' id='word_1_25' title='bbox 1387 583 1443 636; x_wconf 90' lang='lat' dir='ltr'>in</span> <span class='ocrx_word' id='word_1_26' title='bbox 1478 601 1605 654; x_wconf 69' lang='lat' dir='ltr'>quae</span> <span class='ocrx_word' id='word_1_27' title='bbox 1636 590 1773 638; x_wconf 82' lang='lat' dir='ltr'>aetas</span> <span class='ocrx_word' id='word_1_28' title='bbox 1797 589 2089 654; x_wconf 68' lang='lat' dir='ltr'>Perpetua:</span> 
     </span>
    </p>
   </div>
   <div class='ocr_carea' id='block_1_6' title="bbox 444 671 2091 736">
    <p class='ocr_par' dir='ltr' id='par_1_6' title="bbox 444 671 2091 736">
     <span class='ocr_line' id='line_1_6' title="bbox 444 671 2091 736; baseline 0.002 -11"><span class='ocrx_word' id='word_1_29' title='bbox 444 671 668 735; x_wconf 88' lang='lat' dir='ltr'>incidit,</span> <span class='ocrx_word' id='word_1_30' title='bbox 705 671 761 724; x_wconf 89' lang='lat' dir='ltr'>h.</span> <span class='ocrx_word' id='word_1_31' title='bbox 795 687 845 725; x_wconf 87' lang='lat' dir='ltr'>e.</span> <span class='ocrx_word' id='word_1_32' title='bbox 879 675 1091 726; x_wconf 73' lang='lat' dir='ltr'>saeculo</span> <span class='ocrx_word' id='word_1_33' title='bbox 1125 677 1185 725; x_wconf 85' lang='lat' dir='ltr'>P.</span> <span class='ocrx_word' id='word_1_34' title='bbox 1221 672 1287 726; x_wconf 90' lang='grc' dir='ltr'><strong>Ν.</strong></span> <span class='ocrx_word' id='word_1_35' title='bbox 1321 674 1381 728; x_wconf 93' lang='lat' dir='ltr'>C.</span> <span class='ocrx_word' id='word_1_36' title='bbox 1416 675 1673 727; x_wconf 89' lang='lat' dir='ltr'>secundo</span> <span class='ocrx_word' id='word_1_37' title='bbox 1704 672 1947 736; x_wconf 83' lang='lat' dir='ltr'>labenti,</span> <span class='ocrx_word' id='word_1_38' title='bbox 1991 673 2091 728; x_wconf 92' lang='lat' dir='ltr'>illa</span> 
     </span>
    </p>
   </div>
   <div class='ocr_carea' id='block_1_7' title="bbox 446 761 2086 832">
    <p class='ocr_par' dir='ltr' id='par_1_7' title="bbox 446 761 2086 832">
     <span class='ocr_line' id='line_1_7' title="bbox 446 761 2086 832; baseline 0.002 -18"><span class='ocrx_word' id='word_1_39' title='bbox 446 763 863 815; x_wconf 82' lang='lat' dir='ltr'>miraculorum</span> <span class='ocrx_word' id='word_1_40' title='bbox 915 761 1163 816; x_wconf 82' lang='lat' dir='ltr'>facultas</span> <span class='ocrx_word' id='word_1_41' title='bbox 1213 767 1270 815; x_wconf 89' lang='lat' dir='ltr'>et</span> <span class='ocrx_word' id='word_1_42' title='bbox 1324 762 1490 832; x_wconf 89' lang='lat' dir='ltr'>quasi</span> <span class='ocrx_word' id='word_1_43' title='bbox 1522 763 1852 816; x_wconf 89' lang='lat' dir='ltr'>immanens</span> <span class='ocrx_word' id='word_1_44' title='bbox 1883 764 2086 828; x_wconf 90' lang='lat' dir='ltr'>virtus,</span> 
     </span>
    </p>
   </div>
   <div class='ocr_carea' id='block_1_8' title="bbox 443 849 2086 921">
    <p class='ocr_par' dir='ltr' id='par_1_8' title="bbox 443 849 2086 921">
     <span class='ocr_line' id='line_1_8' title="bbox 443 849 2086 921; baseline 0.002 -19"><span class='ocrx_word' id='word_1_45' title='bbox 443 867 568 921; x_wconf 68' lang='lat' dir='ltr'>qua:</span> <span class='ocrx_word' id='word_1_46' title='bbox 602 850 883 919; x_wconf 80' lang='lat' dir='ltr'>apostolis</span> <span class='ocrx_word' id='word_1_47' title='bbox 925 849 1306 920; x_wconf 61' lang='lat' dir='ltr'>Ecclesimquc</span> <span class='ocrx_word' id='word_1_48' title='bbox 1365 850 1692 920; x_wconf 72' lang='lat' dir='ltr'>apostolicae</span> <span class='ocrx_word' id='word_1_49' title='bbox 1752 851 1888 905; x_wconf 86' lang='lat' dir='ltr'>data</span> <span class='ocrx_word' id='word_1_50' title='bbox 1944 855 2086 920; x_wconf 90' lang='lat' dir='ltr'>erat,</span> 
     </span>
    </p>
   </div>
   <div class='ocr_carea' id='block_1_9' title="bbox 442 939 2086 1008">
    <p class='ocr_par' dir='ltr' id='par_1_9' title="bbox 442 939 2086 1008">
     <span class='ocr_line' id='line_1_9' title="bbox 442 939 2086 1008; baseline 0.002 -18"><span class='ocrx_word' id='word_1_51' title='bbox 442 945 596 993; x_wconf 89' lang='lat' dir='ltr'>recte</span> <span class='ocrx_word' id='word_1_52' title='bbox 655 939 835 992; x_wconf 84' lang='lat' dir='ltr'>tribui</span> <span class='ocrx_word' id='word_1_53' title='bbox 888 940 1118 994; x_wconf 86' lang='lat' dir='ltr'>debeat.</span> <span class='ocrx_word' id='word_1_54' title='bbox 1165 939 1344 1008; x_wconf 83' lang='lat' dir='ltr'>Cujus</span> <span class='ocrx_word' id='word_1_55' title='bbox 1376 939 1695 1007; x_wconf 63' lang='lat' dir='ltr'>sententiae,</span> <span class='ocrx_word' id='word_1_56' title='bbox 1725 944 1789 993; x_wconf 92' lang='lat' dir='ltr'>ut</span> <span class='ocrx_word' id='word_1_57' title='bbox 1819 939 2086 993; x_wconf 85' lang='lat' dir='ltr'>brevitati</span> 
     </span>
    </p>
   </div>
   <div class='ocr_carea' id='block_1_10' title="bbox 441 1026 2086 1099">
    <p class='ocr_par' dir='ltr' id='par_1_10' title="bbox 441 1026 2086 1099">
     <span class='ocr_line' id='line_1_10' title="bbox 441 1026 2086 1099; baseline 0.002 -21"><span class='ocrx_word' id='word_1_58' title='bbox 441 1026 605 1080; x_wconf 88' lang='lat' dir='ltr'>locus</span> <span class='ocrx_word' id='word_1_59' title='bbox 647 1028 835 1093; x_wconf 85' lang='lat' dir='ltr'>detur,</span> <span class='ocrx_word' id='word_1_60' title='bbox 886 1030 1032 1082; x_wconf 88' lang='lat' dir='ltr'>duas</span> <span class='ocrx_word' id='word_1_61' title='bbox 1090 1046 1409 1099; x_wconf 88' lang='lat' dir='ltr'>proponam</span> <span class='ocrx_word' id='word_1_62' title='bbox 1457 1028 1729 1084; x_wconf 83' lang='lat' dir='ltr'>rationes.</span> <span class='ocrx_word' id='word_1_63' title='bbox 1783 1028 1909 1082; x_wconf 87' lang='lat' dir='ltr'>Una</span> <span class='ocrx_word' id='word_1_64' title='bbox 1965 1029 2086 1082; x_wconf 66' lang='lat' dir='ltr'>haec</span> 
     </span>
    </p>
   </div>
   <div class='ocr_carea' id='block_1_11' title="bbox 442 1118 2082 1188">
    <p class='ocr_par' dir='ltr' id='par_1_11' title="bbox 442 1118 2082 1188">
     <span class='ocr_line' id='line_1_11' title="bbox 442 1118 2082 1188; baseline 0.002 -19"><span class='ocrx_word' id='word_1_65' title='bbox 442 1121 548 1179; x_wconf 91' lang='lat' dir='ltr'>est,</span> <span class='ocrx_word' id='word_1_66' title='bbox 609 1118 762 1186; x_wconf 89' lang='lat' dir='ltr'>quod</span> <span class='ocrx_word' id='word_1_67' title='bbox 817 1118 1009 1172; x_wconf 88' lang='lat' dir='ltr'>doceri</span> <span class='ocrx_word' id='word_1_68' title='bbox 1071 1118 1230 1173; x_wconf 91' lang='lat' dir='ltr'>nullo</span> <span class='ocrx_word' id='word_1_69' title='bbox 1262 1118 1433 1172; x_wconf 90' lang='lat' dir='ltr'>modo</span> <span class='ocrx_word' id='word_1_70' title='bbox 1464 1119 1670 1188; x_wconf 86' lang='lat' dir='ltr'>possit,</span> <span class='ocrx_word' id='word_1_71' title='bbox 1703 1134 2082 1188; x_wconf 88' lang='lat' dir='ltr'>quemquam,</span> 
     </span>
    </p>
   </div>
   <div class='ocr_carea' id='block_1_12' title="bbox 444 1205 2084 1277">
    <p class='ocr_par' dir='ltr' id='par_1_12' title="bbox 444 1205 2084 1277">
     <span class='ocr_line' id='line_1_12' title="bbox 444 1205 2084 1277; baseline 0.002 -21"><span class='ocrx_word' id='word_1_72' title='bbox 444 1205 490 1257; x_wconf 90' lang='lat' dir='ltr'>si</span> <span class='ocrx_word' id='word_1_73' title='bbox 527 1205 599 1259; x_wconf 88' lang='lat' dir='ltr'>ab</span> <span class='ocrx_word' id='word_1_74' title='bbox 630 1205 908 1274; x_wconf 84' lang='lat' dir='ltr'>apostolis</span> <span class='ocrx_word' id='word_1_75' title='bbox 934 1206 1295 1274; x_wconf 87' lang='lat' dir='ltr'>discesseris,</span> <span class='ocrx_word' id='word_1_76' title='bbox 1328 1206 1411 1262; x_wconf 88' lang='lat' dir='ltr'>vel</span> <span class='ocrx_word' id='word_1_77' title='bbox 1444 1207 1738 1277; x_wconf 84' lang='lat' dir='ltr'>accepisse</span> <span class='ocrx_word' id='word_1_78' title='bbox 1771 1206 1945 1260; x_wconf 83' lang='lat' dir='ltr'>talem</span> <span class='ocrx_word' id='word_1_79' title='bbox 1998 1207 2084 1260; x_wconf 87' lang='lat' dir='ltr'>fa-</span> 
     </span>
    </p>
   </div>
   <div class='ocr_carea' id='block_1_13' title="bbox 441 1293 2083 1366">
    <p class='ocr_par' dir='ltr' id='par_1_13' title="bbox 441 1293 2083 1366">
     <span class='ocr_line' id='line_1_13' title="bbox 441 1293 2083 1366; baseline 0 -19"><span class='ocrx_word' id='word_1_80' title='bbox 441 1293 737 1360; x_wconf 86' lang='lat' dir='ltr'>cultatem,</span> <span class='ocrx_word' id='word_1_81' title='bbox 788 1295 899 1348; x_wconf 90' lang='lat' dir='ltr'>nisi</span> <span class='ocrx_word' id='word_1_82' title='bbox 950 1297 1224 1350; x_wconf 90' lang='lat' dir='ltr'>manibus</span> <span class='ocrx_word' id='word_1_83' title='bbox 1272 1311 1470 1350; x_wconf 88' lang='lat' dir='ltr'>eorum</span> <span class='ocrx_word' id='word_1_84' title='bbox 1503 1295 1611 1350; x_wconf 88' lang='lat' dir='ltr'>sibi</span> <span class='ocrx_word' id='word_1_85' title='bbox 1646 1295 1961 1366; x_wconf 86' lang='lat' dir='ltr'>impositis,</span> <span class='ocrx_word' id='word_1_86' title='bbox 1994 1293 2083 1349; x_wconf 88' lang='lat' dir='ltr'>vel</span> 
     </span>
    </p>
   </div>
   <div class='ocr_carea' id='block_1_14' title="bbox 438 1383 2080 1454">
    <p class='ocr_par' dir='ltr' id='par_1_14' title="bbox 438 1383 2080 1454">
     <span class='ocr_line' id='line_1_14' title="bbox 438 1383 2080 1454; baseline 0.001 -19"><span class='ocrx_word' id='word_1_87' title='bbox 438 1383 596 1436; x_wconf 88' lang='lat' dir='ltr'>illam</span> <span class='ocrx_word' id='word_1_88' title='bbox 650 1384 1080 1440; x_wconf 82' lang='lat' dir='ltr'>communicare</span> <span class='ocrx_word' id='word_1_89' title='bbox 1131 1385 1341 1439; x_wconf 85' lang='lat' dir='ltr'>iterum</span> <span class='ocrx_word' id='word_1_90' title='bbox 1399 1401 1533 1439; x_wconf 90' lang='lat' dir='ltr'>cum</span> <span class='ocrx_word' id='word_1_91' title='bbox 1592 1383 1722 1438; x_wconf 90' lang='lat' dir='ltr'>aliis</span> <span class='ocrx_word' id='word_1_92' title='bbox 1781 1384 2080 1454; x_wconf 86' lang='lat' dir='ltr'>potuisse:</span> 
     </span>
    </p>
   </div>
   <div class='ocr_carea' id='block_1_15' title="bbox 437 1472 2080 1544">
    <p class='ocr_par' dir='ltr' id='par_1_15' title="bbox 437 1472 2080 1544">
     <span class='ocr_line' id='line_1_15' title="bbox 437 1472 2080 1544; baseline 0.002 -21"><span class='ocrx_word' id='word_1_93' title='bbox 437 1472 767 1542; x_wconf 89' lang='lat' dir='ltr'>contra,qui</span> <span class='ocrx_word' id='word_1_94' title='bbox 797 1473 854 1526; x_wconf 92' lang='lat' dir='ltr'>in</span> <span class='ocrx_word' id='word_1_95' title='bbox 886 1473 1236 1528; x_wconf 85' lang='lat' dir='ltr'>contrariam</span> <span class='ocrx_word' id='word_1_96' title='bbox 1268 1479 1489 1544; x_wconf 86' lang='lat' dir='ltr'>partem</span> <span class='ocrx_word' id='word_1_97' title='bbox 1521 1472 1805 1541; x_wconf 89' lang='lat' dir='ltr'>disputari</span> <span class='ocrx_word' id='word_1_98' title='bbox 1831 1474 2080 1542; x_wconf 87' lang='lat' dir='ltr'>possint,</span> 
     </span>
    </p>
   </div>
   <div class='ocr_carea' id='block_1_16' title="bbox 440 1559 2081 1628">
    <p class='ocr_par' dir='ltr' id='par_1_16' title="bbox 440 1559 2081 1628">
     <span class='ocr_line' id='line_1_16' title="bbox 440 1559 2081 1628; baseline 0.002 -17"><span class='ocrx_word' id='word_1_99' title='bbox 440 1559 636 1628; x_wconf 89' lang='lat' dir='ltr'>plures</span> <span class='ocrx_word' id='word_1_100' title='bbox 664 1565 802 1614; x_wconf 87' lang='lat' dir='ltr'>sunt</span> <span class='ocrx_word' id='word_1_101' title='bbox 835 1566 890 1615; x_wconf 90' lang='lat' dir='ltr'>et</span> <span class='ocrx_word' id='word_1_102' title='bbox 919 1562 1063 1616; x_wconf 88' lang='lat' dir='ltr'>satis</span> <span class='ocrx_word' id='word_1_103' title='bbox 1092 1561 1354 1617; x_wconf 85' lang='lat' dir='ltr'>illustres</span> <span class='ocrx_word' id='word_1_104' title='bbox 1385 1563 1514 1616; x_wconf 90' lang='lat' dir='ltr'>loci.</span> <span class='ocrx_word' id='word_1_105' title='bbox 1550 1566 1786 1616; x_wconf 87' lang='lat' dir='ltr'>Petrum</span> <span class='ocrx_word' id='word_1_106' title='bbox 1819 1566 1876 1616; x_wconf 89' lang='lat' dir='ltr'>et</span> <span class='ocrx_word' id='word_1_107' title='bbox 1903 1561 2081 1615; x_wconf 85' lang='lat' dir='ltr'>Joan-</span> 
     </span>
    </p>
   </div>
   <div class='ocr_carea' id='block_1_17' title="bbox 442 1649 2082 1721">
    <p class='ocr_par' dir='ltr' id='par_1_17' title="bbox 442 1649 2082 1721">
     <span class='ocr_line' id='line_1_17' title="bbox 442 1649 2082 1721; baseline 0.002 -20"><span class='ocrx_word' id='word_1_108' title='bbox 442 1665 573 1701; x_wconf 89' lang='lat' dir='ltr'>nem</span> <span class='ocrx_word' id='word_1_109' title='bbox 609 1649 924 1718; x_wconf 84' lang='lat' dir='ltr'>apostolos,</span> <span class='ocrx_word' id='word_1_110' title='bbox 959 1657 1020 1704; x_wconf 88' lang='lat' dir='ltr'>ut</span> <span class='ocrx_word' id='word_1_111' title='bbox 1049 1651 1160 1704; x_wconf 87' lang='lat' dir='ltr'>hoc</span> <span class='ocrx_word' id='word_1_112' title='bbox 1193 1656 1341 1717; x_wconf 89' lang='lat' dir='ltr'>utar,</span> <span class='ocrx_word' id='word_1_113' title='bbox 1376 1667 1556 1721; x_wconf 88' lang='lat' dir='ltr'>quare</span> <span class='ocrx_word' id='word_1_114' title='bbox 1588 1650 1819 1704; x_wconf 86' lang='lat' dir='ltr'>tandem</span> <span class='ocrx_word' id='word_1_115' title='bbox 1879 1667 1912 1704; x_wconf 88' lang='lat' dir='ltr'>a</span> <span class='ocrx_word' id='word_1_116' title='bbox 1969 1666 2082 1704; x_wconf 73' lang='lat' dir='ltr'>caa-</span> 
     </span>
    </p>
   </div>
   <div class='ocr_carea' id='block_1_18' title="bbox 438 1738 2078 1809">
    <p class='ocr_par' dir='ltr' id='par_1_18' title="bbox 438 1738 2078 1809">
     <span class='ocr_line' id='line_1_18' title="bbox 438 1738 2078 1809; baseline 0.001 -20"><span class='ocrx_word' id='word_1_117' title='bbox 438 1738 580 1791; x_wconf 90' lang='lat' dir='ltr'>teris</span> <span class='ocrx_word' id='word_1_118' title='bbox 643 1738 856 1793; x_wconf 88' lang='lat' dir='ltr'>missos</span> <span class='ocrx_word' id='word_1_119' title='bbox 911 1755 1038 1794; x_wconf 91' lang='lat' dir='ltr'>esse</span> <span class='ocrx_word' id='word_1_120' title='bbox 1094 1739 1420 1794; x_wconf 85' lang='lat' dir='ltr'>Samariam</span> <span class='ocrx_word' id='word_1_121' title='bbox 1481 1740 1616 1809; x_wconf 82' lang='lat' dir='ltr'>(Act.</span> <span class='ocrx_word' id='word_1_122' title='bbox 1657 1738 1876 1803; x_wconf 77' lang='lat' dir='ltr'>v111,111</span> <span class='ocrx_word' id='word_1_123' title='bbox 1909 1743 2078 1808; x_wconf 84' lang='lat' dir='ltr'>seq.).</span> 
     </span>
    </p>
   </div>
   <div class='ocr_carea' id='block_1_19' title="bbox 440 1827 2078 1898">
    <p class='ocr_par' dir='ltr' id='par_1_19' title="bbox 440 1827 2078 1898">
     <span class='ocr_line' id='line_1_19' title="bbox 440 1827 2078 1898; baseline 0.001 -20"><span class='ocrx_word' id='word_1_124' title='bbox 440 1843 618 1895; x_wconf 85' lang='lat' dir='ltr'>quare</span> <span class='ocrx_word' id='word_1_125' title='bbox 652 1829 924 1882; x_wconf 89' lang='lat' dir='ltr'>manibus</span> <span class='ocrx_word' id='word_1_126' title='bbox 969 1828 1259 1898; x_wconf 87' lang='lat' dir='ltr'>impositis</span> <span class='ocrx_word' id='word_1_127' title='bbox 1313 1828 1581 1882; x_wconf 80' lang='lat' dir='ltr'>virtutem</span> <span class='ocrx_word' id='word_1_128' title='bbox 1640 1827 2078 1881; x_wconf 81' lang='lat' dir='ltr'>el&#39;lioiendorum</span> 
     </span>
    </p>
   </div>
   <div class='ocr_carea' id='block_1_20' title="bbox 441 1914 2082 1983">
    <p class='ocr_par' dir='ltr' id='par_1_20' title="bbox 441 1914 2082 1983">
     <span class='ocr_line' id='line_1_20' title="bbox 441 1914 2082 1983; baseline 0.001 -15"><span class='ocrx_word' id='word_1_129' title='bbox 441 1914 858 1970; x_wconf 88' lang='lat' dir='ltr'>miraculorum</span> <span class='ocrx_word' id='word_1_130' title='bbox 917 1916 1290 1972; x_wconf 82' lang='lat' dir='ltr'>distribuisse</span> <span class='ocrx_word' id='word_1_131' title='bbox 1339 1917 1502 1972; x_wconf 88' lang='lat' dir='ltr'>novis</span> <span class='ocrx_word' id='word_1_132' title='bbox 1533 1914 1870 1971; x_wconf 89' lang='lat' dir='ltr'>cbristianis</span> <span class='ocrx_word' id='word_1_133' title='bbox 1900 1915 2082 1983; x_wconf 88' lang='lat' dir='ltr'>dicas,</span> 
     </span>
    </p>
   </div>
   <div class='ocr_carea' id='block_1_21' title="bbox 441 2005 2086 2077">
    <p class='ocr_par' dir='ltr' id='par_1_21' title="bbox 441 2005 2086 2077">
     <span class='ocr_line' id='line_1_21' title="bbox 441 2005 2086 2077; baseline 0.001 -19"><span class='ocrx_word' id='word_1_134' title='bbox 441 2021 568 2058; x_wconf 88' lang='lat' dir='ltr'>cum</span> <span class='ocrx_word' id='word_1_135' title='bbox 603 2005 870 2075; x_wconf 86' lang='lat' dir='ltr'>ipsejam</span> <span class='ocrx_word' id='word_1_136' title='bbox 902 2005 1206 2076; x_wconf 88' lang='lat' dir='ltr'>Philippus</span> <span class='ocrx_word' id='word_1_137' title='bbox 1229 2006 1584 2077; x_wconf 85' lang='lat' dir='ltr'>evengelista</span> <span class='ocrx_word' id='word_1_138' title='bbox 1613 2005 1817 2060; x_wconf 91' lang='lat' dir='ltr'>multis</span> <span class='ocrx_word' id='word_1_139' title='bbox 1840 2005 2086 2060; x_wconf 89' lang='lat' dir='ltr'>miracu-</span> 
     </span>
    </p>
   </div>
   <div class='ocr_carea' id='block_1_22' title="bbox 441 2092 2087 2164">
    <p class='ocr_par' dir='ltr' id='par_1_22' title="bbox 441 2092 2087 2164">
     <span class='ocr_line' id='line_1_22' title="bbox 441 2092 2087 2164; baseline 0.001 -18"><span class='ocrx_word' id='word_1_140' title='bbox 441 2092 512 2146; x_wconf 90' lang='lat' dir='ltr'>lis</span> <span class='ocrx_word' id='word_1_141' title='bbox 545 2093 821 2149; x_wconf 55' lang='lat' dir='ltr'>Samariar</span> <span class='ocrx_word' id='word_1_142' title='bbox 845 2095 1239 2150; x_wconf 81' lang='lat' dir='ltr'>celebritatem</span> <span class='ocrx_word' id='word_1_143' title='bbox 1271 2099 1426 2149; x_wconf 87' lang='lat' dir='ltr'>esset</span> <span class='ocrx_word' id='word_1_144' title='bbox 1453 2093 1846 2149; x_wconf 85' lang='lat' dir='ltr'>consecutus?</span> <span class='ocrx_word' id='word_1_145' title='bbox 1905 2109 2087 2164; x_wconf 90' lang='lat' dir='ltr'>quare</span> 
     </span>
    </p>
   </div>
   <div class='ocr_carea' id='block_1_23' title="bbox 443 2181 2087 2254">
    <p class='ocr_par' dir='ltr' id='par_1_23' title="bbox 443 2181 2087 2254">
     <span class='ocr_line' id='line_1_23' title="bbox 443 2181 2087 2254; baseline 0.002 -20"><span class='ocrx_word' id='word_1_146' title='bbox 443 2181 758 2236; x_wconf 88' lang='lat' dir='ltr'>Christiani</span> <span class='ocrx_word' id='word_1_147' title='bbox 811 2183 1085 2254; x_wconf 86' lang='lat' dir='ltr'>Ephesini</span> <span class='ocrx_word' id='word_1_148' title='bbox 1134 2185 1268 2253; x_wconf 76' lang='lat' dir='ltr'>(Act.</span> <span class='ocrx_word' id='word_1_149' title='bbox 1299 2201 1415 2250; x_wconf 79' lang='lat' dir='ltr'>Xlx,</span> <span class='ocrx_word' id='word_1_150' title='bbox 1446 2187 1480 2237; x_wconf 85' lang='lat'><strong><em>2</em></strong></span> <span class='ocrx_word' id='word_1_151' title='bbox 1511 2187 1658 2254; x_wconf 81' lang='lat' dir='ltr'>seq.)</span> <span class='ocrx_word' id='word_1_152' title='bbox 1692 2184 1763 2238; x_wconf 86' lang='lat' dir='ltr'>ad</span> <span class='ocrx_word' id='word_1_153' title='bbox 1796 2199 1944 2252; x_wconf 88' lang='lat' dir='ltr'>quos</span> <span class='ocrx_word' id='word_1_154' title='bbox 1975 2182 2087 2252; x_wconf 86' lang='lat' dir='ltr'>pri-</span> 
     </span>
    </p>
   </div>
   <div class='ocr_carea' id='block_1_24' title="bbox 447 2273 2084 2344">
    <p class='ocr_par' dir='ltr' id='par_1_24' title="bbox 447 2273 2084 2344">
     <span class='ocr_line' id='line_1_24' title="bbox 447 2273 2084 2344; baseline 0.001 -20"><span class='ocrx_word' id='word_1_155' title='bbox 447 2287 579 2325; x_wconf 90' lang='lat' dir='ltr'>mus</span> <span class='ocrx_word' id='word_1_156' title='bbox 610 2289 764 2326; x_wconf 92' lang='lat' dir='ltr'>nunc</span> <span class='ocrx_word' id='word_1_157' title='bbox 794 2274 1012 2327; x_wconf 86' lang='lat' dir='ltr'>Paulus</span> <span class='ocrx_word' id='word_1_158' title='bbox 1043 2273 1343 2344; x_wconf 89' lang='lat' dir='ltr'>apostolus</span> <span class='ocrx_word' id='word_1_159' title='bbox 1375 2278 1717 2338; x_wconf 85' lang='lat' dir='ltr'>accesserat,</span> <span class='ocrx_word' id='word_1_160' title='bbox 1752 2288 1940 2342; x_wconf 89' lang='lat' dir='ltr'>neque</span> <span class='ocrx_word' id='word_1_161' title='bbox 1988 2290 2084 2326; x_wconf 90' lang='lat' dir='ltr'>ac-</span> 
     </span>
    </p>
   </div>
   <div class='ocr_carea' id='block_1_25' title="bbox 446 2361 2087 2434">
    <p class='ocr_par' dir='ltr' id='par_1_25' title="bbox 446 2361 2087 2434">
     <span class='ocr_line' id='line_1_25' title="bbox 446 2361 2087 2434; baseline 0.002 -21"><span class='ocrx_word' id='word_1_162' title='bbox 446 2361 664 2430; x_wconf 88' lang='lat' dir='ltr'>cepisse</span> <span class='ocrx_word' id='word_1_163' title='bbox 725 2379 788 2417; x_wconf 91' lang='lat' dir='ltr'>se</span> <span class='ocrx_word' id='word_1_164' title='bbox 835 2363 1087 2434; x_wconf 85' lang='lat' dir='ltr'>Spiritus</span> <span class='ocrx_word' id='word_1_165' title='bbox 1138 2368 1425 2430; x_wconf 89' lang='lat' dir='ltr'>sanctum,</span> <span class='ocrx_word' id='word_1_166' title='bbox 1485 2378 1674 2432; x_wconf 89' lang='lat' dir='ltr'>neque</span> <span class='ocrx_word' id='word_1_167' title='bbox 1701 2362 1906 2431; x_wconf 59' lang='lat' dir='ltr'>{etiam</span> <span class='ocrx_word' id='word_1_168' title='bbox 1939 2361 2087 2417; x_wconf 90' lang='lat' dir='ltr'>scire</span> 
     </span>
    </p>
   </div>
   <div class='ocr_carea' id='block_1_26' title="bbox 448 2450 2083 2523">
    <p class='ocr_par' dir='ltr' id='par_1_26' title="bbox 448 2450 2083 2523">
     <span class='ocr_line' id='line_1_26' title="bbox 448 2450 2083 2523; baseline 0.001 -19"><span class='ocrx_word' id='word_1_169' title='bbox 448 2451 588 2520; x_wconf 89' lang='lat' dir='ltr'>quid</span> <span class='ocrx_word' id='word_1_170' title='bbox 621 2452 728 2506; x_wconf 90' lang='lat' dir='ltr'>hoc</span> <span class='ocrx_word' id='word_1_171' title='bbox 778 2453 855 2506; x_wconf 90' lang='lat' dir='ltr'>rei</span> <span class='ocrx_word' id='word_1_172' title='bbox 909 2457 1064 2507; x_wconf 88' lang='lat' dir='ltr'>esset</span> <span class='ocrx_word' id='word_1_173' title='bbox 1131 2453 1458 2523; x_wconf 87' lang='lat' dir='ltr'>potuissent</span> <span class='ocrx_word' id='word_1_174' title='bbox 1523 2451 1732 2516; x_wconf 88' lang='lat' dir='ltr'>dicere,</span> <span class='ocrx_word' id='word_1_175' title='bbox 1803 2450 1914 2505; x_wconf 89' lang='lat' dir='ltr'>nisi</span> <span class='ocrx_word' id='word_1_176' title='bbox 1984 2451 2083 2519; x_wconf 89' lang='lat' dir='ltr'>ita,</span> 
     </span>
    </p>
   </div>
   <div class='ocr_carea' id='block_1_27' title="bbox 447 2539 2084 2610">
    <p class='ocr_par' dir='ltr' id='par_1_27' title="bbox 447 2539 2084 2610">
     <span class='ocr_line' id='line_1_27' title="bbox 447 2539 2084 2610; baseline -0.001 -16"><span class='ocrx_word' id='word_1_177' title='bbox 447 2542 942 2610; x_wconf 85' lang='lat' dir='ltr'>quemadmodum</span> <span class='ocrx_word' id='word_1_178' title='bbox 974 2540 1752 2608; x_wconf 76' lang='lat' dir='ltr'>dicebamus,fuisset?Quod</span> <span class='ocrx_word' id='word_1_179' title='bbox 1783 2539 1834 2594; x_wconf 93' lang='lat' dir='ltr'>si</span> <span class='ocrx_word' id='word_1_180' title='bbox 1867 2539 1947 2593; x_wconf 90' lang='lat' dir='ltr'>ita</span> <span class='ocrx_word' id='word_1_181' title='bbox 1977 2545 2084 2608; x_wconf 88' lang='lat' dir='ltr'>est,</span> 
     </span>
    </p>
   </div>
   <div class='ocr_carea' id='block_1_28' title="bbox 447 2628 2087 2684">
    <p class='ocr_par' dir='ltr' id='par_1_28' title="bbox 447 2628 2087 2684">
     <span class='ocr_line' id='line_1_28' title="bbox 447 2628 2087 2684; baseline 0 -2"><span class='ocrx_word' id='word_1_182' title='bbox 447 2630 741 2684; x_wconf 84' lang='lat' dir='ltr'>neminem</span> <span class='ocrx_word' id='word_1_183' title='bbox 775 2631 1067 2684; x_wconf 82' lang='lat' dir='ltr'>afﬁrmare</span> <span class='ocrx_word' id='word_1_184' title='bbox 1100 2631 1284 2684; x_wconf 88' lang='lat' dir='ltr'>audeo</span> <span class='ocrx_word' id='word_1_185' title='bbox 1315 2630 1425 2684; x_wconf 87' lang='lat' dir='ltr'>sub</span> <span class='ocrx_word' id='word_1_186' title='bbox 1457 2630 1631 2684; x_wconf 83' lang='lat' dir='ltr'>ﬁnem</span> <span class='ocrx_word' id='word_1_187' title='bbox 1663 2645 1792 2683; x_wconf 82' lang='lat' dir='ltr'>saec.</span> <span class='ocrx_word' id='word_1_188' title='bbox 1829 2645 1866 2682; x_wconf 89' lang='lat'>11</span> <span class='ocrx_word' id='word_1_189' title='bbox 1906 2628 2087 2682; x_wconf 85' lang='lat' dir='ltr'>fuisse</span> 
     </span>
    </p>
   </div>
   <div class='ocr_carea' id='block_1_29' title="bbox 446 2715 2089 2790">
    <p class='ocr_par' dir='ltr' id='par_1_29' title="bbox 446 2715 2089 2790">
     <span class='ocr_line' id='line_1_29' title="bbox 446 2715 2089 2790; baseline 0 -20"><span class='ocrx_word' id='word_1_190' title='bbox 446 2718 912 2774; x_wconf 90' lang='lat' dir='ltr'>Christianorum</span> <span class='ocrx_word' id='word_1_191' title='bbox 931 2718 1386 2790; x_wconf 89' lang='lat' dir='ltr'>quihujusmodi</span> <span class='ocrx_word' id='word_1_192' title='bbox 1419 2717 1695 2772; x_wconf 84' lang='lat' dir='ltr'>facultate</span> <span class='ocrx_word' id='word_1_193' title='bbox 1727 2715 2089 2788; x_wconf 86' lang='lat' dir='ltr'>splendesce-</span> 
     </span>
    </p>
   </div>
   <div class='ocr_carea' id='block_1_30' title="bbox 443 2805 2083 2879">
    <p class='ocr_par' dir='ltr' id='par_1_30' title="bbox 443 2805 2083 2879">
     <span class='ocr_line' id='line_1_30' title="bbox 443 2805 2083 2879; baseline -0.001 -20"><span class='ocrx_word' id='word_1_194' title='bbox 443 2811 562 2873; x_wconf 90' lang='lat' dir='ltr'>ret;</span> <span class='ocrx_word' id='word_1_195' title='bbox 632 2824 818 2878; x_wconf 90' lang='lat' dir='ltr'>neque</span> <span class='ocrx_word' id='word_1_196' title='bbox 884 2808 1039 2862; x_wconf 90' lang='lat' dir='ltr'>enim</span> <span class='ocrx_word' id='word_1_197' title='bbox 1089 2812 1239 2872; x_wconf 87' lang='lat' dir='ltr'>tum,</span> <span class='ocrx_word' id='word_1_198' title='bbox 1282 2807 1380 2879; x_wconf 89' lang='lat' dir='ltr'>qui</span> <span class='ocrx_word' id='word_1_199' title='bbox 1414 2808 1486 2862; x_wconf 91' lang='lat' dir='ltr'>ab</span> <span class='ocrx_word' id='word_1_200' title='bbox 1517 2805 1794 2879; x_wconf 90' lang='lat' dir='ltr'>apostolis</span> <span class='ocrx_word' id='word_1_201' title='bbox 1823 2822 1950 2861; x_wconf 88' lang='lat' dir='ltr'>eam</span> <span class='ocrx_word' id='word_1_202' title='bbox 1983 2821 2083 2876; x_wconf 91' lang='lat' dir='ltr'>po-</span> 
     </span>
    </p>
   </div>
   <div class='ocr_carea' id='block_1_31' title="bbox 442 2894 2085 2968">
    <p class='ocr_par' dir='ltr' id='par_1_31' title="bbox 442 2894 2085 2968">
     <span class='ocr_line' id='line_1_31' title="bbox 442 2894 2085 2968; baseline -0.002 -20"><span class='ocrx_word' id='word_1_203' title='bbox 442 2896 694 2951; x_wconf 86' lang='lat' dir='ltr'>tuissent</span> <span class='ocrx_word' id='word_1_204' title='bbox 725 2897 986 2968; x_wconf 88' lang='lat' dir='ltr'>accipere</span> <span class='ocrx_word' id='word_1_205' title='bbox 1017 2898 1074 2952; x_wconf 91' lang='lat' dir='ltr'>in</span> <span class='ocrx_word' id='word_1_206' title='bbox 1109 2897 1251 2952; x_wconf 90' lang='lat' dir='ltr'>vivis</span> <span class='ocrx_word' id='word_1_207' title='bbox 1281 2897 1683 2952; x_wconf 89' lang='lat' dir='ltr'>versabantur.</span> <span class='ocrx_word' id='word_1_208' title='bbox 1717 2894 1909 2949; x_wconf 90' lang='lat' dir='ltr'>Altera</span> <span class='ocrx_word' id='word_1_209' title='bbox 1940 2894 2085 2949; x_wconf 84' lang='lat' dir='ltr'>ratio</span> 
     </span>
    </p>
   </div>
   <div class='ocr_carea' id='block_1_32' title="bbox 443 2983 2086 3058">
    <p class='ocr_par' dir='ltr' id='par_1_32' title="bbox 443 2983 2086 3058">
     <span class='ocr_line' id='line_1_32' title="bbox 443 2983 2086 3058; baseline 0 -21"><span class='ocrx_word' id='word_1_210' title='bbox 443 2983 500 3038; x_wconf 85' lang='lat' dir='ltr'>in</span> <span class='ocrx_word' id='word_1_211' title='bbox 531 2984 653 3040; x_wconf 91' lang='lat' dir='ltr'>loso</span> <span class='ocrx_word' id='word_1_212' title='bbox 690 2987 829 3058; x_wconf 85' lang='lat' dir='ltr'>Eph.</span> <span class='ocrx_word' id='word_1_213' title='bbox 870 3005 944 3054; x_wconf 91' lang='lat' dir='ltr'>1v,</span> <span class='ocrx_word' id='word_1_214' title='bbox 996 2991 1029 3040; x_wconf 89' lang='lat'>7</span> <span class='ocrx_word' id='word_1_215' title='bbox 1077 3005 1224 3058; x_wconf 89' lang='lat' dir='ltr'>seq.,</span> <span class='ocrx_word' id='word_1_216' title='bbox 1269 2987 1619 3041; x_wconf 88' lang='lat' dir='ltr'>continetur.</span> <span class='ocrx_word' id='word_1_217' title='bbox 1672 2984 1899 3039; x_wconf 76' lang='lat' dir='ltr'>Etenim</span> <span class='ocrx_word' id='word_1_218' title='bbox 1949 2999 2086 3038; x_wconf 92' lang='lat' dir='ltr'>cum</span> 
     </span>
    </p>
   </div>
   <div class='ocr_carea' id='block_1_33' title="bbox 440 3073 2084 3148">
    <p class='ocr_par' dir='ltr' id='par_1_33' title="bbox 440 3073 2084 3148">
     <span class='ocr_line' id='line_1_33' title="bbox 440 3073 2084 3148; baseline -0.001 -20"><span class='ocrx_word' id='word_1_219' title='bbox 440 3074 654 3130; x_wconf 88' lang='lat' dir='ltr'>Paulus</span> <span class='ocrx_word' id='word_1_220' title='bbox 687 3076 872 3131; x_wconf 90' lang='lat' dir='ltr'>multa</span> <span class='ocrx_word' id='word_1_221' title='bbox 895 3077 1168 3148; x_wconf 88' lang='lat' dir='ltr'>superius</span> <span class='ocrx_word' id='word_1_222' title='bbox 1190 3074 1793 3147; x_wconf 88' lang='lat' dir='ltr'>disputasset,quibus</span> <span class='ocrx_word' id='word_1_223' title='bbox 1817 3073 1888 3128; x_wconf 90' lang='lat' dir='ltr'>iis</span> <span class='ocrx_word' id='word_1_224' title='bbox 1910 3073 2084 3128; x_wconf 88' lang='lat' dir='ltr'>etiam</span> 
     </span>
    </p>
   </div>
   <div class='ocr_carea' id='block_1_34' title="bbox 439 3162 2084 3232">
    <p class='ocr_par' dir='ltr' id='par_1_34' title="bbox 439 3162 2084 3232">
     <span class='ocr_line' id='line_1_34' title="bbox 439 3162 2084 3232; baseline -0.002 -15"><span class='ocrx_word' id='word_1_225' title='bbox 439 3166 536 3232; x_wconf 89' lang='lat' dir='ltr'>qui</span> <span class='ocrx_word' id='word_1_226' title='bbox 571 3166 761 3218; x_wconf 88' lang='lat' dir='ltr'>adhuc</span> <span class='ocrx_word' id='word_1_227' title='bbox 793 3168 1022 3220; x_wconf 81' lang='lat' dir='ltr'>fuerant</span> <span class='ocrx_word' id='word_1_228' title='bbox 1053 3166 1278 3220; x_wconf 88' lang='lat' dir='ltr'>cultum</span> <span class='ocrx_word' id='word_1_229' title='bbox 1313 3167 1554 3218; x_wconf 91' lang='lat' dir='ltr'>deorum</span> <span class='ocrx_word' id='word_1_230' title='bbox 1582 3163 1787 3227; x_wconf 91' lang='lat' dir='ltr'>secuti,</span> <span class='ocrx_word' id='word_1_231' title='bbox 1821 3162 2084 3217; x_wconf 81' lang='lat' dir='ltr'>eamdem</span> 
     </span>
    </p>
   </div>
   <div class='ocr_carea' id='block_1_35' title="bbox 438 3251 2080 3324">
    <p class='ocr_par' dir='ltr' id='par_1_35' title="bbox 438 3251 2080 3324">
     <span class='ocr_line' id='line_1_35' title="bbox 438 3251 2080 3324; baseline -0.001 -19"><span class='ocrx_word' id='word_1_232' title='bbox 438 3269 570 3305; x_wconf 88' lang='lat' dir='ltr'>cum</span> <span class='ocrx_word' id='word_1_233' title='bbox 601 3253 815 3307; x_wconf 71' lang='lat' dir='ltr'>Iudaeis</span> <span class='ocrx_word' id='word_1_234' title='bbox 832 3254 1387 3324; x_wconf 81' lang='lat' dir='ltr'>partemvindicaret</span> <span class='ocrx_word' id='word_1_235' title='bbox 1413 3253 1780 3322; x_wconf 87' lang='lat' dir='ltr'>gratiamque</span> <span class='ocrx_word' id='word_1_236' title='bbox 1801 3251 2080 3320; x_wconf 88' lang='lat' dir='ltr'>divinam,</span> 
     </span>
    </p>
   </div>
   <div class='ocr_carea' id='block_1_36' title="bbox 439 3340 2080 3410">
    <p class='ocr_par' dir='ltr' id='par_1_36' title="bbox 439 3340 2080 3410">
     <span class='ocr_line' id='line_1_36' title="bbox 439 3340 2080 3410; baseline -0.001 -17"><span class='ocrx_word' id='word_1_237' title='bbox 439 3346 503 3394; x_wconf 89' lang='lat' dir='ltr'>ut</span> <span class='ocrx_word' id='word_1_238' title='bbox 535 3341 944 3396; x_wconf 86' lang='lat' dir='ltr'>dissentientes</span> <span class='ocrx_word' id='word_1_239' title='bbox 975 3342 1126 3397; x_wconf 91' lang='lat' dir='ltr'>inter</span> <span class='ocrx_word' id='word_1_240' title='bbox 1158 3341 1515 3396; x_wconf 69' lang='lat' dir='ltr'>Christianos</span> <span class='ocrx_word' id='word_1_241' title='bbox 1539 3340 1768 3410; x_wconf 77' lang='lat' dir='ltr'>judzeos</span> <span class='ocrx_word' id='word_1_242' title='bbox 1825 3356 1890 3393; x_wconf 91' lang='lat' dir='ltr'>ac</span> <span class='ocrx_word' id='word_1_243' title='bbox 1948 3354 2080 3410; x_wconf 86' lang='lat' dir='ltr'>gen-</span> 
     </span>
    </p>
   </div>
   <div class='ocr_carea' id='block_1_37' title="bbox 439 3427 2080 3500">
    <p class='ocr_par' dir='ltr' id='par_1_37' title="bbox 439 3427 2080 3500">
     <span class='ocr_line' id='line_1_37' title="bbox 439 3427 2080 3500; baseline -0.001 -18"><span class='ocrx_word' id='word_1_244' title='bbox 439 3429 566 3484; x_wconf 83' lang='lat' dir='ltr'>tiles</span> <span class='ocrx_word' id='word_1_245' title='bbox 600 3430 656 3483; x_wconf 90' lang='lat' dir='ltr'>in</span> <span class='ocrx_word' id='word_1_246' title='bbox 689 3429 1058 3484; x_wconf 87' lang='lat' dir='ltr'>concordiam</span> <span class='ocrx_word' id='word_1_247' title='bbox 1092 3430 1412 3500; x_wconf 84' lang='lat' dir='ltr'>redigeret;</span> <span class='ocrx_word' id='word_1_248' title='bbox 1465 3434 1666 3500; x_wconf 88' lang='lat' dir='ltr'>postea</span> <span class='ocrx_word' id='word_1_249' title='bbox 1714 3427 2080 3482; x_wconf 87' lang='lat' dir='ltr'>animadver-</span> 
     </span>
    </p>
   </div>
   <div class='ocr_carea' id='block_1_38' title="bbox 439 3516 2078 3582">
    <p class='ocr_par' dir='ltr' id='par_1_38' title="bbox 439 3516 2078 3582">
     <span class='ocr_line' id='line_1_38' title="bbox 439 3516 2078 3582; baseline -0.001 -11"><span class='ocrx_word' id='word_1_250' title='bbox 439 3523 588 3582; x_wconf 90' lang='lat' dir='ltr'>tcns,</span> <span class='ocrx_word' id='word_1_251' title='bbox 645 3519 950 3574; x_wconf 84' lang='lat' dir='ltr'>facultates</span> <span class='ocrx_word' id='word_1_252' title='bbox 1007 3520 1078 3573; x_wconf 87' lang='lat' dir='ltr'>ad</span> <span class='ocrx_word' id='word_1_253' title='bbox 1111 3518 1394 3573; x_wconf 91' lang='lat' dir='ltr'>miracula</span> <span class='ocrx_word' id='word_1_254' title='bbox 1419 3517 1667 3572; x_wconf 82' lang='lat' dir='ltr'>multum</span> <span class='ocrx_word' id='word_1_255' title='bbox 1703 3517 1773 3571; x_wconf 90' lang='lat' dir='ltr'>ad</span> <span class='ocrx_word' id='word_1_256' title='bbox 1807 3516 2078 3571; x_wconf 89' lang='lat' dir='ltr'>alendam</span> 
     </span>
    </p>
   </div>
   <div class='ocr_carea' id='block_1_39' title="bbox 442 3605 2078 3678">
    <p class='ocr_par' dir='ltr' id='par_1_39' title="bbox 442 3605 2078 3678">
     <span class='ocr_line' id='line_1_39' title="bbox 442 3605 2078 3678; baseline -0.001 -18"><span class='ocrx_word' id='word_1_257' title='bbox 442 3613 822 3678; x_wconf 89' lang='lat' dir='ltr'>utrorumque</span> <span class='ocrx_word' id='word_1_258' title='bbox 853 3607 1204 3663; x_wconf 88' lang='lat' dir='ltr'>discordiam</span> <span class='ocrx_word' id='word_1_259' title='bbox 1234 3607 1440 3674; x_wconf 83' lang='lat' dir='ltr'>facere,</span> <span class='ocrx_word' id='word_1_260' title='bbox 1474 3611 1532 3662; x_wconf 90' lang='lat' dir='ltr'>et</span> <span class='ocrx_word' id='word_1_261' title='bbox 1591 3606 1745 3678; x_wconf 89' lang='lat' dir='ltr'>quod</span> <span class='ocrx_word' id='word_1_262' title='bbox 1797 3607 1934 3678; x_wconf 68' lang='lat' dir='ltr'>ipsa:</span> <span class='ocrx_word' id='word_1_263' title='bbox 1993 3605 2078 3659; x_wconf 68' lang='lat' dir='ltr'>hae</span> 
     </span>
    </p>
   </div>
   <div class='ocr_carea' id='block_1_40' title="bbox 438 3695 2077 3768">
    <p class='ocr_par' dir='ltr' id='par_1_40' title="bbox 438 3695 2077 3768">
     <span class='ocr_line' id='line_1_40' title="bbox 438 3695 2077 3768; baseline -0.001 -19"><span class='ocrx_word' id='word_1_264' title='bbox 438 3713 542 3766; x_wconf 90' lang='lat' dir='ltr'>pro</span> <span class='ocrx_word' id='word_1_265' title='bbox 602 3696 840 3752; x_wconf 88' lang='lat' dir='ltr'>arbitrio</span> <span class='ocrx_word' id='word_1_266' title='bbox 870 3697 1083 3752; x_wconf 86' lang='lat' dir='ltr'>Christi</span> <span class='ocrx_word' id='word_1_267' title='bbox 1116 3696 1554 3768; x_wconf 89' lang='lat' dir='ltr'>sapientissime</span> <span class='ocrx_word' id='word_1_268' title='bbox 1583 3696 1701 3751; x_wconf 90' lang='lat' dir='ltr'>sint</span> <span class='ocrx_word' id='word_1_269' title='bbox 1731 3695 2077 3761; x_wconf 62' lang='lat' dir='ltr'>distributae,</span> 
     </span>
    </p>
   </div>
   <div class='ocr_carea' id='block_1_41' title="bbox 437 3785 2083 3857">
    <p class='ocr_par' dir='ltr' id='par_1_41' title="bbox 437 3785 2083 3857">
     <span class='ocr_line' id='line_1_41' title="bbox 437 3785 2083 3857; baseline -0.002 -18"><span class='ocrx_word' id='word_1_270' title='bbox 437 3789 495 3839; x_wconf 90' lang='lat' dir='ltr'>et</span> <span class='ocrx_word' id='word_1_271' title='bbox 525 3801 699 3854; x_wconf 90' lang='lat' dir='ltr'>quem</span> <span class='ocrx_word' id='word_1_272' title='bbox 727 3785 902 3840; x_wconf 83' lang='lat' dir='ltr'>ﬁnem</span> <span class='ocrx_word' id='word_1_273' title='bbox 933 3785 1204 3855; x_wconf 88' lang='lat' dir='ltr'>habeant,</span> <span class='ocrx_word' id='word_1_274' title='bbox 1227 3793 1286 3841; x_wconf 87' lang='lat' dir='ltr'>et</span> <span class='ocrx_word' id='word_1_275' title='bbox 1313 3787 1465 3857; x_wconf 86' lang='lat' dir='ltr'>quod</span> <span class='ocrx_word' id='word_1_276' title='bbox 1497 3803 1610 3840; x_wconf 91' lang='lat' dir='ltr'>non</span> <span class='ocrx_word' id='word_1_277' title='bbox 1639 3786 1932 3840; x_wconf 71' lang='lat' dir='ltr'>exstiturae</span> <span class='ocrx_word' id='word_1_278' title='bbox 1963 3785 2083 3838; x_wconf 89' lang='lat' dir='ltr'>sint</span> 
     </span>
    </p>
   </div>
   <div class='ocr_carea' id='block_1_42' title="bbox 441 3874 2079 3947">
    <p class='ocr_par' dir='ltr' id='par_1_42' title="bbox 441 3874 2079 3947">
     <span class='ocr_line' id='line_1_42' title="bbox 441 3874 2079 3947; baseline 0 -20"><span class='ocrx_word' id='word_1_279' title='bbox 441 3874 551 3928; x_wconf 86' lang='lat' dir='ltr'>nisi</span> <span class='ocrx_word' id='word_1_280' title='bbox 585 3875 655 3928; x_wconf 90' lang='lat' dir='ltr'>ad</span> <span class='ocrx_word' id='word_1_281' title='bbox 685 3880 905 3930; x_wconf 90' lang='lat' dir='ltr'>certum</span> <span class='ocrx_word' id='word_1_282' title='bbox 938 3881 1192 3947; x_wconf 87' lang='lat' dir='ltr'>tempus,</span> <span class='ocrx_word' id='word_1_283' title='bbox 1225 3876 1530 3946; x_wconf 89' lang='lat' dir='ltr'>perspicue</span> <span class='ocrx_word' id='word_1_284' title='bbox 1575 3875 1901 3929; x_wconf 84' lang='lat' dir='ltr'>confirmat.</span> <span class='ocrx_word' id='word_1_285' title='bbox 1957 3874 2079 3936; x_wconf 90' lang='lat' dir='ltr'>Quo</span> 
     </span>
    </p>
   </div>
   <div class='ocr_carea' id='block_1_43' title="bbox 437 3962 2081 4036">
    <p class='ocr_par' dir='ltr' id='par_1_43' title="bbox 437 3962 2081 4036">
     <span class='ocr_line' id='line_1_43' title="bbox 437 3962 2081 4036; baseline 0.001 -21"><span class='ocrx_word' id='word_1_286' title='bbox 437 3963 496 4016; x_wconf 92' lang='lat' dir='ltr'>in</span> <span class='ocrx_word' id='word_1_287' title='bbox 529 3962 652 4019; x_wconf 90' lang='lat' dir='ltr'>loco</span> <span class='ocrx_word' id='word_1_288' title='bbox 683 3965 823 4035; x_wconf 90' lang='lat' dir='ltr'>quin</span> <span class='ocrx_word' id='word_1_289' title='bbox 859 3965 1246 4036; x_wconf 69' lang='lat' dir='ltr'>intelligenda:</span> <span class='ocrx_word' id='word_1_290' title='bbox 1279 3966 1398 4020; x_wconf 87' lang='lat' dir='ltr'>sint</span> <span class='ocrx_word' id='word_1_291' title='bbox 1430 3981 1541 4019; x_wconf 91' lang='lat' dir='ltr'>non</span> <span class='ocrx_word' id='word_1_292' title='bbox 1574 3979 1916 4019; x_wconf 86' lang='lat' dir='ltr'>communes</span> <span class='ocrx_word' id='word_1_293' title='bbox 1954 3979 2081 4018; x_wconf 88' lang='lat' dir='ltr'>om-</span> 
     </span>
    </p>
   </div>
   <div class='ocr_carea' id='block_1_44' title="bbox 439 4052 2080 4126">
    <p class='ocr_par' dir='ltr' id='par_1_44' title="bbox 439 4052 2080 4126">
     <span class='ocr_line' id='line_1_44' title="bbox 439 4052 2080 4126; baseline 0.001 -21"><span class='ocrx_word' id='word_1_294' title='bbox 439 4052 612 4108; x_wconf 92' lang='lat' dir='ltr'>nibus</span> <span class='ocrx_word' id='word_1_295' title='bbox 644 4052 983 4109; x_wconf 82' lang='lat' dir='ltr'>Christianis</span> <span class='ocrx_word' id='word_1_296' title='bbox 1012 4071 1207 4126; x_wconf 75' lang='lat' dir='ltr'>eaeque</span> <span class='ocrx_word' id='word_1_297' title='bbox 1237 4053 1573 4125; x_wconf 87' lang='lat' dir='ltr'>spirituales</span> <span class='ocrx_word' id='word_1_298' title='bbox 1601 4052 1928 4119; x_wconf 88' lang='lat' dir='ltr'>facultates,</span> <span class='ocrx_word' id='word_1_299' title='bbox 1980 4052 2080 4107; x_wconf 92' lang='lat' dir='ltr'>sed</span> 
     </span>
    </p>
   </div>
   <div class='ocr_carea' id='block_1_45' title="bbox 440 4141 2078 4212">
    <p class='ocr_par' dir='ltr' id='par_1_45' title="bbox 440 4141 2078 4212">
     <span class='ocr_line' id='line_1_45' title="bbox 440 4141 2078 4212; baseline -0.001 -17"><span class='ocrx_word' id='word_1_300' title='bbox 440 4143 828 4212; x_wconf 87' lang='lat' dir='ltr'>quorumdam</span> <span class='ocrx_word' id='word_1_301' title='bbox 861 4145 1014 4198; x_wconf 73' lang='grc'>174</span> <span class='ocrx_word' id='word_1_302' title='bbox 1047 4143 1500 4198; x_wconf 83' lang='lat' dir='ltr'>Christianorum</span> <span class='ocrx_word' id='word_1_303' title='bbox 1530 4142 1599 4196; x_wconf 89' lang='lat' dir='ltr'>ad</span> <span class='ocrx_word' id='word_1_304' title='bbox 1630 4141 1863 4212; x_wconf 89' lang='lat' dir='ltr'>propria</span> <span class='ocrx_word' id='word_1_305' title='bbox 1903 4142 2078 4194; x_wconf 87' lang='lat' dir='ltr'>mira-</span> 
     </span>
    </p>
   </div>
   <div class='ocr_carea' id='block_1_46' title="bbox 439 4228 2077 4301">
    <p class='ocr_par' dir='ltr' id='par_1_46' title="bbox 439 4228 2077 4301">
     <span class='ocr_line' id='line_1_46' title="bbox 439 4228 2077 4301; baseline -0.002 -17"><span class='ocrx_word' id='word_1_306' title='bbox 439 4229 569 4284; x_wconf 89' lang='lat' dir='ltr'>cula</span> <span class='ocrx_word' id='word_1_307' title='bbox 596 4232 970 4301; x_wconf 90' lang='lat' dir='ltr'>producenda</span> <span class='ocrx_word' id='word_1_308' title='bbox 998 4233 1239 4296; x_wconf 66' lang='lat' dir='ltr'>idoneae,</span> <span class='ocrx_word' id='word_1_309' title='bbox 1272 4247 1463 4300; x_wconf 90' lang='lat' dir='ltr'>nemo,</span> <span class='ocrx_word' id='word_1_310' title='bbox 1496 4231 1722 4301; x_wconf 82' lang='lat' dir='ltr'>opinor,</span> <span class='ocrx_word' id='word_1_311' title='bbox 1770 4228 2077 4295; x_wconf 87' lang='lat' dir='ltr'>dubitabit,</span> 
     </span>
    </p>
   </div>
   <div class='ocr_carea' id='block_1_47' title="bbox 440 4317 2079 4390">
    <p class='ocr_par' dir='ltr' id='par_1_47' title="bbox 440 4317 2079 4390">
     <span class='ocr_line' id='line_1_47' title="bbox 440 4317 2079 4390; baseline -0.003 -16"><span class='ocrx_word' id='word_1_312' title='bbox 440 4319 540 4389; x_wconf 87' lang='lat' dir='ltr'>qui</span> <span class='ocrx_word' id='word_1_313' title='bbox 599 4319 686 4375; x_wconf 85' lang='lat' dir='ltr'>vel</span> <span class='ocrx_word' id='word_1_314' title='bbox 714 4320 834 4376; x_wconf 70' lang='lat' dir='ltr'>baac</span> <span class='ocrx_word' id='word_1_315' title='bbox 865 4337 996 4376; x_wconf 91' lang='lat' dir='ltr'>cum</span> <span class='ocrx_word' id='word_1_316' title='bbox 1031 4320 1102 4376; x_wconf 89' lang='lat' dir='ltr'>iis</span> <span class='ocrx_word' id='word_1_317' title='bbox 1134 4320 1463 4386; x_wconf 81' lang='lat' dir='ltr'>contulerit,</span> <span class='ocrx_word' id='word_1_318' title='bbox 1499 4335 1624 4390; x_wconf 73' lang='lat' dir='ltr'>quae</span> <span class='ocrx_word' id='word_1_319' title='bbox 1657 4321 1794 4372; x_wconf 88' lang='lat' dir='ltr'>sunt</span> <span class='ocrx_word' id='word_1_320' title='bbox 1826 4317 1896 4370; x_wconf 90' lang='lat' dir='ltr'>ab</span> <span class='ocrx_word' id='word_1_321' title='bbox 1931 4319 2079 4387; x_wconf 83' lang='lat' dir='ltr'>Apo-</span> 
     </span>
    </p>
   </div>
   <div class='ocr_carea' id='block_1_48' title="bbox 438 4405 2081 4479">
    <p class='ocr_par' dir='ltr' id='par_1_48' title="bbox 438 4405 2081 4479">
     <span class='ocr_line' id='line_1_48' title="bbox 438 4405 2081 4479; baseline -0.002 -17"><span class='ocrx_word' id='word_1_322' title='bbox 438 4409 583 4463; x_wconf 90' lang='lat' dir='ltr'>stolo</span> <span class='ocrx_word' id='word_1_323' title='bbox 616 4410 779 4465; x_wconf 86' lang='lat' dir='ltr'>Rom.</span> <span class='ocrx_word' id='word_1_324' title='bbox 812 4427 914 4479; x_wconf 87' lang='lat' dir='ltr'>x11,</span> <span class='ocrx_word' id='word_1_325' title='bbox 942 4410 996 4475; x_wconf 87' lang='grc'>3,</span> <span class='ocrx_word' id='word_1_326' title='bbox 1029 4411 1084 4477; x_wconf 87' lang='grc'>8,</span> <span class='ocrx_word' id='word_1_327' title='bbox 1117 4416 1172 4464; x_wconf 90' lang='lat' dir='ltr'>et</span> <span class='ocrx_word' id='word_1_328' title='bbox 1203 4409 1274 4464; x_wconf 90' lang='lat' dir='ltr'>ad</span> <span class='ocrx_word' id='word_1_329' title='bbox 1308 4409 1329 4462; x_wconf 83' lang='grc' dir='ltr'>Ι</span> <span class='ocrx_word' id='word_1_330' title='bbox 1360 4413 1484 4462; x_wconf 85' lang='lat' dir='ltr'>Cor.</span> <span class='ocrx_word' id='word_1_331' title='bbox 1518 4405 1708 4476; x_wconf 75' lang='lat'>1111,13</span> <span class='ocrx_word' id='word_1_332' title='bbox 1734 4405 2081 4476; x_wconf 88' lang='lat' dir='ltr'>seq.,dispu-</span> 
     </span>
    </p>
   </div>
   <div class='ocr_carea' id='block_1_49' title="bbox 439 4550 2080 4621">
    <p class='ocr_par' dir='ltr' id='par_1_49' title="bbox 439 4550 2080 4621">
     <span class='ocr_line' id='line_1_49' title="bbox 439 4550 2080 4621; baseline -0.002 -17"><span class='ocrx_word' id='word_1_333' title='bbox 439 4551 626 4604; x_wconf 81' lang='lat' dir='ltr'>bularz‘</span> <span class='ocrx_word' id='word_1_334' title='bbox 653 4567 778 4605; x_wconf 83' lang='lat' dir='ltr'>cum</span> <span class='ocrx_word' id='word_1_335' title='bbox 824 4552 1082 4617; x_wconf 81' lang='lat' dir='ltr'>Domino,</span> <span class='ocrx_word' id='word_1_336' title='bbox 1131 4551 1284 4621; x_wconf 87' lang='lat' dir='ltr'>cujus</span> <span class='ocrx_word' id='word_1_337' title='bbox 1343 4550 1602 4620; x_wconf 76' lang='lat' dir='ltr'>beneﬁcia</span> <span class='ocrx_word' id='word_1_338' title='bbox 1650 4552 1803 4602; x_wconf 81' lang='lat' dir='ltr'>tanta</span> <span class='ocrx_word' id='word_1_339' title='bbox 1859 4551 2080 4621; x_wconf 70' lang='lat' dir='ltr'>experta</span> 
     </span>
    </p>
   </div>
   <div class='ocr_carea' id='block_1_50' title="bbox 2115 1872 2162 1936">
    <p class='ocr_par' dir='ltr' id='par_1_50' title="bbox 2115 1872 2162 1936">
     <span class='ocr_line' id='line_1_50' title="bbox 2115 1872 2162 1936; baseline 0 0"><span class='ocrx_word' id='word_1_340' title='bbox 2115 1872 2162 1936; x_wconf 92' lang='lat' dir='ltr'>B</span> 
     </span>
    </p>
   </div>
   <div class='ocr_carea' id='block_1_51' title="bbox 2203 580 3850 657">
    <p class='ocr_par' dir='ltr' id='par_1_51' title="bbox 2203 580 3850 657">
     <span class='ocr_line' id='line_1_51' title="bbox 2203 580 3850 657; baseline -0.002 -20"><span class='ocrx_word' id='word_1_341' title='bbox 2203 586 2288 649; x_wconf 87' lang='grc'>13,</span> <span class='ocrx_word' id='word_1_342' title='bbox 2351 585 2436 652; x_wconf 77' lang='grc'>14,</span> <span class='ocrx_word' id='word_1_343' title='bbox 2498 585 2663 639; x_wconf 82' lang='lat' dir='ltr'>datas</span> <span class='ocrx_word' id='word_1_344' title='bbox 2720 599 2848 640; x_wconf 87' lang='lat' dir='ltr'>esse</span> <span class='ocrx_word' id='word_1_345' title='bbox 2911 581 3075 657; x_wconf 75' lang='grc' dir='ltr'>μέχρι</span> <span class='ocrx_word' id='word_1_346' title='bbox 3123 582 3539 652; x_wconf 71' lang='grc' dir='ltr'>καταντήσωμεν</span> <span class='ocrx_word' id='word_1_347' title='bbox 3575 582 3628 634; x_wconf 74' lang='grc' dir='ltr'>οἱ</span> <span class='ocrx_word' id='word_1_348' title='bbox 3657 580 3850 642; x_wconf 75' lang='grc' dir='ltr'>πάντες</span> 
     </span>
    </p>
   </div>
   <div class='ocr_carea' id='block_1_52' title="bbox 2203 668 3850 746">
    <p class='ocr_par' dir='ltr' id='par_1_52' title="bbox 2203 668 3850 746">
     <span class='ocr_line' id='line_1_52' title="bbox 2203 668 3850 746; baseline 0.001 -23"><span class='ocrx_word' id='word_1_349' title='bbox 2203 668 2276 730; x_wconf 73' lang='grc' dir='ltr'>εἷς</span> <span class='ocrx_word' id='word_1_350' title='bbox 2307 671 2403 738; x_wconf 74' lang='grc' dir='ltr'>τὴν</span> <span class='ocrx_word' id='word_1_351' title='bbox 2453 669 2679 740; x_wconf 74' lang='grc' dir='ltr'>ἐοότητα</span> <span class='ocrx_word' id='word_1_352' title='bbox 2737 673 2833 739; x_wconf 59' lang='grc' dir='ltr'>τῆς</span> <span class='ocrx_word' id='word_1_353' title='bbox 2891 671 3148 740; x_wconf 77' lang='grc' dir='ltr'>πίστεως,</span> <span class='ocrx_word' id='word_1_354' title='bbox 3201 671 3290 724; x_wconf 82' lang='grc' dir='ltr'>καὶ</span> <span class='ocrx_word' id='word_1_355' title='bbox 3347 673 3446 733; x_wconf 76' lang='grc' dir='ltr'>τῆς</span> <span class='ocrx_word' id='word_1_356' title='bbox 3510 668 3850 746; x_wconf 70' lang='grc' dir='ltr'>ἐπιγνώσεως</span> 
     </span>
    </p>
   </div>
   <div class='ocr_carea' id='block_1_53' title="bbox 2193 756 3850 835">
    <p class='ocr_par' dir='ltr' id='par_1_53' title="bbox 2193 756 3850 835">
     <span class='ocr_line' id='line_1_53' title="bbox 2193 756 3850 835; baseline 0.002 -25"><span class='ocrx_word' id='word_1_357' title='bbox 2193 763 2294 811; x_wconf 78' lang='grc' dir='ltr'>τοῦ</span> <span class='ocrx_word' id='word_1_358' title='bbox 2353 759 2480 812; x_wconf 78' lang='grc' dir='ltr'>Υἱοῦ</span> <span class='ocrx_word' id='word_1_359' title='bbox 2531 764 2627 812; x_wconf 76' lang='grc' dir='ltr'>τοῦ</span> <span class='ocrx_word' id='word_1_360' title='bbox 2686 763 2839 826; x_wconf 77' lang='grc' dir='ltr'>Θεοῦ,</span> <span class='ocrx_word' id='word_1_361' title='bbox 2899 759 2974 820; x_wconf 82' lang='grc' dir='ltr'>εἰς</span> <span class='ocrx_word' id='word_1_362' title='bbox 3029 756 3195 835; x_wconf 76' lang='grc' dir='ltr'>ἄνδρα</span> <span class='ocrx_word' id='word_1_363' title='bbox 3242 757 3471 828; x_wconf 78' lang='grc' dir='ltr'>τέλειον,</span> <span class='ocrx_word' id='word_1_364' title='bbox 3527 759 3600 820; x_wconf 78' lang='grc' dir='ltr'>εἷς</span> <span class='ocrx_word' id='word_1_365' title='bbox 3654 760 3850 834; x_wconf 81' lang='grc' dir='ltr'>μὲτρον</span> 
     </span>
    </p>
   </div>
   <div class='ocr_carea' id='block_1_54' title="bbox 2197 845 3846 922">
    <p class='ocr_par' dir='ltr' id='par_1_54' title="bbox 2197 845 3846 922">
     <span class='ocr_line' id='line_1_54' title="bbox 2197 845 3846 922; baseline 0.002 -22"><span class='ocrx_word' id='word_1_366' title='bbox 2197 845 2420 915; x_wconf 77' lang='grc' dir='ltr'>ἡλικίας</span> <span class='ocrx_word' id='word_1_367' title='bbox 2483 852 2580 902; x_wconf 75' lang='grc' dir='ltr'>τοῦ</span> <span class='ocrx_word' id='word_1_368' title='bbox 2645 847 3024 922; x_wconf 78' lang='grc' dir='ltr'>πληρώματος</span> <span class='ocrx_word' id='word_1_369' title='bbox 3088 853 3185 902; x_wconf 75' lang='grc' dir='ltr'>τοῦ</span> <span class='ocrx_word' id='word_1_370' title='bbox 3237 853 3490 922; x_wconf 75' lang='grc' dir='ltr'>Χριστοῦ,</span> <span class='ocrx_word' id='word_1_371' title='bbox 3542 869 3593 902; x_wconf 81' lang='grc' dir='ltr'>κ.</span> <span class='ocrx_word' id='word_1_372' title='bbox 3644 870 3695 905; x_wconf 83' lang='grc' dir='ltr'>τ.</span> <span class='ocrx_word' id='word_1_373' title='bbox 3754 847 3846 919; x_wconf 86' lang='grc' dir='ltr'>λ.;</span> 
     </span>
    </p>
   </div>
   <div class='ocr_carea' id='block_1_55' title="bbox 2199 938 3850 1010">
    <p class='ocr_par' dir='ltr' id='par_1_55' title="bbox 2199 938 3850 1010">
     <span class='ocr_line' id='line_1_55' title="bbox 2199 938 3850 1010; baseline 0.003 -20"><span class='ocrx_word' id='word_1_374' title='bbox 2199 939 2352 992; x_wconf 92' lang='lat' dir='ltr'>unde</span> <span class='ocrx_word' id='word_1_375' title='bbox 2377 938 2627 993; x_wconf 78' lang='lat' dir='ltr'>efficitur</span> <span class='ocrx_word' id='word_1_376' title='bbox 2655 955 2720 993; x_wconf 90' lang='lat' dir='ltr'>eo</span> <span class='ocrx_word' id='word_1_377' title='bbox 2754 945 3013 1010; x_wconf 88' lang='lat' dir='ltr'>tempore</span> <span class='ocrx_word' id='word_1_378' title='bbox 3043 939 3356 995; x_wconf 83' lang='lat' dir='ltr'>exstinctae</span> <span class='ocrx_word' id='word_1_379' title='bbox 3388 940 3492 994; x_wconf 85' lang='lat' dir='ltr'>has</span> <span class='ocrx_word' id='word_1_380' title='bbox 3541 940 3850 995; x_wconf 85' lang='lat' dir='ltr'>facultates</span> 
     </span>
    </p>
   </div>
   <div class='ocr_carea' id='block_1_56' title="bbox 2197 1027 3850 1100">
    <p class='ocr_par' dir='ltr' id='par_1_56' title="bbox 2197 1027 3850 1100">
     <span class='ocr_line' id='line_1_56' title="bbox 2197 1027 3850 1100; baseline 0.001 -20"><span class='ocrx_word' id='word_1_381' title='bbox 2197 1027 2399 1093; x_wconf 88' lang='lat' dir='ltr'>fuisse,</span> <span class='ocrx_word' id='word_1_382' title='bbox 2433 1044 2547 1098; x_wconf 93' lang='lat' dir='ltr'>quo</span> <span class='ocrx_word' id='word_1_383' title='bbox 2580 1044 2713 1082; x_wconf 93' lang='lat' dir='ltr'>cum</span> <span class='ocrx_word' id='word_1_384' title='bbox 2746 1028 2806 1094; x_wconf 92' lang='lat' dir='ltr'>ii,</span> <span class='ocrx_word' id='word_1_385' title='bbox 2843 1028 2944 1100; x_wconf 89' lang='lat' dir='ltr'>qui</span> <span class='ocrx_word' id='word_1_386' title='bbox 2976 1045 3006 1083; x_wconf 91' lang='lat' dir='ltr'>e</span> <span class='ocrx_word' id='word_1_387' title='bbox 3032 1028 3273 1094; x_wconf 70' lang='lat' dir='ltr'>Judaeis,</span> <span class='ocrx_word' id='word_1_388' title='bbox 3307 1032 3434 1082; x_wconf 89' lang='lat' dir='ltr'>tum</span> <span class='ocrx_word' id='word_1_389' title='bbox 3467 1029 3566 1099; x_wconf 90' lang='lat' dir='ltr'>qui</span> <span class='ocrx_word' id='word_1_390' title='bbox 3597 1044 3628 1082; x_wconf 91' lang='lat' dir='ltr'>e</span> <span class='ocrx_word' id='word_1_391' title='bbox 3657 1030 3850 1100; x_wconf 87' lang='lat' dir='ltr'>genti-</span> 
     </span>
    </p>
   </div>
   <div class='ocr_carea' id='block_1_57' title="bbox 2193 1113 3846 1188">
    <p class='ocr_par' dir='ltr' id='par_1_57' title="bbox 2193 1113 3846 1188">
     <span class='ocr_line' id='line_1_57' title="bbox 2193 1113 3846 1188; baseline 0.002 -19"><span class='ocrx_word' id='word_1_392' title='bbox 2193 1113 2350 1170; x_wconf 91' lang='lat' dir='ltr'>libus</span> <span class='ocrx_word' id='word_1_393' title='bbox 2403 1116 2707 1171; x_wconf 89' lang='lat' dir='ltr'>christiani</span> <span class='ocrx_word' id='word_1_394' title='bbox 2767 1116 2904 1171; x_wconf 88' lang='lat' dir='ltr'>facti</span> <span class='ocrx_word' id='word_1_395' title='bbox 2963 1123 3129 1173; x_wconf 90' lang='lat' dir='ltr'>erant</span> <span class='ocrx_word' id='word_1_396' title='bbox 3165 1116 3240 1188; x_wconf 76' lang='lat' dir='ltr'>(ot</span> <span class='ocrx_word' id='word_1_397' title='bbox 3272 1117 3510 1188; x_wconf 78' lang='grc' dir='ltr'>πάντες),</span> <span class='ocrx_word' id='word_1_398' title='bbox 3546 1117 3600 1171; x_wconf 91' lang='lat' dir='ltr'>in</span> <span class='ocrx_word' id='word_1_399' title='bbox 3637 1118 3846 1173; x_wconf 90' lang='lat' dir='ltr'>iisdem</span> 
     </span>
    </p>
   </div>
   <div class='ocr_carea' id='block_1_58' title="bbox 2195 1205 3847 1278">
    <p class='ocr_par' dir='ltr' id='par_1_58' title="bbox 2195 1205 3847 1278">
     <span class='ocr_line' id='line_1_58' title="bbox 2195 1205 3847 1278; baseline 0.002 -20"><span class='ocrx_word' id='word_1_400' title='bbox 2195 1205 2369 1260; x_wconf 91' lang='lat' dir='ltr'>rebus</span> <span class='ocrx_word' id='word_1_401' title='bbox 2401 1205 2708 1262; x_wconf 89' lang='lat' dir='ltr'>credendis</span> <span class='ocrx_word' id='word_1_402' title='bbox 2743 1208 3230 1278; x_wconf 86' lang='lat' dir='ltr'>agnoscendoque</span> <span class='ocrx_word' id='word_1_403' title='bbox 3263 1223 3377 1261; x_wconf 92' lang='lat' dir='ltr'>uno</span> <span class='ocrx_word' id='word_1_404' title='bbox 3410 1205 3506 1260; x_wconf 89' lang='lat' dir='ltr'>illo</span> <span class='ocrx_word' id='word_1_405' title='bbox 3553 1206 3692 1262; x_wconf 85' lang='lat' dir='ltr'>Filio</span> <span class='ocrx_word' id='word_1_406' title='bbox 3747 1207 3847 1262; x_wconf 88' lang='lat' dir='ltr'>Dei</span> 
     </span>
    </p>
   </div>
   <div class='ocr_carea' id='block_1_59' title="bbox 2194 1295 3850 1364">
    <p class='ocr_par' dir='ltr' id='par_1_59' title="bbox 2194 1295 3850 1364">
     <span class='ocr_line' id='line_1_59' title="bbox 2194 1295 3850 1364; baseline 0.003 -17"><span class='ocrx_word' id='word_1_407' title='bbox 2194 1295 2653 1358; x_wconf 88' lang='lat' dir='ltr'>consensissent,</span> <span class='ocrx_word' id='word_1_408' title='bbox 2699 1303 2751 1350; x_wconf 88' lang='lat' dir='ltr'>et</span> <span class='ocrx_word' id='word_1_409' title='bbox 2785 1296 3057 1350; x_wconf 86' lang='lat' dir='ltr'>universa</span> <span class='ocrx_word' id='word_1_410' title='bbox 3088 1312 3155 1350; x_wconf 87' lang='lat' dir='ltr'>ex</span> <span class='ocrx_word' id='word_1_411' title='bbox 3186 1295 3452 1364; x_wconf 84' lang='lat' dir='ltr'>utrisque</span> <span class='ocrx_word' id='word_1_412' title='bbox 3484 1295 3726 1351; x_wconf 89' lang='lat' dir='ltr'>collecta</span> <span class='ocrx_word' id='word_1_413' title='bbox 3757 1313 3850 1352; x_wconf 86' lang='lat' dir='ltr'>so-</span> 
     </span>
    </p>
   </div>
   <div class='ocr_carea' id='block_1_60' title="bbox 2192 1381 3846 1455">
    <p class='ocr_par' dir='ltr' id='par_1_60' title="bbox 2192 1381 3846 1455">
     <span class='ocr_line' id='line_1_60' title="bbox 2192 1381 3846 1455; baseline 0.003 -20"><span class='ocrx_word' id='word_1_414' title='bbox 2192 1381 2371 1438; x_wconf 90' lang='lat' dir='ltr'>cietas</span> <span class='ocrx_word' id='word_1_415' title='bbox 2403 1383 2856 1438; x_wconf 78' lang='lat' dir='ltr'>Christianorum</span> <span class='ocrx_word' id='word_1_416' title='bbox 2889 1385 3039 1455; x_wconf 80' lang='lat' dir='ltr'>(quae</span> <span class='ocrx_word' id='word_1_417' title='bbox 3073 1383 3186 1449; x_wconf 90' lang='lat' dir='ltr'>hic,</span> <span class='ocrx_word' id='word_1_418' title='bbox 3211 1384 3385 1438; x_wconf 87' lang='lat' dir='ltr'>ducta</span> <span class='ocrx_word' id='word_1_419' title='bbox 3413 1401 3447 1438; x_wconf 90' lang='lat' dir='ltr'>a</span> <span class='ocrx_word' id='word_1_420' title='bbox 3468 1385 3846 1441; x_wconf 88' lang='lat' dir='ltr'>tabernaculo</span> 
     </span>
    </p>
   </div>
   <div class='ocr_carea' id='block_1_61' title="bbox 2189 1472 3842 1545">
    <p class='ocr_par' dir='ltr' id='par_1_61' title="bbox 2189 1472 3842 1545">
     <span class='ocr_line' id='line_1_61' title="bbox 2189 1472 3842 1545; baseline 0.004 -21"><span class='ocrx_word' id='word_1_421' title='bbox 2189 1472 2682 1544; x_wconf 89' lang='lat' dir='ltr'>Mosaico,repleto</span> <span class='ocrx_word' id='word_1_422' title='bbox 2715 1472 2812 1528; x_wconf 92' lang='lat' dir='ltr'>illo</span> <span class='ocrx_word' id='word_1_423' title='bbox 2845 1473 3041 1528; x_wconf 88' lang='lat' dir='ltr'>divino</span> <span class='ocrx_word' id='word_1_424' title='bbox 3074 1473 3402 1545; x_wconf 89' lang='lat' dir='ltr'>splendore,</span> <span class='ocrx_word' id='word_1_425' title='bbox 3424 1473 3842 1545; x_wconf 88' lang='lat' dir='ltr'>similitudine,</span> 
     </span>
    </p>
   </div>
   <div class='ocr_carea' id='block_1_62' title="bbox 2190 1557 3842 1635">
    <p class='ocr_par' dir='ltr' id='par_1_62' title="bbox 2190 1557 3842 1635">
     <span class='ocr_line' id='line_1_62' title="bbox 2190 1557 3842 1635; baseline 0.003 -23"><span class='ocrx_word' id='word_1_426' title='bbox 2190 1557 2472 1633; x_wconf 78' lang='grc' dir='ltr'>πλήρωμα</span> <span class='ocrx_word' id='word_1_427' title='bbox 2501 1564 2596 1613; x_wconf 76' lang='grc' dir='ltr'>τοῦ</span> <span class='ocrx_word' id='word_1_428' title='bbox 2627 1561 2861 1635; x_wconf 76' lang='grc' dir='ltr'>Χριστοῦ</span> <span class='ocrx_word' id='word_1_429' title='bbox 2894 1561 3026 1616; x_wconf 90' lang='lat' dir='ltr'>coll.</span> <span class='ocrx_word' id='word_1_430' title='bbox 3061 1579 3110 1616; x_wconf 91' lang='lat' dir='ltr'>c.</span> <span class='ocrx_word' id='word_1_431' title='bbox 3174 1563 3224 1631; x_wconf 86' lang='grc'>1,</span> <span class='ocrx_word' id='word_1_432' title='bbox 3281 1564 3370 1629; x_wconf 84' lang='lat'>22,</span> <span class='ocrx_word' id='word_1_433' title='bbox 3424 1563 3516 1631; x_wconf 83' lang='lat'>23,</span> <span class='ocrx_word' id='word_1_434' title='bbox 3579 1563 3842 1633; x_wconf 77' lang='lat' dir='ltr'>dicitur),</span> 
     </span>
    </p>
   </div>
   <div class='ocr_carea' id='block_1_63' title="bbox 2192 1649 3845 1722">
    <p class='ocr_par' dir='ltr' id='par_1_63' title="bbox 2192 1649 3845 1722">
     <span class='ocr_line' id='line_1_63' title="bbox 2192 1649 3845 1722; baseline 0.002 -18"><span class='ocrx_word' id='word_1_435' title='bbox 2192 1651 2262 1704; x_wconf 90' lang='lat' dir='ltr'>ad</span> <span class='ocrx_word' id='word_1_436' title='bbox 2311 1649 2538 1705; x_wconf 89' lang='lat' dir='ltr'>virilem</span> <span class='ocrx_word' id='word_1_437' title='bbox 2592 1651 2756 1721; x_wconf 89' lang='lat' dir='ltr'>quasi</span> <span class='ocrx_word' id='word_1_438' title='bbox 2791 1655 3016 1705; x_wconf 74' lang='lat' dir='ltr'>aetatem</span> <span class='ocrx_word' id='word_1_439' title='bbox 3048 1651 3346 1722; x_wconf 89' lang='lat' dir='ltr'>perducta,</span> <span class='ocrx_word' id='word_1_440' title='bbox 3380 1667 3494 1706; x_wconf 90' lang='lat' dir='ltr'>non</span> <span class='ocrx_word' id='word_1_441' title='bbox 3528 1667 3589 1706; x_wconf 90' lang='lat' dir='ltr'>se</span> <span class='ocrx_word' id='word_1_442' title='bbox 3613 1651 3845 1722; x_wconf 82' lang='lat' dir='ltr'>jactan-</span> 
     </span>
    </p>
   </div>
   <div class='ocr_carea' id='block_1_64' title="bbox 2191 1735 3849 1812">
    <p class='ocr_par' dir='ltr' id='par_1_64' title="bbox 2191 1735 3849 1812">
     <span class='ocr_line' id='line_1_64' title="bbox 2191 1735 3849 1812; baseline 0.002 -19"><span class='ocrx_word' id='word_1_443' title='bbox 2191 1739 2327 1793; x_wconf 91' lang='lat' dir='ltr'>dam</span> <span class='ocrx_word' id='word_1_444' title='bbox 2360 1739 2614 1811; x_wconf 85' lang='lat' dir='ltr'>amplius</span> <span class='ocrx_word' id='word_1_445' title='bbox 2647 1739 2954 1794; x_wconf 87' lang='lat' dir='ltr'>fraudibus</span> <span class='ocrx_word' id='word_1_446' title='bbox 2983 1739 3288 1795; x_wconf 88' lang='lat' dir='ltr'>doctorum</span> <span class='ocrx_word' id='word_1_447' title='bbox 3313 1735 3700 1806; x_wconf 79' lang='grc' dir='ltr'>ἷόυδαϊζόντων</span> <span class='ocrx_word' id='word_1_448' title='bbox 3723 1757 3849 1812; x_wconf 85' lang='lat' dir='ltr'>per-</span> 
     </span>
    </p>
   </div>
   <div class='ocr_carea' id='block_1_65' title="bbox 2193 1827 3848 1900">
    <p class='ocr_par' dir='ltr' id='par_1_65' title="bbox 2193 1827 3848 1900">
     <span class='ocr_line' id='line_1_65' title="bbox 2193 1827 3848 1900; baseline 0.001 -19"><span class='ocrx_word' id='word_1_449' title='bbox 2193 1827 2471 1882; x_wconf 88' lang='lat' dir='ltr'>mitteret.</span> <span class='ocrx_word' id='word_1_450' title='bbox 2508 1829 2617 1883; x_wconf 90' lang='lat' dir='ltr'>Sed</span> <span class='ocrx_word' id='word_1_451' title='bbox 2656 1828 2810 1883; x_wconf 89' lang='lat' dir='ltr'>istud</span> <span class='ocrx_word' id='word_1_452' title='bbox 2863 1833 3098 1900; x_wconf 90' lang='lat' dir='ltr'>tempus</span> <span class='ocrx_word' id='word_1_453' title='bbox 3152 1845 3270 1882; x_wconf 91' lang='lat' dir='ltr'>non</span> <span class='ocrx_word' id='word_1_454' title='bbox 3325 1828 3407 1883; x_wconf 89' lang='lat' dir='ltr'>ita</span> <span class='ocrx_word' id='word_1_455' title='bbox 3467 1828 3650 1884; x_wconf 89' lang='lat' dir='ltr'>multo</span> <span class='ocrx_word' id='word_1_456' title='bbox 3713 1832 3848 1900; x_wconf 89' lang='lat' dir='ltr'>post</span> 
     </span>
    </p>
   </div>
   <div class='ocr_carea' id='block_1_66' title="bbox 2194 1916 3849 1987">
    <p class='ocr_par' dir='ltr' id='par_1_66' title="bbox 2194 1916 3849 1987">
     <span class='ocr_line' id='line_1_66' title="bbox 2194 1916 3849 1987; baseline 0.001 -16"><span class='ocrx_word' id='word_1_457' title='bbox 2194 1916 2590 1987; x_wconf 88' lang='lat' dir='ltr'>apostolorum</span> <span class='ocrx_word' id='word_1_458' title='bbox 2623 1917 2885 1972; x_wconf 90' lang='lat' dir='ltr'>omnium</span> <span class='ocrx_word' id='word_1_459' title='bbox 2917 1917 3276 1983; x_wconf 88' lang='lat' dir='ltr'>obitum,aut</span> <span class='ocrx_word' id='word_1_460' title='bbox 3297 1917 3405 1972; x_wconf 90' lang='lat' dir='ltr'>sub</span> <span class='ocrx_word' id='word_1_461' title='bbox 3439 1917 3690 1972; x_wconf 89' lang='lat' dir='ltr'>mediam</span> <span class='ocrx_word' id='word_1_462' title='bbox 3725 1918 3849 1974; x_wconf 87' lang='lat' dir='ltr'>fere</span> 
     </span>
    </p>
   </div>
   <div class='ocr_carea' id='block_1_67' title="bbox 2196 2005 3853 2077">
    <p class='ocr_par' dir='ltr' id='par_1_67' title="bbox 2196 2005 3853 2077">
     <span class='ocr_line' id='line_1_67' title="bbox 2196 2005 3853 2077; baseline 0.001 -17"><span class='ocrx_word' id='word_1_463' title='bbox 2196 2022 2376 2060; x_wconf 67' lang='lat'>8:20.11</span> <span class='ocrx_word' id='word_1_464' title='bbox 2408 2010 2633 2077; x_wconf 89' lang='lat' dir='ltr'>partem</span> <span class='ocrx_word' id='word_1_465' title='bbox 2667 2005 2964 2061; x_wconf 86' lang='lat' dir='ltr'>exstitisse</span> <span class='ocrx_word' id='word_1_466' title='bbox 2992 2005 3516 2076; x_wconf 89' lang='lat' dir='ltr'>suspicor.Etenim</span> <span class='ocrx_word' id='word_1_467' title='bbox 3553 2010 3616 2062; x_wconf 92' lang='lat' dir='ltr'>ut</span> <span class='ocrx_word' id='word_1_468' title='bbox 3643 2007 3853 2062; x_wconf 83' lang='lat' dir='ltr'>Adria-</span> 
     </span>
    </p>
   </div>
   <div class='ocr_carea' id='block_1_68' title="bbox 2195 2093 3854 2166">
    <p class='ocr_par' dir='ltr' id='par_1_68' title="bbox 2195 2093 3854 2166">
     <span class='ocr_line' id='line_1_68' title="bbox 2195 2093 3854 2166; baseline 0.002 -19"><span class='ocrx_word' id='word_1_469' title='bbox 2195 2110 2308 2148; x_wconf 90' lang='lat' dir='ltr'>nus</span> <span class='ocrx_word' id='word_1_470' title='bbox 2354 2093 2572 2149; x_wconf 73' lang='lat' dir='ltr'>Judaeis</span> <span class='ocrx_word' id='word_1_471' title='bbox 2625 2093 3028 2162; x_wconf 83' lang='lat' dir='ltr'>Hierosolyma</span> <span class='ocrx_word' id='word_1_472' title='bbox 3081 2093 3428 2165; x_wconf 90' lang='lat' dir='ltr'>cultumque</span> <span class='ocrx_word' id='word_1_473' title='bbox 3481 2094 3564 2149; x_wconf 90' lang='lat' dir='ltr'>ibi</span> <span class='ocrx_word' id='word_1_474' title='bbox 3613 2094 3854 2166; x_wconf 90' lang='lat' dir='ltr'>publice</span> 
     </span>
    </p>
   </div>
   <div class='ocr_carea' id='block_1_69' title="bbox 2196 2181 3853 2253">
    <p class='ocr_par' dir='ltr' id='par_1_69' title="bbox 2196 2181 3853 2253">
     <span class='ocr_line' id='line_1_69' title="bbox 2196 2181 3853 2253; baseline 0.001 -17"><span class='ocrx_word' id='word_1_475' title='bbox 2196 2181 2611 2236; x_wconf 87' lang='lat' dir='ltr'>celebrandum</span> <span class='ocrx_word' id='word_1_476' title='bbox 2678 2182 3080 2246; x_wconf 86' lang='lat' dir='ltr'>interdixerat,</span> <span class='ocrx_word' id='word_1_477' title='bbox 3141 2181 3526 2252; x_wconf 86' lang='lat' dir='ltr'>Christianos,</span> <span class='ocrx_word' id='word_1_478' title='bbox 3596 2198 3853 2253; x_wconf 88' lang='lat' dir='ltr'>quorum</span> 
     </span>
    </p>
   </div>
   <div class='ocr_carea' id='block_1_70' title="bbox 2196 2270 3852 2342">
    <p class='ocr_par' dir='ltr' id='par_1_70' title="bbox 2196 2270 3852 2342">
     <span class='ocr_line' id='line_1_70' title="bbox 2196 2270 3852 2342; baseline 0 -17"><span class='ocrx_word' id='word_1_479' title='bbox 2196 2271 2376 2325; x_wconf 90' lang='lat' dir='ltr'>animi</span> <span class='ocrx_word' id='word_1_480' title='bbox 2428 2272 2618 2326; x_wconf 89' lang='lat' dir='ltr'>adhuc</span> <span class='ocrx_word' id='word_1_481' title='bbox 2659 2272 2726 2326; x_wconf 88' lang='lat' dir='ltr'>ad</span> <span class='ocrx_word' id='word_1_482' title='bbox 2757 2272 3090 2326; x_wconf 73' lang='lat' dir='ltr'>Judaaorum</span> <span class='ocrx_word' id='word_1_483' title='bbox 3127 2270 3464 2342; x_wconf 76' lang='lat' dir='ltr'>religionem</span> <span class='ocrx_word' id='word_1_484' title='bbox 3497 2272 3728 2327; x_wconf 81' lang='lat' dir='ltr'>fuerant</span> <span class='ocrx_word' id='word_1_485' title='bbox 3754 2271 3852 2326; x_wconf 88' lang='lat' dir='ltr'>in-</span> 
     </span>
    </p>
   </div>
   <div class='ocr_carea' id='block_1_71' title="bbox 2196 2359 3850 2431">
    <p class='ocr_par' dir='ltr' id='par_1_71' title="bbox 2196 2359 3850 2431">
     <span class='ocr_line' id='line_1_71' title="bbox 2196 2359 3850 2431; baseline 0.001 -18"><span class='ocrx_word' id='word_1_486' title='bbox 2196 2360 2419 2425; x_wconf 88' lang='lat' dir='ltr'>clinati,</span> <span class='ocrx_word' id='word_1_487' title='bbox 2473 2360 2674 2430; x_wconf 88' lang='lat' dir='ltr'>paucis</span> <span class='ocrx_word' id='word_1_488' title='bbox 2715 2360 2990 2431; x_wconf 85' lang='lat' dir='ltr'>exceptis,</span> <span class='ocrx_word' id='word_1_489' title='bbox 3024 2359 3312 2431; x_wconf 88' lang='lat' dir='ltr'>Sulpitius</span> <span class='ocrx_word' id='word_1_490' title='bbox 3343 2360 3588 2416; x_wconf 77' lang='lat' dir='ltr'>Severus</span> <span class='ocrx_word' id='word_1_491' title='bbox 3620 2362 3850 2429; x_wconf 60' lang='grc' dir='ltr'>Μίδων.</span> 
     </span>
    </p>
   </div>
   <div class='ocr_carea' id='block_1_72' title="bbox 2195 2448 3855 2520">
    <p class='ocr_par' dir='ltr' id='par_1_72' title="bbox 2195 2448 3855 2520">
     <span class='ocr_line' id='line_1_72' title="bbox 2195 2448 3855 2520; baseline 0.001 -18"><span class='ocrx_word' id='word_1_492' title='bbox 2195 2464 2373 2519; x_wconf 80' lang='lat' dir='ltr'>sacra,</span> <span class='ocrx_word' id='word_1_493' title='bbox 2433 2448 2537 2504; x_wconf 91' lang='lat' dir='ltr'>lib.</span> <span class='ocrx_word' id='word_1_494' title='bbox 2574 2467 2637 2515; x_wconf 84' lang='lat'>11,</span> <span class='ocrx_word' id='word_1_495' title='bbox 2671 2465 2718 2502; x_wconf 91' lang='lat' dir='ltr'>c.</span> <span class='ocrx_word' id='word_1_496' title='bbox 2753 2449 2863 2518; x_wconf 76' lang='lat'>31),</span> <span class='ocrx_word' id='word_1_497' title='bbox 2899 2453 2955 2503; x_wconf 85' lang='lat' dir='ltr'>et</span> <span class='ocrx_word' id='word_1_498' title='bbox 2984 2449 3142 2503; x_wconf 91' lang='lat' dir='ltr'>hunc</span> <span class='ocrx_word' id='word_1_499' title='bbox 3171 2465 3424 2504; x_wconf 91' lang='lat' dir='ltr'>errorem</span> <span class='ocrx_word' id='word_1_500' title='bbox 3458 2450 3766 2520; x_wconf 88' lang='lat' dir='ltr'>abjecisse,</span> <span class='ocrx_word' id='word_1_501' title='bbox 3793 2454 3855 2506; x_wconf 89' lang='lat' dir='ltr'>et</span> 
     </span>
    </p>
   </div>
   <div class='ocr_carea' id='block_1_73' title="bbox 2197 2537 3851 2610">
    <p class='ocr_par' dir='ltr' id='par_1_73' title="bbox 2197 2537 3851 2610">
     <span class='ocr_line' id='line_1_73' title="bbox 2197 2537 3851 2610; baseline 0.002 -20"><span class='ocrx_word' id='word_1_502' title='bbox 2197 2537 2456 2592; x_wconf 89' lang='lat' dir='ltr'>Marcum</span> <span class='ocrx_word' id='word_1_503' title='bbox 2481 2555 2510 2592; x_wconf 92' lang='lat' dir='ltr'>e</span> <span class='ocrx_word' id='word_1_504' title='bbox 2532 2537 2852 2609; x_wconf 85' lang='lat' dir='ltr'>gentilibus</span> <span class='ocrx_word' id='word_1_505' title='bbox 2875 2538 3216 2609; x_wconf 91' lang='lat' dir='ltr'>episcopum</span> <span class='ocrx_word' id='word_1_506' title='bbox 3244 2538 3851 2610; x_wconf 86' lang='lat' dir='ltr'>Hierosolymitanum</span> 
     </span>
    </p>
   </div>
   <div class='ocr_carea' id='block_1_74' title="bbox 2197 2625 3846 2699">
    <p class='ocr_par' dir='ltr' id='par_1_74' title="bbox 2197 2625 3846 2699">
     <span class='ocr_line' id='line_1_74' title="bbox 2197 2625 3846 2699; baseline 0.001 -19"><span class='ocrx_word' id='word_1_507' title='bbox 2197 2642 2446 2689; x_wconf 84' lang='lat' dir='ltr'>creasse,</span> <span class='ocrx_word' id='word_1_508' title='bbox 2503 2643 2751 2697; x_wconf 91' lang='lat' dir='ltr'>quorum</span> <span class='ocrx_word' id='word_1_509' title='bbox 2810 2627 2964 2681; x_wconf 89' lang='lat' dir='ltr'>haud</span> <span class='ocrx_word' id='word_1_510' title='bbox 3024 2625 3200 2681; x_wconf 90' lang='lat' dir='ltr'>dubie</span> <span class='ocrx_word' id='word_1_511' title='bbox 3252 2626 3587 2699; x_wconf 83' lang='lat' dir='ltr'>exemplum</span> <span class='ocrx_word' id='word_1_512' title='bbox 3645 2627 3846 2682; x_wconf 71' lang='lat' dir='ltr'>caeteri</span> 
     </span>
    </p>
   </div>
   <div class='ocr_carea' id='block_1_75' title="bbox 2197 2715 3855 2788">
    <p class='ocr_par' dir='ltr' id='par_1_75' title="bbox 2197 2715 3855 2788">
     <span class='ocr_line' id='line_1_75' title="bbox 2197 2715 3855 2788; baseline 0 -18"><span class='ocrx_word' id='word_1_513' title='bbox 2197 2715 2461 2784; x_wconf 86' lang='lat' dir='ltr'>ejusdem</span> <span class='ocrx_word' id='word_1_514' title='bbox 2521 2716 2750 2787; x_wconf 80' lang='lat' dir='ltr'>generis</span> <span class='ocrx_word' id='word_1_515' title='bbox 2801 2715 3016 2769; x_wconf 91' lang='lat' dir='ltr'>imitati</span> <span class='ocrx_word' id='word_1_516' title='bbox 3065 2715 3257 2782; x_wconf 87' lang='lat' dir='ltr'>fuere;</span> <span class='ocrx_word' id='word_1_517' title='bbox 3300 2731 3491 2787; x_wconf 89' lang='lat' dir='ltr'>neque</span> <span class='ocrx_word' id='word_1_518' title='bbox 3521 2716 3679 2771; x_wconf 92' lang='lat' dir='ltr'>enim</span> <span class='ocrx_word' id='word_1_519' title='bbox 3712 2720 3855 2788; x_wconf 89' lang='lat' dir='ltr'>post</span> 
     </span>
    </p>
   </div>
   <div class='ocr_carea' id='block_1_76' title="bbox 2198 2802 3854 2875">
    <p class='ocr_par' dir='ltr' id='par_1_76' title="bbox 2198 2802 3854 2875">
     <span class='ocr_line' id='line_1_76' title="bbox 2198 2802 3854 2875; baseline 0.002 -18"><span class='ocrx_word' id='word_1_520' title='bbox 2198 2802 2316 2857; x_wconf 81' lang='lat' dir='ltr'>haec</span> <span class='ocrx_word' id='word_1_521' title='bbox 2349 2803 2677 2875; x_wconf 89' lang='lat' dir='ltr'>disruptam</span> <span class='ocrx_word' id='word_1_522' title='bbox 2710 2803 3175 2859; x_wconf 87' lang='lat' dir='ltr'>Christianorum</span> <span class='ocrx_word' id='word_1_523' title='bbox 3209 2804 3546 2860; x_wconf 87' lang='lat' dir='ltr'>societatem</span> <span class='ocrx_word' id='word_1_524' title='bbox 3580 2804 3854 2875; x_wconf 86' lang='lat' dir='ltr'>pristinis</span> 
     </span>
    </p>
   </div>
   <div class='ocr_carea' id='block_1_77' title="bbox 2197 2891 3852 2964">
    <p class='ocr_par' dir='ltr' id='par_1_77' title="bbox 2197 2891 3852 2964">
     <span class='ocr_line' id='line_1_77' title="bbox 2197 2891 3852 2964; baseline 0.001 -18"><span class='ocrx_word' id='word_1_525' title='bbox 2197 2892 2268 2946; x_wconf 92' lang='lat' dir='ltr'>de</span> <span class='ocrx_word' id='word_1_526' title='bbox 2299 2893 2659 2947; x_wconf 79' lang='lat' dir='ltr'>observanda</span> <span class='ocrx_word' id='word_1_527' title='bbox 2688 2891 2813 2964; x_wconf 84' lang='lat' dir='ltr'>lege</span> <span class='ocrx_word' id='word_1_528' title='bbox 2842 2893 3092 2948; x_wconf 70' lang='lat' dir='ltr'>Mosa‘ica</span> <span class='ocrx_word' id='word_1_529' title='bbox 3125 2893 3391 2948; x_wconf 88' lang='lat' dir='ltr'>dissidiis</span> <span class='ocrx_word' id='word_1_530' title='bbox 3439 2909 3696 2964; x_wconf 89' lang='lat' dir='ltr'>unquam</span> <span class='ocrx_word' id='word_1_531' title='bbox 3746 2895 3852 2948; x_wconf 84' lang='lat' dir='ltr'>de-</span> 
     </span>
    </p>
   </div>
   <div class='ocr_carea' id='block_1_78' title="bbox 2198 2981 3858 3053">
    <p class='ocr_par' dir='ltr' id='par_1_78' title="bbox 2198 2981 3858 3053">
     <span class='ocr_line' id='line_1_78' title="bbox 2198 2981 3858 3053; baseline 0.001 -18"><span class='ocrx_word' id='word_1_532' title='bbox 2198 2981 2634 3052; x_wconf 84' lang='lat' dir='ltr'>prehendimus.</span> <span class='ocrx_word' id='word_1_533' title='bbox 2685 2981 2829 3037; x_wconf 88' lang='lat' dir='ltr'>Nam</span> <span class='ocrx_word' id='word_1_534' title='bbox 2876 2981 2987 3038; x_wconf 91' lang='lat' dir='ltr'>etsi</span> <span class='ocrx_word' id='word_1_535' title='bbox 3017 2981 3151 3053; x_wconf 91' lang='lat' dir='ltr'>quis</span> <span class='ocrx_word' id='word_1_536' title='bbox 3182 2982 3493 3037; x_wconf 87' lang='lat' dir='ltr'>obverterit</span> <span class='ocrx_word' id='word_1_537' title='bbox 3523 2981 3858 3037; x_wconf 86' lang='lat' dir='ltr'>Cerintbia-</span> 
     </span>
    </p>
   </div>
   <div class='ocr_carea' id='block_1_79' title="bbox 2197 3073 3861 3143">
    <p class='ocr_par' dir='ltr' id='par_1_79' title="bbox 2197 3073 3861 3143">
     <span class='ocr_line' id='line_1_79' title="bbox 2197 3073 3861 3143; baseline 0 -15"><span class='ocrx_word' id='word_1_538' title='bbox 2197 3091 2430 3143; x_wconf 90' lang='lat' dir='ltr'>norum,</span> <span class='ocrx_word' id='word_1_539' title='bbox 2451 3074 2872 3143; x_wconf 87' lang='lat' dir='ltr'>Ebionitarum,</span> <span class='ocrx_word' id='word_1_540' title='bbox 2907 3073 3312 3129; x_wconf 67' lang='lat' dir='ltr'>Nazarzsorum</span> <span class='ocrx_word' id='word_1_541' title='bbox 3341 3080 3399 3129; x_wconf 92' lang='lat' dir='ltr'>et</span> <span class='ocrx_word' id='word_1_542' title='bbox 3429 3073 3861 3129; x_wconf 80' lang='lat' dir='ltr'>Elcesaitarum</span> 
     </span>
    </p>
   </div>
   <div class='ocr_carea' id='block_1_80' title="bbox 2198 3161 3858 3234">
    <p class='ocr_par' dir='ltr' id='par_1_80' title="bbox 2198 3161 3858 3234">
     <span class='ocr_line' id='line_1_80' title="bbox 2198 3161 3858 3234; baseline 0.002 -20"><span class='ocrx_word' id='word_1_543' title='bbox 2198 3162 2470 3232; x_wconf 87' lang='lat' dir='ltr'>familias,</span> <span class='ocrx_word' id='word_1_544' title='bbox 2503 3169 2698 3216; x_wconf 89' lang='lat' dir='ltr'>tamen</span> <span class='ocrx_word' id='word_1_545' title='bbox 2729 3161 2829 3233; x_wconf 90' lang='lat' dir='ltr'>qui</span> <span class='ocrx_word' id='word_1_546' title='bbox 2861 3162 2974 3230; x_wconf 89' lang='lat' dir='ltr'>his,</span> <span class='ocrx_word' id='word_1_547' title='bbox 3026 3166 3323 3217; x_wconf 85' lang='lat' dir='ltr'>transacta</span> <span class='ocrx_word' id='word_1_548' title='bbox 3378 3162 3556 3234; x_wconf 88' lang='lat' dir='ltr'>priori</span> <span class='ocrx_word' id='word_1_549' title='bbox 3616 3179 3747 3218; x_wconf 62' lang='lat' dir='ltr'>saec.</span> <span class='ocrx_word' id='word_1_550' title='bbox 3815 3179 3858 3217; x_wconf 91' lang='lat'>11</span> 
     </span>
    </p>
   </div>
   <div class='ocr_carea' id='block_1_81' title="bbox 2114 3238 3857 3322">
    <p class='ocr_par' dir='ltr' id='par_1_81' title="bbox 2114 3238 3857 3322">
     <span class='ocr_line' id='line_1_81' title="bbox 2114 3238 3857 3322; baseline 0.001 -18"><span class='ocrx_word' id='word_1_551' title='bbox 2114 3238 2156 3304; x_wconf 90' lang='lat' dir='ltr'>C</span> <span class='ocrx_word' id='word_1_552' title='bbox 2195 3255 2376 3321; x_wconf 87' lang='lat' dir='ltr'>parte,</span> <span class='ocrx_word' id='word_1_553' title='bbox 2433 3267 2494 3306; x_wconf 90' lang='lat' dir='ltr'>se</span> <span class='ocrx_word' id='word_1_554' title='bbox 2548 3251 2953 3322; x_wconf 88' lang='lat' dir='ltr'>adjungerent,</span> <span class='ocrx_word' id='word_1_555' title='bbox 2989 3250 3350 3321; x_wconf 39' lang='lat' dir='ltr'>,paucissimi</span> <span class='ocrx_word' id='word_1_556' title='bbox 3411 3250 3604 3315; x_wconf 86' lang='lat' dir='ltr'>fuere,</span> <span class='ocrx_word' id='word_1_557' title='bbox 3659 3267 3857 3321; x_wconf 88' lang='lat' dir='ltr'>neque</span> 
     </span>
    </p>
   </div>
   <div class='ocr_carea' id='block_1_82' title="bbox 2190 3338 3856 3411">
    <p class='ocr_par' dir='ltr' id='par_1_82' title="bbox 2190 3338 3856 3411">
     <span class='ocr_line' id='line_1_82' title="bbox 2190 3338 3856 3411; baseline 0 -17"><span class='ocrx_word' id='word_1_558' title='bbox 2190 3341 2463 3395; x_wconf 84' lang='lat' dir='ltr'>exstitere</span> <span class='ocrx_word' id='word_1_559' title='bbox 2512 3338 2629 3394; x_wconf 93' lang='lat' dir='ltr'>ullo</span> <span class='ocrx_word' id='word_1_560' title='bbox 2678 3345 2940 3411; x_wconf 86' lang='lat' dir='ltr'>tempore</span> <span class='ocrx_word' id='word_1_561' title='bbox 2985 3345 3150 3395; x_wconf 83' lang='lat' dir='ltr'>tanta</span> <span class='ocrx_word' id='word_1_562' title='bbox 3178 3339 3668 3406; x_wconf 88' lang='lat' dir='ltr'>Christianorum,</span> <span class='ocrx_word' id='word_1_563' title='bbox 3704 3356 3856 3394; x_wconf 91' lang='lat' dir='ltr'>con-</span> 
     </span>
    </p>
   </div>
   <div class='ocr_carea' id='block_1_83' title="bbox 2190 3427 3848 3500">
    <p class='ocr_par' dir='ltr' id='par_1_83' title="bbox 2190 3427 3848 3500">
     <span class='ocr_line' id='line_1_83' title="bbox 2190 3427 3848 3500; baseline 0.001 -17"><span class='ocrx_word' id='word_1_564' title='bbox 2190 3429 2388 3483; x_wconf 88' lang='lat' dir='ltr'>cordia</span> <span class='ocrx_word' id='word_1_565' title='bbox 2419 3431 2719 3500; x_wconf 88' lang='lat' dir='ltr'>postea,ut</span> <span class='ocrx_word' id='word_1_566' title='bbox 2748 3427 2896 3482; x_wconf 90' lang='lat' dir='ltr'>nulli</span> <span class='ocrx_word' id='word_1_567' title='bbox 2931 3432 3071 3483; x_wconf 90' lang='lat' dir='ltr'>sunt</span> <span class='ocrx_word' id='word_1_568' title='bbox 3094 3428 3464 3500; x_wconf 89' lang='lat' dir='ltr'>prorsus,qui</span> <span class='ocrx_word' id='word_1_569' title='bbox 3497 3427 3848 3484; x_wconf 90' lang='lat' dir='ltr'>discensum</span> 
     </span>
    </p>
   </div>
   <div class='ocr_carea' id='block_1_84' title="bbox 2191 3517 3058 3588">
    <p class='ocr_par' dir='ltr' id='par_1_84' title="bbox 2191 3517 3058 3588">
     <span class='ocr_line' id='line_1_84' title="bbox 2191 3517 3058 3588; baseline 0 -16"><span class='ocrx_word' id='word_1_570' title='bbox 2191 3535 2223 3572; x_wconf 89' lang='lat' dir='ltr'>a</span> <span class='ocrx_word' id='word_1_571' title='bbox 2255 3518 2475 3572; x_wconf 63' lang='lat' dir='ltr'>caeteris</span> <span class='ocrx_word' id='word_1_572' title='bbox 2509 3517 2895 3588; x_wconf 85' lang='lat' dir='ltr'>proﬁteantur</span> <span class='ocrx_word' id='word_1_573' title='bbox 2922 3518 3058 3587; x_wconf 72' lang='lat'>(112).</span> 
     </span>
    </p>
   </div>
   <div class='ocr_carea' id='block_1_85' title="bbox 2484 3646 3539 3732">
    <p class='ocr_par' dir='ltr' id='par_1_85' title="bbox 2484 3646 3539 3732">
     <span class='ocr_line' id='line_1_85' title="bbox 2484 3646 3539 3732; baseline 0 -18"><span class='ocrx_word' id='word_1_574' title='bbox 2484 3663 2510 3728; x_wconf 63' lang='grc' dir='ltr'><strong>ἓ</strong></span> <span class='ocrx_word' id='word_1_575' title='bbox 2542 3661 2592 3714; x_wconf 87' lang='grc'>4.</span> <span class='ocrx_word' id='word_1_576' title='bbox 2626 3691 2695 3702; x_wconf 91' lang='grc'><strong>-</strong></span> <span class='ocrx_word' id='word_1_577' title='bbox 2724 3661 2799 3716; x_wconf 84' lang='lat' dir='ltr'>De</span> <span class='ocrx_word' id='word_1_578' title='bbox 2827 3660 3168 3716; x_wconf 70' lang='lat' dir='ltr'>Montaniatis</span> <span class='ocrx_word' id='word_1_579' title='bbox 3198 3646 3539 3732; x_wconf 67' lang='lat' dir='ltr'>Artotyrilis.</span> 
     </span>
    </p>
   </div>
   <div class='ocr_carea' id='block_1_86' title="bbox 2261 3783 3853 3856">
    <p class='ocr_par' dir='ltr' id='par_1_86' title="bbox 2261 3783 3853 3856">
     <span class='ocr_line' id='line_1_86' title="bbox 2261 3783 3853 3856; baseline 0 -16"><span class='ocrx_word' id='word_1_580' title='bbox 2261 3787 2362 3840; x_wconf 88' lang='lat' dir='ltr'>Est</span> <span class='ocrx_word' id='word_1_581' title='bbox 2394 3802 2585 3856; x_wconf 87' lang='lat' dir='ltr'>porro,</span> <span class='ocrx_word' id='word_1_582' title='bbox 2618 3801 2745 3855; x_wconf 71' lang='lat' dir='ltr'>quas</span> <span class='ocrx_word' id='word_1_583' title='bbox 2800 3800 3074 3856; x_wconf 84' lang='lat' dir='ltr'>magnam</span> <span class='ocrx_word' id='word_1_584' title='bbox 3130 3787 3392 3840; x_wconf 89' lang='lat' dir='ltr'>moverat</span> <span class='ocrx_word' id='word_1_585' title='bbox 3443 3783 3853 3854; x_wconf 85' lang='lat' dir='ltr'>suspicionem</span> 
     </span>
    </p>
   </div>
   <div class='ocr_carea' id='block_1_87' title="bbox 2191 3871 3858 3944">
    <p class='ocr_par' dir='ltr' id='par_1_87' title="bbox 2191 3871 3858 3944">
     <span class='ocr_line' id='line_1_87' title="bbox 2191 3871 3858 3944; baseline -0.002 -13"><span class='ocrx_word' id='word_1_586' title='bbox 2191 3874 2568 3931; x_wconf 89' lang='lat' dir='ltr'>montanismi</span> <span class='ocrx_word' id='word_1_587' title='bbox 2599 3873 2891 3944; x_wconf 59' lang='lat' dir='ltr'>Perpetua:</span> <span class='ocrx_word' id='word_1_588' title='bbox 2925 3873 3072 3928; x_wconf 90' lang='lat' dir='ltr'>visio</span> <span class='ocrx_word' id='word_1_589' title='bbox 3103 3889 3190 3941; x_wconf 91' lang='lat' dir='ltr'>ea,</span> <span class='ocrx_word' id='word_1_590' title='bbox 3211 3889 3240 3927; x_wconf 94' lang='lat' dir='ltr'>e</span> <span class='ocrx_word' id='word_1_591' title='bbox 3263 3889 3378 3944; x_wconf 89' lang='lat' dir='ltr'>qua</span> <span class='ocrx_word' id='word_1_592' title='bbox 3407 3886 3468 3927; x_wconf 90' lang='lat' dir='ltr'>se</span> <span class='ocrx_word' id='word_1_593' title='bbox 3495 3871 3598 3926; x_wconf 89' lang='lat' dir='ltr'>illa</span> <span class='ocrx_word' id='word_1_594' title='bbox 3630 3872 3858 3928; x_wconf 84' lang='lat' dir='ltr'>fatetur</span> 
     </span>
    </p>
   </div>
   <div class='ocr_carea' id='block_1_88' title="bbox 2189 3960 3856 4020">
    <p class='ocr_par' dir='ltr' id='par_1_88' title="bbox 2189 3960 3856 4020">
     <span class='ocr_line' id='line_1_88' title="bbox 2189 3960 3856 4020; baseline -0.001 0"><span class='ocrx_word' id='word_1_595' title='bbox 2189 3965 2507 4020; x_wconf 84' lang='lat' dir='ltr'>instantem</span> <span class='ocrx_word' id='word_1_596' title='bbox 2579 3961 2691 4017; x_wconf 91' lang='lat' dir='ltr'>sibi</span> <span class='ocrx_word' id='word_1_597' title='bbox 2760 3960 3074 4016; x_wconf 87' lang='lat' dir='ltr'>violentam</span> <span class='ocrx_word' id='word_1_598' title='bbox 3156 3965 3403 4015; x_wconf 91' lang='lat' dir='ltr'>mortem</span> <span class='ocrx_word' id='word_1_599' title='bbox 3481 3960 3856 4018; x_wconf 81' lang='lat' dir='ltr'>intellexisse</span> 
     </span>
    </p>
   </div>
   <div class='ocr_carea' id='block_1_89' title="bbox 2191 4049 3855 4125">
    <p class='ocr_par' dir='ltr' id='par_1_89' title="bbox 2191 4049 3855 4125">
     <span class='ocr_line' id='line_1_89' title="bbox 2191 4049 3855 4125; baseline -0.002 -17"><span class='ocrx_word' id='word_1_600' title='bbox 2191 4054 2353 4125; x_wconf 84' lang='lat' dir='ltr'>(sect.</span> <span class='ocrx_word' id='word_1_601' title='bbox 2403 4052 2478 4122; x_wconf 80' lang='grc'>4).</span> <span class='ocrx_word' id='word_1_602' title='bbox 2529 4055 2744 4120; x_wconf 90' lang='lat' dir='ltr'>Nempe</span> <span class='ocrx_word' id='word_1_603' title='bbox 2788 4049 2870 4103; x_wconf 91' lang='lat' dir='ltr'>illi</span> <span class='ocrx_word' id='word_1_604' title='bbox 2905 4049 2963 4103; x_wconf 90' lang='lat' dir='ltr'>in</span> <span class='ocrx_word' id='word_1_605' title='bbox 3003 4049 3226 4104; x_wconf 89' lang='lat' dir='ltr'>visione</span> <span class='ocrx_word' id='word_1_606' title='bbox 3255 4050 3492 4104; x_wconf 84' lang='lat' dir='ltr'>offertur</span> <span class='ocrx_word' id='word_1_607' title='bbox 3523 4067 3556 4103; x_wconf 91' lang='lat' dir='ltr'>a</span> <span class='ocrx_word' id='word_1_608' title='bbox 3587 4051 3855 4119; x_wconf 89' lang='lat' dir='ltr'>quodam</span> 
     </span>
    </p>
   </div>
   <div class='ocr_carea' id='block_1_90' title="bbox 2191 4137 3860 4212">
    <p class='ocr_par' dir='ltr' id='par_1_90' title="bbox 2191 4137 3860 4212">
     <span class='ocr_line' id='line_1_90' title="bbox 2191 4137 3860 4212; baseline -0.001 -17"><span class='ocrx_word' id='word_1_609' title='bbox 2191 4146 2423 4212; x_wconf 88' lang='lat' dir='ltr'>pastore</span> <span class='ocrx_word' id='word_1_610' title='bbox 2453 4137 2679 4194; x_wconf 90' lang='lat' dir='ltr'>bucella</span> <span class='ocrx_word' id='word_1_611' title='bbox 2722 4137 2908 4204; x_wconf 89' lang='lat' dir='ltr'>casei;</span> <span class='ocrx_word' id='word_1_612' title='bbox 2979 4137 3099 4192; x_wconf 90' lang='lat' dir='ltr'>edit</span> <span class='ocrx_word' id='word_1_613' title='bbox 3162 4137 3286 4203; x_wconf 89' lang='lat' dir='ltr'>illa,</span> <span class='ocrx_word' id='word_1_614' title='bbox 3357 4142 3413 4192; x_wconf 86' lang='lat' dir='ltr'>et</span> <span class='ocrx_word' id='word_1_615' title='bbox 3479 4138 3580 4208; x_wconf 91' lang='lat' dir='ltr'>qui</span> <span class='ocrx_word' id='word_1_616' title='bbox 3646 4143 3860 4194; x_wconf 85' lang='lat' dir='ltr'>astant</span> 
     </span>
    </p>
   </div>
   <div class='ocr_carea' id='block_1_91' title="bbox 2191 4225 3859 4298">
    <p class='ocr_par' dir='ltr' id='par_1_91' title="bbox 2191 4225 3859 4298">
     <span class='ocr_line' id='line_1_91' title="bbox 2191 4225 3859 4298; baseline -0.002 -13"><span class='ocrx_word' id='word_1_617' title='bbox 2191 4227 2444 4285; x_wconf 83' lang='lat' dir='ltr'>universi</span> <span class='ocrx_word' id='word_1_618' title='bbox 2474 4230 2656 4282; x_wconf 89' lang='lat' dir='ltr'>Amen</span> <span class='ocrx_word' id='word_1_619' title='bbox 2689 4227 2910 4282; x_wconf 88' lang='lat' dir='ltr'>dicunt.</span> <span class='ocrx_word' id='word_1_620' title='bbox 2943 4225 3091 4289; x_wconf 90' lang='lat' dir='ltr'>Quid</span> <span class='ocrx_word' id='word_1_621' title='bbox 3122 4226 3230 4280; x_wconf 89' lang='lat' dir='ltr'>hoc</span> <span class='ocrx_word' id='word_1_622' title='bbox 3255 4230 3379 4280; x_wconf 69' lang='lat' dir='ltr'>est?</span> <span class='ocrx_word' id='word_1_623' title='bbox 3409 4225 3629 4296; x_wconf 89' lang='lat' dir='ltr'>Nempe</span> <span class='ocrx_word' id='word_1_624' title='bbox 3661 4225 3859 4298; x_wconf 85' lang='lat' dir='ltr'>signi-</span> 
     </span>
    </p>
   </div>
   <div class='ocr_carea' id='block_1_92' title="bbox 2190 4314 3856 4384">
    <p class='ocr_par' dir='ltr' id='par_1_92' title="bbox 2190 4314 3856 4384">
     <span class='ocr_line' id='line_1_92' title="bbox 2190 4314 3856 4384; baseline -0.001 -10"><span class='ocrx_word' id='word_1_625' title='bbox 2190 4318 2383 4374; x_wconf 79' lang='lat' dir='ltr'>ficatio</span> <span class='ocrx_word' id='word_1_626' title='bbox 2442 4316 2599 4372; x_wconf 90' lang='lat' dir='ltr'>necis</span> <span class='ocrx_word' id='word_1_627' title='bbox 2656 4315 2942 4371; x_wconf 68' lang='lat' dir='ltr'>violentae.</span> <span class='ocrx_word' id='word_1_628' title='bbox 2996 4314 3297 4378; x_wconf 88' lang='lat' dir='ltr'>Quomodo</span> <span class='ocrx_word' id='word_1_629' title='bbox 3355 4314 3464 4369; x_wconf 90' lang='lat' dir='ltr'>hoc</span> <span class='ocrx_word' id='word_1_630' title='bbox 3525 4315 3856 4384; x_wconf 88' lang='lat' dir='ltr'>sequitur:</span> 
     </span>
    </p>
   </div>
   <div class='ocr_carea' id='block_1_93' title="bbox 2190 4402 3858 4478">
    <p class='ocr_par' dir='ltr' id='par_1_93' title="bbox 2190 4402 3858 4478">
     <span class='ocr_line' id='line_1_93' title="bbox 2190 4402 3858 4478; baseline -0.002 -15"><span class='ocrx_word' id='word_1_631' title='bbox 2190 4407 2340 4464; x_wconf 87' lang='lat' dir='ltr'>casei</span> <span class='ocrx_word' id='word_1_632' title='bbox 2375 4405 2678 4478; x_wconf 91' lang='lat' dir='ltr'>particula,</span> <span class='ocrx_word' id='word_1_633' title='bbox 2711 4408 2768 4460; x_wconf 92' lang='lat' dir='ltr'>et</span> <span class='ocrx_word' id='word_1_634' title='bbox 2800 4405 2947 4460; x_wconf 78' lang='grc'>175</span> <span class='ocrx_word' id='word_1_635' title='bbox 2987 4408 3190 4471; x_wconf 83' lang='lat' dir='ltr'>Amen,</span> <span class='ocrx_word' id='word_1_636' title='bbox 3223 4407 3279 4458; x_wconf 87' lang='lat' dir='ltr'>et</span> <span class='ocrx_word' id='word_1_637' title='bbox 3308 4402 3631 4458; x_wconf 89' lang='lat' dir='ltr'>violentum</span> <span class='ocrx_word' id='word_1_638' title='bbox 3683 4420 3858 4459; x_wconf 84' lang='lat' dir='ltr'>mor-</span> 
     </span>
    </p>
   </div>
   <div class='ocr_carea' id='block_1_94' title="bbox 2191 4544 3866 4629">
    <p class='ocr_par' dir='ltr' id='par_1_94' title="bbox 2191 4544 3866 4629">
     <span class='ocr_line' id='line_1_94' title="bbox 2191 4544 3866 4629; baseline -0.003 -26"><span class='ocrx_word' id='word_1_639' title='bbox 2191 4548 2339 4629; x_wconf 83' lang='lat' dir='ltr'>Flor.</span> <span class='ocrx_word' id='word_1_640' title='bbox 2377 4547 2748 4629; x_wconf 44' lang='lat' dir='ltr'>t728,in.qu_a</span> <span class='ocrx_word' id='word_1_641' title='bbox 2778 4545 2899 4629; x_wconf 69' lang='lat' dir='ltr'>haec</span> <span class='ocrx_word' id='word_1_642' title='bbox 2930 4544 3224 4629; x_wconf 79' lang='lat' dir='ltr'>imprimis</span> <span class='ocrx_word' id='word_1_643' title='bbox 3255 4544 3682 4629; x_wconf 47' lang='lat' dir='ltr'>statuuntnurzio</span> <span class='ocrx_word' id='word_1_644' title='bbox 3711 4560 3866 4629; x_wconf 61' lang='lat' dir='ltr'>cgn-</span> 
     </span>
    </p>
   </div>
   <div class='ocr_carea' id='block_1_95' title="bbox 436 4610 3854 4692">
    <p class='ocr_par' dir='ltr' id='par_1_95' title="bbox 436 4610 3854 4692">
     <span class='ocr_line' id='line_1_95' title="bbox 436 4610 3854 4692; baseline -0.001 -17"><span class='ocrx_word' id='word_1_645' title='bbox 436 4638 609 4681; x_wconf 87' lang='lat' dir='ltr'>eram.</span> <span class='ocrx_word' id='word_1_646' title='bbox 637 4623 861 4690; x_wconf 76' lang='lat' dir='ltr'>ﬁdenter</span> <span class='ocrx_word' id='word_1_647' title='bbox 885 4610 1258 4692; x_wconf 50' lang='lat' dir='ltr'>reprornisi&#39;ei</span> <span class='ocrx_word' id='word_1_648' title='bbox 1281 4610 1509 4676; x_wconf 54' lang='lat' dir='ltr'>dicens&#39;:</span> <span class='ocrx_word' id='word_1_649' title='bbox 1544 4621 1805 4676; x_wconf 79' lang='lat' dir='ltr'>Crastina</span> <span class='ocrx_word' id='word_1_650' title='bbox 1847 4610 1937 4674; x_wconf 75' lang='lat' dir='ltr'>die</span> <span class='ocrx_word' id='word_1_651' title='bbox 1982 4621 2083 4675; x_wconf 75' lang='lat' dir='ltr'>tibi</span> <span class='ocrx_word' id='word_1_652' title='bbox 2110 4610 2157 4674; x_wconf 88' lang='lat' dir='ltr'><strong>D</strong></span> <span class='ocrx_word' id='word_1_653' title='bbox 2191 4626 2344 4676; x_wconf 89' lang='lat' dir='ltr'>stare</span> <span class='ocrx_word' id='word_1_654' title='bbox 2374 4637 2442 4675; x_wconf 82' lang='lat' dir='ltr'>ex</span> <span class='ocrx_word' id='word_1_655' title='bbox 2473 4610 2834 4690; x_wconf 77' lang='lat' dir='ltr'>gravissimis</span> <span class='ocrx_word' id='word_1_656' title='bbox 2865 4610 3222 4692; x_wconf 81' lang='lat' dir='ltr'>testimoniis</span> <span class='ocrx_word' id='word_1_657' title='bbox 3251 4617 3478 4692; x_wconf 84' lang='lat' dir='ltr'>cultum</span> <span class='ocrx_word' id='word_1_658' title='bbox 3512 4616 3694 4692; x_wconf 84' lang='lat' dir='ltr'>fuisse</span> <span class='ocrx_word' id='word_1_659' title='bbox 3736 4617 3854 4692; x_wconf 84' lang='lat' dir='ltr'>SS.</span> 
     </span>
    </p>
   </div>
   <div class='ocr_carea' id='block_1_96' title="bbox 435 4694 2080 4763">
    <p class='ocr_par' dir='ltr' id='par_1_96' title="bbox 435 4694 2080 4763">
     <span class='ocr_line' id='line_1_96' title="bbox 435 4694 2080 4763; baseline -0.001 -16"><span class='ocrx_word' id='word_1_660' title='bbox 435 4696 833 4750; x_wconf 80' lang='lat' dir='ltr'>renuntiabo...</span> <span class='ocrx_word' id='word_1_661' title='bbox 896 4694 1114 4748; x_wconf 89' lang='lat' dir='ltr'>Deinde</span> <span class='ocrx_word' id='word_1_662' title='bbox 1175 4711 1230 4763; x_wconf 91' lang='lat' dir='ltr'>p.</span> <span class='ocrx_word' id='word_1_663' title='bbox 1288 4695 1379 4755; x_wconf 83' lang='lat'>96,</span> <span class='ocrx_word' id='word_1_664' title='bbox 1429 4695 1456 4759; x_wconf 85' lang='lat'><strong>§</strong></span> <span class='ocrx_word' id='word_1_665' title='bbox 1499 4695 1556 4757; x_wconf 90' lang='lat'>7,</span> <span class='ocrx_word' id='word_1_666' title='bbox 1587 4694 1830 4762; x_wconf 77' lang='lat' dir='ltr'>profecta</span> <span class='ocrx_word' id='word_1_667' title='bbox 1861 4698 1939 4746; x_wconf 79' lang='lat' dir='ltr'>est</span> <span class='ocrx_word' id='word_1_668' title='bbox 1972 4694 2080 4762; x_wconf 79' lang='lat' dir='ltr'>zpsi</span> 
     </span>
    </p>
   </div>
   <div class='ocr_carea' id='block_1_97' title="bbox 438 4766 2077 4835">
    <p class='ocr_par' dir='ltr' id='par_1_97' title="bbox 438 4766 2077 4835">
     <span class='ocr_line' id='line_1_97' title="bbox 438 4766 2077 4835; baseline -0.001 -17"><span class='ocrx_word' id='word_1_669' title='bbox 438 4781 542 4819; x_wconf 65' lang='lat' dir='ltr'>vos:</span> <span class='ocrx_word' id='word_1_670' title='bbox 571 4774 621 4819; x_wconf 76' lang='lat' dir='ltr'>et</span> <span class='ocrx_word' id='word_1_671' title='bbox 650 4768 956 4822; x_wconf 77' lang='lat' dir='ltr'>nominavit</span> <span class='ocrx_word' id='word_1_672' title='bbox 986 4766 1599 4834; x_wconf 76' lang='lat' dir='ltr'>Dinocratem,fratrem</span> <span class='ocrx_word' id='word_1_673' title='bbox 1613 4767 1736 4835; x_wconf 86' lang='lat' dir='ltr'>jam</span> <span class='ocrx_word' id='word_1_674' title='bbox 1759 4769 2077 4828; x_wconf 87' lang='lat' dir='ltr'>mortuum,</span> 
     </span>
    </p>
   </div>
   <div class='ocr_carea' id='block_1_98' title="bbox 437 4837 2081 4908">
    <p class='ocr_par' dir='ltr' id='par_1_98' title="bbox 437 4837 2081 4908">
     <span class='ocr_line' id='line_1_98' title="bbox 437 4837 2081 4908; baseline 0 -18"><span class='ocrx_word' id='word_1_675' title='bbox 437 4846 489 4890; x_wconf 81' lang='lat' dir='ltr'>et</span> <span class='ocrx_word' id='word_1_676' title='bbox 521 4841 767 4904; x_wconf 75' lang='lat' dir='ltr'>cognovit</span> <span class='ocrx_word' id='word_1_677' title='bbox 797 4855 853 4892; x_wconf 81' lang='lat' dir='ltr'>se</span> <span class='ocrx_word' id='word_1_678' title='bbox 879 4838 1071 4892; x_wconf 76' lang='lat' dir='ltr'>statim</span> <span class='ocrx_word' id='word_1_679' title='bbox 1103 4837 1331 4908; x_wconf 70' lang='lat' dir='ltr'>dignam</span> <span class='ocrx_word' id='word_1_680' title='bbox 1377 4853 1488 4891; x_wconf 76' lang='lat' dir='ltr'>esse</span> <span class='ocrx_word' id='word_1_681' title='bbox 1534 4844 1584 4892; x_wconf 79' lang='lat' dir='ltr'>et</span> <span class='ocrx_word' id='word_1_682' title='bbox 1636 4852 1734 4907; x_wconf 80' lang='lat' dir='ltr'>pro</span> <span class='ocrx_word' id='word_1_683' title='bbox 1791 4852 1850 4891; x_wconf 89' lang='lat' dir='ltr'>eo</span> <span class='ocrx_word' id='word_1_684' title='bbox 1902 4840 2081 4906; x_wconf 81' lang='lat' dir='ltr'>petere</span> 
     </span>
    </p>
   </div>
   <div class='ocr_carea' id='block_1_99' title="bbox 436 4908 2079 4979">
    <p class='ocr_par' dir='ltr' id='par_1_99' title="bbox 436 4908 2079 4979">
     <span class='ocr_line' id='line_1_99' title="bbox 436 4908 2079 4979; baseline -0.001 -18"><span class='ocrx_word' id='word_1_685' title='bbox 436 4908 1003 4964; x_wconf 77' lang='lat' dir='ltr'>debere.....c0ntz‘nuo</span> <span class='ocrx_word' id='word_1_686' title='bbox 1035 4910 1155 4979; x_wconf 74' lang='lat' dir='ltr'>ipsa</span> <span class='ocrx_word' id='word_1_687' title='bbox 1187 4915 1338 4963; x_wconf 76' lang='lat' dir='ltr'>nocte</span> <span class='ocrx_word' id='word_1_688' title='bbox 1365 4912 1644 4963; x_wconf 74' lang='lat' dir='ltr'>ostensum</span> <span class='ocrx_word' id='word_1_689' title='bbox 1675 4911 1752 4962; x_wconf 83' lang='lat' dir='ltr'>est</span> <span class='ocrx_word' id='word_1_690' title='bbox 1779 4911 1830 4962; x_wconf 74' lang='lat' dir='ltr'>ei</span> <span class='ocrx_word' id='word_1_691' title='bbox 1860 4909 1916 4961; x_wconf 85' lang='lat' dir='ltr'>in</span> <span class='ocrx_word' id='word_1_692' title='bbox 1951 4923 2079 4962; x_wconf 85' lang='lat' dir='ltr'>ora-</span> 
     </span>
    </p>
   </div>
   <div class='ocr_carea' id='block_1_100' title="bbox 435 4979 2078 5053">
    <p class='ocr_par' dir='ltr' id='par_1_100' title="bbox 435 4979 2078 5053">
     <span class='ocr_line' id='line_1_100' title="bbox 435 4979 2078 5053; baseline 0 -20"><span class='ocrx_word' id='word_1_693' title='bbox 435 4983 598 5046; x_wconf 82' lang='lat' dir='ltr'>mate,</span> <span class='ocrx_word' id='word_1_694' title='bbox 660 4982 972 5053; x_wconf 89' lang='lat' dir='ltr'>periclitari</span> <span class='ocrx_word' id='word_1_695' title='bbox 1034 4987 1330 5036; x_wconf 90' lang='lat' dir='ltr'>mortuum</span> <span class='ocrx_word' id='word_1_696' title='bbox 1396 4982 1778 5036; x_wconf 87' lang='lat' dir='ltr'>Dinacralem.</span> <span class='ocrx_word' id='word_1_697' title='bbox 1826 4979 2078 5053; x_wconf 80' lang='lat' dir='ltr'>Sed§8,</span> 
     </span>
    </p>
   </div>
   <div class='ocr_carea' id='block_1_101' title="bbox 437 5051 2081 5125">
    <p class='ocr_par' dir='ltr' id='par_1_101' title="bbox 437 5051 2081 5125">
     <span class='ocr_line' id='line_1_101' title="bbox 437 5051 2081 5125; baseline -0.001 -19"><span class='ocrx_word' id='word_1_698' title='bbox 437 5051 674 5107; x_wconf 82' lang='lat' dir='ltr'>crebras</span> <span class='ocrx_word' id='word_1_699' title='bbox 712 5059 828 5125; x_wconf 77' lang='lat' dir='ltr'>post</span> <span class='ocrx_word' id='word_1_700' title='bbox 881 5070 1074 5122; x_wconf 79' lang='lat' dir='ltr'>preces</span> <span class='ocrx_word' id='word_1_701' title='bbox 1130 5055 1412 5109; x_wconf 67' lang='grc' dir='ltr'>ἰηιειιεαυίε</span> <span class='ocrx_word' id='word_1_702' title='bbox 1469 5054 1798 5108; x_wconf 79' lang='lat' dir='ltr'>translatum</span> <span class='ocrx_word' id='word_1_703' title='bbox 1849 5067 1962 5125; x_wconf 65' lang='lat' dir='ltr'>esse</span> <span class='ocrx_word' id='word_1_704' title='bbox 2016 5051 2081 5104; x_wconf 83' lang='lat' dir='ltr'>de</span> 
     </span>
    </p>
   </div>
   <div class='ocr_carea' id='block_1_102' title="bbox 433 5123 2079 5197">
    <p class='ocr_par' dir='ltr' id='par_1_102' title="bbox 433 5123 2079 5197">
     <span class='ocr_line' id='line_1_102' title="bbox 433 5123 2079 5197; baseline -0.001 -21"><span class='ocrx_word' id='word_1_705' title='bbox 433 5141 611 5186; x_wconf 72' lang='lat' dir='ltr'>mena.</span> <span class='ocrx_word' id='word_1_706' title='bbox 643 5123 892 5182; x_wconf 84' lang='lat' dir='ltr'>Tantam</span> <span class='ocrx_word' id='word_1_707' title='bbox 935 5126 1046 5180; x_wconf 92' lang='lat' dir='ltr'>vim</span> <span class='ocrx_word' id='word_1_708' title='bbox 1082 5143 1151 5180; x_wconf 91' lang='lat' dir='ltr'>no</span> <span class='ocrx_word' id='word_1_709' title='bbox 1184 5143 1380 5196; x_wconf 79' lang='lat' dir='ltr'>prcccs</span> <span class='ocrx_word' id='word_1_710' title='bbox 1407 5127 1647 5197; x_wconf 85' lang='lat' dir='ltr'>quidem</span> <span class='ocrx_word' id='word_1_711' title='bbox 1679 5123 2079 5197; x_wconf 84' lang='lat' dir='ltr'>apostolorum</span> 
     </span>
    </p>
   </div>
   <div class='ocr_carea' id='block_1_103' title="bbox 433 5193 2082 5320">
    <p class='ocr_par' dir='ltr' id='par_1_103' title="bbox 433 5193 2082 5320">
     <span class='ocr_line' id='line_1_103' title="bbox 433 5193 2082 5320; baseline 0.001 -72"><span class='ocrx_word' id='word_1_712' title='bbox 433 5203 534 5320; x_wconf 49' lang='lat' dir='ltr'>1aut</span> <span class='ocrx_word' id='word_1_713' title='bbox 566 5199 823 5268; x_wconf 84' lang='lat' dir='ltr'>cujusvis</span> <span class='ocrx_word' id='word_1_714' title='bbox 855 5199 1051 5271; x_wconf 84' lang='lat' dir='ltr'>magni</span> <span class='ocrx_word' id='word_1_715' title='bbox 1084 5193 1260 5269; x_wconf 81' lang='lat' dir='ltr'>legati</span> <span class='ocrx_word' id='word_1_716' title='bbox 1293 5197 1388 5252; x_wconf 90' lang='lat' dir='ltr'>Dei</span> <span class='ocrx_word' id='word_1_717' title='bbox 1423 5193 1676 5268; x_wconf 78' lang='lat' dir='ltr'>unquam</span> <span class='ocrx_word' id='word_1_718' title='bbox 1709 5193 1959 5267; x_wconf 82' lang='lat' dir='ltr'>legimus</span> <span class='ocrx_word' id='word_1_719' title='bbox 1985 5193 2082 5249; x_wconf 89' lang='lat' dir='ltr'>ba-</span> 
     </span>
     <span class='ocr_line' id='line_1_104' title="bbox 477 5284 654 5320; baseline 0 0"><span class='ocrx_word' id='word_1_720' title='bbox 477 5284 654 5320; x_wconf 79' lang='lat' dir='ltr'>cisse.</span> 
     </span>
    </p>
   </div>
   <div class='ocr_carea' id='block_1_104' title="bbox 477 5284 654 5325">
    <p class='ocr_par' dir='ltr' id='par_1_104' title="bbox 477 5284 654 5325">
     <span class='ocr_line' id='line_1_105' title="bbox 477 5284 654 5325; baseline 0.011 -5"><span class='ocrx_word' id='word_1_721' title='bbox 477 5284 654 5325; x_wconf 73' lang='lat' dir='ltr'>UISSB.</span> 
     </span>
    </p>
   </div>
   <div class='ocr_carea' id='block_1_105' title="bbox 504 5337 2081 5409">
    <p class='ocr_par' dir='ltr' id='par_1_105' title="bbox 504 5337 2081 5409">
     <span class='ocr_line' id='line_1_106' title="bbox 504 5337 2081 5409; baseline -0.001 -16"><span class='ocrx_word' id='word_1_722' title='bbox 504 5341 614 5409; x_wconf 72' lang='grc'>(42)</span> <span class='ocrx_word' id='word_1_723' title='bbox 649 5343 820 5396; x_wconf 83' lang='lat' dir='ltr'>istam</span> <span class='ocrx_word' id='word_1_724' title='bbox 852 5342 1170 5397; x_wconf 87' lang='lat' dir='ltr'>infaustam</span> <span class='ocrx_word' id='word_1_725' title='bbox 1203 5355 1362 5405; x_wconf 89' lang='lat' dir='ltr'>sane,</span> <span class='ocrx_word' id='word_1_726' title='bbox 1395 5339 1693 5409; x_wconf 90' lang='lat' dir='ltr'>tantisque</span> <span class='ocrx_word' id='word_1_727' title='bbox 1724 5337 2081 5409; x_wconf 80' lang='lat' dir='ltr'>martyribus</span> 
     </span>
    </p>
   </div>
   <div class='ocr_carea' id='block_1_106' title="bbox 430 5409 2077 5482">
    <p class='ocr_par' dir='ltr' id='par_1_106' title="bbox 430 5409 2077 5482">
     <span class='ocr_line' id='line_1_107' title="bbox 430 5409 2077 5482; baseline 0.001 -21"><span class='ocrx_word' id='word_1_728' title='bbox 430 5409 744 5482; x_wconf 82' lang='lat' dir='ltr'>ingratam,</span> <span class='ocrx_word' id='word_1_729' title='bbox 776 5413 996 5468; x_wconf 85' lang='lat' dir='ltr'>Valesti</span> <span class='ocrx_word' id='word_1_730' title='bbox 1027 5418 1083 5467; x_wconf 90' lang='lat' dir='ltr'>et</span> <span class='ocrx_word' id='word_1_731' title='bbox 1113 5410 1385 5482; x_wconf 85' lang='lat' dir='ltr'>Basnagii</span> <span class='ocrx_word' id='word_1_732' title='bbox 1418 5410 2077 5478; x_wconf 87' lang='lat' dir='ltr'>sentententiam,quam</span> 
     </span>
    </p>
   </div>
   <div class='ocr_carea' id='block_1_107' title="bbox 435 5481 2081 5544">
    <p class='ocr_par' dir='ltr' id='par_1_107' title="bbox 435 5481 2081 5544">
     <span class='ocr_line' id='line_1_108' title="bbox 435 5481 2081 5544; baseline -0.001 -7"><span class='ocrx_word' id='word_1_733' title='bbox 435 5481 586 5540; x_wconf 85' lang='lat' dir='ltr'>male</span> <span class='ocrx_word' id='word_1_734' title='bbox 618 5485 848 5540; x_wconf 87' lang='lat' dir='ltr'>refricat</span> <span class='ocrx_word' id='word_1_735' title='bbox 871 5485 963 5540; x_wconf 90' lang='lat' dir='ltr'>hic</span> <span class='ocrx_word' id='word_1_736' title='bbox 995 5488 1162 5540; x_wconf 88' lang='lat' dir='ltr'>autor</span> <span class='ocrx_word' id='word_1_737' title='bbox 1193 5481 1410 5544; x_wconf 76' lang='lat' dir='ltr'>noster,</span> <span class='ocrx_word' id='word_1_738' title='bbox 1457 5486 1692 5538; x_wconf 90' lang='lat' dir='ltr'>strenne</span> <span class='ocrx_word' id='word_1_739' title='bbox 1745 5483 1936 5536; x_wconf 89' lang='lat' dir='ltr'>fusam</span> <span class='ocrx_word' id='word_1_740' title='bbox 1996 5481 2081 5536; x_wconf 92' lang='lat' dir='ltr'>lu-</span> 
     </span>
    </p>
   </div>
   <div class='ocr_carea' id='block_1_108' title="bbox 432 5551 2077 5628">
    <p class='ocr_par' dir='ltr' id='par_1_108' title="bbox 432 5551 2077 5628">
     <span class='ocr_line' id='line_1_109' title="bbox 432 5551 2077 5628; baseline -0.003 -16"><span class='ocrx_word' id='word_1_741' title='bbox 432 5563 747 5628; x_wconf 82' lang='lat' dir='ltr'>gatamque</span> <span class='ocrx_word' id='word_1_742' title='bbox 801 5557 981 5612; x_wconf 85' lang='lat' dir='ltr'>habes</span> <span class='ocrx_word' id='word_1_743' title='bbox 1039 5557 1096 5628; x_wconf 87' lang='lat' dir='ltr'>in</span> <span class='ocrx_word' id='word_1_744' title='bbox 1159 5553 1719 5628; x_wconf 52' lang='lat' dir='ltr'>peremptoriaJos.</span> <span class='ocrx_word' id='word_1_745' title='bbox 1765 5557 1912 5628; x_wconf 85' lang='lat' dir='ltr'>Aug.</span> <span class='ocrx_word' id='word_1_746' title='bbox 1947 5551 2077 5628; x_wconf 87' lang='lat' dir='ltr'>0rsi</span> 
     </span>
    </p>
   </div>
   <div class='ocr_carea' id='block_1_109' title="bbox 431 5623 2078 5697">
    <p class='ocr_par' dir='ltr' id='par_1_109' title="bbox 431 5623 2078 5697">
     <span class='ocr_line' id='line_1_110' title="bbox 431 5623 2078 5697; baseline -0.004 -12"><span class='ocrx_word' id='word_1_747' title='bbox 431 5623 718 5697; x_wconf 41' lang='lat' dir='ltr'>postea-8.</span> <span class='ocrx_word' id='word_1_748' title='bbox 752 5633 817 5684; x_wconf 86' lang='lat' dir='ltr'>R.</span> <span class='ocrx_word' id='word_1_749' title='bbox 852 5630 911 5683; x_wconf 89' lang='lat' dir='ltr'>E.</span> <span class='ocrx_word' id='word_1_750' title='bbox 963 5623 1295 5683; x_wconf 84' lang='lat' dir='ltr'>cardanalis</span> <span class='ocrx_word' id='word_1_751' title='bbox 1355 5625 1680 5697; x_wconf 77' lang='lat' dir='ltr'>Dissertione</span> <span class='ocrx_word' id='word_1_752' title='bbox 1738 5623 2078 5697; x_wconf 77' lang='lat' dir='ltr'>apolbgetica</span> 
     </span>
    </p>
   </div>
   <div class='ocr_carea' id='block_1_110' title="bbox 423 5696 2070 5790">
    <p class='ocr_par' dir='ltr' id='par_1_110' title="bbox 423 5696 2070 5790">
     <span class='ocr_line' id='line_1_111' title="bbox 423 5696 2070 5790; baseline -0.002 -31"><span class='ocrx_word' id='word_1_753' title='bbox 423 5696 522 5770; x_wconf 62' lang='lat' dir='ltr'>pro</span> <span class='ocrx_word' id='word_1_754' title='bbox 554 5703 648 5761; x_wconf 87' lang='lat' dir='ltr'>SS.</span> <span class='ocrx_word' id='word_1_755' title='bbox 678 5703 979 5775; x_wconf 56' lang='lat' dir='ltr'>Perpetua,</span> <span class='ocrx_word' id='word_1_756' title='bbox 1009 5698 1315 5760; x_wconf 73' lang='lat' dir='ltr'>Felicitates</span> <span class='ocrx_word' id='word_1_757' title='bbox 1344 5705 1397 5756; x_wconf 77' lang='lat' dir='ltr'>et</span> <span class='ocrx_word' id='word_1_758' title='bbox 1420 5696 1522 5757; x_wconf 85' lang='lat' dir='ltr'>SS.</span> <span class='ocrx_word' id='word_1_759' title='bbox 1559 5697 1688 5761; x_wconf 76' lang='lat' dir='ltr'>MM.</span> <span class='ocrx_word' id='word_1_760' title='bbox 1722 5696 2070 5790; x_wconf 71' lang='lat' dir='ltr'>ert/todoxta.</span> 
     </span>
    </p>
   </div>
   <div class='ocr_carea' id='block_1_111' title="bbox 2191 4689 3861 4764">
    <p class='ocr_par' dir='ltr' id='par_1_111' title="bbox 2191 4689 3861 4764">
     <span class='ocr_line' id='line_1_112' title="bbox 2191 4689 3861 4764; baseline -0.002 -17"><span class='ocrx_word' id='word_1_761' title='bbox 2191 4689 2548 4764; x_wconf 86' lang='lat' dir='ltr'>martyribus</span> <span class='ocrx_word' id='word_1_762' title='bbox 2580 4693 2794 4764; x_wconf 77' lang='lat' dir='ltr'>nostris</span> <span class='ocrx_word' id='word_1_763' title='bbox 2827 4689 3087 4764; x_wconf 83' lang='lat' dir='ltr'>abomni</span> <span class='ocrx_word' id='word_1_764' title='bbox 3111 4706 3226 4743; x_wconf 64' lang='lat' dir='ltr'>aavo</span> <span class='ocrx_word' id='word_1_765' title='bbox 3258 4689 3315 4764; x_wconf 76' lang='lat' dir='ltr'>in</span> <span class='ocrx_word' id='word_1_766' title='bbox 3347 4689 3861 4764; x_wconf 70' lang='lat' dir='ltr'>ecclesiaprazsti-</span> 
     </span>
    </p>
   </div>
   <div class='ocr_carea' id='block_1_112' title="bbox 2191 4759 3860 4830">
    <p class='ocr_par' dir='ltr' id='par_1_112' title="bbox 2191 4759 3860 4830">
     <span class='ocr_line' id='line_1_113' title="bbox 2191 4759 3860 4830; baseline -0.002 -11"><span class='ocrx_word' id='word_1_767' title='bbox 2191 4759 2402 4830; x_wconf 73' lang='lat' dir='ltr'>tum;‘2°</span> <span class='ocrx_word' id='word_1_768' title='bbox 2432 4763 2662 4817; x_wconf 90' lang='lat' dir='ltr'>etiamsi</span> <span class='ocrx_word' id='word_1_769' title='bbox 2695 4779 2724 4817; x_wconf 92' lang='lat' dir='ltr'>e</span> <span class='ocrx_word' id='word_1_770' title='bbox 2756 4761 3017 4815; x_wconf 88' lang='lat' dir='ltr'>fontibus</span> <span class='ocrx_word' id='word_1_771' title='bbox 3033 4759 3516 4815; x_wconf 86' lang='lat' dir='ltr'>Montanistarum</span> <span class='ocrx_word' id='word_1_772' title='bbox 3549 4760 3860 4815; x_wconf 77' lang='lat' dir='ltr'>dismana-</span> 
     </span>
    </p>
   </div>
   <div class='ocr_carea' id='block_1_113' title="bbox 2192 4831 3855 4904">
    <p class='ocr_par' dir='ltr' id='par_1_113' title="bbox 2192 4831 3855 4904">
     <span class='ocr_line' id='line_1_114' title="bbox 2192 4831 3855 4904; baseline -0.003 -14"><span class='ocrx_word' id='word_1_773' title='bbox 2192 4837 2310 4890; x_wconf 90' lang='lat' dir='ltr'>rint</span> <span class='ocrx_word' id='word_1_774' title='bbox 2337 4840 2466 4890; x_wconf 86' lang='lat' dir='ltr'>acta</span> <span class='ocrx_word' id='word_1_775' title='bbox 2495 4835 2589 4890; x_wconf 89' lang='lat' dir='ltr'>SS.</span> <span class='ocrx_word' id='word_1_776' title='bbox 2625 4839 2971 4904; x_wconf 78' lang='lat' dir='ltr'>martyrum,</span> <span class='ocrx_word' id='word_1_777' title='bbox 3007 4832 3152 4886; x_wconf 90' lang='lat' dir='ltr'>nihil</span> <span class='ocrx_word' id='word_1_778' title='bbox 3180 4831 3320 4904; x_wconf 88' lang='lat' dir='ltr'>inde</span> <span class='ocrx_word' id='word_1_779' title='bbox 3351 4833 3407 4885; x_wconf 91' lang='lat' dir='ltr'>in</span> <span class='ocrx_word' id='word_1_780' title='bbox 3440 4832 3584 4902; x_wconf 89' lang='lat' dir='ltr'>ipsis</span> <span class='ocrx_word' id='word_1_781' title='bbox 3625 4833 3855 4901; x_wconf 73' lang='lat' dir='ltr'>prarju-</span> 
     </span>
    </p>
   </div>
   <div class='ocr_carea' id='block_1_114' title="bbox 2190 4903 3856 4975">
    <p class='ocr_par' dir='ltr' id='par_1_114' title="bbox 2190 4903 3856 4975">
     <span class='ocr_line' id='line_1_115' title="bbox 2190 4903 3856 4975; baseline -0.002 -14"><span class='ocrx_word' id='word_1_782' title='bbox 2190 4908 2327 4962; x_wconf 90' lang='lat' dir='ltr'>dicii</span> <span class='ocrx_word' id='word_1_783' title='bbox 2359 4906 2646 4971; x_wconf 89' lang='lat' dir='ltr'>suboriri;</span> <span class='ocrx_word' id='word_1_784' title='bbox 2678 4907 2736 4959; x_wconf 87' lang='lat'>3°</span> <span class='ocrx_word' id='word_1_785' title='bbox 2767 4903 2908 4959; x_wconf 85' lang='lat' dir='ltr'>nihil</span> <span class='ocrx_word' id='word_1_786' title='bbox 2943 4920 3142 4975; x_wconf 81' lang='lat' dir='ltr'>reapse</span> <span class='ocrx_word' id='word_1_787' title='bbox 3175 4903 3230 4956; x_wconf 93' lang='lat' dir='ltr'>in</span> <span class='ocrx_word' id='word_1_788' title='bbox 3265 4904 3534 4972; x_wconf 87' lang='lat' dir='ltr'>ipsismet</span> <span class='ocrx_word' id='word_1_789' title='bbox 3563 4904 3710 4958; x_wconf 90' lang='lat' dir='ltr'>actis</span> <span class='ocrx_word' id='word_1_790' title='bbox 3743 4919 3856 4958; x_wconf 81' lang='lat' dir='ltr'>oc-</span> 
     </span>
    </p>
   </div>
   <div class='ocr_carea' id='block_1_115' title="bbox 2191 4975 3855 5050">
    <p class='ocr_par' dir='ltr' id='par_1_115' title="bbox 2191 4975 3855 5050">
     <span class='ocr_line' id='line_1_116' title="bbox 2191 4975 3855 5050; baseline -0.002 -16"><span class='ocrx_word' id='word_1_791' title='bbox 2191 4995 2359 5034; x_wconf 89' lang='lat' dir='ltr'>curre</span> <span class='ocrx_word' id='word_1_792' title='bbox 2389 4979 2544 5050; x_wconf 93' lang='lat' dir='ltr'>quod</span> <span class='ocrx_word' id='word_1_793' title='bbox 2577 4977 2835 5050; x_wconf 83' lang='lat' dir='ltr'>Montani</span> <span class='ocrx_word' id='word_1_794' title='bbox 2867 4976 3160 5030; x_wconf 87' lang='lat' dir='ltr'>oflicinam</span> <span class='ocrx_word' id='word_1_795' title='bbox 3205 4975 3630 5050; x_wconf 84' lang='lat' dir='ltr'>redoleat,_aut</span> <span class='ocrx_word' id='word_1_796' title='bbox 3680 4977 3855 5045; x_wconf 90' lang='lat' dir='ltr'>quod</span> 
     </span>
    </p>
   </div>
   <div class='ocr_carea' id='block_1_116' title="bbox 2191 5046 3856 5123">
    <p class='ocr_par' dir='ltr' id='par_1_116' title="bbox 2191 5046 3856 5123">
     <span class='ocr_line' id='line_1_117' title="bbox 2191 5046 3856 5123; baseline -0.003 -16"><span class='ocrx_word' id='word_1_797' title='bbox 2191 5068 2324 5107; x_wconf 90' lang='lat' dir='ltr'>cum</span> <span class='ocrx_word' id='word_1_798' title='bbox 2370 5046 2640 5123; x_wconf 81' lang='lat' dir='ltr'>genuinis</span> <span class='ocrx_word' id='word_1_799' title='bbox 2671 5051 3368 5123; x_wconf 80' lang='lat' dir='ltr'>caeterorummartyrum</span> <span class='ocrx_word' id='word_1_800' title='bbox 3402 5046 3546 5102; x_wconf 89' lang='lat' dir='ltr'>actis</span> <span class='ocrx_word' id='word_1_801' title='bbox 3579 5063 3696 5101; x_wconf 92' lang='lat' dir='ltr'>non</span> <span class='ocrx_word' id='word_1_802' title='bbox 3728 5064 3856 5119; x_wconf 84' lang='lat' dir='ltr'>ap-</span> 
     </span>
    </p>
   </div>
   <div class='ocr_carea' id='block_1_117' title="bbox 2191 5120 3851 5195">
    <p class='ocr_par' dir='ltr' id='par_1_117' title="bbox 2191 5120 3851 5195">
     <span class='ocr_line' id='line_1_118' title="bbox 2191 5120 3851 5195; baseline -0.002 -17"><span class='ocrx_word' id='word_1_803' title='bbox 2191 5120 2808 5195; x_wconf 54' lang='lat' dir='ltr'>prime&#39;consonetﬂio</span> <span class='ocrx_word' id='word_1_804' title='bbox 2857 5136 2956 5175; x_wconf 90' lang='lat' dir='ltr'>eas</span> <span class='ocrx_word' id='word_1_805' title='bbox 3012 5120 3250 5195; x_wconf 83' lang='lat' dir='ltr'>demum</span> <span class='ocrx_word' id='word_1_806' title='bbox 3311 5135 3436 5195; x_wconf 74' lang='lat' dir='ltr'>esse</span> <span class='ocrx_word' id='word_1_807' title='bbox 3501 5123 3851 5195; x_wconf 72' lang='lat' dir='ltr'>martyrum</span> 
     </span>
    </p>
   </div>
   <div class='ocr_carea' id='block_1_118' title="bbox 2191 5190 3860 5259">
    <p class='ocr_par' dir='ltr' id='par_1_118' title="bbox 2191 5190 3860 5259">
     <span class='ocr_line' id='line_1_119' title="bbox 2191 5190 3860 5259; baseline -0.004 -9"><span class='ocrx_word' id='word_1_808' title='bbox 2191 5190 2524 5250; x_wconf 77' lang='lat' dir='ltr'>nostrorum</span> <span class='ocrx_word' id='word_1_809' title='bbox 2581 5193 2845 5255; x_wconf 90' lang='lat' dir='ltr'>virtutes,</span> <span class='ocrx_word' id='word_1_810' title='bbox 2905 5207 3004 5246; x_wconf 92' lang='lat' dir='ltr'>eos</span> <span class='ocrx_word' id='word_1_811' title='bbox 3037 5191 3328 5245; x_wconf 87' lang='lat' dir='ltr'>visionum</span> <span class='ocrx_word' id='word_1_812' title='bbox 3364 5190 3608 5259; x_wconf 89' lang='lat' dir='ltr'>fructus,</span> <span class='ocrx_word' id='word_1_813' title='bbox 3641 5190 3860 5245; x_wconf 86' lang='lat' dir='ltr'>vatici-</span> 
     </span>
    </p>
   </div>
   <div class='ocr_carea' id='block_1_119' title="bbox 2190 5261 3861 5333">
    <p class='ocr_par' dir='ltr' id='par_1_119' title="bbox 2190 5261 3861 5333">
     <span class='ocr_line' id='line_1_120' title="bbox 2190 5261 3861 5333; baseline -0.002 -11"><span class='ocrx_word' id='word_1_814' title='bbox 2190 5282 2421 5322; x_wconf 91' lang='lat' dir='ltr'>morum</span> <span class='ocrx_word' id='word_1_815' title='bbox 2454 5269 2715 5328; x_wconf 87' lang='lat' dir='ltr'>eventus,</span> <span class='ocrx_word' id='word_1_816' title='bbox 2751 5262 3188 5329; x_wconf 87' lang='lat' dir='ltr'>miraculorum,</span> <span class='ocrx_word' id='word_1_817' title='bbox 3215 5262 3512 5327; x_wconf 65' lang='lat' dir='ltr'>doctrinae,</span> <span class='ocrx_word' id='word_1_818' title='bbox 3538 5261 3861 5333; x_wconf 87' lang='lat' dir='ltr'>totiusque</span> 
     </span>
    </p>
   </div>
   <div class='ocr_carea' id='block_1_120' title="bbox 2190 5333 3855 5404">
    <p class='ocr_par' dir='ltr' id='par_1_120' title="bbox 2190 5333 3855 5404">
     <span class='ocr_line' id='line_1_121' title="bbox 2190 5333 3855 5404; baseline -0.002 -11"><span class='ocrx_word' id='word_1_819' title='bbox 2190 5335 2676 5393; x_wconf 88' lang='lat' dir='ltr'>considerationis</span> <span class='ocrx_word' id='word_1_820' title='bbox 2709 5339 3053 5396; x_wconf 82' lang='lat' dir='ltr'>caractares,</span> <span class='ocrx_word' id='word_1_821' title='bbox 3089 5339 3154 5387; x_wconf 87' lang='lat' dir='ltr'>ut</span> <span class='ocrx_word' id='word_1_822' title='bbox 3210 5338 3402 5404; x_wconf 89' lang='lat' dir='ltr'>pateat</span> <span class='ocrx_word' id='word_1_823' title='bbox 3458 5333 3587 5388; x_wconf 87' lang='lat' dir='ltr'>illos</span> <span class='ocrx_word' id='word_1_824' title='bbox 3645 5335 3855 5390; x_wconf 81' lang='lat' dir='ltr'>fuisse</span> 
     </span>
    </p>
   </div>
   <div class='ocr_carea' id='block_1_121' title="bbox 2189 5405 3862 5482">
    <p class='ocr_par' dir='ltr' id='par_1_121' title="bbox 2189 5405 3862 5482">
     <span class='ocr_line' id='line_1_122' title="bbox 2189 5405 3862 5482; baseline -0.003 -17"><span class='ocrx_word' id='word_1_825' title='bbox 2189 5410 2412 5482; x_wconf 88' lang='lat' dir='ltr'>Spiritu</span> <span class='ocrx_word' id='word_1_826' title='bbox 2439 5409 2636 5482; x_wconf 76' lang='lat' dir='ltr'>divino</span> <span class='ocrx_word' id='word_1_827' title='bbox 2665 5406 2892 5460; x_wconf 85' lang='lat' dir='ltr'>afﬂotos</span> <span class='ocrx_word' id='word_1_828' title='bbox 2909 5409 2964 5460; x_wconf 87' lang='lat' dir='ltr'>et</span> <span class='ocrx_word' id='word_1_829' title='bbox 2982 5423 3012 5460; x_wconf 90' lang='lat' dir='ltr'>a</span> <span class='ocrx_word' id='word_1_830' title='bbox 3028 5405 3527 5482; x_wconf 73' lang='lat' dir='ltr'>Montanistarum</span> <span class='ocrx_word' id='word_1_831' title='bbox 3543 5405 3862 5482; x_wconf 60' lang='lat' dir='ltr'>institutis</span> 
     </span>
    </p>
   </div>
   <div class='ocr_carea' id='block_1_122' title="bbox 2188 5475 3862 5548">
    <p class='ocr_par' dir='ltr' id='par_1_122' title="bbox 2188 5475 3862 5548">
     <span class='ocr_line' id='line_1_123' title="bbox 2188 5475 3862 5548; baseline -0.001 -12"><span class='ocrx_word' id='word_1_832' title='bbox 2188 5475 2366 5536; x_wconf 59' lang='lat' dir='ltr'>a&#39;toto</span> <span class='ocrx_word' id='word_1_833' title='bbox 2392 5481 2533 5536; x_wconf 87' lang='lat' dir='ltr'>ccelo</span> <span class='ocrx_word' id='word_1_834' title='bbox 2567 5478 2821 5543; x_wconf 86' lang='lat' dir='ltr'>alienos;</span> <span class='ocrx_word' id='word_1_835' title='bbox 2855 5493 2982 5548; x_wconf 78' lang='lat' dir='ltr'>quae</span> <span class='ocrx_word' id='word_1_836' title='bbox 3041 5477 3231 5532; x_wconf 85' lang='lat' dir='ltr'>videre</span> <span class='ocrx_word' id='word_1_837' title='bbox 3291 5481 3379 5533; x_wconf 86' lang='lat' dir='ltr'>est</span> <span class='ocrx_word' id='word_1_838' title='bbox 3435 5475 3586 5532; x_wconf 88' lang='lat' dir='ltr'>infra</span> <span class='ocrx_word' id='word_1_839' title='bbox 3646 5477 3706 5530; x_wconf 91' lang='lat' dir='ltr'>in</span> <span class='ocrx_word' id='word_1_840' title='bbox 3766 5477 3862 5534; x_wconf 88' lang='lat' dir='ltr'><strong>III</strong></span> 
     </span>
    </p>
   </div>
   <div class='ocr_carea' id='block_1_123' title="bbox 2187 5549 3854 5622">
    <p class='ocr_par' dir='ltr' id='par_1_123' title="bbox 2187 5549 3854 5622">
     <span class='ocr_line' id='line_1_124' title="bbox 2187 5549 3854 5622; baseline -0.002 -14"><span class='ocrx_word' id='word_1_841' title='bbox 2187 5558 2327 5608; x_wconf 88' lang='lat' dir='ltr'>tom.</span> <span class='ocrx_word' id='word_1_842' title='bbox 2377 5551 2625 5622; x_wconf 77' lang='lat' dir='ltr'>hujusce</span> <span class='ocrx_word' id='word_1_843' title='bbox 2656 5549 2930 5622; x_wconf 78' lang='lat' dir='ltr'>Biblioth.</span> <span class='ocrx_word' id='word_1_844' title='bbox 2965 5549 3063 5603; x_wconf 89' lang='lat' dir='ltr'>ubi</span> <span class='ocrx_word' id='word_1_845' title='bbox 3096 5550 3166 5604; x_wconf 89' lang='lat' dir='ltr'>de</span> <span class='ocrx_word' id='word_1_846' title='bbox 3193 5549 3288 5604; x_wconf 82' lang='lat' dir='ltr'>SS.</span> <span class='ocrx_word' id='word_1_847' title='bbox 3326 5549 3614 5622; x_wconf 66' lang='lat' dir='ltr'>Perpetuis</span> <span class='ocrx_word' id='word_1_848' title='bbox 3649 5554 3708 5604; x_wconf 90' lang='lat' dir='ltr'>et</span> <span class='ocrx_word' id='word_1_849' title='bbox 3738 5553 3854 5622; x_wconf 79' lang='lat' dir='ltr'>SS.</span> 
     </span>
    </p>
   </div>
   <div class='ocr_carea' id='block_1_124' title="bbox 2186 5621 3858 5679">
    <p class='ocr_par' dir='ltr' id='par_1_124' title="bbox 2186 5621 3858 5679">
     <span class='ocr_line' id='line_1_125' title="bbox 2186 5621 3858 5679; baseline -0.001 0"><span class='ocrx_word' id='word_1_850' title='bbox 2186 5629 2357 5679; x_wconf 88' lang='lat' dir='ltr'>Actas</span> <span class='ocrx_word' id='word_1_851' title='bbox 2385 5621 2518 5679; x_wconf 88' lang='lat' dir='ltr'>cum</span> <span class='ocrx_word' id='word_1_852' title='bbox 2548 5621 2841 5677; x_wconf 89' lang='lat' dir='ltr'>variorum</span> <span class='ocrx_word' id='word_1_853' title='bbox 2873 5625 3131 5677; x_wconf 88' lang='lat' dir='ltr'>veterum</span> <span class='ocrx_word' id='word_1_854' title='bbox 3161 5625 3216 5676; x_wconf 90' lang='lat' dir='ltr'>et</span> <span class='ocrx_word' id='word_1_855' title='bbox 3238 5621 3630 5677; x_wconf 88' lang='lat' dir='ltr'>recentiorum</span> <span class='ocrx_word' id='word_1_856' title='bbox 3677 5621 3858 5678; x_wconf 79' lang='lat' dir='ltr'>notis</span> 
     </span>
    </p>
   </div>
   <div class='ocr_carea' id='block_1_125' title="bbox 2184 5692 3681 5757">
    <p class='ocr_par' dir='ltr' id='par_1_125' title="bbox 2184 5692 3681 5757">
     <span class='ocr_line' id='line_1_126' title="bbox 2184 5692 3681 5757; baseline -0.005 -3"><span class='ocrx_word' id='word_1_857' title='bbox 2184 5696 2311 5757; x_wconf 86' lang='lat' dir='ltr'>loco</span> <span class='ocrx_word' id='word_1_858' title='bbox 2340 5711 2448 5756; x_wconf 75' lang='lat' dir='ltr'>suo</span> <span class='ocrx_word' id='word_1_859' title='bbox 2476 5692 2730 5755; x_wconf 84' lang='lat' dir='ltr'>edensis.</span> <span class='ocrx_word' id='word_1_860' title='bbox 3541 5695 3681 5748; x_wconf 80' lang='lat' dir='ltr'>Eoo.</span> 
     </span>
    </p>
   </div>
  </div>
