4072 6190
215 372 305 430 221

1028 368 1124 430 AC
1169 368 1564 430 DOCTllINA
1609 366 2112 429 StllthTOllUM
2159 366 2712 426 TERTULLIANI.

3455 367 3574 428 222

214 507 279 560 tis
318 501 522 576 genus?
573 501 736 572 Mihi,
770 503 817 558 si
867 502 1006 574 quid
1053 502 1242 569 video,
1274 519 1388 556 non
1438 501 1709 557 videntur
1747 516 1813 554 ea
1846 501 1896 567 Α
1929 507 2118 570 tyrum
2167 503 2220 554 et
2263 499 2658 554 revelationum
2702 498 2985 564 adiecisse,
3037 512 3214 568 seque
3269 499 3429 564 (sect.
3460 501 3576 567 26),

217 594 478 665 conjuncta
508 590 706 662 aliquo
740 593 935 656 modo,
962 592 1073 647 nisi
1106 592 1255 646 hanc
1277 610 1303 647 e
1329 591 1818 646 Montanistarum

218 681 398 737 familia
433 680 717 752 virginem
773 681 956 737 fuisse
1002 681 1228 748 dicam;
1265 681 1479 752 quippe
1512 698 1680 751 quos,
1715 678 1820 733 ali-

215 788 332 845 quos
358 775 522 838 certe,
558 770 920 842 Epiphanius
952 771 1180 841 (haeres.
1214 772 1299 837 49,
1335 770 1364 842 §
1394 771 1446 840 ‘2.)
1482 770 1696 840 aliique
1730 768 1820 822 di-

212 866 323 915 cunt
349 860 400 914 in
428 875 596 914 sacra
626 875 788 915 creua
811 859 894 926 (in
926 859 1126 931 agapis
1158 859 1302 914 forte
1331 859 1602 914 volebant
1634 858 1823 912 dicere

211 949 439 1005 homines
471 965 587 1003 non
637 949 818 1004 nimis
861 949 1138 1020 accurati)
1171 965 1405 1004 caseum
1457 947 1820 1003 adhibuisse.

209 1037 312 1092 Jam
354 1053 482 1092 vero
542 1054 653 1092 usu
715 1041 948 1092 venerat
1004 1038 1156 1092 inter
1185 1037 1568 1103 Christianos,
1601 1040 1664 1091 ut
1722 1034 1824 1106 qui

210 1127 444 1182 adessent
473 1141 546 1181 ex
585 1126 972 1182 multitudine
1022 1133 1206 1182 Amen
1256 1127 1536 1181 adderent
1565 1126 1624 1180 in
1657 1140 1824 1180 sacro

204 1215 364 1287 epulo,
395 1215 448 1270 id
487 1216 642 1287 quod
688 1233 719 1271 e
756 1215 990 1272 Justino
1022 1217 1272 1288 Martyre
1303 1217 1384 1286 (in
1416 1215 1636 1286 Apolog.
1670 1231 1822 1282 mag.

206 1321 246 1359 c.
271 1305 332 1357 85
358 1313 408 1359 et
442 1305 538 1373 87,
585 1304 678 1361 ed.
711 1304 929 1371 Grabii,
963 1323 1018 1377 p.
1053 1306 1174 1374 125,
1229 1305 1348 1374 131,
1403 1305 1546 1376 13:),
1597 1309 1654 1359 et
1701 1304 1827 1357 dis-

202 1393 348 1448 tribui
378 1393 606 1450 solebat
634 1393 810 1449 etiam
849 1393 994 1450 illud
1027 1394 1087 1450 in
1134 1410 1362 1449 carcere
1409 1392 1482 1448 iis
1515 1393 1614 1464 qui
1650 1392 1826 1447 morti

203 1488 340 1538 erant
381 1483 686 1538 destinati.
731 1483 944 1538 Omnia
1000 1483 1177 1554 igitur
1228 1482 1538 1555 perspicua
1585 1487 1744 1549 sunt,
1779 1480 1828 1536 si

202 1570 295 1626 ista
325 1571 481 1643 virgo
519 1587 550 1626 e
582 1571 837 1626 Montani
891 1571 1206 1642 disciplina
1237 1571 1419 1626 fuisse
1471 1576 1744 1643 putatur;
1779 1570 1829 1625 si

204 1664 435 1730 negatur,
490 1659 766 1731 explicari
829 1659 989 1716 nullo
1043 1661 1238 1728 modo,
1273 1665 1337 1715 ut
1383 1660 1528 1715 mihi
1577 1661 1827 1728 videtur,

205 1753 423 1820 possunt
449 1749 595 1819 (43).

1930 591 2194 659 quoniam
2218 590 2532 659 per-miserit
2571 599 2620 642 el
2653 589 3017 658 pennittendo
3046 588 3281 642 voluerzt
3329 587 3576 655 Spiritus

1927 681 2160 732 Sanctus
2185 681 2431 734 ordincm
2458 680 2620 732 iuius
2641 677 2988 744 Μητιονίδαι.
3010 693 3060 730 e.
3083 692 3338 746 pugnam
3366 684 3578 748 marty-

1931 783 2060 821 rum
2093 784 2225 821 cum
2257 767 2461 821 bestiis
2493 767 2550 820 in
2581 767 2807 821 theatro
2841 766 3148 834 (conscribi,
3180 765 3300 819 haec
3340 781 3576 835 compo-

1931 856 2119 912 suisse
2143 858 2405 926 jactitat;
2431 858 2581 927 quod
2617 857 2772 910 haud
2807 856 2927 909 scio
2951 872 3023 909 an
3057 871 3168 908 non
3194 853 3374 908 alium
3399 872 3576 925 quam

1932 945 2417 1000 montanisticum
2433 944 2776 1014 scriptorem
2798 945 3025 1014 prodat,
3043 943 3192 997 hanc
3207 942 3493 1014 praecipue
3508 945 3579 998 ob

1933 1051 2193 1098 causam,
2227 1034 2382 1104 quod
2414 1033 2717 1088 orthodoxi
2750 1049 2863 1086 non
2897 1031 3162 1086 solebant
3193 1031 3391 1102 magni
3423 1031 3580 1086 aesti-

1933 1141 2093 1178 mare
2123 1122 2609 1178 Moutanistarum
2641 1128 2947 1192 martyres,
2971 1126 3027 1176 et
3048 1119 3128 1175 ita
3153 1121 3335 1176 multo
3359 1121 3580 1187 minus,

1936 1219 1998 1268 ut
2019 1211 2307 1284 supplicia
2329 1213 2590 1283 ipsorum
2614 1217 2790 1281 atque
2811 1210 3227 1276 constantiam,
3246 1211 3420 1265 etiam
3444 1226 3579 1265 cum

1935 1301 2282 1366 visionibus,
2307 1317 2453 1370 quas
2484 1300 2930 1354 contemnebant
2962 1302 3232 1368 profecto,
3265 1299 3322 1352 in
3356 1299 3580 1353 litteras

1934 1394 2236 1446 referrent.
2267 1391 2341 1442 At
2371 1388 2524 1457 quod
2561 1395 2649 1442 est
2688 1394 2862 1458 caput
2910 1387 3089 1457 hujus
3139 1388 3577 1458 disputationis,

1935 1477 2361 1535 Tertullianum
2411 1493 2544 1531 eum
2591 1476 2785 1547 ipsum
2836 1475 3181 1546 scriptorem
3233 1475 3433 1539 fuisse,
3467 1492 3581 1530 non

1937 1569 2088 1624 dabo
2116 1566 2410 1621 Whistoni
2446 1565 2831 1637 argumentis,
2865 1581 2991 1635 qua
3033 1569 3173 1618 sunt
3205 1565 3278 1618 ab
3309 1581 3374 1618 eo
3407 1564 3583 1619 latius

1938 1655 2237 1729 preposita
2267 1654 2377 1708 hoc
2418 1655 2589 1708 modo
2627 1670 2639 1706 :
2675 1653 2936 1707 Primum
2970 1652 3093 1707 haec
3140 1656 3282 1707 Acta
3329 1656 3490 1720 sunt,
3523 1655 3589 1706 ut

1938 1744 2196 1816 praefatio
2229 1745 2416 1807 docet,
2449 1759 2561 1796 non
2596 1742 2677 1796 ita
2726 1743 2912 1796 multo
2963 1748 3094 1812 post
3141 1742 3335 1812 ipsum
3363 1741 3469 1795 hoc
3506 1742 3589 1794 fa-

1944 1839 2103 1888 ctum
2146 1831 2499 1903 composita;
2532 1831 2763 1899 deinde,
2795 1836 3031 1885 exarata
3077 1829 3298 1897 Latine,
3332 1835 3484 1894 tum,
3516 1829 3587 1882 ab

251 1910 385 1964 I16
413 1911 439 1977 §
467 1909 626 1991 5η-
664 1907 1288 1991 lf’histoni‘argumenta
1311 1925 1413 1991 pro
1446 1910 1774 1991 Tertulliano

1949 1880 2103 1888 ηυη-
2148 1880 2499 1903 "Mr—ww,
2537 1880 2763 1899 ------ν,
2801 1880 3030 1885 -ν--ηη-
3077 1880 3298 1897 --η--ν,
3338 1880 3484 1894 Nm.

1949 1921 2183 1976 homine
2213 1921 2504 1991 Africano,
2539 1922 2705 1990 cujus
2737 1919 2818 1973 rei
2849 1926 2938 1973 est
2966 1935 3082 1972 non
3112 1919 3232 1973 leve
3263 1919 3320 1972 in
3355 1917 3590 1973 horrido

421 1988 649 2036 auctore
679 1982 876 2036 horum
905 1982 1167 2036 Actorum
1191 1982 1596 2052 expenduntur.

266 2095 364 2150 Sed
391 2095 462 2151 ad
506 2095 755 2150 alterum
786 2096 1120 2166 veniamus,
1153 2098 1306 2168 quod
1340 2102 1430 2152 est
1459 2097 1516 2151 in
1564 2114 1629 2152 eo
1679 2096 1840 2169 posi-

206 2189 311 2238 tum
345 2202 358 2239 :
393 2185 649 2240 fueritne
680 2185 752 2255 is,
779 2186 875 2256 qui
899 2184 1020 2241 huic
1043 2189 1187 2240 Acta
1207 2185 1458 2257 collegit,
1483 2184 1569 2240 vel
1595 2187 1844 2258 scriptbr

207 2287 231 2326 e
257 2273 735 2329 Montanistarum
772 2279 953 2345 secta,
980 2274 1068 2329 vel
1101 2274 1257 2330 idem
1294 2275 1417 2346 ipse
1446 2275 1842 2330 Tertullianus

205 2362 338 2432 quod
369 2367 693 2434 utrumque
717 2362 1024 2418 Whistono
1056 2362 1279 2441 placet;
1314 2367 1468 2418 recte
1501 2363 1762 2432 quidem,
1793 2371 1844 2425 si

204 2452 262 2504 de
286 2450 376 2507 illo
407 2453 725 2524 queritur;
767 2451 818 2507 si
863 2452 934 2507 de
980 2451 1108 2523 ipso
1140 2452 1522 2518 Tertulliano,
1553 2452 1724 2524 longe
1757 2469 1847 2508 se—

203 2555 306 2594 cus.
331 2540 472 2596 Illud
512 2540 698 2612 igitur
726 2542 1001 2612 superius
1027 2539 1196 2613 plane
1220 2540 1532 2596 Whistono
1555 2542 1847 2597 assentior

200 2630 703 2702 propterea,quod
763 2633 820 2686 et
877 2629 978 2685 ille
1035 2630 1289 2702 scriptor
1340 2630 1424 2702 (in
1483 2623 1846 2694 Przefatione)

199 2720 498 2788 prophetia:
530 2721 614 2774 ait
641 2735 700 2774 se
739 2727 791 2775 et
835 2721 1074 2775 visiones
1101 2735 1271 2776 novas
1321 2735 1607 2791 agnoscere
1647 2723 1699 2774 et
1750 2720 1843 2773 ho-

201 2822 399 2879 norare,
431 2807 595 2863 unde
626 2824 687 2863 se
709 2813 765 2863 et
797 2808 1010 2864 fatetur
1038 2825 1179 2864 nova
1210 2809 1332 2866 haec
1352 2809 1672 2864 documenta
1701 2825 1848 2864 mar.

261 2932 364 3001 (43)
395 2932 569 2999 Sunt,
605 2948 732 3002 quae
773 2949 839 2987 ex
889 2932 1000 2988 hac
1051 2937 1346 3005 Perpetuos
1396 2933 1592 2988 fabula
1643 2949 1847 3005 occur:

202 3009 324 3076 runt
352 3021 464 3058 non
505 3005 634 3059 sine
665 3020 880 3075 magna
912 3005 1133 3060 ratione
1157 3004 1438 3060 adversus
1470 3022 1538 3059 ea
1566 3022 1693 3076 quae
1727 3004 1848 3059 dixi

204 3073 573 3144 disputanda,
609 3080 664 3130 et
709 3073 973 3131 adhibita
1007 3077 1180 3131 etiam
1216 3077 1399 3132 multo
1431 3093 1561 3130 cum
1583 3073 1846 3146 'ingenio

201 3146 668 3219 alaudatissimo
708 3147 969 3202 historias
1014 3148 1506 3203 Montanistarum
1540 3149 1844 3219 scriptore,

203 3217 441 3288 Theoph.
477 3219 982 3291 \Vernsdorﬁfo,§
1015 3220 1096 3283 18,
1128 3221 1344 3290 quibus
1382 3220 1624 3275 breviter
1655 3217 1843 3290 placet

200 3294 249 3342 et
283 3291 549 3346 modeste
601 3293 970 3362 respondere.
1005 3298 1195 3362 Atque
1226 3291 1364 3346 mihi
1416 3307 1532 3345 non
1584 3299 1842 3347 contem-

202 3361 376 3433 nenda
419 3363 669 3416 omnino
701 3361 988 3426 videntur,
1023 3361 1148 3433 quae
1178 3369 1435 3418 veterum
1472 3363 1737 3416 nonnulli
1772 3364 1842 3418 de

201 3431 444 3506 adhibito
484 3450 529 3506 ξι
576 3434 946 3489 Montanistis
977 3431 1250 3490 in'sacris
1283 3434 1473 3506 epulis
1521 3451 1688 3489 caseo
1721 3441 1840 3490 tra-

200 3502 347 3577 dunt,
377 3505 542 3560 unde
588 3521 799 3560 nomen
847 3502 1660 3577 Artotyritarum'traxerunt.
1697 3507 1841 3563 Nam

201 3575 410 3654 etiamsi
444 3577 598 3654 illud
628 3576 915 3654 ineptede
946 3575 1120 3654 modo
1151 3595 1327 3654 sacrae
1351 3581 1532 3654 Coenze
1556 3580 1708 3650 apud
1743 3594 1842 3654 eos

203 3645 432 3719 dicatur,
469 3645 761 3718 longeque
818 3648 963 3702 illud
1025 3650 1357 3719 praeclarius
1417 3645 1610 3704 etiam'
1640 3667 1673 3704 a
1719 3650 1842 3703 viro

201 3716 348 3774 docto
378 3720 453 3775 ad
487 3716 714 3791 agapas
743 3716 1222 3775 Montanistarum
1256 3730 1312 3776 et
1341 3721 1665 3776 oblationes
1697 3722 1841 3775 refe-

203 3795 612 3869 ratur,_nostra
641 3796 860 3869 tamen
885 3809 1064 3869 causa
1119 3792 1265 3848 nihil
1325 3793 1584 3869 postulat
1611 3792 1838 3869 _r_nagis.

204 3861 302 3936 nisi
333 3867 404 3936 ut
434 3879 587 3936 usus
637 3863 790 3936 casei
847 3863 939 3918 his
995 3880 1196 3919 eorum
1245 3861 1449 3936 agapis
1495 3861 1840 3936 vindicetur,

205 3933 348 4007 Quod
380 3935 508 4007 fieri
560 3935 728 3990 facile
759 3941 946 4005 potest
980 3952 1093 3991 non
1127 3933 1311 3991 modo
1338 3933 1662 4007 propterea,
1686 3935 1841 4005 quod

204 4004 350 4079 nulla
379 4006 498 4061 alia
532 4007 697 4061 reddi
739 4004 885 4061 ratio
937 4013 1125 4078 potest
1154 4004 1398 4079 origin—is
1428 4004 1549 4062 tam
1584 4004 1842 4061 ridiculae

201 4076 369 4150 culpae
407 4085 594 4149 atque
641 4076 996 4150 cognomini,
1029 4081 1129 4134 sed
1175 4076 1330 4150 quod
1379 4080 1556 4135 etiam
1591 4083 1840 4146 constat,

199 4147 578 4204 lontanisfas
607 4147 1097 4220 xerOphagiarum
1133 4147 1605 4207 studiosissimos
1637 4150 1840 4215 fuisse,

203 4221 340 4275 unde
372 4239 479 4276 nec
514 4220 679 4276 lauta
728 4221 908 4276 fuisse
940 4238 1141 4276 eorum
1189 4241 1354 4279 sacra
1386 4223 1648 4278 convivia
1680 4221 1844 4277 facile

201 4290 571 4368 intelligitur;
611 4309 795 4363 eoque
837 4293 966 4347 cibo
997 4294 1174 4355 tenui,
1214 4294 1404 4368 qualis
1459 4311 1664 4368 caseus
1694 4297 1843 4357 erat,

203 4364 537 4443 Perpetuam
567 4380 805 4443 quoque
834 4372 1190 4443 ceterosque
1208 4364 1492 4438 martyres
1525 4367 1582 4419 in
1615 4382 1844 4443 carcere

200 4435 381 4500 etiam,
413 4453 554 4492 cum
590 4435 781 4508 ’veluti
831 4453 1049 4508 agapas
1099 4435 1404 4505 haberent,
1452 4455 1602 4508 usos
1642 4437 1842 4501 fuisse,

203 4521 302 4560 non
340 4508 536 4580 magis
577 4507 884 4580 dubitabit
933 4509 1053 4578 qui,
1087 4526 1263 4580 quam
1315 4507 1665 4564 miserabilis
1715 4525 1843 4564 sors

202 4591 389 4634 eorum
439 4579 502 4634 in
534 4579 789 4634 vinculis
838 4580 1034 4647 fuerit,
1067 4579 1135 4636 ex
1189 4581 1344 4637 Actis
1390 4580 1505 4636 illis
1553 4580 1839 4636 didicerit.

199 4650 294 4719 Sed
325 4653 483 4719 quod
519 4649 682 4704 illam
718 4667 838 4706 rem
889 4635 1338 4709 adbivhnerimus
1364 4654 1433 4707 ad
1469 4635 1843 4707 efﬁciendum
1873 4635 1921 4700 D

201 4717 394 4776 horum
445 4728 822 4797 martyrum,_
857 4721 1149 4797 imprimis
1198 4726 1516 4797 Perpetua,
1552 4725 1844 4797 Montani-

203 4805 405 4866 smum,
439 4793 691 4866 convelli
733 4793 962 4848 videtur
1008 4795 1102 4860 iis,
1136 4813 1265 4866 qua:
1310 4793 1398 4852 vir
1447 4797 1688 4851 doctiss.
1722 4796 1760 4850 l.
1795 4813 1843 4850 c.

204 4863 417 4938 attulit;
471 4865 732 4938 primum
780 4868 1089 4938 Augustali
1121 4863 1186 4924 ac
1214 4867 1557 4924 Tertulliani
1589 4867 1848 4923 auctori-

205 4935 326 5012 tate,
349 4934 610 5012 quorum
644 4936 793 4991 alter
821 4934 980 4992 illam
1016 4943 1314 5011 Perpetuus
1332 4941 1616 4996 visionem
1650 4939 1849 4995 lauda-

205 5008 289 5072 vit,
337 5008 490 5062 alter
545 5024 662 5062 non
719 5008 1197 5067 commemaravit
1254 5013 1309 5066 in
1361 5013 1463 5067 lib.
1514 5012 1578 5066 de
1631 5013 1840 5066 Anima.

203 5075 446 5151 Quorum
513 5086 815 5143 neutrum,
875 5082 1100 5151 opinor,
1152 5085 1598 5140 admirationem
1654 5084 1844 5138 habet.

200 5146 592 5227 Tertullianus
661 5155 840 5219 enim,
883 5146 1152 5227 dubitari
1211 5162 1436 5227 potest,
1498 5172 1638 5210 num
1698 5156 1847 5209 hanc

198 5224 514 5298 ipsam,_de
559 5241 680 5294 qua
711 5224 1020 5298 quaeritur,
1052 5224 1334 5282 visionem
1383 5227 1844 5298 significaverit:

199 5307 396 5371 cum}.
420 5295 714 5371 Perpetua
746 5311 860 5371 non
910 5295 1022 5371 nisi
1052 5304 1335 5371 martyres
1364 5295 1728 5369 in‘paradiso
1760 5297 1848 5371 vi-

199 5377 287 5416 sos
319 5365 508 5441 fuisse
541 5365 914 5441 dicat,_cujus
945 5369 1024 5441 rei
1060 5365 1372 5441 quis-forte
1397 5365 1755 5426 mentionem
1787 5369 1846 5424 in

199 5441 391 5491 nostra
442 5438 666 5492 visione
718 5437 1103 5506 desiderabit;
1155 5459 1342 5506 neque
1391 5444 1439 5498 is
1487 5443 1558 5496 ad
1607 5457 1844 5496 causam

198 5520 378 5589 suam,
401 5525 538 5589 quae
560 5509 727 5589 unice
758 5509 815 5589 in
840 5514 1157 5589 asserenda
1176 5509 1695 5589 solismartyribus
1715 5518 1848 5568 ante

198 5577 472 5634 ultimum
512 5579 721 5650 judicii
752 5580 906 5634 diem
939 5584 1191 5652 perfecta
1241 5577 1515 5641 felicitate
1561 5589 1846 5651 versatur,

198 5654 321 5718 apte
352 5656 865 5728 congruenterque
891 5668 929 5728 _a
959 5657 1240 5727 Perpetua
1275 5662 1579 5728 sumptum
1611 5672 1846 5728 caseum

201 5726 765 5783 commemoraturus
821 5724 1492 5801 fuisset.'Augustinum
1533 5743 1690 5796 vero,
1745 5727 1848 5800 qui

1947 2013 2216 2066 Afrorum
2248 2010 2478 2064 dicendi
2502 2025 2709 2080 genere
2731 2008 2825 2062 hic
2852 2007 3115 2063 adhibito
3135 2008 3550 2062 documentum
3578 2021 3591 2060 :

1950 2101 2208 2172 itemque
2240 2098 2424 2153 multa
2444 2100 2658 2153 adsunt
2689 2098 2860 2152 verba
2893 2096 3204 2152 familiaria
3235 2098 3334 2151 illa
3355 2095 3593 2167 quidem

1951 2189 2307 2245 Tertulliano
2331 2190 2508 2259 (quod
2550 2186 2819 2258 pluribus
2863 2185 3145 2257 exemplis
3177 2185 3428 2256 probant
3456 2183 3591 2239 Hol-

1953 2278 2230 2334 stenianze
2264 2278 2335 2332 ad
2391 2277 2510 2331 haec
2556 2279 2699 2330 Acta
2747 2278 2946 2344 notm);
2997 2281 3313 2346 postremo,
3349 2275 3597 2345 scriptor

1952 2368 2063 2424 fuit
2112 2367 2267 2421 haud
2316 2365 2491 2420 dubie
2531 2363 2788 2419 eschola
2839 2365 3319 2435 Montani,quam
3371 2362 3596 2433 primus

1955 2458 2063 2512 hoc
2095 2457 2230 2523 fere,
2265 2472 2380 2526 quo
2414 2455 2508 2509 isti
2555 2459 2838 2525 martyres
2870 2453 3203 2524 interempti
3253 2459 3412 2518 sunt,
3446 2459 3596 2505 tem-

1955 2563 2093 2619 pore
2133 2544 2530 2600 Tertullianus
2580 2543 2638 2596 in
2692 2543 2884 2597 Africa
2942 2541 3308 2613 propagavit;
3361 2555 3596 2595 necesse

1956 2642 2046 2690 est
2094 2635 2272 2706 igitur
2312 2631 2655 2687 Tertulliani
2707 2631 2881 2686 etiam
2931 2631 3052 2685 haec
3092 2632 3235 2685 Acta
3282 2647 3429 2685 esse.
3463 2629 3597 2692 Quae

1956 2724 2154 2780 omnia
2198 2722 2365 2789 nihil,
2398 2722 2446 2776 si
2495 2721 2634 2793 quid
2666 2721 2848 2788 video,
2882 2721 3110 2790 docent,
3143 2719 3257 2774 nisi
3287 2717 3598 2774 Tertullia-

1957 2831 2098 2869 num
2127 2829 2254 2868 esse
2289 2828 2461 2882 posse
2491 2826 2650 2878 eum,
2681 2808 2770 2863 cui
2808 2807 3032 2863 collecti
3081 2808 3139 2862 hi
3189 2805 3599 2863 commentarii

1955 2938 2014 2992 in
2047 2937 2320 2992 laudibus
2352 2935 2644 3006 Perpetua:
2668 2937 2842 3006 totus
2872 2936 2977 2999 est,
3012 2932 3243 3002 alioque
3274 2933 3445 2986 modo
3478 2936 3599 2985 tra-

1955 3010 2133 3064 ditam
2167 3009 2250 3062 illi
2291 3004 2781 3061 casei‘bucellam
2831 3004 3267 3073 interpretatur,
3303 3020 3435 3057 eum
3468 3019 3600 3057 vero

1957 3082 2088 3151 quis
2119 3081 2266 3134 hanc
2301 3095 2420 3151 rem
2467 3083 2660 3133 tamen
2701 3076 2972 3151 laudasse
2992 3075 3486 3151 _mirabitur_?_Sed
3521 3073 3604 3151 al-

1958 3145 2142 3206 terum
2176 3150 2410 3222 gravius
2444 3155 2560 3217 est;
2591 3147 3333 3222 Augustinusillamcasei
3368 3145 3601 3222 huccel-

1958 3223 2072 3279 lam
2107 3218 2339 3295 signum
2375 3225 2537 3292 putat
2559 3218 2748 3295 fuisse
2781 3219 3108 3295 dulcedinis
3140 3218 3433 3295 felicitatis
3469 3221 3604 3295 Per-

1957 3289 3092 3367 petuus:istamqueinterpretationem
3143 3291 3435 3367 persuasit
3481 3289 3603 3367 viro

1951 3362 2048 3432 (31.,
2085 3373 2186 3438 qui
2220 3362 2452 3421 omnem
2476 3363 2654 3438 illam
2700 3363 3212 3438 significationem:
3245 3363 3448 3438 mortis
3480 3362 3600 3438 vio-

1951 3432 2119 3494 lenta?
2151 3453 2408 3509 quaerere
2440 3435 2667 3490 videtur
2697 3435 2755 3488 in
2809 3434 2966 3488 scala
2997 3433 3097 3509 illa
3126 3432 3334 3504 spinis,
3367 3432 3599 3504 gladiis,

1952 3507 2198 3580 aliisque
2231 3508 2477 3575 munita,
2509 3525 2607 3578 per
2638 3521 2812 3580 quam
2836 3507 3280 3580 accendendum
3305 3509 3599 3580 Perpetuis

1953 3576 2121 3648 eratf
2139 3598 2345 3636 caseus
2376 3576 2523 3634 vero
2562 3595 2665 3632 cur
2712 3577 3012 3632 adhibitus
3043 3577 3120 3632 sit
3170 3578 3240 3631 ad
3289 3576 3600 3648 sempiter-

1952 3671 2090 3708 nam
2133 3652 2465 3708 felicitatem
2513 3651 3003 3714 adumbrandam,
3038 3648 3319 3704 rationem
3371 3647 3510 3702 dicit
3541 3648 3599 3701 in

1952 3725 2078 3795 lege
2118 3724 2530 3795 persequenda)
2582 3721 3174 3795 metaphoramductae
3223 3721 3294 3775 ab
3340 3719 3602 3795 imagine

1952 3791 2233 3864 Pastoris,
2283 3791 2483 3850 fuisse.
2519 3795 2585 3847 At
2631 3808 2756 3864 ego,
2789 3793 2839 3848 si
2880 3794 3056 3864 nulla
3105 3791 3238 3861 alia,
3296 3792 3408 3846 nisi
3458 3791 3602 3858 haec,

1953 3869 2160 3924 fuisset
2215 3865 2570 3938 sumptionis
2632 3863 2783 3919 casei
2843 3863 3222 3934 signiﬁcatio,
3281 3879 3601 3938 quaererem

1954 3941 2092 4013 quid
2121 3945 2294 4008 esset,
2327 3932 2478 4013 quod
2508 3937 2830 4013 _Perpetuze
2858 3932 3064 4013 caseus
3085 3953 3130 4013 _a
3160 3932 3415 4013 Pas_tOre_
3449 3932 3600 4013 mul-

1952 4004 2122 4084 gente
2171 4004 2379 4066 fuisset
2410 4004 2681 4084 oblatus,
2713 4025 2825 4062 non
2884 4006 3354 4084 aliquid___potius
3402 4004 3594 4084 lactis,

1953 4076 2116 4157 quod,
2153 4087 2307 4157 esset
2355 4082 2426 4136 ad
2461 4081 2793 4157 felicitatem
2813 4076 3078 4157 coalestis
3106 4076 3602 4157 Qhanaan_,me|le

1952 4147 2122 4230 quasi
2175 4162 2232 4230 et
2277 4154 2426 4230 lacte
2454 4150 3226 4230 _ﬂuentis,_adumbranda_m
3273 4147 3600 4230 multonac-

1953 4219 2421 4284 commodatius?
2453 4223 2670 4278 Deinde
2702 4223 2860 4276 dicat
2900 4222 3042 4276 mihi
3077 4222 3230 4292 quis,
3256 4235 3436 4291 quare
3470 4219 3600 4292 Per:-

1954 4305 2130 4374 petua
2161 4299 2266 4354 hoc
2296 4301 2714 4374 commemoret
2744 4295 3036 4374 objectum
3073 4290 3250 4374 menti
3283 4290 3423 4374 eum,
3447 4290 3601 4374 quod

1951 4363 2127 4428 istam
2159 4372 2307 4425 casei
2356 4369 2621 4422 bucellam
2672 4363 2936 4437 acceperit
2970 4366 3182 4437 junctis
3226 4363 3481 4418 manibus
3514 4363 3602 4432 (ex

1954 4461 2115 4499 more
2149 4444 2206 4496 in
2259 4458 2422 4496 coena
2451 4456 2616 4494 sacra
2649 4439 2800 4508 apud
2837 4444 3058 4492 veteres
3107 4437 3459 4491 christianos
3509 4451 3602 4508 re-

1953 4514 2141 4588 cepto)
2164 4524 2217 4569 et
2247 4513 2489 4588 universi
2507 4505 3114 4588 circanam-uteaAmen
3137 4511 3409 4588 dixerint,
3433 4505 3604 4588 cujus

1952 4578 2237 4644 anullam
2287 4585 2572 4640 rationem
2606 4583 2742 4636 dare
2795 4583 2978 4652 possit
3009 4582 3324 4652 quisquam
3375 4578 3601 4652 dubito,

1955 4661 2068 4715 nisi
2102 4658 2234 4730 quis
2261 4673 2460 4730 cauare
2482 4658 2686 4730 nostrai
2713 4650 2916 4709 faveat.
2934 4650 3211 4730 Denique
3235 4651 3419 4730 siista
3449 4650 3606 4705 casei

1956 4725 2224 4802 sumptio,
2245 4728 2465 4802 aliquid
2519 4727 2576 4780 in
2621 4742 2796 4795 regno
2847 4725 3058 4802 caelesti
3108 4729 3402 4802 Perpetua:
3433 4738 3604 4802 even-

1956 4746 2213 4802 sumptio
2245 4746 2465 4852 alHFIIG
2519 4746 2576 4780 1n
2621 4746 2796 4795 regno
2847 4746 3058 4780 C(BIBSU
3108 4746 3402 4795 r'erpeium
3433 4746 3604 4776 even-

1954 4810 2145 4859 turum
2182 4801 2330 4868 signi
2360 4804 2493 4862 icat,
2529 4804 2584 4852 et
2623 4813 2846 4851 omnem
2899 4799 3046 4851 forte
3095 4798 3408 4852 adumbrat
3435 4793 3605 4864 Agni,

1956 4875 2311 4944 descriptam
2345 4873 2404 4924 in
2435 4868 2773 4944 Apocalypsi
2797 4869 3060 4944 Joannis,
3091 4885 3158 4944 ex
3182 4885 3304 4944 qua
3337 4869 3454 4922 fere
3485 4883 3607 4920 om-

1959 4965 2061 5002 nes
2093 4940 2227 5001 su'nt
2261 4944 2381 4997 ista:
2414 4941 2666 4995 visiones
2697 4940 2754 4994 in
2788 4942 2943 4994 Actis
2975 4940 3229 4995 laudatis
3255 4941 3602 5007 desumpta,

1956 5017 2373 5075 Montanistam
2407 5013 2455 5067 si
2490 5011 2702 5066 dixeris
2745 5015 3112 5082 Perpetuam,
3145 5011 3330 5066 multo
3380 5009 3594 5082 facilio.

1956 5108 2076 5146 rem
2111 5089 2286 5144 habet
2316 5083 2750 5153 cogitationem,
2785 5080 2958 5154 quam
3012 5085 3083 5139 ob
3130 5102 3251 5139 rem
3287 5084 3355 5138 ad
3385 5082 3494 5138 hoc
3523 5080 3602 5136 ei—

1955 5162 2350 5232 gnificandum
2384 5157 2534 5232 casei
2573 5155 3076 5232 buccella‘tradita
3124 5155 3210 5232 illi
3255 5156 3444 5232 fuerit,
3472 5169 3605 5208 cum

1957 5227 2143 5302 casco,
2177 5234 2262 5287 uti
2297 5230 2575 5295 diximus,
2610 5227 2999 5302 Montaniana
3021 5227 3339 5302 in_Agap_is
3370 5232 3607 5302 uteren-

1957 5313 2086 5371 tur;
2122 5298 2180 5361 at
2210 5305 2256 5359 si
2292 5302 2457 5356 illum
2490 5317 2722 5355 caseum
2763 5317 2877 5354 non
2929 5299 3147 5370 aliquid
3178 5298 3428 5356 "coaleste
3460 5298 3607 5353 dicis

1958 5378 2286 5450 respicere,
2350 5372 2895 5450 sedkconjunctum
2939 5372 3213 5450 auidvis,
3250 5371 3408 5450 aliud
3471 5387 3604 5427 cum

1958 5443 2143 5505 morte
2173 5445 2426 5501 violenta
2470 5448 2788 5516 Perpetua).
2821 5443 3096 5516 explicari
3145 5445 3303 5500 istud
3354 5444 3547 5516 visum
3578 5456 3606 5495 e

1957 5538 2120 5577 coena
2151 5519 2335 5574 libera
2384 5515 2596 5588 potest,
2629 5533 2806 5587 quam
2855 5515 2996 5572 Acta
3047 5516 3147 5572 illa
3179 5516 3424 5588 (sect.78)
3459 5515 3606 5588 refe-

1957 5598 2094 5649 runt
2125 5586 2430 5662 martyres,
2465 5586 2857 5664 pridie’quam
2905 5586 3195 5664 supplicia
3224 5586 3601 5649 sustinerent,

1955 5670 2241 5738 tanquam
2273 5677 2496 5735 agapen
2531 5662 2879 5734 sumpsisse.
