4088 6192
435 307 551 365 223

1316 312 1831 375 DISSERTATIO
1876 314 1975 375 DE
2018 315 2367 378 SCRIPTIS
2408 317 2958 384 TERTULLIANI.

3716 331 3836 389 224

435 436 782 532 debeantur,
829 443 885 496 at
935 456 1070 499 eum
1119 444 1262 501 istos
1311 445 1486 502 etiam
1536 447 1887 516 condidisse,
1931 446 2075 503 illud
2107 453 2160 520 Α
2192 464 2366 520 quam
2398 451 2455 506 in
2491 455 2818 527 pervagatis
2856 455 3010 527 aliis,
3034 458 3300 530 quamvis
3330 475 3408 515 eis
3446 460 3680 532 quidem
3712 478 3837 518 ma-

432 526 775 584 Whistonus
807 547 918 586 non
959 538 1048 588 est
1095 534 1224 590 istis
1254 538 1619 608 argumentis
1651 543 1975 593 assecutus.
2013 540 2077 593 Et

434 620 573 669 sunt
604 619 860 688 profecto
892 621 949 675 in
982 622 1073 678 bis
1118 642 1263 695 quae,
1297 642 1427 681 cum
1464 626 1597 682 ficta
1627 627 1745 682 sint
1776 628 1845 682 ad
1880 626 2073 682 libidi-

432 718 589 773 nem,
624 705 708 760 vel
752 708 887 777 plus
931 711 1189 767 efficiant
1220 731 1392 785 quam
1426 714 1579 783 velit,
1618 715 1761 770 nihil
1793 717 2071 771 efficiant.

430 790 575 846 Nam
608 800 664 848 et
693 795 837 851 illud
869 802 1332 859 commentitium
1367 810 1474 876 est,
1510 806 1592 859 uti
1625 805 1899 873 diximus,
1935 807 2072 861 Ter-

432 880 744 939 tullianum
780 888 1036 958 primum
1079 891 1453 949 Montanismi
1490 895 1547 949 in
1582 896 1775 950 Africa
1802 895 2071 951 dissemi-

431 970 551 1025 nati
588 972 766 1030 fuisse
797 987 1126 1047 auctorem;
1155 986 1210 1036 et
1239 983 1411 1037 verba
1441 984 1784 1039 Tertulliani
1816 1001 1949 1039 cum
1982 983 2073 1039 his

429 1060 592 1115 Actis
623 1066 979 1135 communia,
1005 1086 1118 1123 non
1151 1075 1289 1125 sunt
1320 1087 1383 1125 ex
1415 1072 1543 1143 ejus
1574 1073 1803 1142 quidem
1839 1072 2075 1144 propria

431 1147 658 1205 dicendi
690 1169 921 1224 genere,
945 1158 1044 1211 sed
1091 1175 1158 1213 ex
1203 1160 1492 1216 Africano.
1527 1163 1752 1217 Etenim
1803 1162 1851 1217 si
1905 1162 2074 1233 plura

427 1238 603 1293 verba
624 1257 748 1311 qua:
774 1249 912 1297 sunt
936 1244 994 1298 in
1019 1247 1360 1303 Tertulliani
1383 1251 1805 1306 consuetudine
1837 1251 2073 1321 loquen-

430 1328 487 1382 di
518 1332 912 1401 ostenderent,
947 1335 1140 1406 ipsum
1172 1338 1595 1395 Tertullianum
1637 1340 1754 1397 tale
1786 1343 2071 1413 scripturn

429 1422 852 1491 composuisse,
912 1432 1068 1480 certe
1126 1444 1361 1484 necesse
1419 1435 1592 1497 esset,
1652 1431 1825 1487 etiam
1882 1432 2072 1503 ipsius

428 1511 726 1579 Pcrpetuae
768 1514 1079 1585 Saturique
1132 1520 1585 1575 commentarios
1619 1539 1731 1577 non
1783 1523 1854 1577 ab
1904 1522 2071 1593 ipsis,

427 1598 529 1651 sed
564 1615 595 1653 a
626 1600 988 1659 Tertulliano
1031 1606 1212 1662 fuisse
1244 1610 1627 1681 compositos;
1677 1612 1864 1666 multa
1914 1612 2069 1666 enim

427 1691 585 1753 sunt,
620 1692 684 1741 ut
731 1689 1119 1749 Holstenianaa
1160 1697 1592 1755 observationes
1643 1700 1871 1767 docent,
1902 1717 2072 1755 voca-

426 1772 563 1829 bula
595 1775 651 1830 in
686 1778 801 1833 illis
832 1780 975 1851 ipsis
1006 1788 1445 1842 commentariis
1477 1806 1602 1859 quae
1634 1790 1691 1843 in
1726 1788 2069 1845 Tertulliani

424 1864 599 1919 etiam
632 1867 864 1939 scriptis
890 1873 1168 1942 reperias,
1203 1879 1391 1947 Atque
1421 1878 1645 1933 occurri
1676 1878 1849 1933 etiam
1884 1879 2073 1950 suspi-

424 1951 690 2010 cionibus
720 1956 1154 2016 Whistonianis
1202 1969 1392 2034 potest
1437 1968 1802 2039 argumentis
1842 1970 2068 2022 contra-

424 2040 548 2095 riis.
581 2043 726 2098 Nam
776 2045 833 2100 in
895 2047 1043 2104 libro
1096 2052 1165 2106 de
1220 2054 1438 2121 Anima,
1471 2072 1521 2110 ο.
1552 2057 1642 2127 55,
1674 2055 2070 2111 Tertullianus

425 2134 742 2201 quamdam
783 2136 1078 2209 Perpetuis
1110 2140 1395 2198 visionem
1430 2144 1488 2198 in
1523 2144 1611 2201 his
1658 2146 1820 2201 Actis
1865 2162 2068 2201 narra-

422 2222 542 2273 tam
576 2232 1013 2295 commemorat,
1037 2230 1319 2302 affertque
1345 2234 1414 2288 ad
1441 2235 1937 2306 eomprobandam
1971 2235 2071 2290 ali-

426 2324 603 2380 quam
636 2312 989 2383 doctrinam;
1024 2320 1172 2373 177
1209 2322 1308 2375 sed
1344 2339 1413 2377 ne
1441 2324 1680 2379 verbum
1712 2329 1801 2380 est
1829 2325 2066 2395 quidem

423 2396 657 2470 ibi,quo
680 2418 741 2457 se
773 2405 1113 2475 scriptorem
1144 2408 1349 2466 horum
1379 2417 1658 2468 Actorum
1692 2413 2066 2487 signiﬁcaret,

425 2489 580 2558 quod
630 2497 732 2545 aut
787 2494 989 2550 dubito
1048 2499 1321 2567 quin,uti
1381 2501 1548 2569 solet,
1574 2505 1835 2559 facturus
1891 2509 2065 2573 esset,

424 2576 474 2631 si
507 2578 631 2647 ipse
667 2581 917 2652 scriptor
966 2585 1144 2656 hujus
1191 2588 1445 2645 historia
1478 2592 1814 2647 exstitisset.
1848 2593 2068 2647 Deinde

423 2665 591 2731 nihil,
624 2672 688 2722 ut
732 2671 875 2725 mihi
907 2673 1155 2744 videtur,
1191 2694 1545 2750 quemquam
1579 2686 1804 2752 oportet
1850 2683 2068 2752 scripta

425 2754 770 2813 Tertulliani
816 2763 1171 2835 modumque
1201 2768 1431 2823 dicendi
1463 2772 1821 2841 cognovisse,
1846 2770 1947 2842 qui
1977 2770 2063 2826 di-

426 2859 553 2898 cere
585 2850 760 2913 ausit,
793 2865 979 2920 genus
1026 2853 1259 2910 dicendi
1308 2856 1473 2925 illud,
1506 2860 1660 2930 quod
1709 2865 1797 2915 est
1842 2861 1902 2914 in
1952 2861 2067 2915 ﬁne

423 2930 636 2988 horum
695 2942 1270 3010 commentariorum,
1317 2946 1495 3001 simul
1544 2964 1672 3004 esse
1718 2950 1867 3020 ejus,
1909 2950 2066 3021 quod

426 3018 557 3077 aliis
606 3023 665 3079 in
718 3027 953 3099 scriptis
985 3031 1327 3089 Tertulliani
1358 3018 1832 3107 deprehenditur.
1864 3018 2065 3110 Itaque

421 3110 732 3169 eximenda
761 3122 899 3172 sunt
941 3119 1054 3174 ista
1081 3122 1224 3177 Acta
1270 3139 1300 3178 e
1347 3124 1513 3180 libris
1561 3126 1927 3194 Tertulliani,
1961 3144 2067 3182 nec

2185 540 2275 610 gis
2306 539 2613 598 videantur
2651 545 2723 599 ad
2771 563 2943 601 usum
2996 565 3363 604 communem
3415 552 3831 620 accomodatae;

2184 655 2318 694 cum
2351 640 2408 695 in
2442 642 2536 698 his
2568 661 2775 715 parum
2810 646 2893 700 vel
2925 647 3071 703 nihil
3100 649 3179 704 sit
3210 652 3363 721 quod
3395 652 3663 724 effugerit
3691 652 3838 707 mul-

2185 732 2378 784 torum
2413 731 2802 804 diligentiam,
2835 736 2891 790 in
2934 736 3051 792 illis
3083 754 3314 811 semper
3344 740 3419 795 sit
3447 743 3597 812 quod
3630 742 3835 813 dispu-

2182 818 2293 871 tari
2336 820 2591 893 amplius
2641 824 2846 894 possit.
2902 827 2961 880 ln
3016 827 3190 884 rebus
3238 845 3370 885 vero
3430 830 3501 885 iis
3559 846 3683 901 quze
3717 848 3835 887 non

2184 911 2351 961 certae
2402 915 2564 979 sunt,
2612 915 2712 968 sed
2764 915 3143 985 probabiliter
3190 919 3631 985 constituendas,
3665 920 3835 990 longe

2184 997 2373 1067 major
2403 1004 2491 1054 est
2520 1002 2590 1056 ad
2640 1001 3072 1075 impetrandam
3104 1006 3465 1077 intelligendi
3518 1008 3838 1064 scribendi-

2183 1101 2296 1156 que
2325 1086 2668 1147 facultatem
2718 1109 2883 1162 usus,
2916 1111 3094 1165 quam
3129 1096 3188 1152 in
3219 1097 3391 1151 certis
3422 1102 3479 1152 et
3508 1099 3676 1169 quasi
3714 1106 3833 1153 ‘ne-

2181 1177 2473 1243 cessariis,
2506 1184 2831 1252 propterea,
2856 1184 3009 1254 quod
3041 1183 3151 1239 illis
3176 1185 3392 1241 multas
3418 1184 3632 1241 habent
3652 1186 3833 1242 veluti

2181 1264 2419 1333 formas,
2454 1276 2507 1321 et
2556 1269 2796 1341 cogitari
2828 1288 2893 1327 ac
2923 1273 3212 1345 disputari
3252 1276 3311 1329 in
3346 1280 3651 1348 utramque
3698 1292 3832 1346 par-

2180 1358 2299 1408 tem
2332 1364 2605 1424 possunt,
2637 1361 2791 1430 quod
2836 1378 3110 1433 magnam
3144 1363 3359 1419 habere
3389 1365 3505 1420 vim
3536 1367 3608 1419 ad
3640 1365 3833 1436 impe-

2181 1446 2449 1500 trandam
2483 1447 2672 1519 ipsam
2706 1449 3067 1523 intelligendi
3089 1454 3472 1508 subtilitatem
3497 1454 3719 1508 dudum
3741 1458 3835 1509 est

2182 1532 2623 1606 rectissimeque
2654 1554 2687 1591 a
2714 1539 3007 1595 veteribus
3058 1542 3363 1596 traditum.
3398 1542 3507 1597 Sed
3544 1543 3679 1613 quid
3721 1559 3831 1614 ego

2183 1621 2452 1677 universa
2494 1627 2856 1695 conquiram,
2891 1645 3021 1683 cum
3063 1633 3120 1684 et
3166 1646 3403 1701 Operam
3451 1631 3734 1695 dederim,
3766 1636 3834 1684 ut

2181 1709 2293 1780 ipsi
2326 1727 2539 1781 causae,
2570 1720 2856 1783 quantum
2907 1717 3031 1771 ﬁeri
3080 1723 3322 1788 poterat,
3355 1718 3563 1789 aliena,
3597 1735 3701 1774 nec
3738 1724 3832 1773 ta-

2102 1838 2149 1901 B
2184 1814 2315 1854 men
2358 1818 2390 1855 a
2434 1804 2732 1873 proposito
2790 1806 2972 1861 nimis
3032 1807 3312 1877 sejuncta,
3370 1807 3827 1878 interponercm,

2182 1897 2399 1966 quibus
2431 1898 2801 1970 aliquantum
2826 1902 3079 1957 satietati
3103 1903 3385 1958 similium
3408 1920 3603 1959 rerum
3636 1905 3831 1960 mede-

2181 2002 2293 2052 rer,
2326 1992 2405 2041 eti
2431 1988 2514 2042 uti
2561 1989 2733 2045 liceat
2778 1991 3078 2063 exemplis,
3118 1993 3333 2063 quibus
3386 1992 3730 2060 declaretur,
3763 2010 3830 2047 ca

2181 2091 2307 2146 quae
2340 2077 2624 2145 didimus,
2651 2095 2989 2151 quanquam
3028 2080 3243 2136 leviora
3278 2082 3445 2151 forte,
3468 2087 3665 2137 tamen
3698 2097 3829 2137 esse

2180 2165 2531 2233 necessaria,
2565 2166 2613 2221 si
2648 2168 2781 2239 quis
2812 2170 3052 2240 majoris
3094 2170 3375 2225 momenti
3407 2170 3563 2226 locos
3593 2170 3730 2225 velit
3758 2187 3831 2225 ex

2179 2252 2426 2309 historia
2456 2272 2623 2310 sacra
2651 2262 2939 2313 excutere.
2976 2262 3038 2312 In
3069 2259 3281 2329 quibus
3313 2259 3598 2331 ponendis
3628 2275 3743 2314 non
3776 2258 3829 2314 is

2178 2358 2283 2414 ego
2316 2360 2469 2413 sum,
2495 2346 2593 2415 qui
2625 2345 2798 2399 velim
2830 2347 2982 2402 viros
3013 2348 3216 2402 doctos
3245 2347 3690 2417 reprehendere,
3723 2348 3827 2402 sed

2179 2448 2384 2502 pauca,
2420 2450 2547 2505 quas
2578 2451 2691 2489 non
2726 2435 2972 2491 multum
3006 2436 3288 2506 quaarenti
3321 2441 3654 2504 occurrunt,
3687 2437 3825 2491 aﬂ‘e-

2178 2536 2325 2589 ram,
2360 2527 2424 2576 ut
2456 2539 2599 2577 usus
2651 2528 2843 2578 tamen
2897 2525 3074 2595 hujus
3124 2525 3541 2597 disputationis
3568 2525 3825 2595 quodam

2179 2611 2351 2666 modo
2402 2612 2780 2683 intelligatur.
2815 2613 3148 2686 Disputant,
3184 2615 3336 2669 178
3368 2620 3432 2669 ut
3480 2615 3552 2669 ab
3590 2615 3698 2670 hoc
3728 2631 3826 2669 or-

2177 2700 2324 2769 diar,
2348 2701 2454 2755 viri
2486 2702 2641 2757 docti
2674 2702 2815 2773 quid
2847 2720 3039 2759 causae
3069 2704 3241 2759 fuerit
3264 2709 3324 2759 ut
3354 2721 3417 2760 se
3450 2704 3827 2760 Montanistis

2176 2786 2552 2843 Tertulliauis
2603 2790 2968 2862 adjungeret,
2999 2790 3059 2845 in
3093 2791 3308 2863 quibus
3356 2790 3526 2846 multi
3581 2790 3824 2845 audien-

2176 2875 2317 2930 dum
2352 2877 2767 2947 Hieronymum
2810 2884 3035 2950 putant,
3069 2880 3168 2951 qui
3202 2881 3334 2935 odio
3382 2880 3684 2935 doctorum
3717 2879 3822 2934 Ec-

2176 2964 2363 3020 clesiae
2430 2966 2702 3022 Romanae
2765 2968 2845 3023 ait
2908 2969 3210 3024 incensum
3280 2985 3413 3024 eum
3474 2967 3827 3023 valedixisse

2176 3056 2473 3111 communi
2513 3056 2806 3125 Ecclesiae;
2849 3058 3025 3129 quod,
3062 3063 3125 3113 ut
3172 3057 3287 3114 alia
3338 3062 3697 3127 praeteream,
3730 3056 3825 3110 vix

2178 3150 2266 3201 est
2322 3145 2618 3213 credibile,
2670 3152 2995 3218 propterea,
3045 3149 3201 3218 quod
3260 3148 3491 3220 magnis
3547 3146 3825 3202 laudibus

425 3214 663 3309 {923399
719 3209 808 3259 θεῖ
865 3206 1045 3278 igitur
1093 3211 1165 3264 de
1210 3212 1341 3282 ipsa
1386 3231 1590 3269 30mm
1645 3220 1810 3271 atate
1857 3216 2064 3288 dispu‘
2097 3204 2139 3271 Ο
2178 3237 2478 3291 Romanam
2510 3204 2804 3291 Ecclesium
2850 3236 2908 3291 in
2960 3204 3107 3291 1}on
3139 3237 3204 3293 de
3232 3204 3574 3309 Ρνᾶεέενίρίη
3607 3236 3828 3291 Monta-

424 3289 566 3342 tare.

459 3410 488 3491 §
517 3412 570 3466 6.
592 3444 663 3503 ςέ-
685 3416 831 3503 'Usus
857 3421 1323 3503 unipersae‘hujus
1358 3426 1743 3503 disputationis
1772 3432 2035 3503 exemplis

577 3501 649 3540 ex
676 3487 911 3546 historia
942 3487 1254 3551 Christiana
1283 3487 1458 3553 ductis
1487 3502 1914 3559 demonstratur.

494 3592 697 3663 Atque,
731 3595 869 3651 dum
919 3614 1024 3653 nos
1073 3600 1248 3658 ﬁnem
1299 3605 1593 3662 scribendi
1640 3609 1910 3673 facimus,
1953 3629 2069 3668 non

424 3679 767 3772 dubitamus
806 3685 946 3753 fore,
981 3688 1199 3759 quibus
1230 3694 1420 3750 omnis
1468 3695 1588 3753 haac
1635 3715 1827 3769 opera,
1861 3700 2071 3772 dispu-

423 3767 619 3857 tandis
650 3768 743 3825 his
775 3773 948 3828 rebus
986 3775 1276 3848 impensa,
1312 3780 1455 3838 levis
1489 3767 1758 3857 maleque
1791 3767 2073 3844 collocata

424 3854 709 3912 videatur.
731 3858 880 3914 Sunt
908 3863 1062 3919 enim
1096 3867 1194 3936 qui
1224 3868 1311 3924 vel
1345 3854 1833 3931 contemnendam
1867 3882 2073 3947 putent

425 3958 658 4000 omnem
678 3947 1135 4019 disputationem
1157 3972 1280 4027 quae
1299 3966 1565 4015 versatur
1584 3962 1643 4017 in
1668 3963 1840 4019 rebus
1862 3982 2070 4036 parum

424 4033 595 4089 certis
626 4040 681 4091 et
720 4043 1119 4112 exsanguibus
1164 4048 1417 4117 quodam
1469 4052 1664 4120 modo,
1696 4053 1781 4108 vel
1830 4033 1928 4109 eas
1981 4071 2073 4111 res

423 4138 674 4193 quarum
708 4144 852 4183 usus
884 4147 945 4186 se
979 4149 1093 4187 non
1125 4135 1313 4204 prima
1342 4139 1509 4208 quasi
1541 4140 1729 4197 fronte
1760 4143 1945 4211 offert,
1971 4144 2068 4199 sed

423 4217 866 4282 perreconditus
924 4226 1032 4287 est,
1071 4223 1231 4277 omni
1283 4225 1533 4283 utilitate
1580 4229 1891 4286 destitutas
1941 4248 2072 4302 pro-

425 4302 718 4359 nuntient.
753 4307 978 4371 Quibus
1017 4326 1319 4369 occurrere
1367 4332 1672 4387 possemus
1723 4336 2071 4391 magnorum

422 4388 680 4479 virorum
731 4398 1035 4469 exemplis,
1070 4402 1285 4472 quibus
1317 4403 1374 4458 in
1407 4404 1516 4460 hoc
1563 4424 1775 4478 genere
1805 4388 2074 4479 disputa-

422 4476 652 4533 tionum
683 4485 871 4539 vesari
918 4491 1086 4559 turpe
1136 4508 1250 4546 non
1291 4492 1402 4548 fuit
1430 4476 1645 4566 visum,
1680 4500 1737 4551 et
1784 4496 2075 4567 praeclaris

2181 3325 2391 3381 nistico
2441 3324 2559 3394 illo,
2611 3325 2695 3380 uti
2742 3324 3021 3396 diximus,
3054 3327 3425 3399 persequitur
3462 3328 3535 3399 (c.
3569 3327 3690 3398 36);
3724 3341 3834 3381 nec

2180 3414 2240 3468 in
2267 3431 2332 3469 eo
2362 3415 2623 3470 adversus
2666 3420 2959 3483 Praxeam,
2986 3432 3035 3471 c.
3064 3419 3114 3485 1,
3139 3418 3238 3472 ubi
3269 3416 3646 3472 vehementer
3674 3432 3840 3484 cum,

2180 3502 2603 3559 adulterantem
2630 3503 2790 3560 illam
2810 3505 3127 3561 Ecclesiam
3147 3507 3466 3576 erroribus,
3491 3507 3837 3574 insectatur,

2182 3602 2503 3675 quidquam
2527 3605 3016 3660 contumeliarum
3046 3606 3103 3660 in
3131 3606 3319 3677 ipsam
3342 3606 3493 3662 hanc
3514 3605 3835 3662 Ecclesiam

2180 3694 2377 3763 ejusve
2408 3693 2748 3765 episcopum
2782 3695 3031 3765 proiicit.
3064 3694 3127 3750 In
3160 3695 3405 3751 historia
3434 3696 3642 3752 deinde
3672 3700 3839 3752 Mon-

2181 3781 2534 3857 tanistarum
2568 3789 2712 3854 quot
2753 3784 2953 3839 evitari
3001 3788 3257 3855 peccata,
3291 3790 3433 3856 quot
3479 3791 3837 3857 aagumenta

2180 3856 2853 3940 emendari'potuisscnt,
2887 3871 2935 3924 si
2970 3872 3067 3942 qui
3101 3877 3234 3927 ante
3274 3856 3657 3928 defectionem
3690 3874 3835 3927 Ter-

2181 3957 2433 4027 tulliani,
2462 3960 2681 4030 quique
2722 3964 2923 4031 postea
2968 3960 3100 4015 libri
3135 3961 3335 4034 scripti
3388 3961 3625 4032 fuerint,
3658 3978 3835 4017 accu-

2182 4047 2365 4101 ratius
2411 4047 2619 4102 fuisset
2649 4048 3031 4104 constitutum
3052 4050 3079 4104 ?
3127 4056 3286 4117 sunt,
3322 4055 3386 4105 ut
3418 4051 3525 4106 hoc
3556 4056 3705 4119 utar,
3732 4051 3834 4122 qui

2183 4134 2240 4189 in
2275 4137 2513 4209 ﬂagitiis
2556 4137 2815 4193 Montani
2865 4137 3177 4193 ridiculum
3212 4144 3267 4195 et
3298 4140 3580 4196 muliebre
3609 4139 3836 4205 oculos,

2182 4225 2427 4297 capillos
2481 4225 2711 4298 aliaque
2759 4228 3006 4281 ornandi
3057 4228 3320 4283 studium
3373 4246 3638 4301 posuere,
3672 4231 3839 4285 ducti

2183 4316 2360 4370 rebus
2400 4316 2473 4370 ii
2519 4332 2667 4387 quas
2715 4315 3062 4387 Apollonius
3110 4317 3265 4389 apud
3317 4319 3549 4387 Euseb.,
3581 4323 3649 4373 H.
3684 4322 3746 4374 E.
3780 4336 3838 4375 v.

2187 4405 2271 4471 18,
2306 4405 2603 4460 memorias
2636 4405 2927 4477 prodidit;
2964 4407 3132 4477 cujus
3162 4408 3359 4463 verba.
3393 4408 3441 4463 si
3473 4409 3613 4480 quid
3646 4409 3840 4479 video,

2183 4493 2334 4549 hanc
2366 4509 2488 4549 rem
2521 4494 2681 4549 nullo
2712 4495 2884 4550 modo
2916 4497 3285 4567 conﬁrmant,
3312 4502 3517 4569 estque
3550 4498 3622 4553 ab
3650 4499 3846 4554 omni-

422 4580 617 4657 vener.
650 4570 899 4627 Ernestii
941 4577 1154 4646 verbis,
1186 4581 1283 4650 qui
1335 4583 1612 4652 profecto,
1637 4585 1683 4639 si
1718 4585 1851 4656 quis
1899 4586 2071 4653 alius,
2105 4571 2153 4635 D
2183 4584 2294 4637 bus
2325 4583 2381 4637 in
2415 4600 2481 4639 eo
2518 4589 2845 4654 peccatum,
2879 4586 3031 4656 quod
3079 4590 3401 4657 praphetam
3450 4586 3531 4641 ibi
3576 4604 3841 4643 comme-

423 4653 536 4708 scit
587 4665 872 4726 quantum
927 4663 1004 4719 sit
1052 4668 1302 4737 pretium
1349 4672 1535 4727 cuivis
1585 4653 1906 4744 disciplina:
1956 4681 2076 4730 sta-

424 4745 733 4835 tuendum,
767 4755 942 4822 atque
991 4756 1074 4822 (in
1112 4757 1311 4813 Prolus
1361 4761 1427 4815 de
1456 4778 1560 4816 usu
1609 4763 2071 4835 chalcographiw,

423 4847 479 4902 p.
514 4832 570 4903 5)
602 4835 671 4889 de
711 4838 961 4910 singulis
1009 4845 1238 4902 artibus
1286 4848 1368 4904 ita
1405 4832 1813 4922 judicandum
1853 4832 2073 4923 censet,

422 4924 485 4975 ut
515 4937 708 4979 earum
736 4927 1058 4997 dignitatem
1088 4938 1137 4989 et
1174 4942 1585 5009 praestantiam,
1617 4959 1727 4998 non
1772 4948 1885 4998 tam
1916 4945 2073 4998 utili-

423 5010 599 5067 Iitatis
648 5020 1039 5087 magnitudine
1067 5032 1121 5079 et
1162 5031 1499 5096 necessitate,
1531 5048 1697 5102 quam
1751 5033 2076 5088 inveniendi

421 5106 821 5175 exercendique
867 5109 1195 5182 difﬁcultate
1243 5119 1556 5188 metiamur,
1590 5138 1763 5193 neque
1807 5127 2073 5193 quantum

425 5202 647 5261 qumque
706 5200 910 5266 prosit,
969 5202 1063 5257 sed
1111 5207 1308 5274 quanti
1361 5224 1587 5279 quaque
1637 5213 1744 5277 sit,
1798 5211 2071 5282 pondere-

424 5294 577 5340 mus;
617 5285 733 5338 nisi
777 5302 898 5343 vero
952 5293 1082 5360 quia
1132 5294 1306 5363 magis
1361 5305 1413 5350 et
1468 5302 1843 5355 necessarium
1890 5310 1970 5356 est
2018 5297 2070 5357 εί

423 5368 563 5461 utile
615 5387 783 5441 panes
835 5380 1005 5447 pinsi,
1045 5397 1213 5451 quam
1273 5384 1491 5438 tabulas
1544 5389 1723 5458 pingi,
1775 5398 2072 5461 propterea

417 5458 691 5553 pistorum
716 5465 995 5534 opiﬁcium
1024 5472 1136 5525 arti
1176 5472 1429 5542 pictorise
1452 5458 1887 5547 pra/erendum'
1906 5484 2068 5553 pute-

422 5561 563 5600 mus.
596 5550 777 5622 Atque
824 5570 928 5627 ego
960 5557 1020 5612 in
1048 5559 1427 5616 enucleandis
1467 5564 1645 5620 rebus
1688 5550 2069 5627 subobscuris

423 5635 609 5693 multo
639 5642 857 5701 rectius
888 5645 1239 5709 industriam
1271 5650 1603 5721 ponendam
1634 5670 1762 5712 esse
1791 5658 2065 5733 arbitror,

2183 4676 2474 4727 moratum
2511 4673 2847 4728 Montanum
2882 4690 3010 4729 esse
3035 4675 3406 4742 crediderint,
3432 4692 3567 4731 cum
3599 4676 3837 4748 Apollo-

2182 4761 2262 4815 nii
2292 4763 2466 4817 verba
2497 4763 2567 4817 de
2594 4762 2753 4817 vitiis
2800 4764 3065 4819 universe
3108 4764 3483 4836 intelligenda
3527 4767 3667 4833 sint,
3701 4783 3836 4837 quae

2181 4867 2214 4905 a
2241 4851 2492 4918 vatibus,
2553 4868 2803 4922 quorum
2861 4853 3080 4909 multos
3108 4854 3467 4909 Montanistaz
3501 4855 3835 4925 jactabant,

2180 4939 2385 4995 abesse
2429 4941 2727 4997 deberent.
2759 4943 2866 4996 Sed
2919 4947 3111 5013 potest
3159 4942 3257 4996 illa
3304 4942 3601 4999 calumnia
3648 4945 3833 4999 etiam

2182 5029 2413 5084 retundi
2462 5030 2853 5085 severioribus
2902 5029 3018 5086 illis
3062 5031 3426 5098 Tertulliani,
3460 5032 3519 5087 in
3568 5032 3734 5089 libris
3769 5034 3838 5091 de

2186 5119 2329 5191 Virg.
2362 5120 2465 5175 vel.
2503 5119 2768 5191 Cultuque
2807 5122 3026 5192 femin.,
3060 5121 3233 5176 dictis
3271 5121 3549 5177 adversus
3579 5122 3837 5180 nimium

2184 5208 2487 5264 muliebris
2528 5208 2828 5281 elegantias
2879 5208 3163 5264 studium.
3214 5213 3392 5264 Porro
3440 5210 3833 5282 Epiphanius,

2180 5305 2319 5361 haec.
2356 5308 2443 5371 49,
2477 5312 2616 5363 sect.
2650 5309 2732 5373 14,
2767 5308 3156 5363 Montanistas
3188 5307 3330 5362 dicit
3358 5307 3510 5363 inter
3539 5311 3829 5366 orandum

2180 5410 2422 5450 manum
2473 5396 2557 5450 ori
2608 5396 2958 5463 admovisse,
2994 5396 3149 5451 unde
3201 5396 3667 5468 Tuscodrugorum
3716 5416 3829 5455 no-

2178 5499 2312 5538 men
2372 5485 2752 5553 meruissent;
2818 5501 2992 5557 quam
3057 5484 3288 5557 culpam
3332 5485 3825 5557 Wernsdorfﬁus,

2175 5571 2263 5626 vir
2318 5571 2706 5641 clarissimus,
2756 5572 2795 5627 l.
2830 5590 2905 5643 c.,
2950 5576 2977 5642 §
3020 5575 3109 5639 21,
3158 5575 3461 5631 confutare
3515 5576 3637 5632 vult
3698 5577 3825 5634 loco

2177 5660 2432 5731 quodam
2489 5659 2830 5718 Tertulliani
2887 5677 2918 5719 e
2972 5661 3124 5720 libro
3178 5662 3247 5718 de
3300 5667 3557 5736 Grat.,c.
3590 5665 3678 5739 13,
3720 5667 3825 5723 ubi
