4072 6190
215 380 311 440 225

1354 371 1778 433 PARADOXA
1820 371 2353 436 TERTULLIANI

3442 381 3562 441 226

215 525 307 564 non
327 521 435 563 esse
465 502 735 559 molestiae
777 502 858 557 ait
904 519 1117 558 manus
1167 502 1318 558 inter
1364 518 1562 575 preces
1611 501 1794 557 subli-
1824 502 1879 568 Α
1910 502 1967 557 in
2000 520 2115 574 quo
2147 505 2614 563 Sabellianorum
2642 512 2790 574 et,ut
2819 524 2917 565 eos
2946 510 3558 576 vocat,Athanasiano-

214 600 338 653 mius
367 594 548 650 efferre
580 610 593 646 :
629 591 729 663 qui
758 592 923 648 locus
956 609 986 647 e
1015 591 1189 658 libro,
1224 610 1257 647 a
1305 591 1661 647 Tertulliano
1712 608 1806 646 re-

214 692 283 743 cte
319 684 483 739 adhuc
529 681 812 737 sentiente
875 681 1230 753 conscripto,
1299 681 1520 737 nullam
1566 682 1684 736 vim
1734 681 1803 735 ad

213 772 563 846 depellendam
610 769 843 842 culpam
902 770 1100 836 habet,
1148 776 1214 825 ut
1264 787 1379 825 non
1428 769 1619 824 dicam
1669 768 1802 840 Epi-

213 862 445 936 phanium
475 860 579 915 hoc
621 860 855 915 nonnisi
905 861 975 915 de
1026 859 1380 932 quibusdam
1426 858 1803 913 Montanistis

211 954 400 1009 referre.
446 951 695 1005 Paeterea
746 949 1176 1021 disputationes
1232 948 1611 1013 Tillemontii,
1660 947 1805 1002 alio-

211 1055 415 1111 rumque
443 1040 509 1094 de
550 1037 985 1094 calamitatibus
1038 1038 1505 1093 Christianorum
1557 1037 1667 1091 sub
1699 1038 1801 1091 Se-

209 1145 520 1200 vero,quam
555 1129 809 1184 confusas
869 1134 1009 1183 sunt
1064 1144 1166 1197 eae,
1228 1142 1551 1198 omnesque
1603 1141 1802 1180 earum

205 1222 289 1277 loci
317 1235 474 1292 quam
508 1218 844 1290 perturbate
878 1234 942 1273 ac
975 1220 1328 1289 praepostero
1370 1217 1573 1272 ordine
1606 1214 1802 1286 positi,

206 1312 326 1365 hanc
354 1324 511 1363 unam
544 1307 619 1362 ob
650 1323 909 1374 causam,
941 1308 1095 1378 quod
1129 1307 1229 1377 qui
1276 1306 1559 1378 tlagrante
1591 1305 1803 1375 priore,

206 1402 483 1471 imperante
512 1396 746 1466 Severo,
773 1397 1099 1465 vexatione,
1134 1411 1268 1451 cum
1310 1394 1513 1449 eadem
1547 1410 1677 1448 cum
1711 1409 1796 1447 or-

205 1488 431 1543 thodoxie
460 1486 705 1541 sentiret
742 1484 1161 1551 Tertullianus,
1213 1484 1431 1555 quique
1466 1483 1574 1537 sub
1609 1485 1803 1553 poste-

202 1578 340 1645 riore,
370 1592 493 1631 cum
525 1576 601 1629 ab
653 1574 727 1630 iis
772 1591 833 1629 se
883 1573 1264 1646 sejunxisset,
1316 1573 1520 1644 scripti
1571 1571 1708 1638 sint,
1740 1570 1805 1625 li-

201 1668 309 1721 bros
358 1682 463 1719 non
530 1667 689 1719 recte
749 1662 1102 1719 distinxerit.
1184 1662 1449 1734 Denique
1509 1659 1656 1716 nihil
1715 1662 1806 1714 est

200 1753 552 1826 disputatione
588 1756 787 1807 nostra
811 1752 1108 1808 efficacius
1131 1752 1200 1807 ad
1235 1749 1613 1806 convellenda
1637 1747 1804 1803 Whi-

202 1844 323 1898 stoni
350 1841 574 1897 somnia
618 1858 746 1912 qua)
800 1842 858 1896 in
918 1841 1067 1895 libro
1117 1840 1391 1911 superius
1451 1839 1630 1894 citato
1677 1838 1805 1909 (The

198 1935 299 1986 true
323 1933 491 2000 origin
522 1930 599 2003 of
616 1931 708 1985 the
738 1930 1018 1985 Sabellian
1048 1929 1160 1985 and
1206 1930 1547 1984 Athanasian
1594 1927 1806 1981 doctri-

199 2020 466 2092 ncsofthe
516 2020 760 2091 Trinity,
812 2020 996 2075 Lond.
1052 2020 1212 2086 1720,
1256 2017 1427 2087 in-8°)
1478 2016 1805 2090 proposuit,

1916 609 2044 647 rum
2076 594 2146 648 de
2177 596 2554 651 sanctissima
2584 597 2791 652 Triade
2812 598 2955 653 scita
2977 598 3212 653 inventa
3241 616 3344 669 per
3373 599 3561 655 Simo-

1916 698 2046 735 nem
2072 682 2307 755 Magum
2337 702 2402 740 ac
2434 702 2536 756 per
2568 686 2954 741 Montanistas
2986 688 3336 743 resuscitata
3367 689 3557 759 fingit,

1915 776 2088 840 atque
2121 779 2429 844 propterea
2485 774 2832 830 Tertulliani
2873 793 2939 831 ea
2997 778 3055 831 in
3091 793 3150 830 re
3207 778 3559 832 sententiam

1913 860 2201 929 triplicem
2239 862 2417 917 fuisse
2448 870 2693 918 conatur
2722 864 2928 919 docere
2959 881 2989 920 e
3020 865 3233 935 triplici
3275 866 3560 921 librorum

1913 964 2123 1019 genere
2156 951 2255 1021 qui
2313 958 2509 1007 essent
2566 954 2638 1007 ab
2679 970 2744 1008 eo
2804 954 3043 1022 exarati,
3100 970 3234 1009 cum
3265 953 3351 1008 vel
3408 959 3562 1010 recte

1914 1037 2218 1101 sensisset,
2253 1038 2339 1094 vel
2370 1040 2713 1096 inclinasset
2740 1042 2810 1095 ad
2864 1042 3127 1097 Montani
3187 1059 3434 1107 errores,
3466 1043 3558 1098 vel

1913 1125 2178 1181 imbutus
2209 1128 2447 1183 omnino
2481 1130 2707 1185 fuisset.
2744 1130 2849 1185 Ubi
2884 1132 2941 1185 in
3011 1132 3217 1201 quovis
3272 1130 3556 1186 librorum

1912 1232 2122 1285 genere
2153 1216 2297 1271 tales
2329 1216 2509 1272 libros
2542 1220 2716 1273 refert
2765 1218 2863 1290 qui
2920 1219 3093 1290 plane
3128 1218 3226 1274 alii
3274 1220 3559 1275 librorum

1913 1305 2107 1376 generi
2144 1322 2176 1358 a
2210 1305 2379 1360 nobis
2412 1307 2618 1360 asserti
2654 1308 2836 1376 fuere,
2869 1324 2983 1379 quo
3011 1308 3140 1379 ipso
3170 1309 3363 1363 omnis
3394 1308 3558 1363 Whi-

1913 1393 2184 1448 stoniana
2216 1395 2534 1465 disputatio
2566 1396 2635 1449 ad
2668 1396 2919 1451 nihilum
2952 1397 3420 1468 redigitur.l79
3453 1398 3560 1453 Sed

1914 1486 2004 1535 est
2030 1482 2262 1537 tandem
2300 1482 2612 1553 aliquando
2644 1485 3056 1551 desinendum,
3085 1502 3156 1541 ne
3186 1487 3353 1540 nimii
3386 1486 3443 1541 in
3470 1487 3563 1542 his

1915 1571 2089 1625 rebus
2132 1571 2471 1638 videamur;
2501 1578 2557 1627 et
2603 1575 3057 1630 committendus
3091 1580 3291 1630 noster
3326 1575 3561 1631 libellus

1914 1660 2215 1714 doctorum
2269 1660 2579 1715 hominum
2633 1662 2879 1732 judicio,
2941 1664 3095 1733 quod
3154 1668 3317 1718 tanto
3374 1664 3562 1736 magis

1915 1764 2147 1819 aequum
2181 1764 2458 1819 rogamus
2490 1750 2679 1819 nobis,
2707 1767 2819 1820 quo
2854 1752 3040 1823 magis
3072 1751 3157 1807 vel
3206 1752 3335 1823 ipsa
3366 1768 3561 1808 rerum

1916 1836 2069 1891 180
2100 1836 2529 1907 disputatarum
2565 1844 2794 1907 natura,
2828 1839 2918 1894 vel
2962 1841 3177 1909 quibus
3208 1842 3471 1912 oppressi
3503 1843 3561 1896 in

1918 1926 1990 1981 iis
2022 1926 2416 1998 pr0ponendis
2452 1926 2690 1994 fuimus,
2728 1927 2954 1983 labores
2982 1928 3101 1998 alii,
3154 1930 3469 1986 effecerunt
3498 1935 3563 1987 ut

1920 2032 2034 2070 non
2068 2016 2429 2087 potuerimus
2461 2017 2829 2073 accuratoria
2860 2020 3106 2074 tradere.

199 2196 3567 2229 Μ

548 2379 1629 2537 PARADOXA
1790 2381 3155 2572 TERTULLIANI,

1408 2644 1660 2731 CUM
1718 2644 1921 2729 AN'l
1942 2644 2313 2732 IDOTO

1155 2834 1726 2970 JACOBI
1850 2836 2562 2967 PAMELII.

190 3246 211 3310 ξ
235 3244 270 3297 Ι.
299 3249 369 3299 De
395 3246 612 3314 angelis
658 3245 1035 3300 desertoribus

248 3319 461 3384 minam,
494 3322 645 3372 tum.
701 3317 769 3385 ll,
801 3317 902 3372 lib.
956 3318 1021 3372 de
1062 3314 1276 3383 Μοίρι,
1339 3332 1388 3370 c.
1421 3316 1474 3369 9.
1509 3332 1567 3369 n.
1600 3314 1705 3378 47;
1738 3314 1814 3385 de

250 3390 440 3443 Habitu
472 3390 730 3456 mulieb.,
756 3384 889 3460 icap.
940 3390 989 3453 1,
1054 3404 1216 3460 num.
1254 3388 1355 3454 17;
1389 3387 1490 3460 lib.
1550 3386 1625 3460 de
1648 3384 1815 3439 Cultu

246 3460 448 3529 femin.,
482 3478 533 3515 c.
578 3462 668 3526 10,
715 3458 873 3514 num.
907 3461 1018 3527 56;
1070 3465 1128 3515 et
1180 3458 1220 3512 l.
1276 3460 1342 3514 de
1394 3458 1653 3513 Velandis
1696 3460 1815 3510 vir-

248 3533 373 3599 gin.,
403 3528 451 3586 c7.
483 3534 541 3595 7,
577 3548 744 3586 num.
806 3533 915 3597 32;
945 3531 1086 3585 item
1138 3535 1279 3585 tom.
1342 3530 1438 3591 ΙΙΙ,
1473 3529 1575 3583 lib.
1625 3545 1657 3581 v
1690 3528 1812 3582 adv.

249 3601 416 3667 Hei-0.,
447 3620 581 3675 eap.
622 3604 707 3667 18,
744 3619 908 3675 num.
943 3603 1069 3658 291.
1104 3602 1324 3675 ‘(Juxta
1373 3600 1515 3655 edit.
1554 3599 1813 3665 Pamelii,

250 3673 537 3747 Antverp.,
566 3675 743 3741 1579;
778 3674 986 3742 Paris.,
1024 3673 1219 3741 1583.)

252 3829 417 3903 Hujus
447 3833 737 3889 Paradoxi
767 3831 1167 3887 Tertullianus
1217 3831 1441 3902 primus
1470 3833 1675 3885 auctor
1703 3846 1818 3883 non

200 3927 282 3981 cst,
311 3939 490 3993 neque
524 3927 905 3994 postremus;
939 3922 1065 3990 sed,
1124 3920 1295 3975 sicuti
1330 3919 1542 3990 partim
1576 3920 1821 3972 adnota-

200 4006 360 4063 vimus
390 4011 460 4064 ad
496 4011 604 4066 lib.
640 4010 705 4065 de
729 4010 925 4065 Habitu
956 4012 1121 4079 virg.,
1156 4008 1253 4063 ubi
1287 4008 1538 4062 maxime
1588 4025 1655 4061 ex
1686 4023 1823 4078 pro-

200 4098 357 4162 posito
388 4098 532 4153 illud
567 4105 810 4170 tractat,
842 4103 975 4153 ante
1006 4114 1139 4151 eum
1169 4097 1407 4167 Josepb.
1436 4094 1820 4166 Antiquit.lib.

200 4185 317 4239 1:8.
346 4188 623 4244 Justinus
650 4189 819 4243 Mart.
869 4186 1099 4258 Apolog.
1150 4193 1436 4255 utraque;
1470 4186 1710 4255 Atenag.
1764 4184 1821 4237 in

199 4275 384 4343 Apoloy.
418 4279 695 4333 Clemens
731 4277 1030 4341 Alexand.,
1076 4274 1175 4329 lib.
1210 4291 1273 4329 111
1331 4279 1387 4328 et
1444 4291 1475 4328 v
1534 4273 1821 4339 Slromat.,

202 4370 306 4428 post
331 4380 459 4419 eum
494 4367 769 4421 Lactant.
824 4365 925 4419 lib.
960 4382 998 4418 11
1050 4365 1292 4419 Insiilut.
1348 4363 1522 4417 divin.
1556 4378 1681 4432 cap.
1720 4362 1825 4428 15;

199 4447 524 4525 S.Cyprian.
570 4454 676 4508 lib.
733 4455 802 4508 De
831 4454 970 4507 Disc.
1031 4458 1083 4508 et
1116 4453 1257 4507 Hab.
1318 4453 1456 4522 virg.
1520 4467 1681 4505 num.
1716 4451 1823 4517 5t;

200 4540 383 4597 Euseb.
422 4542 531 4598 lib.
568 4560 604 4597 ν
638 4544 854 4609 Evang.
906 4544 1178 4612 Praepar,
1213 4546 1270 4595 et
1328 4539 1583 4595 Method.
1646 4556 1820 4593 serm.

201 4624 570 4687 ἀσκέων-τεεί.
632 4632 881 4686 Causam
950 4610 1164 4685 erroris
1223 4630 1404 4696 dedit,
1469 4629 1620 4700 quod
1685 4628 1824 4683 LXX

1946 4610 1957 4611 ί
2004 4626 2196 4700 cerne,
2231 4611 2507 4700 tom.‘I‘II,
2542 4610 2579 4663 li

204 4715 351 4772 editio
380 4718 580 4774 Graeca
636 4723 828 4787 vetus,
891 4735 1069 4790 quam
1102 4717 1183 4771 illi
1236 4717 1418 4773 secuti
1480 4722 1636 4785 sunt,
1698 4721 1830 4788 post

205 4801 475 4862 Philonem
509 4808 732 4881 legeret
764 4825 776 4861 :
815 4806 879 4862 Oi
912 4804 1132 4880 ἄγγελοι
1167 4810 1263 4858 τοῦ
1310 4809 1465 4871 Θεοῦ,
1517 4812 1575 4860 et
1626 4807 1830 4861 Latina

206 4890 391 4960 Italica,
427 4899 514 4951 vel
546 4900 643 4951 SS.
671 4898 937 4951 Ambros.
970 4901 1218 4967 August.
1246 4895 1525 4967 Procopio
1556 4896 1827 4963 testibus,

207 4979 377 5048 Angeli
410 4985 529 5047 Dei,
568 5001 671 5056 pro
702 5001 767 5038 eo
799 4985 954 5055 quod
998 4990 1200 5055 postea
1258 4982 1474 5037 lectum
1536 4983 1833 5037 invenitur

206 5067 245 5117 el
272 5068 367 5123 olei
396 5077 494 5125 τοῦ
526 5076 685 5141 Θεοῦ,
717 5077 773 5127 et
798 5072 1017 5143 Latine,
1050 5074 1159 5143 ﬁlii
1207 5073 1322 5140 Dei,
1382 5088 1558 5142 quam
1611 5076 1831 5127 utram-

207 5171 297 5225 que
324 5166 688 5231 agnoverunt
718 5178 824 5216 suo
856 5166 1117 5232 tempore
1140 5161 1574 5233 S.Augustinus
1606 5167 1662 5215 et
1697 5166 1831 5216 Pro-

205 5249 398 5316 copius.
426 5250 581 5305 Vere
633 5250 869 5321 pulchre
913 5266 1041 5304 eam
1092 5249 1443 5305 sententiam
1494 5266 1595 5320 per
1626 5251 1830 5304 absur-

206 5332 413 5391 ditatem
452 5340 674 5393 refutat
704 5340 762 5393 S.
817 5338 1119 5410 Chrysost.
1170 5338 1327 5393 hom.
1379 5339 1450 5391 2‘2
1490 5341 1549 5392 in
1582 5338 1831 5401 δεηθείη,

204 5436 445 5482 asserens
481 5445 777 5499 nusquam
810 5427 949 5482 alibi
974 5427 1030 5481 in
1067 5427 1384 5498 Scripturis
1417 5428 1649 5499 (nempe
1672 5428 1834 5497 juxta

204 5510 493 5572 editionem
536 5517 669 5572 LXX
696 5534 874 5589 quam
904 5516 1088 5572 solam
1128 5518 1382 5588 noverat)
1417 5517 1607 5571 vocari
1652 5533 1832 5587 ange-

207 5597 277 5656 los
306 5603 449 5660 ﬁlios
484 5605 610 5669 Dei,
648 5608 784 5662 item
815 5610 872 5661 ὃ.
898 5606 1171 5660 Ambros.
1207 5604 1309 5660 lib.
1360 5606 1423 5659 de
1467 5606 1572 5661 Noe
1592 5607 1641 5662 el
1672 5606 1830 5675 Arce,

208 5703 314 5760 cap.
347 5692 395 5763 Ι,
424 5695 484 5749 8.
522 5697 768 5766 August.
809 5710 910 5765 qu.
962 5695 995 5749 3
1025 5697 1083 5749 in
1115 5695 1245 5752 Gen.
1305 5700 1361 5750 et
1391 5694 1572 5751 latius
1632 5693 1731 5751 lib.
1760 5712 1834 5749 xv

1084 3245 1181 3315 qui
1221 3244 1500 3299 duxerunt
1535 3243 1685 3316 ﬁlias
1717 3241 1811 3316 ἡρ-
1842 3251 1884 3316 C
1923 3242 1995 3296 De
2022 3242 2183 3296 Civit.
2219 3242 2335 3308 Dei,
2369 3257 2495 3313 cap.
2559 3244 2664 3311 15;
2704 3247 2760 3298 S.

2821 3242 3107 3315 Epiphan.
3147 3246 3325 3316 -Epit.
3386 3244 3563 3299 divin.

1924 3331 2184 3401 dogmat.,
2220 3336 2275 3386 et
2305 3333 2624 3403 Procopius
2661 3334 2715 3387 in
2749 3333 3069 3388 Comment.
3105 3349 3354 3404 quorum
3388 3333 3567 3405 Chry-

1926 3423 2066 3474 sost.
2102 3421 2421 3493 etAugust.
2481 3422 2656 3475 etiam
2718 3422 3124 3476 auctoritatem
3182 3420 3314 3476 libri
3348 3422 3566 3487 Enoch,

1926 3524 2040 3578 quo
2082 3508 2185 3563 niti
2216 3508 2447 3563 videtur
2473 3509 2890 3580 Tertullianus,
2924 3510 3411 3582 impugnant.0ui
3441 3527 3569 3564 om-

1927 3614 2032 3653 nes
2070 3602 2127 3651 et
2157 3597 2397 3669 angelos
2428 3603 2485 3652 et
2516 3598 2665 3653 ﬁlios
2695 3600 2816 3666 Dei,
2853 3605 3115 3669 posteros
3163 3600 3320 3666 Seth,
3369 3604 3572 3671 utpote

1931 3686 2027 3740 Dei
2060 3685 2332 3751 cultores,
2369 3687 2844 3758 interpretantur,
2893 3688 3066 3742 sicuti
3108 3688 3282 3743 etiam
3344 3690 3404 3743 B.
3444 3689 3572 3744 Hie-

1932 3791 2054 3829 ron.
2107 3774 2209 3829 lib.
2243 3774 2307 3828 de
2376 3775 2577 3830 Tradit.
2650 3776 2806 3831 Hebr.
2875 3778 2935 3831 in
2987 3776 3275 3841 Genesim;
3319 3778 3573 3849 denique

1929 3862 2073 3918 Ven.
2107 3863 2283 3931 Beda,
2310 3863 2630 3919 Rhabanus
2683 3872 2881 3919 noster
2933 3869 2989 3919 et
3046 3865 3266 3937 Haymo
3324 3869 3480 3921 Com.
3515 3866 3572 3920 in

1932 3952 2096 4019 Gen.,
2130 3952 2451 4008 scribentes
2482 3957 2538 4007 et
2566 3952 2626 4008 in
2656 3953 2975 4024 Scripturis
3007 3953 3189 4008 sacris
3239 3954 3577 4026 frequenter

1933 4041 2274 4112 angelorum
2306 4041 2542 4095 nomine
2571 4043 2725 4096 viros
2750 4042 2948 4097 ﬁdeles
2978 4043 3238 4112 etjustos
3270 4043 3573 4113 appellari.

1934 4129 2101 4195 Quid,
2137 4130 2290 4201 quod
2324 4129 2671 4185 Philastrius
2721 4130 2820 4185 lib.
2880 4131 2944 4186 de
2998 4132 3224 4196 Haeres,
3282 4146 3410 4199 cap.
3448 4131 3573 4197 108,

1933 4217 2085 4273 inter
2114 4218 2363 4273 hzereses
2396 4224 2653 4273 recenset
2700 4236 2798 4275 eos
2856 4220 2957 4290 qui
3011 4222 3285 4274 asserunt
3340 4219 3577 4288 angelos

1938 4308 2247 4363 miscuisse
2278 4325 2339 4363 se
2369 4325 2502 4363 cum
2533 4308 2767 4363 feminis
2817 4314 2950 4363 ante
2998 4308 3307 4378 diluvium,
3340 4315 3397 4363 et
3444 4308 3578 4363 inde

1940 4402 2106 4450 natos
2134 4413 2261 4452 esse
2295 4398 2559 4468 gigantes
2581 4398 2608 4451 ‘I

1936 4540 2050 4611 §2.
2082 4540 2155 4593 De
2195 4539 2517 4609 angelorum
2560 4541 3003 4664 agparitionibus
3050 4541 3115 4594 in
3152 4556 3281 4597 vera
3331 4542 3581 4596 humana

2004 4626 2196 4664 carne.
2231 4616 2374 4664 tom.
2412 4611 2507 4664 III.
2542 4610 2579 4663 li
2632 4652 2642 4663 .
2678 4628 2737 4664 ιιι
2770 4612 2860 4664 ad.
2893 4612 3082 4664 Μανσ..
3132 4629 3260 4664 can.
3318 4613 3373 4664 9.
3411 4630 3578 4664 num.

2678 4628 2741 4684 11,1
2770 4612 2860 4679 ad,
2893 4612 3082 4680 Mam,
3132 4629 3260 4684 cap.
3318 4613 3373 4681 9,
3411 4630 3578 4667 num.

2006 4682 2097 4750 61,
2132 4699 2197 4735 ac
2227 4699 2354 4753 cap.
2390 4683 2475 4747 11,
2504 4699 2667 4736 num.
2708 4683 2797 4737 73.

2010 4804 2298 4859 Videntur
2326 4806 2564 4876 quidem
2614 4806 2728 4861 tale
2786 4806 2925 4877 quid
2986 4823 3196 4863 sonare
3252 4810 3430 4865 verba
3482 4809 3586 4865 illa

1938 4893 2279 4947 Tertulliani
2312 4911 2330 4947 :
2363 4917 2390 4943 α
2425 4894 2645 4948 Dehinc
2676 4895 2841 4963 scito,
2876 4911 2980 4951 nec
3010 4895 3154 4950 illud
3184 4899 3421 4952 concedi
3455 4898 3584 4964 tibi,

1941 4984 2093 5053 quod
2129 4982 2383 5054 putativa
2421 4983 2595 5036 fuerit
2626 4982 2851 5054 angelis
2881 4986 3142 5055 caro,sed
3179 5002 3324 5042 vera:
3357 4991 3414 5041 et
3445 4987 3588 5042 soli-

1942 5072 2027 5126 dae
2062 5069 2402 5127 substantia:
2433 5071 2725 5127 humanae.
2763 5094 2790 5121 ››
2823 5073 3009 5128 Sedin
3033 5073 3164 5129 aliis
3197 5074 3364 5132 libris
3385 5079 3589 5133 eodem

1942 5160 2290 5232 conscriptis
2327 5170 2586 5231 tempore
2612 5162 2691 5216 ita
2714 5163 2974 5233 seipsum
2999 5163 3249 5234 explicat
3280 5164 3455 5220 sicuti
3488 5165 3592 5221 ad-

1947 5251 2277 5305 notavimus
2311 5251 2379 5304 ad
2421 5250 2520 5305 lib.
2572 5253 2642 5305 de
2691 5250 2867 5305 Carne
2917 5251 3148 5317 Christi,
3196 5270 3323 5323 cap.
3356 5254 3412 5322 6,
3445 5271 3589 5310 num

1942 5342 2032 5405 60,
2064 5344 2129 5392 ut
2160 5339 2304 5393 nihil
2339 5340 2477 5393 certi
2514 5356 2580 5393 ea
2612 5340 2681 5393 de
2714 5357 2771 5393 re
2818 5338 3068 5394 voluerit
3118 5358 3378 5397 asserere
3402 5386 3415 5410 ,
3448 5344 3595 5400 alio-

1946 5429 2042 5501 qui
2078 5428 2232 5482 enim
2261 5428 2369 5483 sibi
2406 5428 2698 5483 videbitur
2727 5429 3078 5484 contrarius.
3131 5453 3157 5479 «
3208 5430 3468 5499 Constat,
3504 5435 3592 5488 in-

1944 5518 2043 5588 qui
2079 5517 2181 5580 ibi,
2231 5516 2468 5588 angelos
2515 5534 2751 5573 carnem
2805 5520 3101 5589 propriam
3152 5537 3266 5575 non
3305 5526 3592 5591 gestasse,

1945 5610 2142 5676 utpote
2177 5610 2386 5660 natura
2425 5607 2766 5661 substantiae
2800 5607 3102 5679 spiritalis,
3137 5613 3193 5662 et
3240 5609 3288 5663 si
3330 5608 3591 5676 corporis

1942 5694 2211 5766 alicujus,
2247 5694 2337 5751 sui
2363 5699 2558 5751 tamen
2591 5695 2845 5768 generis,
2890 5696 2950 5752 in
2980 5711 3214 5754 carnem
3256 5699 3451 5751 autem
3475 5693 3587 5751 hu-
