4072 6190
425 315 547 374 227

1627 309 2060 373 ΡΑΗΑΠΟΧΑ
2104 309 2635 373 TERTULLIANI

423 463 656 505 manem
687 444 1176 519 transﬁgurabilis
1215 446 1287 501 ad
1344 447 1606 517 tempus,
1658 447 1724 501 ut
1776 442 1960 499 videri
2015 444 2072 498 et
2101 455 2155 523 Α
2185 442 2263 498 tis
2291 441 2391 498 lib.
2424 442 2494 499 de
2522 442 2702 499 Censu
2754 445 2965 503 anim
3020 446 3153 502 adv.
3215 448 3515 520 Hermog.,
3574 453 3824 522 constet,

424 536 699 608 congredi
730 552 861 590 cum
890 533 1230 589 hominibus
1255 533 1502 607 possint.
1528 556 1555 583 »
1587 534 1655 588 Et
1683 532 1946 604 apertius
1966 529 2070 585 lib.

422 626 486 682 de
518 628 819 680 Resurrect.
851 640 1031 690 carm,
1084 638 1134 677 c.
1186 624 1257 677 62
1289 639 1303 677 :
1335 645 1362 672 «
1413 622 1559 688 Quia
1615 625 1672 677 et
1728 620 1945 693 angeli,
1990 619 2075 674 in-

424 716 573 785 quit,
607 712 920 783 aliquando
952 716 1235 781 tanquam
1270 711 1540 767 homines
1565 709 2071 777 fuerunt.edendo,

423 803 675 858 bibendo
723 807 778 856 et
811 802 986 872 pedes
1036 801 1262 856 lavacro
1312 800 1664 873 porrigendo
1699 817 1712 867 ;
1748 798 2071 853 humanam

423 892 579 947 enim
612 890 980 962 superficiem
1016 890 1349 953 induerant,
1391 887 1553 943 salva
1583 888 1744 943 intus
1793 888 2072 943 substan-

425 980 507 1034 tia
538 980 794 1051 propria.
832 1000 858 1027 ››
893 980 1007 1032 Iloc
1030 979 1298 1033 sufficere
1338 978 1558 1049 ubique
1614 976 1802 1031 visum
1838 980 1929 1031 est
1959 982 2073 1029 Au-

424 1070 587 1138 ctori,
615 1069 767 1139 quod
802 1068 1059 1138 dogmati
1096 1066 1316 1138 Apellis
1360 1084 1475 1121 non
1529 1066 1909 1131 consentiret,
1972 1065 2072 1137 qui

426 1176 493 1213 ex
525 1175 658 1212 aera
686 1158 1013 1211 substantia
1044 1155 1283 1227 angelos
1316 1161 1539 1211 creatos
1587 1155 1842 1221 dicebat,
1889 1159 1954 1209 ut
2002 1170 2074 1208 ne

420 1246 717 1301 videretur
771 1244 853 1299 illi
914 1252 971 1299 et
1030 1245 1086 1298 in
1121 1246 1230 1300 hoc
1260 1245 1617 1310 consentire,
1652 1244 1807 1315 quod
1860 1243 2074 1299 Christi

420 1351 632 1407 corpus
705 1352 774 1389 ex
829 1334 1072 1390 aetherea
1151 1334 1399 1390 materia
1490 1333 1774 1403 originem
1835 1332 2076 1387 haberet

418 1441 610 1480 suam.
646 1423 821 1494 Atqui
855 1423 1051 1494 qualia
1082 1440 1345 1494 corpora,
1376 1429 1435 1479 et
1470 1423 1623 1478 unde
1667 1426 1977 1493 assumpta
2000 1422 2073 1476 ab

420 1513 644 1585 angelis
693 1513 927 1578 fuerint,
1002 1514 1177 1567 etiam
1263 1511 1435 1567 hodie
1486 1517 1925 1567 controversum
1985 1513 2075 1566 est

421 1603 575 1673 apud
606 1602 948 1673 Magistrum
984 1600 1446 1666 Sententiarum,
1478 1599 1654 1656 lib.n.
1686 1600 1825 1655 dist.
1852 1600 1908 1670 8,
1940 1601 1966 1667 §
1996 1599 2028 1653 4
2055 1615 2069 1666 ;

423 1708 529 1746 nos
562 1690 685 1745 loco
705 1693 829 1759 jam
863 1692 1038 1745 citato
1070 1706 1202 1744 cum
1235 1690 1295 1745 S.
1351 1690 1645 1744 Bernardo
1688 1690 1757 1744 de
1807 1688 1915 1745 hoc
1942 1704 2071 1743 sen-

420 1780 664 1835 tentiam
697 1786 954 1834 nostram
991 1779 1347 1849 suspendere
1365 1779 1687 1833 maluimus
1719 1794 1896 1849 quam
1928 1776 2070 1832 certi

422 1869 560 1938 quid
592 1869 853 1923 definire.
891 1875 975 1922 An
1010 1874 1205 1923 autem
1241 1858 1493 1923 senserit
1523 1872 1766 1933 Auctor,
1798 1866 1950 1937 quod
1986 1864 2071 1919 illi

424 1958 664 2028 quidam
696 1957 1046 2027 impingunt,
1079 1972 1363 2027 corporeos
1393 1972 1503 2011 esse
1540 1955 1762 2025 angelos
1788 1963 1841 2009 et
1868 1954 2071 2009 daemo-

426 2062 545 2109 nas,
584 2062 696 2100 non
731 2046 1026 2099 immerito
1059 2045 1328 2099 dubitare
1356 2043 1767 2100 licet.Maxime
1797 2059 1930 2099 cum
1956 2044 2070 2096 Au-

425 2138 567 2188 ctor.
602 2135 708 2187 etsi
740 2135 1007 2187 videatur
1042 2134 1132 2187 hic
1161 2135 1277 2187 suis
1332 2135 1551 2201 generis
1604 2149 1800 2203 corpus
1846 2130 2072 2203 angelis

423 2221 699 2289 tribuere,
733 2227 926 2276 tamen
965 2223 1138 2276 faciat
1194 2238 1294 2277 eos
1349 2224 1685 2279 substantiae
1738 2221 2068 2292 spiritualis,

426 2310 601 2366 sicuti
631 2311 807 2365 etiam
842 2328 955 2364 non
991 2310 1170 2365 semel
1202 2311 1261 2364 in
1295 2310 1655 2381 Apologetieo,
1714 2314 1773 2364 et
1802 2308 2069 2364 nomina-

423 2401 528 2454 tim
563 2417 611 2453 c.
642 2403 732 2465 22,
768 2399 1061 2470 spiritales
1094 2400 1246 2454 vires
1277 2403 1334 2454 et
1364 2397 1588 2469 angelis
1619 2403 1677 2452 et
1706 2397 2070 2452 daemonibus
2108 2408 2111 2411 '

426 2488 712 2557 attribuit,
747 2493 801 2542 et
827 2489 1069 2558 spiritus
1098 2492 1284 2543 vocat.
1348 2488 1529 2559 Magis
1583 2491 1781 2541 tamen
1839 2489 2071 2555 recepta

421 2583 529 2641 est,
566 2578 830 2648 mihique
863 2578 1050 2647 placet
1084 2592 1284 2631 eorum
1316 2577 1628 2639 sententia,
1668 2575 1768 2646 qui
1800 2574 2067 2644 incorpo-

422 2682 549 2719 reos
581 2666 818 2733 faciunt,
873 2667 1024 2720 inter
1076 2682 1222 2735 quos
1273 2666 1517 2721 veniunt
1568 2662 2065 2719 commemorandi

425 2754 525 2808 SS.
559 2755 796 2826 Dionys.
832 2759 1038 2825 Arcop.
1072 2772 1122 2808 c.
1170 2755 1205 2808 2
1250 2753 1458 2809 C(eiest.
1508 2752 1802 2808 Hierarch.
1840 2769 1853 2818 ;
1889 2751 2066 2804 Atha-

422 2859 549 2898 nas.
581 2843 648 2897 de
671 2844 953 2900 Commun.
1007 2845 1250 2898 Essenlia
1297 2844 1484 2899 Patris
1529 2846 1582 2898 et
1630 2842 1767 2898 Filii
1803 2846 1860 2895 et
1885 2839 2064 2906 Spiri-

417 2934 506 2986 tus
530 2936 746 2995 sancti;
778 2933 1074 3004 Chrysost.
1111 2931 1312 2988 homil.
1346 2933 1416 2986 22
1453 2934 1511 2986 in
1541 2930 1701 2995 Gem;
1729 2929 1923 3002 Cyrill.
1959 2928 2060 2982 lib.

417 3037 493 3076 iv.
529 3022 586 3077 in
616 3023 783 3078 Joan.
815 3023 1022 3093 capite.

415 3142 440 3205 §
471 3138 525 3193 3.
555 3140 626 3192 De
655 3141 847 3193 anima
888 3141 1061 3208 primi
1103 3138 1339 3193 hominis
1385 3153 1455 3192 ex
1484 3138 1716 3191 materia
1764 3136 1885 3208 Dei,
1914 3138 2057 3204 tom,

558 3210 654 3277 Ill,
691 3209 790 3264 lib.
825 3228 878 3262 1v
908 3214 1126 3264 advers.
1161 3208 1349 3277 Marc.,
1383 3225 1433 3262 c.
1465 3209 1553 3273 38,
1590 3223 1732 3262 num
1787 3207 1913 3259 611.

488 3322 611 3376 Huc
661 3323 895 3392 quidem
966 3323 1255 3394 pertinere
1299 3322 1567 3378 videntur
1627 3320 1729 3377 illa
1792 3318 2060 3375 Auctoris

416 3412 591 3468 verba
647 3411 997 3482 explicantis
1060 3411 1202 3466 illud
1261 3416 1400 3466 Luc.
1459 3410 1555 3466 ΧΧ
1604 3428 1617 3466 :
1672 3409 1894 3466 Reddite
1936 3423 2060 3479 quae

413 3505 545 3556 sunt
577 3501 671 3554 Dei
694 3505 853 3554 Deo.«
880 3499 1183 3554 Hominem
1212 3499 1391 3571 igitur
1423 3496 2056 3569 reddijubetCreatori,

414 3589 474 3643 in
507 3588 677 3659 cujus
708 3587 962 3658 imagine
994 3594 1049 3641 et
1081 3587 1466 3643 similitudine
1498 3591 1553 3643 et
1584 3587 1817 3642 nomine
1855 3589 1912 3641 et
1937 3602 2058 3639 ma-

415 3677 565 3733 teria
596 3682 1028 3748 expressusest.
1044 3677 1183 3740 nQui
1214 3676 1377 3732 locus
1401 3676 1738 3733 fortassisin
1752 3692 1930 3731 causa
1953 3674 2062 3729 fuit

417 3767 501 3821 uti
535 3766 619 3820 sic
651 3766 866 3821 scribat
896 3767 965 3821 de
993 3766 1089 3821 illo
1122 3768 1267 3822 ικι
1307 3765 1568 3822 Gonn.Il.
1605 3765 1777 3821 lib.(le
1807 3766 2056 3834 Dogmat.

414 3855 650 3910 Eccles.:
678 3854 831 3909 Nihil
864 3871 932 3909 ex
961 3855 1265 3911 Trinitatis
1286 3855 1541 3911 essentia
1570 3855 1636 3910 ad
1658 3860 2059 3910 creaturarum

416 3947 688 3999 naturam
720 3944 1028 3998 credamus
1063 3945 1402 4009 deductum,
1455 3948 1521 3998 ut
1550 3943 1711 3999 Plato
1755 3946 1812 3997 et
1840 3939 2062 3996 Tertul-

412 4032 629 4088 lianus.
666 4032 877 4087 Verum
912 4050 1045 4087 cum
1081 4034 1137 4087 S.
1171 4035 1420 4104 August.
1469 4032 1570 4104 qui
1601 4031 1774 4086 toties
1826 4029 2062 4084 deducit

417 4121 675 4177 animam
727 4139 841 4176 non
890 4138 1060 4193 posse
1116 4125 1339 4192 partem
1392 4121 1487 4175 Dei
1554 4119 1688 4191 dici,
1742 4117 1886 4174 nihil
1949 4116 2061 4173 tale

418 4210 502 4265 illi
556 4211 857 4276 attribuat,
910 4227 1013 4281 ego
1057 4211 1232 4264 ctiam
1281 4226 1314 4264 a
1367 4214 1482 4265 tam
1551 4209 1809 4263 absurda
1854 4206 2061 4262 haeresi

417 4300 613 4370 ipsum
649 4301 1021 4371 purgandum
1049 4298 1344 4366 existimo,
1381 4301 1570 4369 Atque
1620 4299 1763 4353 adeo
1800 4295 1944 4351 nihil
1988 4295 2061 4348 il-

414 4387 538 4443 lum
570 4388 728 4442 aliud
757 4388 975 4443 voluise
1009 4389 1199 4443 dicere
1230 4404 1407 4460 quam
1442 4387 1595 4460 quod
1630 4403 1699 4441 ex
1736 4388 1938 4457 afﬂatu
1966 4386 2066 4439 Dei

416 4475 491 4531 sit
517 4476 729 4531 animae
759 4477 937 4544 origo,
965 4478 1134 4547 juxta
1165 4476 1308 4531 illud
1344 4476 1485 4546 Gen,
1517 4492 1558 4529 ιι
1593 4492 1606 4543 ξ
1640 4476 1703 4529 Et
1735 4476 1890 4544 ﬂavit
1924 4475 2063 4528 Deus

2185 532 2445 588 sensisse
2475 532 2641 588 illum
2679 534 2937 589 animam
2971 533 3142 608 longe
3182 535 3299 592 Deo
3343 536 3703 606 inferiorem,
3736 544 3828 595 ut-

2183 624 2319 691 pote
2348 620 2689 693 passibilem
2732 622 2844 677 etsi
2894 622 3307 681 immortalem.
3360 629 3428 680 Et
3474 642 3608 682 vero
3654 627 3833 684 etiam

2182 710 2585 781 repetendum,
2641 711 2791 780 quod
2845 712 3155 784 utrobique
3215 714 3626 771 adnotavimus
3680 722 3836 774 recte

2182 799 2485 854 censuisse
2515 804 2572 852 S.
2596 805 2746 872 Aug.
2771 799 2917 856 libro
2948 802 3013 857 de
3046 807 3281 874 Haeres,
3307 805 3459 875 quod
3480 805 3832 863 Philastrius

2182 888 2400 943 multas
2425 888 2606 944 haeres
2635 891 2997 947 recensuerit
3031 908 3159 963 quas
3213 892 3465 949 haereses
3513 911 3629 950 non
3662 901 3828 967 sunt,

2183 976 2376 1049 qualis
2432 981 2522 1033 est
2572 995 2687 1033 non
2746 978 3011 1049 haeresis,
3070 982 3172 1036 sed
3236 981 3533 1037 Catholica
3588 988 3829 1041 Patrum

2182 1065 2493 1133 sententia,
2524 1066 2765 1134 Fidium,
2799 1084 2901 1123 seu
2946 1069 3309 1142 spiraculum
3363 1071 3492 1126 vitae
3526 1073 3598 1128 de
3628 1073 3829 1130 anima

2182 1154 2453 1211 rationali
2484 1155 2925 1228 interpretatur.

2182 1298 2211 1372 Ξ
2242 1299 2726 1375 4_.__De_gt_nimabus
2753 1310 3095 1375 posterorum
3114 1301 3249 1375 Adae
3276 1320 3350 1359 ex
3398 1304 3638 1375 traduce,
3682 1310 3829 1362 tom.

2254 1370 2354 1436 Ill,
2406 1370 2609 1450 libLAde
2658 1370 2879 1450 Anima.
2933 1390 3059 1445 cap.
3103 1370 3832 1450 9_num._123,gcap.t9,

2257 1444 2735 1522 pum..256,ﬁcap.
2767 1447 2857 1515 22,
2892 1444 3061 1502 num.
3092 1447 3218 1517 294,
3250 1452 3311 1503 et
3346 1446 3591 1520 integris
3621 1444 3832 1522 capiti;

2254 1512 2365 1567 bus
2393 1516 2463 1567 27
2495 1519 2551 1569 et
2576 1515 2667 1572 36.

2252 1636 2585 1693 Paradoxon
2617 1638 2773 1694 istud
2824 1638 3184 1698 Tertulliano
3234 1643 3539 1699 ascribunt
3584 1644 3833 1701 Ruﬁnus

2179 1726 2397 1797 Apolog.
2423 1743 2522 1798 pro
2573 1726 2832 1797 Origene,
2866 1732 2924 1784 et
2970 1730 3025 1784 S.
3082 1729 3319 1786 Hieron.
3379 1732 3532 1788 libro
3586 1750 3630 1789 ιι
3658 1739 3718 1789 et
3746 1750 3833 1804 m,

2100 1827 2148 1893 Β
2179 1816 2397 1887 Apolog.
2431 1816 2560 1871 adv.
2596 1817 2894 1884 eumdem,
2918 1834 3170 1890 quorum
3204 1818 3302 1875 ille
3351 1819 3498 1876 nihil
3542 1822 3834 1878 deﬁnien-

2180 1904 2324 1959 dum
2357 1908 2544 1976 putat,
2578 1904 2673 1960 hic
2723 1905 2868 1962 satis
2915 1906 3090 1963 dubie
3135 1906 3417 1979 loquitur,
3468 1926 3834 1981 quamquam

2180 1992 2368 2065 magis
2397 1993 2615 2049 sentire
2645 1991 2914 2049 videatur
2941 2011 3072 2051 esse
3100 1996 3441 2052 damnatam
3470 1999 3830 2055 sententiam

2179 2082 2324 2137 Nam
2356 2086 2481 2136 tum
2510 2082 2762 2137 maxime
2809 2082 3033 2154 Apolog.
3080 2084 3151 2139 ad
3200 2086 3495 2154 Pamach.,
3544 2088 3833 2144 adversus

2178 2174 2413 2226 Errores
2441 2170 2653 2227 Joann.
2687 2170 2910 2227 Dieros.
2943 2172 3180 2229 disertis
3209 2174 3405 2231 verbis
3450 2175 3613 2243 dicit,
3645 2176 3834 2233 eccle-

2179 2259 2479 2315 siasticam
2526 2275 2657 2315 esse
2701 2261 3051 2317 sententiam
3105 2261 3291 2318 Deum
3341 2281 3520 2320 novas
3565 2265 3834 2336 quotidie

2179 2349 2429 2404 amimas
2459 2348 2800 2419 corporibus
2842 2349 2967 2419 jam
3016 2351 3315 2422 conceptis
3358 2352 3690 2422 infundere,
3740 2353 3828 2408 al-

2176 2436 2380 2508 legans
2409 2436 2479 2491 ad
2503 2436 2559 2490 id
2588 2435 2924 2507 Scripturas
2948 2436 3116 2493 Joan.
3149 2455 3206 2493 v.
3241 2455 3256 2505 ;
3288 2437 3484 2508 Zach.,
3507 2456 3587 2495 χιι
3621 2458 3636 2509 ;
3666 2440 3830 2497 Psal.

2175 2542 2353 2592 xxxu,
2387 2540 2729 2597 quanquam
2754 2525 2986 2581 interim
3016 2527 3422 2599 epist.99,qua3
3453 2535 3542 2586 est
3570 2530 3642 2586 ad
3675 2530 3832 2587 Mar-

2175 2614 2454 2671 cellinum
2488 2618 2545 2669 et
2574 2613 3031 2687 Anapsychiam,
3068 2615 3269 2671 mitius
3302 2617 3531 2689 loquar,
3583 2624 3642 2675 et
3667 2618 3824 2676 illud

2177 2704 2415 2776 quidem
2447 2701 2559 2757 sibi
2591 2702 2772 2758 videri
2803 2703 3040 2771 scribat,
3075 2705 3177 2760 sed
3210 2705 3283 2760 ad
3310 2706 3370 2762 S.
3417 2708 3825 2779 Augustinum

2174 2791 2440 2848 remittat
2467 2795 2666 2863 utpote
2697 2790 2847 2847 nihil
2887 2792 3087 2848 volens
3143 2793 3285 2848 certi
3337 2794 3601 2861 definire,
3662 2798 3823 2867 quod

2174 2880 2340 2936 illum
2374 2878 2865 2952 legissetdubiam
2878 2880 3069 2936 adhuc
3082 2882 3441 2953 suspendere
3458 2884 3820 2941 sententiam

2171 2969 2442 3025 alludens
2473 2970 2544 3025 ad
2575 2970 2745 3042 epist.
2782 2968 2939 3025 illius
2970 2970 3042 3025 ad
3074 2986 3136 3025 se
3178 2971 3452 3042 scriptas,
3503 2978 3560 3028 et
3592 2974 3693 3028 157
3742 2975 3821 3029 ad

2171 3059 2446 3132 Optatum
2493 3058 2559 3114 de
2608 3060 2826 3129 origine
2886 3060 3225 3131 animarum,
3302 3059 3361 3115 in
3407 3076 3525 3132 qua
3582 3061 3822 3117 Tertul-

2170 3149 2395 3205 lianum
2438 3164 2552 3203 non
2604 3155 2723 3203 tam
2756 3148 2997 3203 damnat
3026 3149 3181 3220 quod
3226 3163 3296 3203 ex
3335 3149 3593 3216 traduce,
3636 3165 3821 3219 quam

2171 3238 2327 3310 quod
2358 3252 2666 3307 corporeae
2715 3236 2944 3292 animas
2976 3236 3210 3304 faceret,
3244 3237 3317 3292 de
3368 3253 3485 3308 quo
3519 3238 3817 3295 Paradoxo

2168 3324 2343 3398 paulo
2394 3329 2526 3396 post
2573 3323 2767 3381 latius.
2832 3324 2979 3380 Nam
3032 3329 3089 3381 et
3138 3324 3244 3393 illi,
3314 3324 3526 3397 inquit,
3583 3324 3820 3382 animas

2169 3430 2238 3469 ex
2268 3412 2366 3467 illa
2393 3430 2509 3468 una
2541 3413 2850 3486 propagari
2882 3417 3175 3485 asserunt,
3207 3430 3385 3486 quam
3437 3414 3593 3470 Deus
3620 3414 3818 3486 primo

2169 3501 2394 3558 homini
2439 3501 2621 3570 dedit,
2669 3506 2844 3573 atque
2892 3502 2974 3557 ita
3020 3518 3121 3557 eas
3165 3518 3230 3557 ex
3264 3501 3608 3573 parentibus
3659 3500 3824 3557 trahi

2169 3591 2394 3661 dicunt,
2427 3592 2475 3647 si
2511 3590 2852 3647 Tertulliani
2901 3590 3236 3663 opinionem
3287 3597 3630 3662 sequantur,
3680 3606 3820 3663 pro-

2168 3681 2319 3737 fecto
2348 3697 2447 3736 eas
2480 3696 2593 3735 non
2626 3679 2999 3752 spiritus,sed
3030 3696 3277 3752 corpora
3304 3696 3434 3736 esse
3455 3680 3826 3735 contendunt

2170 3775 2228 3826 et
2276 3768 2632 3841 corpulentis
2682 3767 3011 3824 seminibus
3058 3768 3289 3823 exoriri.
3341 3770 3465 3835 Quo
3515 3782 3826 3839 perversus

2170 3857 2309 3929 qdid
2340 3857 2453 3911 dici
2498 3855 2730 3929 potest?
2764 3855 2955 3925 Neque
3007 3855 3118 3911 hoc
3172 3854 3600 3912 Tertullianum
3660 3871 3822 3910 som-

2172 3946 2368 4001 niasse
2399 3944 2733 4000 mirandum
2762 3948 2871 4008 est,
2904 3943 3057 3999 182
3092 3943 3192 4016 qui
3225 3942 3405 3998 etiam
3436 3942 3633 4015 ipsum
3665 3956 3828 3997 crea-

2170 4039 2358 4090 torem
2385 4039 2583 4103 Deum,
2620 4049 2732 4087 non
2777 4048 2905 4087 esse
2939 4032 3052 4087 nisi
3102 4048 3316 4104 corpus
3365 4031 3658 4103 Opinatur.
3709 4030 3823 4086 Sed

2171 4123 2243 4178 de
2289 4122 2391 4177 illo
2440 4137 2671 4194 quoque
2718 4120 3012 4175 Paradoxo
3046 4119 3201 4175 infra
3265 4135 3333 4176 ex
3375 4120 3580 4176 eodem
3627 4120 3828 4190 Augu-

2171 4212 2329 4268 stino
2379 4210 2577 4265 latius.
2622 4210 2962 4264 Gennadius
3013 4213 3114 4263 aut
3162 4208 3264 4264 lib.
3314 4209 3515 4263 Eccles.
3565 4208 3825 4279 Dogmat.

2172 4302 2370 4373 [quem
2404 4298 2489 4353 vel
2522 4298 2658 4353 hinc
2690 4303 2849 4370 patet
2885 4299 2943 4353 S.
2978 4302 3228 4370 August.
3280 4314 3396 4352 non
3441 4296 3616 4367 esse],
3648 4312 3827 4352 enar-

2174 4394 2301 4444 rata
2340 4386 2607 4459 Origeuis
2666 4386 2979 4457 sententia,
3041 4391 3099 4442 et
3132 4387 3257 4457 jam
3309 4386 3483 4455 dicta,
3543 4392 3604 4440 ut
3661 4384 3828 4453 dicit,

2178 4475 2674 4532 Luciferianorum
2722 4475 2941 4545 Cyrilli,
2987 4480 3046 4530 et
3095 4474 3426 4546 aliquorum
3480 4473 3823 4529 Latinorum

415 4566 615 4633 ﬂatum
650 4567 775 4619 vita:
808 4566 863 4619 in
894 4567 1093 4634 faciem
1126 4567 1387 4631 hominis,
1419 4567 1676 4636 etractus
1706 4572 1782 4618 est
1810 4564 1969 4617 homo
2000 4564 2061 4617 in
2094 4552 2138 4617 D
2170 4566 2343 4638 (inter
2372 4581 2520 4637 quos
2550 4563 2705 4618 haud
2742 4563 2884 4619 dubi
2933 4563 3377 4635 Tertullianus),
3426 4563 3652 4627 deﬁnit,
3703 4564 3825 4618 for-

415 4655 661 4708 animam
687 4656 888 4719 vivam,
941 4654 1110 4707 sicuti
1174 4652 1644 4725 frequentissime
1686 4651 1812 4723 ipse
1868 4650 2061 4706 incul-

415 4748 526 4807 cat,
562 4742 809 4795 maxime
830 4759 960 4796 vero
995 4743 1063 4796 dc
1096 4744 1291 4797 Anima
1324 4760 1372 4798 ο.
1426 4742 1510 4797 tl.
1544 4743 1663 4806 Quo
1710 4740 1855 4808 loco,
1891 4737 2062 4795 sicuti

416 4832 594 4888 etiam
627 4832 729 4887 lib.
765 4831 829 4885 de
858 4834 1042 4903 Bapt,
1068 4849 1115 4886 ο.
1148 4834 1202 4901 5,
1238 4849 1399 4887 num.
1426 4833 1513 4900 43,
1546 4848 1674 4887 eam
1710 4830 2061 4903 interpreta-

415 4919 635 4975 tionem
686 4923 1017 4975 consentire
1106 4922 1473 4977 ostendimus
1536 4937 1671 4976 cum
1728 4921 1826 4974 SS.
1888 4924 2062 4985 lren.,

416 5009 753 5073 Prudentio,
834 5010 1159 5081 Chrysost.,
1232 5016 1469 5077 August.
1551 5014 1607 5065 et
1681 5009 2061 5064 Theodoreto.

417 5100 676 5163 Quorum
711 5098 820 5152 iste
851 5115 862 5153 :
897 5099 1142 5153 Nomine
1174 5098 1369 5168 ﬂatus,
1422 5098 1633 5171 inquit,
1678 5115 1796 5152 non
1841 5095 2066 5151 intelli-

417 5186 614 5257 gimus
646 5192 872 5258 partem
903 5187 1158 5258 aliquam
1194 5187 1463 5242 essentia:
1501 5186 1708 5240 divinae
1742 5186 2067 5240 secundum

414 5276 692 5331 Cerdouis
724 5282 781 5331 et
812 5276 1119 5331 Marcionis
1153 5277 1396 5341 rabiem,
1425 5277 1523 5330 sed
1557 5276 1764 5329 animis
1795 5279 2066 5329 naturam

415 5380 521 5436 per
549 5363 606 5417 id
640 5364 923 5430 denotari,
959 5366 1110 5435 quod
1146 5365 1343 5419 anima
1370 5364 1618 5434 spiritus
1651 5363 1727 5416 sit
1767 5362 2068 5417 rationalis

419 5451 930 5509 etintellectualis.
965 5453 1096 5516 Qua:
1130 5453 1303 5507 verba
1335 5452 1477 5506 mihi
1520 5450 1696 5506 etiam
1728 5452 1899 5506 aliam
1932 5468 2068 5506 con-

412 5544 706 5615 jecturam
739 5542 977 5608 faciunt,
1012 5542 1443 5612 loquiAuctore
1503 5557 1619 5596 non
1652 5558 1720 5596 ex
1778 5558 1907 5609 sua,
1967 5542 2068 5596 sed

423 5648 493 5689 ex
523 5631 837 5689 Marcionis
854 5630 1499 5704 sententia,praasertim
1524 5646 1656 5687 cum
1681 5645 1748 5686 ex
1778 5629 2073 5703 fragmen-

2175 4658 2331 4709 mato
2356 4654 2480 4723 jam
2514 4669 2753 4724 corpore
2785 4652 3043 4707 animam
3069 4669 3102 4707 a
3128 4652 3244 4707 Deo
3269 4651 3452 4707 creari
3482 4657 3541 4706 et
3571 4650 3833 4706 infundi.

2172 4743 2285 4799 Nec
2318 4741 2485 4797 aliter
2516 4746 2715 4796 auctor
2744 4742 2968 4810 dialogi
2996 4740 3059 4796 de
3088 4742 3406 4797 animarum
3434 4740 3648 4812 origine
3679 4740 3837 4796 inter

2176 4832 2277 4889 SS.
2313 4831 2548 4886 Hieron.
2580 4834 2637 4886 et
2666 4832 2913 4902 August.
2950 4830 3066 4886 Nos
3098 4835 3292 4886 tamen
3341 4829 3489 4885 nihil
3540 4834 3830 4900 tanquam

2175 4920 2310 4975 ﬁdei
2341 4920 2547 4975 docere
2581 4919 2925 4987 maluimus,
2961 4919 3442 4991 quandoquidem
3475 4922 3534 4974 et
3572 4917 3839 4974 Ecclesia

2176 5014 2262 5065 tot
2310 5010 2435 5081 jam
2468 5009 2604 5064 inde
2662 5007 2976 5064 celebratis
3007 5006 3273 5063 conciliis
3329 5006 3478 5062 nihil
3536 5022 3839 5079 expresse,

2177 5098 2331 5169 quod
2357 5096 2594 5168 quidem
2628 5097 2834 5166 sciam,
2869 5097 3174 5152 definitum
3206 5095 3532 5168 reliquerit.
3566 5094 3841 5150 Sufﬁciet

2178 5191 2328 5241 atem
2363 5186 2625 5256 quaedam
2652 5185 2711 5240 in
2740 5185 3233 5241 Adnotationibus
3264 5183 3843 5257 adjeccisse,quibus

2179 5281 2306 5330 tum
2356 5276 2415 5329 S.
2468 5276 2703 5338 Hieron,
2757 5275 3104 5329 sententiam
3154 5274 3299 5329 nihil
3366 5275 3554 5346 magis
3602 5272 3840 5344 probari

2180 5362 2661 5434 signiﬁcavimus,
2696 5368 2816 5417 tum
2851 5364 2921 5417 ad
2956 5368 3305 5433 argumenta
3353 5360 3703 5417 Tertulliani
3738 5361 3841 5416 ah-

2180 5450 2378 5515 surda,
2412 5450 2509 5520 qui
2564 5451 2746 5505 sentit
2792 5467 2861 5505 ex
2910 5450 3273 5524 corpulentis
3322 5452 3654 5507 seminibus
3704 5451 3837 5505 ani—

2183 5556 2338 5596 mam
2375 5538 2603 5607 exoriri,
2653 5555 2722 5596 ex
2769 5540 2824 5595 S.
2869 5545 3117 5614 August.
3168 5544 3226 5596 et
3272 5539 3577 5596 Lactantio
3627 5539 3836 5612 paucis

2182 5626 2619 5700 respondimus.
