4072 6190
176 0 419 17 θῆπῐ-αέ
520 14 551 17 ,ν
586 8 595 15 ς

286 26 375 37 ιώ
420 22 461 37 9‘

223 319 317 377 229

440 445 533 511 §5.
564 444 633 497 De
665 444 883 499 animae
908 458 1063 499 sexu.
1099 442 1269 509 Ibid.,
1303 459 1429 514 cap.
1463 442 1551 495 36.

271 553 366 607 Hoc
394 550 613 622 quidem
645 549 865 621 colligit
906 548 1151 605 Tertull.
1205 566 1272 604 ex
1313 548 1588 622 praedicto
1638 563 1804 619 para-

213 644 344 697 doxo.
377 640 425 694 Si
454 640 601 694 enim
642 639 839 693 anima
889 637 1064 693 simul
1122 639 1449 693 seminatur
1497 654 1627 692 cum
1679 653 1805 690 cor-

210 747 335 805 pore,
363 729 575 783 videtur
603 727 745 782 illud
781 727 1060 798 consequi
1090 745 1103 794 ;
1158 729 1257 782 sed
1302 727 1567 782 dissertis
1614 725 1806 780 verbis

210 818 505 876 contrariam
541 817 825 872 deﬁniunt
856 818 1209 872 sententiam
1243 821 1296 871 S.
1350 815 1544 888 Cyrill.
1580 814 1803 869 Hieros.

211 909 387 965 Catuli.
429 924 504 976 iv,
553 911 608 962 et
653 911 689 959 S
768 911 1021 978 August.
1071 906 1176 961 lib.
1220 924 1259 976 1,
1303 906 1369 960 de
1400 906 1580 959 Anim.
1615 912 1663 958 et
1694 905 1807 972 eius

206 1000 381 1068 origine
406 996 473 1052 ad
510 995 880 1050 Vincentium
933 1012 1060 1068 cap.
1094 997 1145 1050 8.
1198 996 1386 1067 Hujus
1417 994 1592 1048 verba
1645 1009 1805 1063 quae-

206 1090 310 1142 dam
336 1086 671 1140 adduximus
700 1085 758 1139 in
790 1089 1049 1139 annotat.
1086 1085 1324 1151 nostris,
1381 1101 1496 1155 quo
1530 1083 1800 1137 lectorem

203 1176 527 1232 remittimus.
562 1174 663 1229 Ille
696 1174 780 1229 sic
811 1174 989 1230 habet
1024 1191 1034 1227 :
1071 1174 1285 1229 Omnes
1317 1173 1527 1228 animae
1558 1177 1677 1226 tam
1717 1170 1802 1223 vi-

201 1282 360 1321 rorum
389 1280 554 1336 quam
591 1263 905 1319 mulierum
952 1264 1205 1335 pulchrae
1260 1267 1315 1317 et
1360 1262 1582 1317 similes
1642 1264 1799 1329 sunt,

198 1356 274 1411 sed
301 1354 544 1410 membra
574 1357 803 1409 tantum
835 1352 1094 1424 corporis
1137 1352 1452 1408 discrimen
1486 1351 1728 1407 faciunt.

194 1472 297 1539 §6.
349 1470 596 1523 Animam
650 1470 1003 1538 peccatricem
1076 1468 1258 1537 potius
1336 1482 1499 1537 quam
1554 1482 1795 1533 carnem,

244 1548 361 1595 tom.
396 1542 484 1607 ΙΙΙ,
520 1541 621 1594 lib.
658 1540 703 1603 Ι,
735 1541 801 1594 de
830 1540 1033 1593 Anima
1066 1540 1313 1610 integro,
1365 1555 1493 1608 cap.
1528 1539 1615 1607 40,
1649 1542 1796 1610 etc.

242 1615 315 1681 58,
366 1629 521 1667 num.
581 1613 738 1679 65ος
805 1615 863 1666 et
913 1611 1013 1665 lib.
1078 1628 1131 1677 v,
1192 1609 1313 1665 adv.
1375 1610 1538 1664 Marc.
1594 1626 1645 1664 c.
1710 1609 1795 1675 10,

244 1702 381 1740 num.
416 1686 532 1738 165.

1369 310 1529 370 CUM
1579 304 1978 366 ANTIDOTO
2024 304 2375 367 PAMELll.

1852 443 1907 509 Α
1937 442 2078 494 Ecce
2126 441 2342 510 quibus
2390 443 2633 498 auribus
2680 448 2735 498 et
2774 442 2988 515 quibus
3020 444 3204 499 oculis
3235 446 3438 501 debuit
3469 465 3574 503 au-

3458 314 3577 375 230

1922 530 2044 585 dire
2102 536 2159 584 et
2204 530 2388 586 vivere
2432 532 2613 586 Deum
2661 533 2934 607 populus,
2995 533 3208 601 quibus
3262 535 3460 590 anima
3514 536 3573 590 in

1917 620 2141 674 somnis
2202 621 2485 691 fungitur,
2548 638 2680 675 cum
2744 622 2790 675 si
2858 622 3052 692 ipsum
3143 624 3573 679 Tertullianum

1917 708 2228 779 quisquam
2264 710 2485 765 videret
2534 711 2592 765 in
2634 711 2880 778 somnis,
2925 728 3227 782 nunquam
3263 730 3325 767 se
3356 714 3573 769 diceret

1916 797 1987 851 ab
2018 814 2083 853 eo
2114 799 2325 868 visum,
2360 806 2415 853 et
2458 817 2591 853 cum
2642 816 2707 854 eo
2762 801 3049 865 locutum,
3092 818 3262 871 quem
3305 803 3567 857 vicissim

1914 896 2038 955 ipse
2072 904 2185 942 non
2212 889 2475 944 vidisset.
2502 889 2797 943 Postremo
2819 891 2863 943 si
2898 890 3093 944 anima
3125 892 3379 960 seipsam
3412 892 3570 945 videt

1914 972 1973 1029 in
2033 980 2280 1043 somnis,
2341 995 2473 1032 cum
2508 980 2844 1048 jacentibus
2896 979 3093 1050 utique
3146 997 3261 1035 uno
3323 981 3380 1034 in
3441 980 3565 1036 loco

1915 1065 2196 1119 membris
2240 1068 2497 1137 corporis
2542 1068 2655 1129 sui,
2717 1068 2843 1137 ipsa
2884 1084 2982 1137 per
3032 1070 3219 1122 varias
3278 1070 3565 1140 imagines

1912 1160 2207 1225 evagatur,
2242 1173 2389 1225 quas
2419 1157 2596 1223 videt,
2640 1157 2771 1226 quis
2801 1172 2927 1210 eam
2974 1156 3117 1210 vidit
3163 1157 3472 1227 aliquando
3508 1159 3562 1213 in

1911 1244 2135 1297 somnis
2165 1246 2316 1298 aerei
2351 1245 2545 1299 coloris
2588 1261 2656 1299 ac
2688 1245 2877 1313 lucidi,
2910 1244 3024 1298 nisi
3056 1246 3199 1299 forte
3247 1251 3310 1301 ut
3340 1254 3562 1313 caetera,

1911 1347 2040 1400 quae
2062 1332 2332 1387 similiter
2353 1332 2498 1388 falso
2520 1334 2677 1388 videt
2696 1334 2723 1387 ?
2753 1334 2897 1387 Nam
2921 1340 2976 1388 et
3006 1334 3112 1388 hoc
3138 1339 3325 1405 potest
3347 1337 3565 1415 videre,

1911 1422 2009 1476 sed
2045 1423 2219 1486 absit,
2245 1428 2307 1477 ut
2346 1440 2474 1477 eam
2507 1424 2706 1486 talem,
2742 1439 2869 1477 cum
2915 1422 3293 1493 evigilaverit,
3327 1428 3565 1490 credat;

1911 1509 2170 1582 alioquin
2222 1513 2455 1581 quando
2515 1528 2578 1566 se
2635 1511 2803 1566 aliter
2856 1513 3083 1580 viderit,
3144 1514 3295 1583 quod
3375 1515 3565 1585 magis

1910 1603 2178 1654 crebrum
2211 1606 2319 1665 est,
2345 1606 2445 1655 aut
2468 1601 2779 1655 immutata
2809 1601 2919 1655 erit
2944 1604 3140 1655 anima
3157 1603 3309 1671 ejus,
3337 1607 3437 1658 aut
3460 1619 3565 1658 nec

1909 1693 2049 1743 tune
2098 1691 2305 1744 anima:
2354 1691 2580 1744 videtur
2629 1691 2979 1755 substantia,
3028 1692 3127 1745 sed
3190 1694 3382 1762 imago
3442 1709 3567 1747 cor-

240 1802 306 1854 Ad
333 1800 476 1855 istud
512 1799 875 1870 paradoxum
938 1796 993 1850 in
1057 1797 1181 1850 haec
1229 1796 1398 1850 verba
1454 1795 1685 1860 alludit,
1744 1799 1799 1849 et
1832 1813 1878 1878 B
1911 1779 2066 1878 Ροῐςίε
2115 1779 2474 1878 ίηξδοῐῬοιξθθ,
2532 1797 2657 1878 (nim?
2690 1779 2837 1878 mil"?
2878 1780 3232 1878 111????th
3289 1780 3347 1834 ίη
3408 1781 3563 1850 οοὲζί·

187 1887 346 1942 eadem
390 1903 563 1958 opera
607 1886 871 1939 confutet
920 1888 1124 1939 Petrus
1182 1885 1570 1951 Lombardus,
1613 1884 1801 1939 verbis

186 1976 325 2031 etiam
373 1992 403 2030 a
446 1975 620 2030 nobis
667 1974 787 2029 illic
818 1972 1013 2028 citatis
1044 1972 1145 2027 lib.
1182 1991 1221 2027 II
1255 1973 1497 2035 Sentent,
1531 1990 1657 2044 cap.
1709 1974 1799 2035 31,

186 2064 507 2133 Putaverunt,
552 2064 775 2136 inquit,
839 2063 1077 2133 quidam
1148 2065 1475 2118 secundum
1538 2064 1798 2119 animam

182 2153 299 2207 trahi
330 2153 606 2224 originale
658 2158 984 2225 peccatum,
1047 2169 1160 2206 non
1220 2151 1410 2207 solum
1471 2154 1796 2209 secundum

183 2257 390 2308 carnem,
420 2242 557 2313 quia
592 2259 707 2297 non
757 2244 945 2298 solum
980 2258 1239 2310 carnem,
1275 2243 1376 2296 sed
1431 2246 1487 2295 et
1536 2242 1795 2298 animam

178 2347 227 2385 ex
249 2332 461 2385 traduce
492 2331 762 2385 arbitrati
824 2338 981 2387 sunt.
1038 2332 1289 2402 Ideoque
1336 2331 1490 2384 sicut
1537 2331 1605 2385 de
1664 2348 1793 2385 cor-

178 2425 312 2490 rupta
338 2436 501 2475 carne
563 2436 700 2475 caro
758 2421 1104 2487 seminatur,
1150 2419 1232 2474 ita
1280 2419 1457 2473 etiam
1494 2420 1561 2473 de
1594 2421 1793 2477 anima

174 2508 443 2576 peccatrice
497 2508 764 2563 animam
824 2506 1206 2580 peccatricem
1258 2506 1630 2576 corruptione
1673 2508 1788 2561 ori-

170 2594 310 2664 ginali
345 2596 619 2650 infectam
672 2614 705 2651 a
752 2596 1132 2669 gignentibus
1179 2595 1356 2649 trahi.
1403 2595 1521 2649 Hoc
1569 2600 1786 2663 autem,

165 2683 334 2755 inquit,
367 2685 502 2741 ﬁdes
538 2685 835 2741 catholica
866 2684 1113 2757 respuit,
1147 2688 1203 2738 et
1248 2688 1528 2754 tanquam
1561 2685 1787 2756 veritati

166 2774 423 2829 adversum
474 2776 745 2841 damnat,
779 2792 905 2847 quas
957 2791 1071 2830 non
1120 2772 1364 2839 animas,
1401 2774 1500 2828 sed
1550 2791 1784 2829 carnem

164 2862 311 2917 solam
333 2878 395 2918 ex
416 2864 662 2919 traduce
688 2880 816 2919 esse
847 2864 1126 2919 admittit.
1147 2862 1544 2933 Allegavimus
1568 2862 1783 2918 ibidem

165 2968 291 3005 num.
319 2954 439 3023 756,
469 2970 576 3025 pro
630 2955 919 3008 contraria
949 2953 1239 3008 sententia
1284 2952 1386 3006 SS.
1426 2950 1693 3009 Ambros.
1729 2957 1785 3007 et

164 3044 372 3112 August.
402 3042 560 3098 locas
596 3043 669 3097 ab
699 3044 902 3098 eodem
934 3042 1259 3097 Lombardo
1301 3042 1530 3096 citatos.

165 3157 339 3229 §7.De
366 3159 553 3212 anima
585 3173 864 3229 corporea,
899 3162 1038 3212 tom.
1075 3158 1115 3225 Ι,
1147 3158 1366 3227 Apolog.
1410 3173 1457 3210 c.
1493 3157 1579 3229 48,
1618 3174 1777 3212 num.

216 3228 322 3290 608,
351 3246 411 3283 ac
439 3230 568 3296 609,
601 3236 657 3283 et
688 3236 828 3284 tom.
864 3230 963 3294 Ill,
1006 3229 1106 3284 lib.
1159 3229 1223 3283 de
1272 3230 1493 3297 Anima,
1538 3228 1781 3300 integris

223 3302 486 3369 capitibus
513 3304 572 3368 5,
608 3303 663 3363 6,
696 3303 750 3367 8,
784 3303 837 3360 9,
868 3302 961 3365 22,
1011 3302 1102 3361 36,
1136 3301 1242 3365 37;
1296 3301 1444 3355 libro
1494 3300 1563 3354 de
1610 3300 1792 3355 Carne

226 3371 424 3441 Christi,
470 3390 605 3443 cap.
658 3375 744 3435 11,
808 3389 969 3426 num.
1022 3374 1128 3439 98;
1173 3374 1239 3427 de
1304 3376 1527 3427 Resurr.
1580 3375 1787 3434 carnis,

221 3457 258 3494 e.
292 3446 367 3503 17,
424 3462 591 3499 num.
660 3446 778 3511 131,
826 3462 953 3513 cap.
1006 3446 1094 3497 45.
1159 3460 1322 3498 num.
1356 3446 1479 3505 32.0,
1527 3449 1584 3498 et
1613 3460 1664 3498 c.
1696 3447 1785 3509 53,

224 3530 361 3569 num.
395 3518 494 3570 484
526 3535 539 3582 ;
577 3516 685 3570 lib.
725 3534 780 3581 v,
831 3519 961 3569 adv.
1013 3517 1188 3569 Marc.
1241 3531 1290 3568 e.
1335 3517 1413 3578 t0,
1465 3531 1629 3569 num.
1668 3516 1787 3583 158,

221 3592 328 3639 etc.
364 3588 442 3651 15,
478 3603 648 3642 num.
696 3590 819 3640 2’18.
874 3588 1035 3651 Quod
1074 3588 1316 3657 proinde
1351 3587 1578 3656 proprie
1609 3589 1789 3657 spiri-

220 3664 296 3710 tus
324 3676 431 3713 non
465 3662 565 3725 sit,
606 3658 739 3712 ibid.
775 3659 877 3713 lib.
901 3660 967 3712 (te
1004 3659 1165 3712 Anim
1199 3675 1324 3727 cap.
1346 3661 1431 3713 11.
1457 3664 1512 3711 et
1542 3660 1787 3727 tom.lV,

224 3728 268 3780 in
295 3731 635 3799 Fragmentz‘s
664 3730 764 3785 lib.
798 3735 867 3784 de
910 3731 1085 3785 Censu
1111 3732 1333 3796 animae,
1362 3733 1623 3784 adversus
1655 3732 1792 3785 Her-

224 3816 495 3868 mogenem.

220 3918 528 3972 Paradoxon
566 3917 728 3971 istud
760 3916 988 3971 Auctori
1034 3916 1372 3987 impingunt
1403 3918 1501 3971 SS.
1536 3922 1787 3989 August.

170 4001 451 4062 183111)Γο
492 4026 549 4074 Χ,
605 4008 677 4061 de
710 4005 843 4060 Gen.
890 4005 959 4059 ad
993 4004 1102 4059 litt.
1151 4006 1382 4059 duobus
1415 4005 1640 4060 ultimis
1695 4024 1788 4061 ca-

164 4090 361 4161 pitibus,
408 4102 463 4149 et
522 4095 674 4149 libro
732 4095 796 4148 de
854 4095 1076 4161 Haeres,
1128 4100 1183 4148 et
1228 4096 1492 4164 Fuigent.
1544 4095 1691 4149 libro
1725 4113 1785 4162 ΙΙ,

164 4176 421 4246 tie/ideari
452 4185 709 4239 Petrum.
779 4184 888 4237 Sed
949 4200 1060 4236 non
1106 4188 1223 4236 tam
1278 4184 1427 4253 quod
1478 4199 1791 4254 corpoream

166 4267 303 4322 iaciat
348 4274 523 4342 (quod
591 4272 788 4342 aliquo
832 4288 1008 4326 sensu
1070 4272 1377 4326 commode
1427 4271 1485 4324 in
1549 4271 1787 4349 Hilariq,

163 4358 418 4425 Casciano,
455 4369 510 4415 et
564 4361 917 4428 Hieronymo
976 4360 1227 4430 ascripto
1270 4361 1700 4414 Commentario
1732 4360 1793 4435 in

162 4448 264 4514 Job,
290 4451 518 4519 quidam
552 4450 1038 4521 interpretantur)
1079 4454 1253 4519 atque
1285 4450 1441 4519 quod
1473 4442 1809 4527 efﬁgialanf

1916 1869 2128 1923 talione
2179 1871 2480 1923 formatur.
2530 1869 2668 1931 Quis
2726 1869 2883 1923 enim
2935 1869 3198 1940 {Ethiops
3248 1886 3356 1924 non
3419 1887 3565 1941 pene

1912 1974 2144 2028 semper
2189 1975 2251 2012 se
2290 1959 2523 2027 nigrum
2565 1959 2717 2012 videt
2749 1958 2805 2010 in
2855 1960 3113 2023 somnis;
3149 1963 3249 2012 aut
3279 1959 3326 2013 si
3359 1959 3416 2012 in
3448 1958 3562 2013 alio

1910 2046 2097 2101 colore
2128 2062 2189 2100 se
2219 2046 2381 2113 vidit,
2416 2063 2529 2100 non
2564 2046 2751 2116 magis
2783 2046 3029 2099 miratus
3061 2051 3167 2112 est,
3203 2047 3248 2099 si
3284 2046 3393 2099 fuit
3425 2062 3557 2099 cum

1908 2133 2008 2189 illo
2042 2136 2360 2201 memoria;
2408 2151 2564 2190 aereo
2614 2142 2807 2188 tamen
2840 2136 3015 2189 colore
3056 2151 3120 2189 ac
3154 2135 3333 2189 lucido
3364 2136 3560 2189 nescio

1906 2230 2104 2279 utrum
2154 2241 2214 2280 se
2267 2241 2521 2294 unquam
2574 2224 2836 2290 vidisset,
2891 2239 3189 2294 nunquam
3232 2224 3411 2278 istum
3476 2224 3559 2279 le-

1903 2314 2085 2383 gisset
2114 2312 2198 2368 vel
2233 2314 2510 2367 audisset.
2548 2313 2696 2376 Quid
2751 2313 2904 2382 quorl
2946 2314 3245 2366 ducuntur
3288 2312 3559 2366 homines

1902 2402 2120 2458 talibus
2176 2403 2339 2471 visis,
2395 2408 2449 2457 et
2506 2402 2575 2456 de
2624 2401 2943 2471 Scripturis
2990 2401 3156 2455 nobis
3185 2400 3387 2455 volunt
3419 2416 3562 2471 prae-

1901 2493 2155 2547 scribere
2185 2491 2302 2547 tale
2346 2490 2566 2561 aliquid
2602 2508 2730 2546 esse
2763 2508 2877 2544 non
2912 2491 3191 2557 animam,
3226 2491 3325 2545 sed
3360 2491 3556 2561 ipsum

1899 2585 2118 2647 Deum,
2208 2581 2399 2651 qualis
2474 2580 2796 2651 figuraliter
2871 2580 3216 2634 Sanctorum
3314 2579 3558 2649 spiritus

1898 2672 2337 2726 demonstratus
2368 2675 2476 2738 est,
2507 2669 2699 2740 qualis
2734 2669 2911 2723 etiam
2944 2670 3001 2722 in
3037 2684 3308 2723 sermone
3336 2668 3556 2739 allego-

1897 2761 2014 2814 rico
2055 2760 2309 2830 ponitur.
2345 2757 2576 2811 Similia
2626 2758 2843 2828 quippe
2890 2762 3029 2810 sunt
3056 2758 3155 2811 illa
3184 2757 3308 2811 visa
3340 2757 3557 2812 talibus

1897 2849 2091 2917 dictis,
2150 2848 2231 2903 sic
2280 2843 2497 2909 errant,
2531 2847 2954 2900 constituentes
3002 2846 3059 2897 in
3109 2847 3282 2899 corde
3328 2863 3431 2899 suo
3478 2846 3557 2899 si-

1895 2937 2161 2991 mulacra
2190 2953 2348 2990 vanze
2380 2934 2695 3005 opinionis,
2728 2950 2831 2987 nec
2882 2932 3274 3004 iutelligentes
3308 2934 3387 2986 ita
3417 2950 3555 2988 san-

1893 3031 2025 3081 ctus
2040 3025 2245 3080 desuis
2264 3025 2405 3077 visis
2426 3023 2642 3076 talibus
2659 3022 3551 3091 judicasse,qualiterjudicant,

1894 3116 1941 3170 si
1977 3114 2116 3168 talia
2151 3112 2433 3167 divinitus
2484 3111 2542 3164 in
2599 3111 2799 3173 figuris
2849 3111 3003 3163 dicta
3050 3110 3308 3181 legerent
3335 3110 3419 3163 vel
3455 3126 3562 3162 au-

1897 3204 2105 3273 dirent,
2133 3204 2285 3256 sicut
2310 3205 2532 3272 septem
2574 3200 2831 3269 spicea,et
2864 3205 3088 3269 septem
3121 3200 3313 3262 boves,
3336 3203 3557 3267 septem

1900 3294 2037 3349 anni
2070 3296 2231 3357 sunt,
2271 3292 2422 3345 sicut
2456 3290 2703 3343 linteum
2742 3294 2995 3357 quatuor
3024 3287 3193 3342 lineis
3228 3287 3558 3356 alligatum,

1898 3383 2055 3437 velut
2101 3382 2300 3435 discus
2357 3378 2568 3448 plenus
2621 3377 2799 3430 variis
2833 3376 3212 3438 animalibus,
3250 3375 3410 3428 orbis
3443 3380 3559 3426 ter-

1900 3487 2098 3526 rarum
2119 3474 2206 3523 est
2227 3484 2357 3521 cum
2390 3467 2667 3520 omnibus
2691 3465 2996 3532 gentibus;
3024 3463 3106 3517 sic
3130 3464 3305 3516 etiam
3333 3466 3558 3525 caetera,

1901 3566 1957 3616 et
1988 3560 2169 3614 multo
2206 3556 2393 3627 magis
2441 3572 2568 3626 quae
2625 3555 2693 3607 do
2725 3553 2897 3607 rebus
2946 3551 3324 3622 incorporeis,
3358 3566 3559 3618 θοι-βου

1901 3649 2124 3704 ralibus
2174 3646 2600 3717 signiﬁcentur,
2639 3660 2752 3696 non
2814 3642 3009 3707 rebus,
3045 3641 3145 3695 sed
3175 3639 3557 3710 Imaginibus.

1900 3742 1968 3792 Et
2000 3738 2136 3790 item
2171 3733 2435 3805 sequenti
2470 3732 2693 3801 capite:
2724 3730 2920 3784 Noluit
2946 3735 3137 3784 tamen
3165 3729 3563 3784 Tertullianus

1902 3826 2158 3882 animam
2186 3837 2443 3877 crescere
2473 3820 2809 3875 substantia
2836 3820 2988 3873 sicut
3011 3835 3258 3889 corpus;
3295 3834 3563 3873 asserens

1901 3916 2075 3971 etiam
2126 3912 2355 3967 timoris
2404 3909 2495 3965 sui
2544 3926 2803 3974 causam,
2859 3931 2885 3956 ‹‹
2924 3924 2991 3961 ne
3023 3908 3195 3962 etiam
3231 3908 3564 3961 decrescere

1900 4003 2233 4060 substantia
2281 4002 2529 4067 dicatur,
2564 3999 2772 4068 inquit,
2807 4000 2977 4067 atque
3030 3996 3109 4050 ita
3158 4001 3215 4050 et
3264 3996 3563 4050 defectura

1900 4095 2206 4157 credatur;
2243 4114 2270 4138 ››
2300 4096 2355 4144 et
2381 4095 2576 4143 tamen
2610 4087 2747 4158 quia
2780 4104 2881 4157 per
2910 4103 3122 4156 corpus
3145 4102 3272 4140 eam
3297 4083 3564 4138 localiter

1898 4183 2107 4251 tendit,
2162 4197 2273 4233 non
2326 4177 2548 4231 invenit
2585 4176 2806 4230 exitum
2864 4176 3359 4228 incrementorum
3395 4172 3551 4226 184

1898 4271 2047 4339 ejus,
2083 4285 2259 4338 quam
2292 4266 2414 4320 vult
2448 4266 2515 4319 de
2550 4265 2775 4319 semine
2805 4263 3011 4333 exiguo
3043 4263 3260 4333 aequari
3292 4261 3555 4331 corporis

1898 4356 2235 4427 quantitati,
2266 4364 2321 4409 et
2353 4354 2432 4409 ait
2465 4371 2477 4407 :
2520 4374 2539 4401 ‹‹
2573 4353 2683 4408 Sed
2717 4352 2801 4407 vis
2846 4354 2992 4421 ejus,
3029 4352 3086 4405 in
3120 4367 3235 4421 qua
3267 4349 3560 4404 naturalia

1901 4446 2131 4517 peculia
2170 4445 2396 4499 consita
2465 4443 2816 4509 retinentur,
2852 4442 3011 4496 salvo
3044 4439 3396 4494 substantiae
3444 4455 3564 4492 mo-

165 4539 205 4585 et
230 4537 515 4594 coloratam
545 4540 726 4607 dicat,
752 4538 848 4593 ille
883 4537 1095 4608 arguit.
1120 4540 1209 4591 Sic
1241 4538 1398 4592 enim
1429 4537 1552 4592 loco
1586 4538 1782 4609 priori:
1820 4551 1864 4614 D
1896 4534 2053 4598 dulo,
2109 4551 2221 4604 quo
2268 4550 2299 4586 a
2350 4531 2667 4602 primordio
2718 4530 2920 4583 inﬂata
2968 4535 3075 4594 est,
3113 4527 3394 4599 paulatim
3423 4544 3560 4582 cum

164 4624 373 4695 Denique
417 4627 842 4694 Tertullianus,
907 4626 1121 4697 inquit,
1188 4627 1323 4696 quia
1392 4644 1604 4697 corpus
1657 4643 1783 4681 esse

164 4714 373 4769 animam
403 4718 674 4781 credidit,
704 4734 815 4770 non
844 4716 916 4769 ob
948 4715 1103 4768 aliud
1141 4716 1290 4781 fecit,
1328 4715 1437 4769 nisi
1468 4718 1619 4785 quod
1656 4732 1783 4770 eam

160 4796 520 4873 inrorpoream
558 4804 815 4875 cogitare
867 4820 977 4856 non
1012 4804 1219 4873 potuit.
1246 4810 1301 4857 et
1335 4804 1461 4857 ideo
1494 4805 1692 4857 timuit
1713 4821 1783 4858 ne

163 4887 275 4941 nihil
313 4898 483 4962 esset,
518 4894 564 4946 si
620 4909 831 4963 corpus
875 4908 988 4945 non
1038 4897 1211 4946 esset.
1261 4892 1365 4955 Qui
1402 4910 1561 4959 sane,
1597 4910 1782 4964 quan-

162 4989 299 5043 quam
330 4987 536 5035 acutus
561 4985 671 5049 est,
697 4980 990 5034 interdum
1018 4985 1222 5034 contra
1246 4981 1580 5051 opinionem
1613 4998 1779 5035 suam

159 5062 255 5117 visa
282 5070 510 5123 veritate
544 5074 876 5140 superatur.
910 5073 1052 5122 Cum
1086 5071 1263 5123 etiam
1298 5070 1505 5123 animae
1538 5069 1784 5125 colorem

160 5148 290 5206 daret
332 5172 556 5211 aereum
609 5174 673 5211 ac
716 5158 982 5220 lucidum,
1040 5164 1280 5212 ventum
1335 5165 1423 5213 est
1455 5160 1523 5213 ad
1570 5176 1782 5213 sensus

162 5240 341 5307 quibus
373 5261 503 5299 eam
553 5246 925 5300 membratim
980 5247 1146 5317 quasi
1202 5264 1414 5317 corpus
1474 5248 1782 5302 instituere

161 5337 367 5386 conatus
426 5341 540 5399 est,
590 5339 647 5389 et
706 5334 787 5388 ait
849 5352 861 5389 :
924 5358 950 5383 ‹‹
986 5334 1089 5389 Ilic
1144 5336 1252 5390 erit
1313 5336 1482 5390 homo
1517 5337 1777 5401 interior,

160 5413 280 5471 alius
299 5423 566 5491 exterior,
594 5422 911 5493 dupliciter
935 5440 1113 5487 unus,
1140 5424 1362 5479 habens
1385 5430 1439 5478 et
1468 5424 1562 5478 ille
1583 5423 1783 5479 oculos

160 5507 199 5554 et
225 5522 376 5563 aures
410 5528 571 5575 suas,
605 5512 822 5582 quibus
866 5511 1115 5582 populus
1150 5520 1327 5567 Deum
1364 5514 1555 5567 videre
1585 5518 1641 5567 et
1673 5530 1779 5566 au-

161 5592 256 5647 dire
283 5597 579 5668 debuerat,
610 5601 834 5655 habens
892 5604 947 5655 et
997 5604 1234 5655 caeteros
1268 5609 1446 5667 artus,
1483 5619 1583 5673 per
1631 5619 1777 5674 quos

162 5677 206 5733 in
231 5686 670 5756 cogitationibus
704 5689 905 5761 utitur,
940 5693 996 5746 et
1048 5689 1110 5745 in
1160 5691 1382 5748 somnis
1434 5691 1719 5763 fungitur.
1748 5713 1774 5739 ι)

1897 4640 2070 4679 carne
2120 4622 2469 4694 producitur
2528 4620 2587 4673 in
2644 4620 3009 4673 membris.»
3071 4620 3181 4672 Hoc
3236 4620 3381 4672 forte
3439 4635 3558 4671 non

1894 4712 2376 4783 intelligeremus,
2441 4708 2550 4763 nisi
2606 4708 2865 4761 adhibita
2914 4706 3303 4761 similitudine
3353 4722 3555 4760 eorum

1896 4818 2020 4872 qua:
2052 4801 2339 4859 videmus,
2374 4798 2610 4869 planum
2650 4799 2858 4851 taceret
2884 4797 3035 4864 quod
3071 4796 3335 4851 dicebat:
3367 4796 3557 4850 «Con-

1894 4892 2090 4956 stitue,
2150 4889 2361 4960 inquit,
2414 4893 2635 4940 certum
2700 4887 2929 4955 pondus
2979 4887 3129 4951 auri,
3191 4884 3277 4939 vel
3336 4877 3562 4953 argenti

1895 4980 2099 5033 rudem
2153 4978 2345 5031 adhuc
2378 4992 2656 5039 massam,
2693 4974 2969 5028 collectus
3020 4975 3255 5028 habitus
3301 4980 3391 5028 est
3448 4972 3557 5039 illi,

1894 5074 1950 5123 et
1983 5070 2178 5123 futuro
2234 5066 2468 5121 interim
2518 5066 2730 5131 minor,
2785 5069 2979 5118 tamen
3032 5064 3341 5117 continens
3400 5063 3557 5115 intra

1892 5158 2110 5212 lineam
2156 5154 2377 5211 moduli
2428 5160 2639 5217 totum,
2679 5154 2835 5224 quod
2896 5158 3107 5207 natura
3149 5158 3237 5207 est
3296 5151 3422 5206 auri
3466 5150 3557 5206 vel

1894 5246 2157 5316 argenti;
2192 5245 2400 5297 dehinc
2433 5259 2606 5313 quam
2650 5243 2707 5294 in
2758 5241 3040 5295 laminam
3076 5258 3273 5295 massa
3307 5241 3559 5311 laxatur,

1893 5334 2346 5404 majoretiicitur
2366 5330 2530 5383 initio
2555 5347 2683 5391 suo,
2711 5347 2811 5401 per
2840 5330 3243 5384 dilatationem
3277 5331 3558 5400 ponderis

1892 5424 2174 5488 certi,non
2198 5439 2298 5493 per
2316 5419 2724 5489 adjectionem,
2743 5419 2883 5472 dum
2914 5419 3389 5487 extenditus,non
3416 5422 3555 5473 dum

1892 5519 2158 5581 augetur.
2197 5512 2314 5564 Etsi
2350 5510 2433 5564 sic
2466 5526 2698 5579 quoque
2731 5513 2999 5579 augetur,
3034 5508 3176 5562 dum
3205 5508 3550 5571 extenditur;

1891 5602 2025 5657 licet.
2056 5600 2210 5655 enim
2238 5600 2439 5653 habitu
2474 5598 2693 5668 augeri,
2720 5614 2853 5651 cum
2888 5601 3044 5651 statu
3081 5613 3196 5651 non
3228 5595 3548 5648 1icet.Tunc

1889 5694 1946 5743 et
1998 5687 2275 5759 splendor
2303 5685 2430 5757 ipse
2478 5684 2814 5756 provehitur
2844 5683 2975 5739 auri
3027 5683 3114 5737 vel
3166 5678 3415 5749 argenti,
3446 5678 3546 5748 qui
