  <div class='ocr_page' id='page_1' title='image "/cluster/home/n/w/nwhite01/storage/ocr_20150623/1/hvd.32044096580337/123.png"; bbox 0 0 4072 6190; ppageno 0'>
   <div class='ocr_carea' id='block_1_1' title="bbox 407 346 3816 423">
    <p class='ocr_par' dir='ltr' id='par_1_1' title="bbox 407 346 3816 423">
     <span class='ocr_line' id='line_1_1' title="bbox 407 346 3816 423; baseline 0 -11"><span class='ocrx_word' id='word_1_1' title='bbox 407 362 519 423; x_wconf 66' lang='lat'>231</span> <span class='ocrx_word' id='word_1_2' title='bbox 1611 347 2036 410; x_wconf 83' lang='lat' dir='ltr'>PARADOXA</span> <span class='ocrx_word' id='word_1_3' title='bbox 2085 346 2616 411; x_wconf 84' lang='lat' dir='ltr'>TERTULLIANI</span> <span class='ocrx_word' id='word_1_4' title='bbox 3702 352 3816 413; x_wconf 79' lang='lat'>232</span> 
     </span>
    </p>
   </div>
   <div class='ocr_carea' id='block_1_2' title="bbox 405 480 3818 568">
    <p class='ocr_par' dir='ltr' id='par_1_2' title="bbox 405 480 3818 568">
     <span class='ocr_line' id='line_1_2' title="bbox 405 480 3818 568; baseline -0.003 -19"><span class='ocrx_word' id='word_1_5' title='bbox 405 494 573 568; x_wconf 90' lang='lat' dir='ltr'>prius</span> <span class='ocrx_word' id='word_1_6' title='bbox 619 491 808 545; x_wconf 80' lang='lat' dir='ltr'>fuerat</span> <span class='ocrx_word' id='word_1_7' title='bbox 836 485 1073 557; x_wconf 84' lang='lat' dir='ltr'>quidem</span> <span class='ocrx_word' id='word_1_8' title='bbox 1134 485 1190 537; x_wconf 91' lang='lat' dir='ltr'>et</span> <span class='ocrx_word' id='word_1_9' title='bbox 1230 481 1290 536; x_wconf 88' lang='lat' dir='ltr'>in</span> <span class='ocrx_word' id='word_1_10' title='bbox 1337 497 1554 548; x_wconf 85' lang='lat' dir='ltr'>massa,</span> <span class='ocrx_word' id='word_1_11' title='bbox 1601 481 1703 537; x_wconf 90' lang='lat' dir='ltr'>sed</span> <span class='ocrx_word' id='word_1_12' title='bbox 1753 480 2059 535; x_wconf 83' lang='lat' dir='ltr'>obscurior</span> <span class='ocrx_word' id='word_1_13' title='bbox 2086 487 2139 553; x_wconf 78' lang='grc' dir='ltr'><strong>Α</strong></span> <span class='ocrx_word' id='word_1_14' title='bbox 2241 481 2808 568; x_wconf 43' lang='lat' dir='ltr'>§‘8.&#39;Animam‘ni&#39;liit</span> <span class='ocrx_word' id='word_1_15' title='bbox 2839 487 3158 568; x_wconf 56' lang='lat' dir='ltr'>palimposre</span> <span class='ocrx_word' id='word_1_16' title='bbox 3183 483 3308 566; x_wconf 74' lang='lat' dir='ltr'>sine</span> <span class='ocrx_word' id='word_1_17' title='bbox 3334 497 3582 554; x_wconf 81' lang='lat' dir='ltr'>corpore,</span> <span class='ocrx_word' id='word_1_18' title='bbox 3614 486 3758 568; x_wconf 75' lang='lat' dir='ltr'>tom.</span> <span class='ocrx_word' id='word_1_19' title='bbox 3793 485 3818 540; x_wconf 91' lang='grc' dir='ltr'><strong>Ῑ</strong></span> 
     </span>
    </p>
   </div>
   <div class='ocr_carea' id='block_1_3' title="bbox 405 569 2064 642">
    <p class='ocr_par' dir='ltr' id='par_1_3' title="bbox 405 569 2064 642">
     <span class='ocr_line' id='line_1_3' title="bbox 405 569 2064 642; baseline -0.01 -3"><span class='ocrx_word' id='word_1_20' title='bbox 405 600 522 639; x_wconf 90' lang='lat' dir='ltr'>non</span> <span class='ocrx_word' id='word_1_21' title='bbox 553 585 750 635; x_wconf 88' lang='lat' dir='ltr'>tamen</span> <span class='ocrx_word' id='word_1_22' title='bbox 785 573 1004 630; x_wconf 90' lang='lat' dir='ltr'>nullus.</span> <span class='ocrx_word' id='word_1_23' title='bbox 1038 573 1200 627; x_wconf 89' lang='lat' dir='ltr'>Tunc</span> <span class='ocrx_word' id='word_1_24' title='bbox 1248 574 1306 626; x_wconf 85' lang='lat' dir='ltr'>et</span> <span class='ocrx_word' id='word_1_25' title='bbox 1354 571 1452 625; x_wconf 92' lang='lat' dir='ltr'>alii</span> <span class='ocrx_word' id='word_1_26' title='bbox 1499 573 1675 642; x_wconf 84' lang='lat' dir='ltr'>atque</span> <span class='ocrx_word' id='word_1_27' title='bbox 1709 569 1942 624; x_wconf 83' lang='lat' dir='ltr'>habitus</span> <span class='ocrx_word' id='word_1_28' title='bbox 1974 584 2064 623; x_wconf 89' lang='lat' dir='ltr'>ac-</span> 
     </span>
    </p>
   </div>
   <div class='ocr_carea' id='block_1_4' title="bbox 403 658 2060 738">
    <p class='ocr_par' dir='ltr' id='par_1_4' title="bbox 403 658 2060 738">
     <span class='ocr_line' id='line_1_4' title="bbox 403 658 2060 738; baseline -0.011 -11"><span class='ocrx_word' id='word_1_29' title='bbox 403 671 620 727; x_wconf 89' lang='lat' dir='ltr'>cedunt</span> <span class='ocrx_word' id='word_1_30' title='bbox 651 682 753 738; x_wconf 85' lang='lat' dir='ltr'>pro</span> <span class='ocrx_word' id='word_1_31' title='bbox 787 662 1060 718; x_wconf 87' lang='lat' dir='ltr'>facilitate</span> <span class='ocrx_word' id='word_1_32' title='bbox 1091 659 1368 727; x_wconf 64' lang='lat' dir='ltr'>materiae,</span> <span class='ocrx_word' id='word_1_33' title='bbox 1401 676 1515 730; x_wconf 88' lang='lat' dir='ltr'>qua</span> <span class='ocrx_word' id='word_1_34' title='bbox 1538 658 1769 714; x_wconf 89' lang='lat' dir='ltr'>duxerit</span> <span class='ocrx_word' id='word_1_35' title='bbox 1801 674 1928 713; x_wconf 85' lang='lat' dir='ltr'>eam</span> <span class='ocrx_word' id='word_1_36' title='bbox 1961 666 2060 728; x_wconf 80' lang='lat' dir='ltr'>qui</span> 
     </span>
    </p>
   </div>
   <div class='ocr_carea' id='block_1_5' title="bbox 402 747 2064 830">
    <p class='ocr_par' dir='ltr' id='par_1_5' title="bbox 402 747 2064 830">
     <span class='ocr_line' id='line_1_5' title="bbox 402 747 2064 830; baseline -0.01 -16"><span class='ocrx_word' id='word_1_37' title='bbox 402 758 544 830; x_wconf 83' lang='lat' dir='ltr'>agit,</span> <span class='ocrx_word' id='word_1_38' title='bbox 579 753 721 810; x_wconf 88' lang='lat' dir='ltr'>nihil</span> <span class='ocrx_word' id='word_1_39' title='bbox 753 752 1055 809; x_wconf 88' lang='lat' dir='ltr'>conferens</span> <span class='ocrx_word' id='word_1_40' title='bbox 1102 747 1342 803; x_wconf 87' lang='lat' dir='ltr'>modulo</span> <span class='ocrx_word' id='word_1_41' title='bbox 1378 748 1489 802; x_wconf 87' lang='lat' dir='ltr'>nisi</span> <span class='ocrx_word' id='word_1_42' title='bbox 1541 747 1815 819; x_wconf 82' lang='lat' dir='ltr'>efﬁgiem.</span> <span class='ocrx_word' id='word_1_43' title='bbox 1864 747 1948 800; x_wconf 91' lang='lat' dir='ltr'>Ita</span> <span class='ocrx_word' id='word_1_44' title='bbox 2007 748 2064 798; x_wconf 88' lang='lat' dir='ltr'>et</span> 
     </span>
    </p>
   </div>
   <div class='ocr_carea' id='block_1_6' title="bbox 399 835 2059 909">
    <p class='ocr_par' dir='ltr' id='par_1_6' title="bbox 399 835 2059 909">
     <span class='ocr_line' id='line_1_6' title="bbox 399 835 2059 909; baseline -0.009 -7"><span class='ocrx_word' id='word_1_45' title='bbox 399 849 605 903; x_wconf 61' lang='lat' dir='ltr'>anime</span> <span class='ocrx_word' id='word_1_46' title='bbox 640 846 937 899; x_wconf 88' lang='lat' dir='ltr'>crementa</span> <span class='ocrx_word' id='word_1_47' title='bbox 985 837 1329 909; x_wconf 87' lang='lat' dir='ltr'>reputanda,</span> <span class='ocrx_word' id='word_1_48' title='bbox 1376 854 1491 890; x_wconf 88' lang='lat' dir='ltr'>non</span> <span class='ocrx_word' id='word_1_49' title='bbox 1541 836 1928 905; x_wconf 81' lang='lat' dir='ltr'>substantive,</span> <span class='ocrx_word' id='word_1_50' title='bbox 1961 835 2059 888; x_wconf 87' lang='lat' dir='ltr'>sed</span> 
     </span>
    </p>
   </div>
   <div class='ocr_carea' id='block_1_7' title="bbox 398 923 2062 1009">
    <p class='ocr_par' dir='ltr' id='par_1_7' title="bbox 398 923 2062 1009">
     <span class='ocr_line' id='line_1_7' title="bbox 398 923 2062 1009; baseline -0.009 -17"><span class='ocrx_word' id='word_1_51' title='bbox 398 932 786 1009; x_wconf 86' lang='lat' dir='ltr'>provocativa.</span> <span class='ocrx_word' id='word_1_52' title='bbox 826 953 844 976; x_wconf 79' lang='grc' dir='ltr'>ι</span> <span class='ocrx_word' id='word_1_53' title='bbox 883 928 1023 994; x_wconf 77' lang='lat' dir='ltr'>Quis</span> <span class='ocrx_word' id='word_1_54' title='bbox 1077 927 1230 980; x_wconf 90' lang='lat' dir='ltr'>hunc</span> <span class='ocrx_word' id='word_1_55' title='bbox 1279 925 1538 979; x_wconf 81' lang='lat' dir='ltr'>crederet</span> <span class='ocrx_word' id='word_1_56' title='bbox 1577 942 1712 979; x_wconf 92' lang='lat' dir='ltr'>cum</span> <span class='ocrx_word' id='word_1_57' title='bbox 1745 925 1855 979; x_wconf 90' lang='lat' dir='ltr'>isto</span> <span class='ocrx_word' id='word_1_58' title='bbox 1889 923 2062 986; x_wconf 77' lang='lat' dir='ltr'>corde</span> 
     </span>
    </p>
   </div>
   <div class='ocr_carea' id='block_1_8' title="bbox 398 1014 2064 1086">
    <p class='ocr_par' dir='ltr' id='par_1_8' title="bbox 398 1014 2064 1086">
     <span class='ocr_line' id='line_1_8' title="bbox 398 1014 2064 1086; baseline -0.007 -6"><span class='ocrx_word' id='word_1_59' title='bbox 398 1030 526 1080; x_wconf 91' lang='lat' dir='ltr'>tum</span> <span class='ocrx_word' id='word_1_60' title='bbox 569 1023 853 1077; x_wconf 87' lang='lat' dir='ltr'>disertum</span> <span class='ocrx_word' id='word_1_61' title='bbox 901 1033 1028 1071; x_wconf 90' lang='lat' dir='ltr'>esse</span> <span class='ocrx_word' id='word_1_62' title='bbox 1081 1015 1389 1086; x_wconf 82' lang='lat' dir='ltr'>potuisse?</span> <span class='ocrx_word' id='word_1_63' title='bbox 1441 1015 1538 1068; x_wconf 90' lang='lat' dir='ltr'>sed</span> <span class='ocrx_word' id='word_1_64' title='bbox 1589 1015 1893 1068; x_wconf 88' lang='lat' dir='ltr'>tremenda</span> <span class='ocrx_word' id='word_1_65' title='bbox 1954 1014 2064 1068; x_wconf 89' lang='lat' dir='ltr'>ista</span> 
     </span>
    </p>
   </div>
   <div class='ocr_carea' id='block_1_9' title="bbox 400 1103 2062 1181">
    <p class='ocr_par' dir='ltr' id='par_1_9' title="bbox 400 1103 2062 1181">
     <span class='ocr_line' id='line_1_9' title="bbox 400 1103 2062 1181; baseline -0.013 -11"><span class='ocrx_word' id='word_1_66' title='bbox 400 1117 560 1181; x_wconf 89' lang='lat' dir='ltr'>sunt,</span> <span class='ocrx_word' id='word_1_67' title='bbox 598 1127 711 1165; x_wconf 89' lang='lat' dir='ltr'>non</span> <span class='ocrx_word' id='word_1_68' title='bbox 744 1107 1026 1172; x_wconf 85' lang='lat' dir='ltr'>ridenda;</span> <span class='ocrx_word' id='word_1_69' title='bbox 1060 1106 1129 1159; x_wconf 88' lang='lat' dir='ltr'>ad</span> <span class='ocrx_word' id='word_1_70' title='bbox 1159 1105 1265 1159; x_wconf 88' lang='lat' dir='ltr'>hoc</span> <span class='ocrx_word' id='word_1_71' title='bbox 1309 1103 1462 1158; x_wconf 88' lang='lat' dir='ltr'>enim</span> <span class='ocrx_word' id='word_1_72' title='bbox 1498 1120 1800 1173; x_wconf 81' lang='lat' dir='ltr'>nunquam</span> <span class='ocrx_word' id='word_1_73' title='bbox 1832 1119 2062 1173; x_wconf 86' lang='lat' dir='ltr'>cogere-</span> 
     </span>
    </p>
   </div>
   <div class='ocr_carea' id='block_1_10' title="bbox 398 1192 2061 1268">
    <p class='ocr_par' dir='ltr' id='par_1_10' title="bbox 398 1192 2061 1268">
     <span class='ocr_line' id='line_1_10' title="bbox 398 1192 2061 1268; baseline -0.008 -9"><span class='ocrx_word' id='word_1_74' title='bbox 398 1207 515 1268; x_wconf 90' lang='lat' dir='ltr'>tur,</span> <span class='ocrx_word' id='word_1_75' title='bbox 562 1201 609 1256; x_wconf 88' lang='lat' dir='ltr'>si</span> <span class='ocrx_word' id='word_1_76' title='bbox 661 1197 882 1267; x_wconf 89' lang='lat' dir='ltr'>aliquid</span> <span class='ocrx_word' id='word_1_77' title='bbox 933 1195 1186 1264; x_wconf 86' lang='lat' dir='ltr'>cogitare</span> <span class='ocrx_word' id='word_1_78' title='bbox 1219 1198 1417 1264; x_wconf 79' lang='lat' dir='ltr'>posset</span> <span class='ocrx_word' id='word_1_79' title='bbox 1449 1195 1598 1264; x_wconf 84' lang='lat' dir='ltr'>quod</span> <span class='ocrx_word' id='word_1_80' title='bbox 1635 1196 1690 1246; x_wconf 90' lang='lat' dir='ltr'>ct</span> <span class='ocrx_word' id='word_1_81' title='bbox 1721 1192 1818 1261; x_wconf 90' lang='lat' dir='ltr'>sit,</span> <span class='ocrx_word' id='word_1_82' title='bbox 1852 1197 1907 1245; x_wconf 89' lang='lat' dir='ltr'>et</span> <span class='ocrx_word' id='word_1_83' title='bbox 1938 1209 2061 1246; x_wconf 89' lang='lat' dir='ltr'>cor-</span> 
     </span>
    </p>
   </div>
   <div class='ocr_carea' id='block_1_11' title="bbox 398 1280 2061 1364">
    <p class='ocr_par' dir='ltr' id='par_1_11' title="bbox 398 1280 2061 1364">
     <span class='ocr_line' id='line_1_11' title="bbox 398 1280 2061 1364; baseline -0.008 -17"><span class='ocrx_word' id='word_1_84' title='bbox 398 1309 509 1364; x_wconf 88' lang='lat' dir='ltr'>pus</span> <span class='ocrx_word' id='word_1_85' title='bbox 547 1305 658 1344; x_wconf 91' lang='lat' dir='ltr'>non</span> <span class='ocrx_word' id='word_1_86' title='bbox 702 1287 798 1341; x_wconf 88' lang='lat' dir='ltr'>sit.</span> <span class='ocrx_word' id='word_1_87' title='bbox 846 1284 993 1348; x_wconf 87' lang='lat' dir='ltr'>Quid</span> <span class='ocrx_word' id='word_1_88' title='bbox 1047 1287 1242 1335; x_wconf 89' lang='lat' dir='ltr'>autem</span> <span class='ocrx_word' id='word_1_89' title='bbox 1296 1280 1614 1334; x_wconf 84' lang='lat' dir='ltr'>absurdius</span> <span class='ocrx_word' id='word_1_90' title='bbox 1649 1296 1824 1349; x_wconf 87' lang='lat' dir='ltr'>quam</span> <span class='ocrx_word' id='word_1_91' title='bbox 1858 1283 2061 1350; x_wconf 88' lang='lat' dir='ltr'>putare</span> 
     </span>
    </p>
   </div>
   <div class='ocr_carea' id='block_1_12' title="bbox 399 1368 2061 1445">
    <p class='ocr_par' dir='ltr' id='par_1_12' title="bbox 399 1368 2061 1445">
     <span class='ocr_line' id='line_1_12' title="bbox 399 1368 2061 1445; baseline -0.01 -7"><span class='ocrx_word' id='word_1_92' title='bbox 399 1395 658 1437; x_wconf 83' lang='lat' dir='ltr'>massam</span> <span class='ocrx_word' id='word_1_93' title='bbox 713 1374 1043 1445; x_wconf 81' lang='lat' dir='ltr'>cujuspiam</span> <span class='ocrx_word' id='word_1_94' title='bbox 1099 1368 1321 1424; x_wconf 88' lang='lat' dir='ltr'>metalli</span> <span class='ocrx_word' id='word_1_95' title='bbox 1367 1387 1434 1424; x_wconf 84' lang='lat' dir='ltr'>ex</span> <span class='ocrx_word' id='word_1_96' title='bbox 1483 1368 1678 1439; x_wconf 84' lang='lat' dir='ltr'>aliqua</span> <span class='ocrx_word' id='word_1_97' title='bbox 1731 1377 1888 1440; x_wconf 89' lang='lat' dir='ltr'>parte</span> <span class='ocrx_word' id='word_1_98' title='bbox 1940 1384 2061 1422; x_wconf 90' lang='lat' dir='ltr'>cre-</span> 
     </span>
    </p>
   </div>
   <div class='ocr_carea' id='block_1_13' title="bbox 401 1457 2056 1539">
    <p class='ocr_par' dir='ltr' id='par_1_13' title="bbox 401 1457 2056 1539">
     <span class='ocr_line' id='line_1_13' title="bbox 401 1457 2056 1539; baseline -0.012 -13"><span class='ocrx_word' id='word_1_99' title='bbox 401 1486 561 1526; x_wconf 86' lang='lat' dir='ltr'>scere</span> <span class='ocrx_word' id='word_1_100' title='bbox 584 1483 756 1539; x_wconf 85' lang='lat' dir='ltr'>posse</span> <span class='ocrx_word' id='word_1_101' title='bbox 788 1465 928 1518; x_wconf 89' lang='lat' dir='ltr'>dum</span> <span class='ocrx_word' id='word_1_102' title='bbox 964 1459 1255 1528; x_wconf 87' lang='lat' dir='ltr'>tunditur,</span> <span class='ocrx_word' id='word_1_103' title='bbox 1284 1459 1392 1512; x_wconf 87' lang='lat' dir='ltr'>niri</span> <span class='ocrx_word' id='word_1_104' title='bbox 1428 1460 1728 1513; x_wconf 80' lang='lat' dir='ltr'>decrescat</span> <span class='ocrx_word' id='word_1_105' title='bbox 1759 1475 1824 1511; x_wconf 81' lang='lat' dir='ltr'>ex</span> <span class='ocrx_word' id='word_1_106' title='bbox 1857 1457 2056 1511; x_wconf 87' lang='lat' dir='ltr'>altera.</span> 
     </span>
    </p>
   </div>
   <div class='ocr_carea' id='block_1_14' title="bbox 397 1546 2061 1629">
    <p class='ocr_par' dir='ltr' id='par_1_14' title="bbox 397 1546 2061 1629">
     <span class='ocr_line' id='line_1_14' title="bbox 397 1546 2061 1629; baseline -0.009 -15"><span class='ocrx_word' id='word_1_107' title='bbox 397 1559 486 1614; x_wconf 89' lang='lat' dir='ltr'>vel</span> <span class='ocrx_word' id='word_1_108' title='bbox 520 1555 720 1629; x_wconf 85' lang='lat' dir='ltr'>augeri</span> <span class='ocrx_word' id='word_1_109' title='bbox 754 1550 1082 1616; x_wconf 84' lang='lat' dir='ltr'>latitudine,</span> <span class='ocrx_word' id='word_1_110' title='bbox 1120 1548 1235 1603; x_wconf 88' lang='lat' dir='ltr'>nisi</span> <span class='ocrx_word' id='word_1_111' title='bbox 1279 1548 1672 1602; x_wconf 85' lang='lat' dir='ltr'>crassitudine</span> <span class='ocrx_word' id='word_1_112' title='bbox 1708 1548 2007 1600; x_wconf 79' lang='lat' dir='ltr'>minuatur</span> <span class='ocrx_word' id='word_1_113' title='bbox 2033 1546 2061 1600; x_wconf 85' lang='lat'><strong>?</strong></span> 
     </span>
    </p>
   </div>
   <div class='ocr_carea' id='block_1_15' title="bbox 395 1650 2055 1718">
    <p class='ocr_par' dir='ltr' id='par_1_15' title="bbox 395 1650 2055 1718">
     <span class='ocr_line' id='line_1_15' title="bbox 395 1650 2055 1718; baseline -0.01 -6"><span class='ocrx_word' id='word_1_114' title='bbox 395 1658 510 1712; x_wconf 86' lang='lat' dir='ltr'>Aut</span> <span class='ocrx_word' id='word_1_115' title='bbox 539 1653 725 1708; x_wconf 89' lang='lat' dir='ltr'>ullum</span> <span class='ocrx_word' id='word_1_116' title='bbox 757 1666 886 1705; x_wconf 89' lang='lat' dir='ltr'>esse</span> <span class='ocrx_word' id='word_1_117' title='bbox 919 1664 1130 1718; x_wconf 90' lang='lat' dir='ltr'>corpus</span> <span class='ocrx_word' id='word_1_118' title='bbox 1165 1650 1436 1699; x_wconf 88' lang='lat' dir='ltr'>manente</span> <span class='ocrx_word' id='word_1_119' title='bbox 1464 1650 1686 1699; x_wconf 72' lang='lat' dir='ltr'>naturae</span> <span class='ocrx_word' id='word_1_120' title='bbox 1720 1662 1836 1698; x_wconf 61' lang='lat' dir='ltr'>sum</span> <span class='ocrx_word' id='word_1_121' title='bbox 1870 1661 2055 1714; x_wconf 87' lang='lat' dir='ltr'>quan-</span> 
     </span>
    </p>
   </div>
   <div class='ocr_carea' id='block_1_16' title="bbox 396 1732 2054 1811">
    <p class='ocr_par' dir='ltr' id='par_1_16' title="bbox 396 1732 2054 1811">
     <span class='ocr_line' id='line_1_16' title="bbox 396 1732 2054 1811; baseline -0.008 -11"><span class='ocrx_word' id='word_1_122' title='bbox 396 1745 584 1811; x_wconf 89' lang='lat' dir='ltr'>titate,</span> <span class='ocrx_word' id='word_1_123' title='bbox 628 1739 782 1811; x_wconf 91' lang='lat' dir='ltr'>quod</span> <span class='ocrx_word' id='word_1_124' title='bbox 834 1736 1095 1806; x_wconf 87' lang='lat' dir='ltr'>undique</span> <span class='ocrx_word' id='word_1_125' title='bbox 1145 1739 1369 1787; x_wconf 83' lang='lat' dir='ltr'>crescat</span> <span class='ocrx_word' id='word_1_126' title='bbox 1414 1734 1525 1787; x_wconf 88' lang='lat' dir='ltr'>nisi</span> <span class='ocrx_word' id='word_1_127' title='bbox 1579 1732 1876 1786; x_wconf 81' lang='lat' dir='ltr'>rarescat?</span> <span class='ocrx_word' id='word_1_128' title='bbox 1905 1737 2054 1796; x_wconf 82' lang='lat' dir='ltr'>Quc-</span> 
     </span>
    </p>
   </div>
   <div class='ocr_carea' id='block_1_17' title="bbox 398 1821 2130 1922">
    <p class='ocr_par' dir='ltr' id='par_1_17' title="bbox 398 1821 2130 1922">
     <span class='ocr_line' id='line_1_17' title="bbox 398 1821 2130 1922; baseline -0.007 -34"><span class='ocrx_word' id='word_1_129' title='bbox 398 1833 570 1888; x_wconf 91' lang='lat' dir='ltr'>modo</span> <span class='ocrx_word' id='word_1_130' title='bbox 600 1830 780 1901; x_wconf 86' lang='lat' dir='ltr'>igitur</span> <span class='ocrx_word' id='word_1_131' title='bbox 829 1824 1094 1896; x_wconf 87' lang='lat' dir='ltr'>implebit</span> <span class='ocrx_word' id='word_1_132' title='bbox 1143 1825 1335 1877; x_wconf 89' lang='lat' dir='ltr'>anima</span> <span class='ocrx_word' id='word_1_133' title='bbox 1384 1839 1450 1876; x_wconf 82' lang='lat' dir='ltr'>ex</span> <span class='ocrx_word' id='word_1_134' title='bbox 1483 1822 1581 1876; x_wconf 89' lang='lat' dir='ltr'>illa</span> <span class='ocrx_word' id='word_1_135' title='bbox 1626 1821 1781 1876; x_wconf 88' lang='lat' dir='ltr'>stilla</span> <span class='ocrx_word' id='word_1_136' title='bbox 1812 1822 2052 1876; x_wconf 88' lang='lat' dir='ltr'>seminis</span> <span class='ocrx_word' id='word_1_137' title='bbox 2084 1859 2130 1922; x_wconf 85' lang='lat' dir='ltr'>B</span> 
     </span>
    </p>
   </div>
   <div class='ocr_carea' id='block_1_18' title="bbox 398 1910 2054 1991">
    <p class='ocr_par' dir='ltr' id='par_1_18' title="bbox 398 1910 2054 1991">
     <span class='ocr_line' id='line_1_18' title="bbox 398 1910 2054 1991; baseline -0.008 -15"><span class='ocrx_word' id='word_1_138' title='bbox 398 1917 865 1991; x_wconf 79' lang='lat' dir='ltr'>magnitudinem</span> <span class='ocrx_word' id='word_1_139' title='bbox 914 1913 1174 1984; x_wconf 88' lang='lat' dir='ltr'>corporis</span> <span class='ocrx_word' id='word_1_140' title='bbox 1226 1913 1379 1982; x_wconf 91' lang='lat' dir='ltr'>quod</span> <span class='ocrx_word' id='word_1_141' title='bbox 1426 1911 1667 1975; x_wconf 84' lang='lat' dir='ltr'>animat,</span> <span class='ocrx_word' id='word_1_142' title='bbox 1718 1910 1764 1964; x_wconf 91' lang='lat' dir='ltr'>si</span> <span class='ocrx_word' id='word_1_143' title='bbox 1822 1915 1878 1964; x_wconf 91' lang='lat' dir='ltr'>et</span> <span class='ocrx_word' id='word_1_144' title='bbox 1925 1911 2054 1981; x_wconf 89' lang='lat' dir='ltr'>ipsa</span> 
     </span>
    </p>
   </div>
   <div class='ocr_carea' id='block_1_19' title="bbox 397 1999 2054 2081">
    <p class='ocr_par' dir='ltr' id='par_1_19' title="bbox 397 1999 2054 2081">
     <span class='ocr_line' id='line_1_19' title="bbox 397 1999 2054 2081; baseline -0.007 -15"><span class='ocrx_word' id='word_1_145' title='bbox 397 2025 610 2081; x_wconf 84' lang='lat' dir='ltr'>corpus</span> <span class='ocrx_word' id='word_1_146' title='bbox 634 2011 742 2073; x_wconf 89' lang='lat' dir='ltr'>est,</span> <span class='ocrx_word' id='word_1_147' title='bbox 767 2005 934 2075; x_wconf 84' lang='lat' dir='ltr'>cujus</span> <span class='ocrx_word' id='word_1_148' title='bbox 967 2001 1298 2056; x_wconf 85' lang='lat' dir='ltr'>substantia</span> <span class='ocrx_word' id='word_1_149' title='bbox 1330 1999 1492 2054; x_wconf 91' lang='lat' dir='ltr'>nullo</span> <span class='ocrx_word' id='word_1_150' title='bbox 1517 2016 1751 2054; x_wconf 86' lang='lat' dir='ltr'>accessu</span> <span class='ocrx_word' id='word_1_151' title='bbox 1785 1999 2054 2054; x_wconf 82' lang='lat' dir='ltr'>crescat?</span> 
     </span>
    </p>
   </div>
   <div class='ocr_carea' id='block_1_20' title="bbox 397 2097 2049 2174">
    <p class='ocr_par' dir='ltr' id='par_1_20' title="bbox 397 2097 2049 2174">
     <span class='ocr_line' id='line_1_20' title="bbox 397 2097 2049 2174; baseline -0.008 -11"><span class='ocrx_word' id='word_1_152' title='bbox 397 2106 720 2174; x_wconf 84' lang='lat' dir='ltr'>Quomodo,</span> <span class='ocrx_word' id='word_1_153' title='bbox 743 2104 1006 2173; x_wconf 89' lang='lat' dir='ltr'>inquam,</span> <span class='ocrx_word' id='word_1_154' title='bbox 1031 2097 1299 2170; x_wconf 89' lang='lat' dir='ltr'>implebit</span> <span class='ocrx_word' id='word_1_155' title='bbox 1316 2113 1549 2152; x_wconf 90' lang='lat' dir='ltr'>carnem</span> <span class='ocrx_word' id='word_1_156' title='bbox 1570 2114 1746 2167; x_wconf 91' lang='lat' dir='ltr'>quam</span> <span class='ocrx_word' id='word_1_157' title='bbox 1781 2097 2049 2166; x_wconf 76' lang='lat' dir='ltr'>vivificat,</span> 
     </span>
    </p>
   </div>
   <div class='ocr_carea' id='block_1_21' title="bbox 397 2186 2053 2258">
    <p class='ocr_par' dir='ltr' id='par_1_21' title="bbox 397 2186 2053 2258">
     <span class='ocr_line' id='line_1_21' title="bbox 397 2186 2053 2258; baseline -0.008 -6"><span class='ocrx_word' id='word_1_158' title='bbox 397 2196 513 2252; x_wconf 88' lang='lat' dir='ltr'>nisi</span> <span class='ocrx_word' id='word_1_159' title='bbox 552 2198 715 2250; x_wconf 89' lang='lat' dir='ltr'>tanto</span> <span class='ocrx_word' id='word_1_160' title='bbox 747 2190 929 2246; x_wconf 89' lang='lat' dir='ltr'>rarior</span> <span class='ocrx_word' id='word_1_161' title='bbox 961 2188 1151 2254; x_wconf 87' lang='lat' dir='ltr'>fuerit,</span> <span class='ocrx_word' id='word_1_162' title='bbox 1185 2191 1403 2258; x_wconf 89' lang='lat' dir='ltr'>quanto</span> <span class='ocrx_word' id='word_1_163' title='bbox 1435 2187 1670 2257; x_wconf 84' lang='lat' dir='ltr'>gravius</span> <span class='ocrx_word' id='word_1_164' title='bbox 1721 2187 1878 2256; x_wconf 89' lang='lat' dir='ltr'>quod</span> <span class='ocrx_word' id='word_1_165' title='bbox 1925 2186 2053 2240; x_wconf 89' lang='lat' dir='ltr'>ani-</span> 
     </span>
    </p>
   </div>
   <div class='ocr_carea' id='block_1_22' title="bbox 397 2274 2051 2343">
    <p class='ocr_par' dir='ltr' id='par_1_22' title="bbox 397 2274 2051 2343">
     <span class='ocr_line' id='line_1_22' title="bbox 397 2274 2051 2343; baseline -0.008 -2"><span class='ocrx_word' id='word_1_166' title='bbox 397 2282 689 2340; x_wconf 87' lang='lat' dir='ltr'>maverit?</span> <span class='ocrx_word' id='word_1_167' title='bbox 719 2278 940 2335; x_wconf 88' lang='lat' dir='ltr'>Timuit</span> <span class='ocrx_word' id='word_1_168' title='bbox 971 2276 1258 2343; x_wconf 88' lang='lat' dir='ltr'>videlicet,</span> <span class='ocrx_word' id='word_1_169' title='bbox 1295 2293 1365 2330; x_wconf 89' lang='lat' dir='ltr'>ne</span> <span class='ocrx_word' id='word_1_170' title='bbox 1414 2276 1683 2330; x_wconf 82' lang='lat' dir='ltr'>deﬁceret</span> <span class='ocrx_word' id='word_1_171' title='bbox 1727 2275 1901 2330; x_wconf 88' lang='lat' dir='ltr'>etiam</span> <span class='ocrx_word' id='word_1_172' title='bbox 1945 2274 2051 2328; x_wconf 86' lang='lat' dir='ltr'>mi-</span> 
     </span>
    </p>
   </div>
   <div class='ocr_carea' id='block_1_23' title="bbox 396 2363 2052 2434">
    <p class='ocr_par' dir='ltr' id='par_1_23' title="bbox 396 2363 2052 2434">
     <span class='ocr_line' id='line_1_23' title="bbox 396 2363 2052 2434; baseline -0.007 -5"><span class='ocrx_word' id='word_1_173' title='bbox 396 2373 629 2429; x_wconf 89' lang='lat' dir='ltr'>nuendo</span> <span class='ocrx_word' id='word_1_174' title='bbox 663 2372 709 2425; x_wconf 91' lang='lat' dir='ltr'>si</span> <span class='ocrx_word' id='word_1_175' title='bbox 744 2372 1046 2434; x_wconf 89' lang='lat' dir='ltr'>cresceret,</span> <span class='ocrx_word' id='word_1_176' title='bbox 1084 2370 1141 2420; x_wconf 89' lang='lat' dir='ltr'>et</span> <span class='ocrx_word' id='word_1_177' title='bbox 1191 2382 1302 2420; x_wconf 90' lang='lat' dir='ltr'>non</span> <span class='ocrx_word' id='word_1_178' title='bbox 1338 2363 1536 2419; x_wconf 89' lang='lat' dir='ltr'>timuit</span> <span class='ocrx_word' id='word_1_179' title='bbox 1569 2369 1629 2417; x_wconf 91' lang='lat' dir='ltr'>ut</span> <span class='ocrx_word' id='word_1_180' title='bbox 1661 2365 1933 2418; x_wconf 80' lang='lat' dir='ltr'>deficeret</span> <span class='ocrx_word' id='word_1_181' title='bbox 1962 2381 2052 2418; x_wconf 89' lang='lat' dir='ltr'>ra-</span> 
     </span>
    </p>
   </div>
   <div class='ocr_carea' id='block_1_24' title="bbox 394 2452 2054 2529">
    <p class='ocr_par' dir='ltr' id='par_1_24' title="bbox 394 2452 2054 2529">
     <span class='ocr_line' id='line_1_24' title="bbox 394 2452 2054 2529; baseline -0.007 -11"><span class='ocrx_word' id='word_1_182' title='bbox 394 2461 694 2529; x_wconf 86' lang='lat' dir='ltr'>rescendo,</span> <span class='ocrx_word' id='word_1_183' title='bbox 743 2474 875 2513; x_wconf 91' lang='lat' dir='ltr'>cum</span> <span class='ocrx_word' id='word_1_184' title='bbox 934 2472 1046 2510; x_wconf 91' lang='lat' dir='ltr'>non</span> <span class='ocrx_word' id='word_1_185' title='bbox 1097 2458 1403 2510; x_wconf 84' lang='lat' dir='ltr'>cresceret.</span> <span class='ocrx_word' id='word_1_186' title='bbox 1440 2453 1548 2507; x_wconf 89' lang='lat' dir='ltr'>Sed</span> <span class='ocrx_word' id='word_1_187' title='bbox 1607 2453 1747 2524; x_wconf 91' lang='lat' dir='ltr'>quid</span> <span class='ocrx_word' id='word_1_188' title='bbox 1801 2452 2054 2523; x_wconf 86' lang='lat' dir='ltr'>amplius</span> 
     </span>
    </p>
   </div>
   <div class='ocr_carea' id='block_1_25' title="bbox 395 2541 2052 2618">
    <p class='ocr_par' dir='ltr' id='par_1_25' title="bbox 395 2541 2052 2618">
     <span class='ocr_line' id='line_1_25' title="bbox 395 2541 2052 2618; baseline -0.007 -12"><span class='ocrx_word' id='word_1_189' title='bbox 395 2551 692 2618; x_wconf 89' lang='lat' dir='ltr'>immorer,</span> <span class='ocrx_word' id='word_1_190' title='bbox 727 2546 960 2618; x_wconf 88' lang='lat' dir='ltr'>quando</span> <span class='ocrx_word' id='word_1_191' title='bbox 1015 2549 1068 2598; x_wconf 88' lang='lat' dir='ltr'>et</span> <span class='ocrx_word' id='word_1_192' title='bbox 1120 2559 1312 2598; x_wconf 91' lang='lat' dir='ltr'>sermo</span> <span class='ocrx_word' id='word_1_193' title='bbox 1364 2542 1550 2613; x_wconf 87' lang='lat' dir='ltr'>pergit</span> <span class='ocrx_word' id='word_1_194' title='bbox 1590 2541 1647 2594; x_wconf 90' lang='lat' dir='ltr'>in</span> <span class='ocrx_word' id='word_1_195' title='bbox 1682 2541 2052 2611; x_wconf 78' lang='lat' dir='ltr'>prolixiorem</span> 
     </span>
    </p>
   </div>
   <div class='ocr_carea' id='block_1_26' title="bbox 396 2630 2055 2706">
    <p class='ocr_par' dir='ltr' id='par_1_26' title="bbox 396 2630 2055 2706">
     <span class='ocr_line' id='line_1_26' title="bbox 396 2630 2055 2706; baseline -0.006 -11"><span class='ocrx_word' id='word_1_196' title='bbox 396 2640 661 2706; x_wconf 91' lang='lat' dir='ltr'>modum,</span> <span class='ocrx_word' id='word_1_197' title='bbox 699 2652 876 2706; x_wconf 88' lang='lat' dir='ltr'>quam</span> <span class='ocrx_word' id='word_1_198' title='bbox 925 2634 1144 2704; x_wconf 88' lang='lat' dir='ltr'>patitur</span> <span class='ocrx_word' id='word_1_199' title='bbox 1190 2631 1547 2686; x_wconf 85' lang='lat' dir='ltr'>terminandi</span> <span class='ocrx_word' id='word_1_200' title='bbox 1596 2630 1936 2700; x_wconf 86' lang='lat' dir='ltr'>necessitas,</span> <span class='ocrx_word' id='word_1_201' title='bbox 1999 2635 2055 2685; x_wconf 88' lang='lat' dir='ltr'>et</span> 
     </span>
    </p>
   </div>
   <div class='ocr_carea' id='block_1_27' title="bbox 394 2718 2050 2793">
    <p class='ocr_par' dir='ltr' id='par_1_27' title="bbox 394 2718 2050 2793">
     <span class='ocr_line' id='line_1_27' title="bbox 394 2718 2050 2793; baseline -0.005 -10"><span class='ocrx_word' id='word_1_202' title='bbox 394 2725 690 2783; x_wconf 83' lang='lat' dir='ltr'>sententia</span> <span class='ocrx_word' id='word_1_203' title='bbox 720 2740 850 2778; x_wconf 88' lang='lat' dir='ltr'>mea</span> <span class='ocrx_word' id='word_1_204' title='bbox 872 2724 999 2793; x_wconf 88' lang='lat' dir='ltr'>jam</span> <span class='ocrx_word' id='word_1_205' title='bbox 1033 2721 1176 2776; x_wconf 88' lang='lat' dir='ltr'>satis</span> <span class='ocrx_word' id='word_1_206' title='bbox 1225 2720 1300 2774; x_wconf 87' lang='lat' dir='ltr'>sit</span> <span class='ocrx_word' id='word_1_207' title='bbox 1350 2725 1488 2774; x_wconf 90' lang='lat' dir='ltr'>nota</span> <span class='ocrx_word' id='word_1_208' title='bbox 1517 2718 1602 2773; x_wconf 89' lang='lat' dir='ltr'>vel</span> <span class='ocrx_word' id='word_1_209' title='bbox 1657 2719 1795 2790; x_wconf 89' lang='lat' dir='ltr'>quid</span> <span class='ocrx_word' id='word_1_210' title='bbox 1829 2724 2050 2774; x_wconf 90' lang='lat' dir='ltr'>certum</span> 
     </span>
    </p>
   </div>
   <div class='ocr_carea' id='block_1_28' title="bbox 391 2807 2052 2880">
    <p class='ocr_par' dir='ltr' id='par_1_28' title="bbox 391 2807 2052 2880">
     <span class='ocr_line' id='line_1_28' title="bbox 391 2807 2052 2880; baseline -0.005 -8"><span class='ocrx_word' id='word_1_211' title='bbox 391 2819 645 2880; x_wconf 83' lang='lat' dir='ltr'>teneam,</span> <span class='ocrx_word' id='word_1_212' title='bbox 668 2812 757 2868; x_wconf 90' lang='lat' dir='ltr'>vel</span> <span class='ocrx_word' id='word_1_213' title='bbox 783 2812 936 2867; x_wconf 87' lang='lat' dir='ltr'>unde</span> <span class='ocrx_word' id='word_1_214' title='bbox 961 2810 1150 2865; x_wconf 87' lang='lat' dir='ltr'>adhuc</span> <span class='ocrx_word' id='word_1_215' title='bbox 1178 2808 1462 2874; x_wconf 84' lang='lat' dir='ltr'>dubitem,</span> <span class='ocrx_word' id='word_1_216' title='bbox 1481 2813 1537 2863; x_wconf 87' lang='lat' dir='ltr'>et</span> <span class='ocrx_word' id='word_1_217' title='bbox 1566 2825 1746 2878; x_wconf 87' lang='lat' dir='ltr'>quare</span> <span class='ocrx_word' id='word_1_218' title='bbox 1764 2807 2052 2880; x_wconf 55' lang='lat' dir='ltr'>dubitem.</span> 
     </span>
    </p>
   </div>
   <div class='ocr_carea' id='block_1_29' title="bbox 402 2904 2051 2980">
    <p class='ocr_par' dir='ltr' id='par_1_29' title="bbox 402 2904 2051 2980">
     <span class='ocr_line' id='line_1_29' title="bbox 402 2904 2051 2980; baseline -0.004 -13"><span class='ocrx_word' id='word_1_219' title='bbox 402 2914 543 2968; x_wconf 88' lang='lat' dir='ltr'>Loco</span> <span class='ocrx_word' id='word_1_220' title='bbox 591 2911 733 2966; x_wconf 91' lang='lat' dir='ltr'>item</span> <span class='ocrx_word' id='word_1_221' title='bbox 778 2906 1088 2980; x_wconf 86' lang='lat' dir='ltr'>posteriori</span> <span class='ocrx_word' id='word_1_222' title='bbox 1140 2924 1151 2961; x_wconf 92' lang='lat'>:</span> <span class='ocrx_word' id='word_1_223' title='bbox 1203 2907 1458 2960; x_wconf 78' lang='lat' dir='ltr'>Animam</span> <span class='ocrx_word' id='word_1_224' title='bbox 1498 2905 1638 2958; x_wconf 88' lang='lat' dir='ltr'>dicit</span> <span class='ocrx_word' id='word_1_225' title='bbox 1670 2904 2051 2960; x_wconf 79' lang='lat' dir='ltr'>immortalem</span> 
     </span>
    </p>
   </div>
   <div class='ocr_carea' id='block_1_30' title="bbox 394 2995 2047 3073">
    <p class='ocr_par' dir='ltr' id='par_1_30' title="bbox 394 2995 2047 3073">
     <span class='ocr_line' id='line_1_30' title="bbox 394 2995 2047 3073; baseline -0.004 -17"><span class='ocrx_word' id='word_1_226' title='bbox 394 3000 655 3073; x_wconf 88' lang='lat' dir='ltr'>quidem,</span> <span class='ocrx_word' id='word_1_227' title='bbox 710 3000 808 3054; x_wconf 91' lang='lat' dir='ltr'>sed</span> <span class='ocrx_word' id='word_1_228' title='bbox 844 3015 969 3052; x_wconf 88' lang='lat' dir='ltr'>eam</span> <span class='ocrx_word' id='word_1_229' title='bbox 1007 2997 1311 3067; x_wconf 77' lang='lat' dir='ltr'>efﬁgiatum</span> <span class='ocrx_word' id='word_1_230' title='bbox 1343 3011 1538 3067; x_wconf 80' lang='lat' dir='ltr'>corpus</span> <span class='ocrx_word' id='word_1_231' title='bbox 1570 3009 1698 3049; x_wconf 90' lang='lat' dir='ltr'>esse</span> <span class='ocrx_word' id='word_1_232' title='bbox 1730 2995 2047 3049; x_wconf 89' lang='lat' dir='ltr'>contendit.</span> 
     </span>
    </p>
   </div>
   <div class='ocr_carea' id='block_1_31' title="bbox 392 3083 2048 3158">
    <p class='ocr_par' dir='ltr' id='par_1_31' title="bbox 392 3083 2048 3158">
     <span class='ocr_line' id='line_1_31' title="bbox 392 3083 2048 3158; baseline -0.005 -12"><span class='ocrx_word' id='word_1_233' title='bbox 392 3091 686 3146; x_wconf 86' lang='lat' dir='ltr'>Hactenus</span> <span class='ocrx_word' id='word_1_234' title='bbox 707 3092 762 3142; x_wconf 92' lang='lat' dir='ltr'>S.</span> <span class='ocrx_word' id='word_1_235' title='bbox 795 3085 1181 3158; x_wconf 85' lang='lat' dir='ltr'>Augustinus.</span> <span class='ocrx_word' id='word_1_236' title='bbox 1206 3089 1321 3139; x_wconf 91' lang='lat' dir='ltr'>Nos</span> <span class='ocrx_word' id='word_1_237' title='bbox 1353 3084 1531 3138; x_wconf 88' lang='lat' dir='ltr'>etiam</span> <span class='ocrx_word' id='word_1_238' title='bbox 1566 3083 2048 3138; x_wconf 86' lang='lat' dir='ltr'>adnotationibus</span> 
     </span>
    </p>
   </div>
   <div class='ocr_carea' id='block_1_32' title="bbox 394 3171 2047 3247">
    <p class='ocr_par' dir='ltr' id='par_1_32' title="bbox 394 3171 2047 3247">
     <span class='ocr_line' id='line_1_32' title="bbox 394 3171 2047 3247; baseline -0.003 -14"><span class='ocrx_word' id='word_1_239' title='bbox 394 3180 610 3233; x_wconf 89' lang='lat' dir='ltr'>nostris</span> <span class='ocrx_word' id='word_1_240' title='bbox 640 3179 697 3232; x_wconf 92' lang='lat' dir='ltr'>in</span> <span class='ocrx_word' id='word_1_241' title='bbox 731 3194 856 3247; x_wconf 89' lang='lat' dir='ltr'>cap.</span> <span class='ocrx_word' id='word_1_242' title='bbox 889 3178 944 3239; x_wconf 88' lang='grc'>6,</span> <span class='ocrx_word' id='word_1_243' title='bbox 977 3179 1033 3228; x_wconf 93' lang='lat' dir='ltr'>et</span> <span class='ocrx_word' id='word_1_244' title='bbox 1070 3190 1136 3228; x_wconf 79' lang='lat' dir='ltr'>ex</span> <span class='ocrx_word' id='word_1_245' title='bbox 1167 3175 1218 3226; x_wconf 92' lang='lat' dir='ltr'>S.</span> <span class='ocrx_word' id='word_1_246' title='bbox 1275 3172 1550 3242; x_wconf 89' lang='lat' dir='ltr'>Gregorio</span> <span class='ocrx_word' id='word_1_247' title='bbox 1584 3177 1638 3225; x_wconf 89' lang='lat' dir='ltr'>et</span> <span class='ocrx_word' id='word_1_248' title='bbox 1670 3171 1930 3239; x_wconf 83' lang='lat' dir='ltr'>Nysseno</span> <span class='ocrx_word' id='word_1_249' title='bbox 1989 3177 2047 3228; x_wconf 91' lang='lat' dir='ltr'>et</span> 
     </span>
    </p>
   </div>
   <div class='ocr_carea' id='block_1_33' title="bbox 393 3261 2043 3332">
    <p class='ocr_par' dir='ltr' id='par_1_33' title="bbox 393 3261 2043 3332">
     <span class='ocr_line' id='line_1_33' title="bbox 393 3261 2043 3332; baseline -0.004 -11"><span class='ocrx_word' id='word_1_250' title='bbox 393 3267 776 3332; x_wconf 84' lang='lat' dir='ltr'>Nazianzeno,</span> <span class='ocrx_word' id='word_1_251' title='bbox 833 3281 897 3319; x_wconf 91' lang='lat' dir='ltr'>ac</span> <span class='ocrx_word' id='word_1_252' title='bbox 947 3264 1237 3317; x_wconf 86' lang='lat' dir='ltr'>Caudiano</span> <span class='ocrx_word' id='word_1_253' title='bbox 1291 3262 1358 3314; x_wconf 87' lang='lat' dir='ltr'>de</span> <span class='ocrx_word' id='word_1_254' title='bbox 1409 3261 1561 3314; x_wconf 78' lang='lat' dir='ltr'>Statu</span> <span class='ocrx_word' id='word_1_255' title='bbox 1610 3262 1832 3325; x_wconf 57' lang='lat' dir='ltr'>animm,</span> <span class='ocrx_word' id='word_1_256' title='bbox 1868 3277 2043 3332; x_wconf 84' lang='lat' dir='ltr'>argu-</span> 
     </span>
    </p>
   </div>
   <div class='ocr_carea' id='block_1_34' title="bbox 396 3349 2044 3419">
    <p class='ocr_par' dir='ltr' id='par_1_34' title="bbox 396 3349 2044 3419">
     <span class='ocr_line' id='line_1_34' title="bbox 396 3349 2044 3419; baseline -0.004 -9"><span class='ocrx_word' id='word_1_257' title='bbox 396 3359 595 3410; x_wconf 90' lang='lat' dir='ltr'>menta</span> <span class='ocrx_word' id='word_1_258' title='bbox 618 3352 1042 3408; x_wconf 86' lang='lat' dir='ltr'>Platonicorum</span> <span class='ocrx_word' id='word_1_259' title='bbox 1066 3352 1135 3405; x_wconf 89' lang='lat' dir='ltr'>de</span> <span class='ocrx_word' id='word_1_260' title='bbox 1158 3352 1350 3404; x_wconf 80' lang='lat' dir='ltr'>anima</span> <span class='ocrx_word' id='word_1_261' title='bbox 1373 3350 1709 3419; x_wconf 86' lang='lat' dir='ltr'>incorporea</span> <span class='ocrx_word' id='word_1_262' title='bbox 1733 3349 2044 3404; x_wconf 78' lang='lat' dir='ltr'>confirma-</span> 
     </span>
    </p>
   </div>
   <div class='ocr_carea' id='block_1_35' title="bbox 392 3439 2045 3512">
    <p class='ocr_par' dir='ltr' id='par_1_35' title="bbox 392 3439 2045 3512">
     <span class='ocr_line' id='line_1_35' title="bbox 392 3439 2045 3512; baseline -0.004 -13"><span class='ocrx_word' id='word_1_263' title='bbox 392 3444 622 3510; x_wconf 81' lang='lat' dir='ltr'>vimus;</span> <span class='ocrx_word' id='word_1_264' title='bbox 655 3447 710 3497; x_wconf 89' lang='lat' dir='ltr'>et</span> <span class='ocrx_word' id='word_1_265' title='bbox 741 3441 797 3496; x_wconf 91' lang='lat' dir='ltr'>in</span> <span class='ocrx_word' id='word_1_266' title='bbox 827 3458 953 3512; x_wconf 90' lang='lat' dir='ltr'>cap.</span> <span class='ocrx_word' id='word_1_267' title='bbox 975 3441 1029 3504; x_wconf 91' lang='lat'>7,</span> <span class='ocrx_word' id='word_1_268' title='bbox 1052 3456 1115 3493; x_wconf 89' lang='lat' dir='ltr'>ac</span> <span class='ocrx_word' id='word_1_269' title='bbox 1151 3439 1360 3510; x_wconf 87' lang='lat' dir='ltr'>partim</span> <span class='ocrx_word' id='word_1_270' title='bbox 1392 3439 1445 3508; x_wconf 88' lang='lat'>8,</span> <span class='ocrx_word' id='word_1_271' title='bbox 1481 3444 1826 3508; x_wconf 89' lang='lat' dir='ltr'>argumenta</span> <span class='ocrx_word' id='word_1_272' title='bbox 1860 3439 2045 3509; x_wconf 86' lang='lat' dir='ltr'>ipsius</span> 
     </span>
    </p>
   </div>
   <div class='ocr_carea' id='block_1_36' title="bbox 394 3525 2046 3599">
    <p class='ocr_par' dir='ltr' id='par_1_36' title="bbox 394 3525 2046 3599">
     <span class='ocr_line' id='line_1_36' title="bbox 394 3525 2046 3599; baseline -0.004 -11"><span class='ocrx_word' id='word_1_273' title='bbox 394 3531 670 3598; x_wconf 89' lang='lat' dir='ltr'>auctoris,</span> <span class='ocrx_word' id='word_1_274' title='bbox 695 3529 781 3585; x_wconf 88' lang='lat' dir='ltr'>vel</span> <span class='ocrx_word' id='word_1_275' title='bbox 814 3546 879 3584; x_wconf 86' lang='lat' dir='ltr'>ex</span> <span class='ocrx_word' id='word_1_276' title='bbox 908 3528 1224 3599; x_wconf 82' lang='lat' dir='ltr'>Scripturis</span> <span class='ocrx_word' id='word_1_277' title='bbox 1255 3527 1654 3596; x_wconf 88' lang='lat' dir='ltr'>quadam,non</span> <span class='ocrx_word' id='word_1_278' title='bbox 1680 3525 2046 3592; x_wconf 84' lang='lat' dir='ltr'>concludere,</span> 
     </span>
    </p>
   </div>
   <div class='ocr_carea' id='block_1_37' title="bbox 395 3614 2043 3686">
    <p class='ocr_par' dir='ltr' id='par_1_37' title="bbox 395 3614 2043 3686">
     <span class='ocr_line' id='line_1_37' title="bbox 395 3614 2043 3686; baseline -0.003 -11"><span class='ocrx_word' id='word_1_279' title='bbox 395 3638 465 3675; x_wconf 82' lang='lat' dir='ltr'>ex</span> <span class='ocrx_word' id='word_1_280' title='bbox 493 3620 591 3674; x_wconf 92' lang='lat' dir='ltr'>SS.</span> <span class='ocrx_word' id='word_1_281' title='bbox 641 3618 876 3673; x_wconf 87' lang='lat' dir='ltr'>Justino</span> <span class='ocrx_word' id='word_1_282' title='bbox 925 3621 1088 3670; x_wconf 85' lang='lat' dir='ltr'>Mart.</span> <span class='ocrx_word' id='word_1_283' title='bbox 1135 3615 1408 3685; x_wconf 76' lang='lat' dir='ltr'>Gregorio</span> <span class='ocrx_word' id='word_1_284' title='bbox 1466 3614 1748 3685; x_wconf 77' lang='lat' dir='ltr'>Nysseno,</span> <span class='ocrx_word' id='word_1_285' title='bbox 1803 3617 2043 3686; x_wconf 85' lang='lat' dir='ltr'>August.</span> 
     </span>
    </p>
   </div>
   <div class='ocr_carea' id='block_1_38' title="bbox 397 3703 2042 3781">
    <p class='ocr_par' dir='ltr' id='par_1_38' title="bbox 397 3703 2042 3781">
     <span class='ocr_line' id='line_1_38' title="bbox 397 3703 2042 3781; baseline -0.003 -18"><span class='ocrx_word' id='word_1_286' title='bbox 397 3707 740 3781; x_wconf 87' lang='lat' dir='ltr'>Epiphanio,</span> <span class='ocrx_word' id='word_1_287' title='bbox 774 3710 830 3761; x_wconf 92' lang='lat' dir='ltr'>et</span> <span class='ocrx_word' id='word_1_288' title='bbox 862 3706 1013 3760; x_wconf 91' lang='lat' dir='ltr'>dicto</span> <span class='ocrx_word' id='word_1_289' title='bbox 1048 3703 1364 3760; x_wconf 85' lang='lat' dir='ltr'>Claudiano</span> <span class='ocrx_word' id='word_1_290' title='bbox 1397 3703 1782 3770; x_wconf 80' lang='lat' dir='ltr'>ostendimus,</span> <span class='ocrx_word' id='word_1_291' title='bbox 1815 3710 1871 3758; x_wconf 92' lang='lat' dir='ltr'>et</span> <span class='ocrx_word' id='word_1_292' title='bbox 1909 3721 1956 3759; x_wconf 91' lang='lat' dir='ltr'>c.</span> <span class='ocrx_word' id='word_1_293' title='bbox 1989 3707 2042 3769; x_wconf 92' lang='lat'>9,</span> 
     </span>
    </p>
   </div>
   <div class='ocr_carea' id='block_1_39' title="bbox 397 3793 2048 3864">
    <p class='ocr_par' dir='ltr' id='par_1_39' title="bbox 397 3793 2048 3864">
     <span class='ocr_line' id='line_1_39' title="bbox 397 3793 2048 3864; baseline -0.003 -11"><span class='ocrx_word' id='word_1_294' title='bbox 397 3816 451 3853; x_wconf 73' lang='grc' dir='ltr'>Ν.</span> <span class='ocrx_word' id='word_1_295' title='bbox 489 3798 592 3853; x_wconf 79' lang='grc'>409</span> <span class='ocrx_word' id='word_1_296' title='bbox 622 3800 677 3851; x_wconf 88' lang='lat' dir='ltr'>et</span> <span class='ocrx_word' id='word_1_297' title='bbox 709 3796 831 3864; x_wconf 90' lang='grc'>110,</span> <span class='ocrx_word' id='word_1_298' title='bbox 864 3794 1169 3849; x_wconf 89' lang='lat' dir='ltr'>citavimus</span> <span class='ocrx_word' id='word_1_299' title='bbox 1199 3802 1399 3848; x_wconf 87' lang='lat' dir='ltr'>contra</span> <span class='ocrx_word' id='word_1_300' title='bbox 1429 3793 1635 3848; x_wconf 79' lang='lat' dir='ltr'>animos</span> <span class='ocrx_word' id='word_1_301' title='bbox 1686 3793 1958 3864; x_wconf 87' lang='lat' dir='ltr'>el&#39;ligiem,</span> <span class='ocrx_word' id='word_1_302' title='bbox 1993 3799 2048 3848; x_wconf 90' lang='lat' dir='ltr'>et</span> 
     </span>
    </p>
   </div>
   <div class='ocr_carea' id='block_1_40' title="bbox 399 3881 2046 3952">
    <p class='ocr_par' dir='ltr' id='par_1_40' title="bbox 399 3881 2046 3952">
     <span class='ocr_line' id='line_1_40' title="bbox 399 3881 2046 3952; baseline -0.004 -10"><span class='ocrx_word' id='word_1_303' title='bbox 399 3887 718 3952; x_wconf 89' lang='lat' dir='ltr'>Platonem,</span> <span class='ocrx_word' id='word_1_304' title='bbox 779 3889 836 3939; x_wconf 86' lang='lat' dir='ltr'>et</span> <span class='ocrx_word' id='word_1_305' title='bbox 896 3883 1246 3938; x_wconf 84' lang='lat' dir='ltr'>Clementem</span> <span class='ocrx_word' id='word_1_306' title='bbox 1301 3881 1774 3935; x_wconf 82' lang='lat' dir='ltr'>Alexandrinum.</span> <span class='ocrx_word' id='word_1_307' title='bbox 1830 3882 2046 3936; x_wconf 85' lang='lat' dir='ltr'>Deinde</span> 
     </span>
    </p>
   </div>
   <div class='ocr_carea' id='block_1_41' title="bbox 395 3969 2044 4045">
    <p class='ocr_par' dir='ltr' id='par_1_41' title="bbox 395 3969 2044 4045">
     <span class='ocr_line' id='line_1_41' title="bbox 395 3969 2044 4045; baseline -0.003 -16"><span class='ocrx_word' id='word_1_308' title='bbox 395 3992 446 4030; x_wconf 86' lang='grc' dir='ltr'>ο.</span> <span class='ocrx_word' id='word_1_309' title='bbox 482 3976 566 4040; x_wconf 83' lang='grc'>11,</span> <span class='ocrx_word' id='word_1_310' title='bbox 588 3972 970 4045; x_wconf 86' lang='lat' dir='ltr'>allegavimus</span> <span class='ocrx_word' id='word_1_311' title='bbox 1003 3973 1192 4026; x_wconf 89' lang='lat' dir='ltr'>locum</span> <span class='ocrx_word' id='word_1_312' title='bbox 1227 3970 1489 4024; x_wconf 81' lang='lat' dir='ltr'>Auctoris</span> <span class='ocrx_word' id='word_1_313' title='bbox 1523 3969 1619 4024; x_wconf 91' lang='lat' dir='ltr'>lib.</span> <span class='ocrx_word' id='word_1_314' title='bbox 1658 3969 1722 4023; x_wconf 80' lang='lat' dir='ltr'>de</span> <span class='ocrx_word' id='word_1_315' title='bbox 1759 3972 2044 4040; x_wconf 77' lang='lat' dir='ltr'>Pceniteut,</span> 
     </span>
    </p>
   </div>
   <div class='ocr_carea' id='block_1_42' title="bbox 397 4060 2046 4133">
    <p class='ocr_par' dir='ltr' id='par_1_42' title="bbox 397 4060 2046 4133">
     <span class='ocr_line' id='line_1_42' title="bbox 397 4060 2046 4133; baseline -0.005 -13"><span class='ocrx_word' id='word_1_316' title='bbox 397 4081 445 4120; x_wconf 90' lang='lat' dir='ltr'>c.</span> <span class='ocrx_word' id='word_1_317' title='bbox 478 4065 532 4132; x_wconf 88' lang='lat'>3,</span> <span class='ocrx_word' id='word_1_318' title='bbox 557 4081 613 4118; x_wconf 91' lang='lat' dir='ltr'>n.</span> <span class='ocrx_word' id='word_1_319' title='bbox 650 4064 734 4133; x_wconf 87' lang='lat'>12,</span> <span class='ocrx_word' id='word_1_320' title='bbox 760 4062 858 4116; x_wconf 91' lang='lat' dir='ltr'>ubi</span> <span class='ocrx_word' id='word_1_321' title='bbox 893 4060 1250 4116; x_wconf 87' lang='lat' dir='ltr'>contrarium</span> <span class='ocrx_word' id='word_1_322' title='bbox 1301 4063 1472 4114; x_wconf 89' lang='lat' dir='ltr'>antea</span> <span class='ocrx_word' id='word_1_323' title='bbox 1504 4063 2046 4125; x_wconf 84' lang='lat' dir='ltr'>senserat,am&#39;mam</span> 
     </span>
    </p>
   </div>
   <div class='ocr_carea' id='block_1_43' title="bbox 393 4149 2047 4224">
    <p class='ocr_par' dir='ltr' id='par_1_43' title="bbox 393 4149 2047 4224">
     <span class='ocr_line' id='line_1_43' title="bbox 393 4149 2047 4224; baseline -0.005 -14"><span class='ocrx_word' id='word_1_324' title='bbox 393 4170 605 4210; x_wconf 81' lang='lat' dir='ltr'>vocans</span> <span class='ocrx_word' id='word_1_325' title='bbox 635 4154 914 4224; x_wconf 79' lang='lat' dir='ltr'>spiritum,</span> <span class='ocrx_word' id='word_1_326' title='bbox 951 4157 1049 4207; x_wconf 76' lang='lat' dir='ltr'>Det</span> <span class='ocrx_word' id='word_1_327' title='bbox 1093 4151 1292 4220; x_wconf 75' lang='lat' dir='ltr'>afﬂatu</span> <span class='ocrx_word' id='word_1_328' title='bbox 1333 4153 1792 4203; x_wconf 85' lang='lat' dir='ltr'>consummatum.</span> <span class='ocrx_word' id='word_1_329' title='bbox 1849 4149 2047 4218; x_wconf 89' lang='lat' dir='ltr'>Neque</span> 
     </span>
    </p>
   </div>
   <div class='ocr_carea' id='block_1_44' title="bbox 393 4238 2048 4314">
    <p class='ocr_par' dir='ltr' id='par_1_44' title="bbox 393 4238 2048 4314">
     <span class='ocr_line' id='line_1_44' title="bbox 393 4238 2048 4314; baseline -0.004 -16"><span class='ocrx_word' id='word_1_330' title='bbox 393 4261 528 4300; x_wconf 88' lang='lat' dir='ltr'>vero</span> <span class='ocrx_word' id='word_1_331' title='bbox 561 4261 629 4299; x_wconf 79' lang='lat' dir='ltr'>ex</span> <span class='ocrx_word' id='word_1_332' title='bbox 658 4242 976 4314; x_wconf 88' lang='lat' dir='ltr'>Scripturis</span> <span class='ocrx_word' id='word_1_333' title='bbox 1009 4238 1169 4295; x_wconf 66' lang='lat' dir='ltr'>Isaia:</span> <span class='ocrx_word' id='word_1_334' title='bbox 1218 4255 1351 4307; x_wconf 84' lang='lat' dir='ltr'>XLII,</span> <span class='ocrx_word' id='word_1_335' title='bbox 1386 4243 1440 4292; x_wconf 89' lang='lat' dir='ltr'>ct</span> <span class='ocrx_word' id='word_1_336' title='bbox 1471 4255 1601 4300; x_wconf 82' lang='lat' dir='ltr'>Lvu,</span> <span class='ocrx_word' id='word_1_337' title='bbox 1634 4255 1774 4307; x_wconf 85' lang='lat' dir='ltr'>quas</span> <span class='ocrx_word' id='word_1_338' title='bbox 1807 4238 1883 4292; x_wconf 88' lang='lat' dir='ltr'>ibi</span> <span class='ocrx_word' id='word_1_339' title='bbox 1917 4254 2048 4308; x_wconf 89' lang='lat' dir='ltr'>pro-</span> 
     </span>
    </p>
   </div>
   <div class='ocr_carea' id='block_1_45' title="bbox 394 4326 2050 4402">
    <p class='ocr_par' dir='ltr' id='par_1_45' title="bbox 394 4326 2050 4402">
     <span class='ocr_line' id='line_1_45' title="bbox 394 4326 2050 4402; baseline -0.005 -13"><span class='ocrx_word' id='word_1_340' title='bbox 394 4350 456 4389; x_wconf 91' lang='lat' dir='ltr'>se</span> <span class='ocrx_word' id='word_1_341' title='bbox 495 4333 656 4400; x_wconf 90' lang='lat' dir='ltr'>citat,</span> <span class='ocrx_word' id='word_1_342' title='bbox 687 4331 952 4387; x_wconf 89' lang='lat' dir='ltr'>concludi</span> <span class='ocrx_word' id='word_1_343' title='bbox 981 4333 1171 4402; x_wconf 87' lang='lat' dir='ltr'>potest</span> <span class='ocrx_word' id='word_1_344' title='bbox 1216 4327 1492 4396; x_wconf 87' lang='lat' dir='ltr'>animam,</span> <span class='ocrx_word' id='word_1_345' title='bbox 1523 4326 1791 4397; x_wconf 91' lang='lat' dir='ltr'>spiritum</span> <span class='ocrx_word' id='word_1_346' title='bbox 1828 4326 1884 4380; x_wconf 91' lang='lat' dir='ltr'>in</span> <span class='ocrx_word' id='word_1_347' title='bbox 1919 4327 2050 4380; x_wconf 87' lang='lat' dir='ltr'>aliis</span> 
     </span>
    </p>
   </div>
   <div class='ocr_carea' id='block_1_46' title="bbox 394 4419 2049 4493">
    <p class='ocr_par' dir='ltr' id='par_1_46' title="bbox 394 4419 2049 4493">
     <span class='ocr_line' id='line_1_46' title="bbox 394 4419 2049 4493; baseline -0.004 -17"><span class='ocrx_word' id='word_1_348' title='bbox 394 4421 708 4493; x_wconf 86' lang='lat' dir='ltr'>Scripturis</span> <span class='ocrx_word' id='word_1_349' title='bbox 743 4437 855 4474; x_wconf 88' lang='lat' dir='ltr'>non</span> <span class='ocrx_word' id='word_1_350' title='bbox 897 4419 1107 4473; x_wconf 87' lang='lat' dir='ltr'>vocari.</span> <span class='ocrx_word' id='word_1_351' title='bbox 1144 4421 1424 4473; x_wconf 65' lang='lat' dir='ltr'>Caeterum</span> <span class='ocrx_word' id='word_1_352' title='bbox 1479 4432 1594 4486; x_wconf 87' lang='lat' dir='ltr'>quo</span> <span class='ocrx_word' id='word_1_353' title='bbox 1627 4432 1802 4469; x_wconf 90' lang='lat' dir='ltr'>sensu</span> <span class='ocrx_word' id='word_1_354' title='bbox 1836 4431 2049 4486; x_wconf 91' lang='lat' dir='ltr'>corpus</span> 
     </span>
    </p>
   </div>
   <div class='ocr_carea' id='block_1_47' title="bbox 400 4503 2049 4579">
    <p class='ocr_par' dir='ltr' id='par_1_47' title="bbox 400 4503 2049 4579">
     <span class='ocr_line' id='line_1_47' title="bbox 400 4503 2049 4579; baseline -0.003 -16"><span class='ocrx_word' id='word_1_355' title='bbox 400 4508 746 4579; x_wconf 75' lang='lat' dir='ltr'>possit185</span> <span class='ocrx_word' id='word_1_356' title='bbox 775 4507 889 4562; x_wconf 92' lang='lat' dir='ltr'>dici</span> <span class='ocrx_word' id='word_1_357' title='bbox 922 4506 1274 4575; x_wconf 88' lang='lat' dir='ltr'>anima,sese</span> <span class='ocrx_word' id='word_1_358' title='bbox 1307 4503 1756 4576; x_wconf 85' lang='lat' dir='ltr'>expliceatlibro</span> <span class='ocrx_word' id='word_1_359' title='bbox 1786 4504 2049 4558; x_wconf 81' lang='lat' dir='ltr'>adversus</span> 
     </span>
    </p>
   </div>
   <div class='ocr_carea' id='block_1_48' title="bbox 394 4584 2125 4667">
    <p class='ocr_par' dir='ltr' id='par_1_48' title="bbox 394 4584 2125 4667">
     <span class='ocr_line' id='line_1_48' title="bbox 394 4584 2125 4667; baseline -0.003 -15"><span class='ocrx_word' id='word_1_360' title='bbox 394 4599 807 4667; x_wconf 77' lang='lat' dir='ltr'>Hermogenem,</span> <span class='ocrx_word' id='word_1_361' title='bbox 841 4613 970 4666; x_wconf 89' lang='lat' dir='ltr'>cap.</span> <span class='ocrx_word' id='word_1_362' title='bbox 1023 4597 1114 4662; x_wconf 82' lang='lat'>35,</span> <span class='ocrx_word' id='word_1_363' title='bbox 1162 4611 1324 4649; x_wconf 92' lang='lat' dir='ltr'>num.</span> <span class='ocrx_word' id='word_1_364' title='bbox 1375 4595 1493 4657; x_wconf 78' lang='grc'>124,</span> <span class='ocrx_word' id='word_1_365' title='bbox 1545 4594 1601 4646; x_wconf 89' lang='lat' dir='ltr'>in</span> <span class='ocrx_word' id='word_1_366' title='bbox 1655 4593 1773 4647; x_wconf 69' lang='lat' dir='ltr'>hzec</span> <span class='ocrx_word' id='word_1_367' title='bbox 1832 4584 2125 4647; x_wconf 87' lang='lat' dir='ltr'>verba:D</span> 
     </span>
    </p>
   </div>
   <div class='ocr_carea' id='block_1_49' title="bbox 395 4691 2048 4764">
    <p class='ocr_par' dir='ltr' id='par_1_49' title="bbox 395 4691 2048 4764">
     <span class='ocr_line' id='line_1_49' title="bbox 395 4691 2048 4764; baseline 0.001 -19"><span class='ocrx_word' id='word_1_368' title='bbox 395 4704 422 4745; x_wconf 75' lang='grc'>‹‹</span> <span class='ocrx_word' id='word_1_369' title='bbox 482 4694 553 4750; x_wconf 90' lang='lat' dir='ltr'>Ut</span> <span class='ocrx_word' id='word_1_370' title='bbox 602 4695 936 4760; x_wconf 87' lang='lat' dir='ltr'>concedam,</span> <span class='ocrx_word' id='word_1_371' title='bbox 990 4693 1180 4763; x_wconf 90' lang='lat' dir='ltr'>inquit</span> <span class='ocrx_word' id='word_1_372' title='bbox 1229 4691 1450 4764; x_wconf 88' lang='lat' dir='ltr'>aliquid</span> <span class='ocrx_word' id='word_1_373' title='bbox 1502 4707 1629 4747; x_wconf 89' lang='lat' dir='ltr'>esse</span> <span class='ocrx_word' id='word_1_374' title='bbox 1686 4691 2048 4763; x_wconf 89' lang='lat' dir='ltr'>incorporale</span> 
     </span>
    </p>
   </div>
   <div class='ocr_carea' id='block_1_50' title="bbox 396 4780 2048 4852">
    <p class='ocr_par' dir='ltr' id='par_1_50' title="bbox 396 4780 2048 4852">
     <span class='ocr_line' id='line_1_50' title="bbox 396 4780 2048 4852; baseline -0.002 -15"><span class='ocrx_word' id='word_1_375' title='bbox 396 4783 466 4838; x_wconf 91' lang='lat' dir='ltr'>de</span> <span class='ocrx_word' id='word_1_376' title='bbox 534 4783 881 4838; x_wconf 86' lang='lat' dir='ltr'>substantiis</span> <span class='ocrx_word' id='word_1_377' title='bbox 945 4782 1250 4849; x_wconf 86' lang='lat' dir='ltr'>duntaxat,</span> <span class='ocrx_word' id='word_1_378' title='bbox 1323 4797 1457 4836; x_wconf 89' lang='lat' dir='ltr'>cum</span> <span class='ocrx_word' id='word_1_379' title='bbox 1531 4781 1656 4852; x_wconf 89' lang='lat' dir='ltr'>ipsa</span> <span class='ocrx_word' id='word_1_380' title='bbox 1718 4780 2048 4836; x_wconf 87' lang='lat' dir='ltr'>substantia</span> 
     </span>
    </p>
   </div>
   <div class='ocr_carea' id='block_1_51' title="bbox 394 4868 2043 4944">
    <p class='ocr_par' dir='ltr' id='par_1_51' title="bbox 394 4868 2043 4944">
     <span class='ocr_line' id='line_1_51' title="bbox 394 4868 2043 4944; baseline -0.004 -17"><span class='ocrx_word' id='word_1_381' title='bbox 394 4889 606 4944; x_wconf 91' lang='lat' dir='ltr'>corpus</span> <span class='ocrx_word' id='word_1_382' title='bbox 659 4872 735 4927; x_wconf 90' lang='lat' dir='ltr'>sit</span> <span class='ocrx_word' id='word_1_383' title='bbox 783 4872 862 4927; x_wconf 89' lang='lat' dir='ltr'>rei</span> <span class='ocrx_word' id='word_1_384' title='bbox 911 4872 1213 4942; x_wconf 87' lang='lat' dir='ltr'>cujusque.</span> <span class='ocrx_word' id='word_1_385' title='bbox 1274 4893 1299 4919; x_wconf 84' lang='lat'>»</span> <span class='ocrx_word' id='word_1_386' title='bbox 1350 4869 1592 4924; x_wconf 83' lang='lat' dir='ltr'>Videtur</span> <span class='ocrx_word' id='word_1_387' title='bbox 1640 4870 1840 4940; x_wconf 90' lang='lat' dir='ltr'>itaque</span> <span class='ocrx_word' id='word_1_388' title='bbox 1885 4870 1955 4922; x_wconf 87' lang='lat' dir='ltr'>ad</span> <span class='ocrx_word' id='word_1_389' title='bbox 1989 4868 2043 4922; x_wconf 91' lang='lat' dir='ltr'>id</span> 
     </span>
    </p>
   </div>
   <div class='ocr_carea' id='block_1_52' title="bbox 398 4959 2048 5017">
    <p class='ocr_par' dir='ltr' id='par_1_52' title="bbox 398 4959 2048 5017">
     <span class='ocr_line' id='line_1_52' title="bbox 398 4959 2048 5017; baseline -0.004 0"><span class='ocrx_word' id='word_1_390' title='bbox 398 4959 782 5017; x_wconf 88' lang='lat' dir='ltr'>absurditatis</span> <span class='ocrx_word' id='word_1_391' title='bbox 813 4962 883 5016; x_wconf 92' lang='lat' dir='ltr'>de</span> <span class='ocrx_word' id='word_1_392' title='bbox 913 4963 1104 5016; x_wconf 85' lang='lat' dir='ltr'>anima</span> <span class='ocrx_word' id='word_1_393' title='bbox 1133 4963 1285 5015; x_wconf 82' lang='lat' dir='ltr'>aerei</span> <span class='ocrx_word' id='word_1_394' title='bbox 1313 4967 1361 5014; x_wconf 82' lang='lat' dir='ltr'>et</span> <span class='ocrx_word' id='word_1_395' title='bbox 1404 4959 1576 5014; x_wconf 80' lang='lat' dir='ltr'>lucidi</span> <span class='ocrx_word' id='word_1_396' title='bbox 1623 4960 1826 5014; x_wconf 83' lang='lat' dir='ltr'>coloris</span> <span class='ocrx_word' id='word_1_397' title='bbox 1869 4959 2048 5012; x_wconf 88' lang='lat' dir='ltr'>fuisse</span> 
     </span>
    </p>
   </div>
   <div class='ocr_carea' id='block_1_53' title="bbox 398 5047 2045 5121">
    <p class='ocr_par' dir='ltr' id='par_1_53' title="bbox 398 5047 2045 5121">
     <span class='ocr_line' id='line_1_53' title="bbox 398 5047 2045 5121; baseline -0.004 -15"><span class='ocrx_word' id='word_1_398' title='bbox 398 5049 808 5120; x_wconf 88' lang='lat' dir='ltr'>seductus,per</span> <span class='ocrx_word' id='word_1_399' title='bbox 831 5049 1008 5105; x_wconf 89' lang='lat' dir='ltr'>falsas</span> <span class='ocrx_word' id='word_1_400' title='bbox 1033 5050 1318 5121; x_wconf 88' lang='lat' dir='ltr'>quasdam</span> <span class='ocrx_word' id='word_1_401' title='bbox 1349 5049 1707 5103; x_wconf 77' lang='lat' dir='ltr'>revelationes</span> <span class='ocrx_word' id='word_1_402' title='bbox 1739 5047 2045 5116; x_wconf 85' lang='lat' dir='ltr'>cujusdam</span> 
     </span>
    </p>
   </div>
   <div class='ocr_carea' id='block_1_54' title="bbox 401 5133 2050 5206">
    <p class='ocr_par' dir='ltr' id='par_1_54' title="bbox 401 5133 2050 5206">
     <span class='ocr_line' id='line_1_54' title="bbox 401 5133 2050 5206; baseline -0.004 -14"><span class='ocrx_word' id='word_1_403' title='bbox 401 5137 825 5193; x_wconf 62' lang='lat' dir='ltr'>montanistica</span> <span class='ocrx_word' id='word_1_404' title='bbox 888 5137 1136 5204; x_wconf 68' lang='lat' dir='ltr'>feminae,</span> <span class='ocrx_word' id='word_1_405' title='bbox 1189 5152 1300 5190; x_wconf 91' lang='lat' dir='ltr'>non</span> <span class='ocrx_word' id='word_1_406' title='bbox 1353 5135 1587 5206; x_wconf 90' lang='lat' dir='ltr'>quidem</span> <span class='ocrx_word' id='word_1_407' title='bbox 1631 5133 1909 5188; x_wconf 62' lang='lat' dir='ltr'>Priscilla</span> <span class='ocrx_word' id='word_1_408' title='bbox 1950 5135 2050 5187; x_wconf 89' lang='lat' dir='ltr'>aut</span> 
     </span>
    </p>
   </div>
   <div class='ocr_carea' id='block_1_55' title="bbox 400 5223 2052 5297">
    <p class='ocr_par' dir='ltr' id='par_1_55' title="bbox 400 5223 2052 5297">
     <span class='ocr_line' id='line_1_55' title="bbox 400 5223 2052 5297; baseline -0.005 -13"><span class='ocrx_word' id='word_1_409' title='bbox 400 5225 727 5284; x_wconf 72' lang='lat' dir='ltr'>Maximiliae</span> <span class='ocrx_word' id='word_1_410' title='bbox 751 5227 857 5295; x_wconf 90' lang='lat' dir='ltr'>[uti</span> <span class='ocrx_word' id='word_1_411' title='bbox 890 5225 1206 5297; x_wconf 88' lang='lat' dir='ltr'>aliquando</span> <span class='ocrx_word' id='word_1_412' title='bbox 1237 5224 1882 5293; x_wconf 74' lang='lat' dir='ltr'>existimavimus],qua3</span> <span class='ocrx_word' id='word_1_413' title='bbox 1901 5223 2052 5292; x_wconf 90' lang='lat' dir='ltr'>jam-</span> 
     </span>
    </p>
   </div>
   <div class='ocr_carea' id='block_1_56' title="bbox 399 5312 2046 5386">
    <p class='ocr_par' dir='ltr' id='par_1_56' title="bbox 399 5312 2046 5386">
     <span class='ocr_line' id='line_1_56' title="bbox 399 5312 2046 5386; baseline -0.004 -16"><span class='ocrx_word' id='word_1_414' title='bbox 399 5315 627 5372; x_wconf 87' lang='lat' dir='ltr'>dudum</span> <span class='ocrx_word' id='word_1_415' title='bbox 677 5321 848 5370; x_wconf 84' lang='lat' dir='ltr'>antea</span> <span class='ocrx_word' id='word_1_416' title='bbox 887 5314 1204 5386; x_wconf 88' lang='lat' dir='ltr'>suspendio</span> <span class='ocrx_word' id='word_1_417' title='bbox 1255 5314 1563 5384; x_wconf 88' lang='lat' dir='ltr'>perierant,</span> <span class='ocrx_word' id='word_1_418' title='bbox 1603 5312 1702 5365; x_wconf 90' lang='lat' dir='ltr'>sed</span> <span class='ocrx_word' id='word_1_419' title='bbox 1737 5312 2046 5381; x_wconf 83' lang='lat' dir='ltr'>cujusdam</span> 
     </span>
    </p>
   </div>
   <div class='ocr_carea' id='block_1_57' title="bbox 400 5399 2051 5475">
    <p class='ocr_par' dir='ltr' id='par_1_57' title="bbox 400 5399 2051 5475">
     <span class='ocr_line' id='line_1_57' title="bbox 400 5399 2051 5475; baseline -0.004 -15"><span class='ocrx_word' id='word_1_420' title='bbox 400 5420 603 5460; x_wconf 86' lang='lat' dir='ltr'>earum</span> <span class='ocrx_word' id='word_1_421' title='bbox 666 5403 983 5475; x_wconf 63' lang='lat' dir='ltr'>discipulis,</span> <span class='ocrx_word' id='word_1_422' title='bbox 1033 5401 1205 5458; x_wconf 89' lang='lat' dir='ltr'>sicuti</span> <span class='ocrx_word' id='word_1_423' title='bbox 1261 5405 1417 5472; x_wconf 88' lang='lat' dir='ltr'>patet</span> <span class='ocrx_word' id='word_1_424' title='bbox 1472 5405 1527 5455; x_wconf 91' lang='lat' dir='ltr'>et</span> <span class='ocrx_word' id='word_1_425' title='bbox 1583 5399 1736 5454; x_wconf 88' lang='lat' dir='ltr'>dicto</span> <span class='ocrx_word' id='word_1_426' title='bbox 1797 5400 1943 5455; x_wconf 91' lang='lat' dir='ltr'>libro</span> <span class='ocrx_word' id='word_1_427' title='bbox 1985 5400 2051 5455; x_wconf 85' lang='lat' dir='ltr'>de</span> 
     </span>
    </p>
   </div>
   <div class='ocr_carea' id='block_1_58' title="bbox 399 5489 2048 5565">
    <p class='ocr_par' dir='ltr' id='par_1_58' title="bbox 399 5489 2048 5565">
     <span class='ocr_line' id='line_1_58' title="bbox 399 5489 2048 5565; baseline -0.004 -14"><span class='ocrx_word' id='word_1_428' title='bbox 399 5494 621 5562; x_wconf 82' lang='lat' dir='ltr'>Anima,</span> <span class='ocrx_word' id='word_1_429' title='bbox 658 5509 783 5564; x_wconf 89' lang='lat' dir='ltr'>cap.</span> <span class='ocrx_word' id='word_1_430' title='bbox 817 5494 1056 5565; x_wconf 89' lang='lat' dir='ltr'>9,num.</span> <span class='ocrx_word' id='word_1_431' title='bbox 1089 5493 1208 5548; x_wconf 85' lang='lat'><strong>111.</strong></span> <span class='ocrx_word' id='word_1_432' title='bbox 1237 5490 1492 5560; x_wconf 83' lang='lat' dir='ltr'>[dipsum</span> <span class='ocrx_word' id='word_1_433' title='bbox 1531 5489 1866 5545; x_wconf 79' lang='lat' dir='ltr'>Paradoxon</span> <span class='ocrx_word' id='word_1_434' title='bbox 1885 5490 2048 5544; x_wconf 83' lang='lat' dir='ltr'>attri-</span> 
     </span>
    </p>
   </div>
   <div class='ocr_carea' id='block_1_59' title="bbox 399 5579 2048 5653">
    <p class='ocr_par' dir='ltr' id='par_1_59' title="bbox 399 5579 2048 5653">
     <span class='ocr_line' id='line_1_59' title="bbox 399 5579 2048 5653; baseline -0.004 -13"><span class='ocrx_word' id='word_1_435' title='bbox 399 5583 530 5640; x_wconf 88' lang='lat' dir='ltr'>buit</span> <span class='ocrx_word' id='word_1_436' title='bbox 561 5581 773 5639; x_wconf 90' lang='lat' dir='ltr'>alicubi</span> <span class='ocrx_word' id='word_1_437' title='bbox 813 5579 1047 5653; x_wconf 85' lang='lat' dir='ltr'>Origeni</span> <span class='ocrx_word' id='word_1_438' title='bbox 1077 5585 1132 5634; x_wconf 89' lang='lat' dir='ltr'>S.</span> <span class='ocrx_word' id='word_1_439' title='bbox 1185 5579 1419 5634; x_wconf 88' lang='lat' dir='ltr'>Hieron.</span> <span class='ocrx_word' id='word_1_440' title='bbox 1461 5583 1634 5648; x_wconf 87' lang='lat' dir='ltr'>atque</span> <span class='ocrx_word' id='word_1_441' title='bbox 1684 5579 1824 5633; x_wconf 90' lang='lat' dir='ltr'>adeo</span> <span class='ocrx_word' id='word_1_442' title='bbox 1873 5579 2048 5634; x_wconf 87' lang='lat' dir='ltr'>etiam</span> 
     </span>
    </p>
   </div>
   <div class='ocr_carea' id='block_1_60' title="bbox 401 5666 1950 5746">
    <p class='ocr_par' dir='ltr' id='par_1_60' title="bbox 401 5666 1950 5746">
     <span class='ocr_line' id='line_1_60' title="bbox 401 5666 1950 5746; baseline -0.005 -17"><span class='ocrx_word' id='word_1_443' title='bbox 401 5671 475 5730; x_wconf 75' lang='lat' dir='ltr'>ad</span> <span class='ocrx_word' id='word_1_444' title='bbox 504 5671 664 5732; x_wconf 88' lang='lat' dir='ltr'>illius</span> <span class='ocrx_word' id='word_1_445' title='bbox 689 5688 866 5746; x_wconf 88' lang='lat' dir='ltr'>opera</span> <span class='ocrx_word' id='word_1_446' title='bbox 895 5669 1003 5727; x_wconf 88' lang='lat' dir='ltr'>hoc</span> <span class='ocrx_word' id='word_1_447' title='bbox 1033 5667 1367 5725; x_wconf 82' lang='lat' dir='ltr'>Antidotum</span> <span class='ocrx_word' id='word_1_448' title='bbox 1401 5666 1532 5723; x_wconf 86' lang='lat' dir='ltr'>usui</span> <span class='ocrx_word' id='word_1_449' title='bbox 1566 5682 1690 5723; x_wconf 83' lang='lat' dir='ltr'>esse</span> <span class='ocrx_word' id='word_1_450' title='bbox 1721 5666 1950 5738; x_wconf 88' lang='lat' dir='ltr'>poterit.</span> 
     </span>
    </p>
   </div>
   <div class='ocr_carea' id='block_1_61' title="bbox 2243 553 3819 626">
    <p class='ocr_par' dir='ltr' id='par_1_61' title="bbox 2243 553 3819 626">
     <span class='ocr_line' id='line_1_61' title="bbox 2243 553 3819 626; baseline 0.004 -20"><span class='ocrx_word' id='word_1_451' title='bbox 2243 553 2464 626; x_wconf 80' lang='lat' dir='ltr'>Apolog.</span> <span class='ocrx_word' id='word_1_452' title='bbox 2500 571 2550 609; x_wconf 93' lang='lat' dir='ltr'>c.</span> <span class='ocrx_word' id='word_1_453' title='bbox 2584 555 2651 609; x_wconf 88' lang='grc'>48</span> <span class='ocrx_word' id='word_1_454' title='bbox 2678 579 2691 622; x_wconf 89' lang='lat'><strong>;</strong></span> <span class='ocrx_word' id='word_1_455' title='bbox 2727 553 2921 610; x_wconf 30' lang='lat' dir='ltr'>lib.’de</span> <span class='ocrx_word' id='word_1_456' title='bbox 2952 555 3165 610; x_wconf 84' lang='lat' dir='ltr'>Testim.</span> <span class='ocrx_word' id='word_1_457' title='bbox 3187 555 3390 620; x_wconf 82' lang='lat' dir='ltr'>anim.,</span> <span class='ocrx_word' id='word_1_458' title='bbox 3421 553 3573 626; x_wconf 84' lang='lat' dir='ltr'>eap.,</span> <span class='ocrx_word' id='word_1_459' title='bbox 3601 556 3653 626; x_wconf 84' lang='grc'>4,</span> <span class='ocrx_word' id='word_1_460' title='bbox 3685 573 3819 612; x_wconf 83' lang='lat' dir='ltr'>num</span> 
     </span>
    </p>
   </div>
   <div class='ocr_carea' id='block_1_62' title="bbox 2243 712 3820 789">
    <p class='ocr_par' dir='ltr' id='par_1_62' title="bbox 2243 712 3820 789">
     <span class='ocr_line' id='line_1_62' title="bbox 2243 712 3820 789; baseline 0.005 -24"><span class='ocrx_word' id='word_1_461' title='bbox 2243 712 2771 787; x_wconf 86' lang='lat' dir='ltr'>Magdeburgenses</span> <span class='ocrx_word' id='word_1_462' title='bbox 2817 715 3248 772; x_wconf 87' lang='lat' dir='ltr'>Centuriatores</span> <span class='ocrx_word' id='word_1_463' title='bbox 3295 732 3409 770; x_wconf 90' lang='lat' dir='ltr'>non</span> <span class='ocrx_word' id='word_1_464' title='bbox 3458 716 3612 772; x_wconf 88' lang='lat' dir='ltr'>inter</span> <span class='ocrx_word' id='word_1_465' title='bbox 3650 735 3820 789; x_wconf 88' lang='lat' dir='ltr'>para-</span> 
     </span>
    </p>
   </div>
   <div class='ocr_carea' id='block_1_63' title="bbox 2173 800 3822 876">
    <p class='ocr_par' dir='ltr' id='par_1_63' title="bbox 2173 800 3822 876">
     <span class='ocr_line' id='line_1_63' title="bbox 2173 800 3822 876; baseline 0.004 -21"><span class='ocrx_word' id='word_1_466' title='bbox 2173 800 2340 871; x_wconf 86' lang='lat' dir='ltr'>doxa,</span> <span class='ocrx_word' id='word_1_467' title='bbox 2390 805 2490 858; x_wconf 92' lang='lat' dir='ltr'>sed</span> <span class='ocrx_word' id='word_1_468' title='bbox 2540 806 2690 859; x_wconf 89' lang='lat' dir='ltr'>inter</span> <span class='ocrx_word' id='word_1_469' title='bbox 2726 806 3002 876; x_wconf 86' lang='lat' dir='ltr'>dogmata</span> <span class='ocrx_word' id='word_1_470' title='bbox 3049 804 3182 859; x_wconf 81' lang='lat' dir='ltr'>ﬁdei</span> <span class='ocrx_word' id='word_1_471' title='bbox 3228 803 3371 859; x_wconf 90' lang='lat' dir='ltr'>illud</span> <span class='ocrx_word' id='word_1_472' title='bbox 3422 806 3730 872; x_wconf 89' lang='lat' dir='ltr'>collocant,</span> <span class='ocrx_word' id='word_1_473' title='bbox 3763 812 3822 862; x_wconf 90' lang='lat' dir='ltr'>et</span> 
     </span>
    </p>
   </div>
   <div class='ocr_carea' id='block_1_64' title="bbox 2170 891 3821 963">
    <p class='ocr_par' dir='ltr' id='par_1_64' title="bbox 2170 891 3821 963">
     <span class='ocr_line' id='line_1_64' title="bbox 2170 891 3821 963; baseline 0.004 -20"><span class='ocrx_word' id='word_1_474' title='bbox 2170 905 2239 943; x_wconf 83' lang='lat' dir='ltr'>ex</span> <span class='ocrx_word' id='word_1_475' title='bbox 2267 891 2615 948; x_wconf 88' lang='lat' dir='ltr'>Tertulliani</span> <span class='ocrx_word' id='word_1_476' title='bbox 2646 894 2771 963; x_wconf 86' lang='lat' dir='ltr'>jam</span> <span class='ocrx_word' id='word_1_477' title='bbox 2802 894 2957 949; x_wconf 85' lang='lat' dir='ltr'>dicto</span> <span class='ocrx_word' id='word_1_478' title='bbox 2985 893 3108 948; x_wconf 91' lang='lat' dir='ltr'>loco</span> <span class='ocrx_word' id='word_1_479' title='bbox 3137 895 3510 962; x_wconf 85' lang='lat' dir='ltr'>confirmant,</span> <span class='ocrx_word' id='word_1_480' title='bbox 3541 896 3640 950; x_wconf 87' lang='lat' dir='ltr'>sed</span> <span class='ocrx_word' id='word_1_481' title='bbox 3672 897 3821 950; x_wconf 86' lang='lat' dir='ltr'>frus-</span> 
     </span>
    </p>
   </div>
   <div class='ocr_carea' id='block_1_65' title="bbox 2169 980 3820 1053">
    <p class='ocr_par' dir='ltr' id='par_1_65' title="bbox 2169 980 3820 1053">
     <span class='ocr_line' id='line_1_65' title="bbox 2169 980 3820 1053; baseline 0.004 -22"><span class='ocrx_word' id='word_1_482' title='bbox 2169 983 2280 1032; x_wconf 86' lang='lat' dir='ltr'>tra.</span> <span class='ocrx_word' id='word_1_483' title='bbox 2316 980 2445 1051; x_wconf 90' lang='lat' dir='ltr'>Ipse</span> <span class='ocrx_word' id='word_1_484' title='bbox 2474 981 2630 1037; x_wconf 91' lang='lat' dir='ltr'>enim</span> <span class='ocrx_word' id='word_1_485' title='bbox 2661 986 2899 1048; x_wconf 85' lang='lat' dir='ltr'>Auctor,</span> <span class='ocrx_word' id='word_1_486' title='bbox 2923 982 3089 1053; x_wconf 82' lang='lat' dir='ltr'>quasi</span> <span class='ocrx_word' id='word_1_487' title='bbox 3118 985 3436 1036; x_wconf 88' lang='lat' dir='ltr'>retractans</span> <span class='ocrx_word' id='word_1_488' title='bbox 3469 984 3623 1053; x_wconf 88' lang='lat' dir='ltr'>quod</span> <span class='ocrx_word' id='word_1_489' title='bbox 3650 982 3820 1038; x_wconf 89' lang='lat' dir='ltr'>initio</span> 
     </span>
    </p>
   </div>
   <div class='ocr_carea' id='block_1_66' title="bbox 2173 1067 3821 1142">
    <p class='ocr_par' dir='ltr' id='par_1_66' title="bbox 2173 1067 3821 1142">
     <span class='ocr_line' id='line_1_66' title="bbox 2173 1067 3821 1142; baseline 0.005 -22"><span class='ocrx_word' id='word_1_490' title='bbox 2173 1067 2304 1123; x_wconf 87' lang='lat' dir='ltr'>ﬁdei</span> <span class='ocrx_word' id='word_1_491' title='bbox 2357 1086 2471 1125; x_wconf 89' lang='lat' dir='ltr'>non</span> <span class='ocrx_word' id='word_1_492' title='bbox 2522 1071 2666 1126; x_wconf 85' lang='lat' dir='ltr'>satis</span> <span class='ocrx_word' id='word_1_493' title='bbox 2729 1077 2899 1126; x_wconf 88' lang='lat' dir='ltr'>caute</span> <span class='ocrx_word' id='word_1_494' title='bbox 2950 1074 3446 1141; x_wconf 85' lang='lat' dir='ltr'>pronuntiaverat,</span> <span class='ocrx_word' id='word_1_495' title='bbox 3497 1078 3700 1142; x_wconf 87' lang='lat' dir='ltr'>postea</span> <span class='ocrx_word' id='word_1_496' title='bbox 3746 1073 3821 1128; x_wconf 89' lang='lat' dir='ltr'>de</span> 
     </span>
    </p>
   </div>
   <div class='ocr_carea' id='block_1_67' title="bbox 2173 1156 3818 1228">
    <p class='ocr_par' dir='ltr' id='par_1_67' title="bbox 2173 1156 3818 1228">
     <span class='ocr_line' id='line_1_67' title="bbox 2173 1156 3818 1228; baseline 0.004 -18"><span class='ocrx_word' id='word_1_497' title='bbox 2173 1156 2287 1212; x_wconf 78' lang='lat' dir='ltr'>[ide</span> <span class='ocrx_word' id='word_1_498' title='bbox 2317 1159 2603 1215; x_wconf 89' lang='lat' dir='ltr'>catholica</span> <span class='ocrx_word' id='word_1_499' title='bbox 2633 1160 2842 1214; x_wconf 89' lang='lat' dir='ltr'>melius</span> <span class='ocrx_word' id='word_1_500' title='bbox 2899 1160 3230 1228; x_wconf 89' lang='lat' dir='ltr'>institutus,</span> <span class='ocrx_word' id='word_1_501' title='bbox 3270 1159 3418 1216; x_wconf 91' lang='lat' dir='ltr'>libro</span> <span class='ocrx_word' id='word_1_502' title='bbox 3476 1161 3542 1216; x_wconf 82' lang='lat' dir='ltr'>de</span> <span class='ocrx_word' id='word_1_503' title='bbox 3594 1162 3818 1224; x_wconf 84' lang='lat' dir='ltr'>Anima,</span> 
     </span>
    </p>
   </div>
   <div class='ocr_carea' id='block_1_68' title="bbox 2169 1243 3821 1320">
    <p class='ocr_par' dir='ltr' id='par_1_68' title="bbox 2169 1243 3821 1320">
     <span class='ocr_line' id='line_1_68' title="bbox 2169 1243 3821 1320; baseline 0.004 -21"><span class='ocrx_word' id='word_1_504' title='bbox 2169 1243 2397 1318; x_wconf 85' lang='lat' dir='ltr'>integro</span> <span class='ocrx_word' id='word_1_505' title='bbox 2448 1265 2575 1320; x_wconf 89' lang='lat' dir='ltr'>cap.</span> <span class='ocrx_word' id='word_1_506' title='bbox 2618 1249 2749 1316; x_wconf 88' lang='lat' dir='ltr'>ult.,</span> <span class='ocrx_word' id='word_1_507' title='bbox 2799 1247 2915 1304; x_wconf 90' lang='lat' dir='ltr'>late</span> <span class='ocrx_word' id='word_1_508' title='bbox 2963 1254 3019 1304; x_wconf 90' lang='lat' dir='ltr'>et</span> <span class='ocrx_word' id='word_1_509' title='bbox 3065 1249 3306 1320; x_wconf 86' lang='lat' dir='ltr'>pulchre</span> <span class='ocrx_word' id='word_1_510' title='bbox 3336 1250 3572 1305; x_wconf 89' lang='lat' dir='ltr'>deducit</span> <span class='ocrx_word' id='word_1_511' title='bbox 3600 1252 3821 1306; x_wconf 75' lang='lat' dir='ltr'>anima:</span> 
     </span>
    </p>
   </div>
   <div class='ocr_carea' id='block_1_69' title="bbox 2167 1337 3821 1410">
    <p class='ocr_par' dir='ltr' id='par_1_69' title="bbox 2167 1337 3821 1410">
     <span class='ocr_line' id='line_1_69' title="bbox 2167 1337 3821 1410; baseline 0.003 -21"><span class='ocrx_word' id='word_1_512' title='bbox 2167 1337 2289 1406; x_wconf 85' lang='lat' dir='ltr'>pati</span> <span class='ocrx_word' id='word_1_513' title='bbox 2318 1337 2542 1392; x_wconf 78' lang='lat' dir='ltr'>interim</span> <span class='ocrx_word' id='word_1_514' title='bbox 2573 1338 2718 1410; x_wconf 85' lang='lat' dir='ltr'>apud</span> <span class='ocrx_word' id='word_1_515' title='bbox 2750 1339 2976 1409; x_wconf 77' lang='lat' dir='ltr'>inferos,</span> <span class='ocrx_word' id='word_1_516' title='bbox 3008 1337 3066 1392; x_wconf 92' lang='lat' dir='ltr'>id</span> <span class='ocrx_word' id='word_1_517' title='bbox 3099 1342 3187 1392; x_wconf 91' lang='lat' dir='ltr'>est</span> <span class='ocrx_word' id='word_1_518' title='bbox 3217 1355 3405 1410; x_wconf 90' lang='lat' dir='ltr'>usque</span> <span class='ocrx_word' id='word_1_519' title='bbox 3439 1340 3821 1409; x_wconf 88' lang='lat' dir='ltr'>adjudicium</span> 
     </span>
    </p>
   </div>
   <div class='ocr_carea' id='block_1_70' title="bbox 2169 1427 3820 1500">
    <p class='ocr_par' dir='ltr' id='par_1_70' title="bbox 2169 1427 3820 1500">
     <span class='ocr_line' id='line_1_70' title="bbox 2169 1427 3820 1500; baseline 0.004 -22"><span class='ocrx_word' id='word_1_520' title='bbox 2169 1431 2515 1496; x_wconf 88' lang='lat' dir='ltr'>extremum,</span> <span class='ocrx_word' id='word_1_521' title='bbox 2564 1427 2662 1482; x_wconf 91' lang='lat' dir='ltr'>ubi</span> <span class='ocrx_word' id='word_1_522' title='bbox 2711 1427 2864 1481; x_wconf 89' lang='lat' dir='ltr'>inter</span> <span class='ocrx_word' id='word_1_523' title='bbox 2911 1432 3117 1482; x_wconf 59' lang='lat' dir='ltr'>cratera</span> <span class='ocrx_word' id='word_1_524' title='bbox 3150 1444 3164 1482; x_wconf 90' lang='lat'><strong>:</strong></span> <span class='ocrx_word' id='word_1_525' title='bbox 3198 1449 3226 1476; x_wconf 86' lang='lat'><strong>«</strong></span> <span class='ocrx_word' id='word_1_526' title='bbox 3279 1427 3427 1492; x_wconf 87' lang='lat' dir='ltr'>Quid</span> <span class='ocrx_word' id='word_1_527' title='bbox 3463 1445 3600 1500; x_wconf 84' lang='lat' dir='ltr'>ergo</span> <span class='ocrx_word' id='word_1_528' title='bbox 3632 1428 3727 1485; x_wconf 84' lang='lat' dir='ltr'>ﬁet</span> <span class='ocrx_word' id='word_1_529' title='bbox 3758 1429 3820 1484; x_wconf 88' lang='lat' dir='ltr'>in</span> 
     </span>
    </p>
   </div>
   <div class='ocr_carea' id='block_1_71' title="bbox 2167 1514 3822 1586">
    <p class='ocr_par' dir='ltr' id='par_1_71' title="bbox 2167 1514 3822 1586">
     <span class='ocr_line' id='line_1_71' title="bbox 2167 1514 3822 1586; baseline 0.004 -19"><span class='ocrx_word' id='word_1_530' title='bbox 2167 1518 2432 1586; x_wconf 87' lang='lat' dir='ltr'>tempore</span> <span class='ocrx_word' id='word_1_531' title='bbox 2476 1515 2638 1570; x_wconf 83' lang='lat' dir='ltr'>isto?</span> <span class='ocrx_word' id='word_1_532' title='bbox 2680 1514 3099 1570; x_wconf 86' lang='lat' dir='ltr'>Dormiemus?</span> <span class='ocrx_word' id='word_1_533' title='bbox 3144 1518 3217 1570; x_wconf 91' lang='lat' dir='ltr'>At</span> <span class='ocrx_word' id='word_1_534' title='bbox 3255 1516 3412 1570; x_wconf 88' lang='lat' dir='ltr'>enim</span> <span class='ocrx_word' id='word_1_535' title='bbox 3446 1518 3655 1571; x_wconf 67' lang='lat' dir='ltr'>animae</span> <span class='ocrx_word' id='word_1_536' title='bbox 3714 1534 3822 1573; x_wconf 88' lang='lat' dir='ltr'>nec</span> 
     </span>
    </p>
   </div>
   <div class='ocr_carea' id='block_1_72' title="bbox 2167 1602 3818 1677">
    <p class='ocr_par' dir='ltr' id='par_1_72' title="bbox 2167 1602 3818 1677">
     <span class='ocr_line' id='line_1_72' title="bbox 2167 1602 3818 1677; baseline 0.002 -21"><span class='ocrx_word' id='word_1_537' title='bbox 2167 1602 2226 1656; x_wconf 89' lang='lat' dir='ltr'>in</span> <span class='ocrx_word' id='word_1_538' title='bbox 2258 1604 2585 1660; x_wconf 86' lang='lat' dir='ltr'>viventibus</span> <span class='ocrx_word' id='word_1_539' title='bbox 2616 1606 2937 1660; x_wconf 90' lang='lat' dir='ltr'>dormiunt.</span> <span class='ocrx_word' id='word_1_540' title='bbox 2973 1605 3105 1659; x_wconf 88' lang='lat' dir='ltr'>Jam</span> <span class='ocrx_word' id='word_1_541' title='bbox 3137 1621 3269 1660; x_wconf 90' lang='lat' dir='ltr'>vero</span> <span class='ocrx_word' id='word_1_542' title='bbox 3297 1621 3474 1676; x_wconf 87' lang='lat' dir='ltr'>quam</span> <span class='ocrx_word' id='word_1_543' title='bbox 3503 1605 3818 1677; x_wconf 86' lang='lat' dir='ltr'>iniquissi-</span> 
     </span>
    </p>
   </div>
   <div class='ocr_carea' id='block_1_73' title="bbox 2167 1693 3820 1763">
    <p class='ocr_par' dir='ltr' id='par_1_73' title="bbox 2167 1693 3820 1763">
     <span class='ocr_line' id='line_1_73' title="bbox 2167 1693 3820 1763; baseline 0.004 -17"><span class='ocrx_word' id='word_1_544' title='bbox 2167 1708 2330 1748; x_wconf 92' lang='lat' dir='ltr'>mum</span> <span class='ocrx_word' id='word_1_545' title='bbox 2361 1694 2538 1748; x_wconf 88' lang='lat' dir='ltr'>etiam</span> <span class='ocrx_word' id='word_1_546' title='bbox 2570 1695 2725 1763; x_wconf 85' lang='lat' dir='ltr'>apud</span> <span class='ocrx_word' id='word_1_547' title='bbox 2758 1693 2994 1760; x_wconf 87' lang='lat' dir='ltr'>inferos,</span> <span class='ocrx_word' id='word_1_548' title='bbox 3028 1694 3077 1747; x_wconf 92' lang='lat' dir='ltr'>si</span> <span class='ocrx_word' id='word_1_549' title='bbox 3127 1699 3184 1748; x_wconf 91' lang='lat' dir='ltr'>et</span> <span class='ocrx_word' id='word_1_550' title='bbox 3232 1695 3575 1749; x_wconf 90' lang='lat' dir='ltr'>nocentibus</span> <span class='ocrx_word' id='word_1_551' title='bbox 3623 1695 3820 1752; x_wconf 86' lang='lat' dir='ltr'>adhuc</span> 
     </span>
    </p>
   </div>
   <div class='ocr_carea' id='block_1_74' title="bbox 2165 1781 3823 1839">
    <p class='ocr_par' dir='ltr' id='par_1_74' title="bbox 2165 1781 3823 1839">
     <span class='ocr_line' id='line_1_74' title="bbox 2165 1781 3823 1839; baseline 0.003 -5"><span class='ocrx_word' id='word_1_552' title='bbox 2165 1781 2282 1836; x_wconf 91' lang='lat' dir='ltr'>illis</span> <span class='ocrx_word' id='word_1_553' title='bbox 2310 1783 2459 1838; x_wconf 88' lang='lat' dir='ltr'>bene</span> <span class='ocrx_word' id='word_1_554' title='bbox 2490 1783 2627 1838; x_wconf 83' lang='lat' dir='ltr'>est?</span> <span class='ocrx_word' id='word_1_555' title='bbox 2655 1783 2856 1838; x_wconf 88' lang='lat' dir='ltr'>Nonne</span> <span class='ocrx_word' id='word_1_556' title='bbox 2885 1788 2941 1837; x_wconf 91' lang='lat' dir='ltr'>et</span> <span class='ocrx_word' id='word_1_557' title='bbox 2985 1782 3056 1836; x_wconf 91' lang='lat' dir='ltr'>de</span> <span class='ocrx_word' id='word_1_558' title='bbox 3087 1798 3192 1836; x_wconf 91' lang='lat' dir='ltr'>suo</span> <span class='ocrx_word' id='word_1_559' title='bbox 3240 1782 3460 1837; x_wconf 79' lang='lat' dir='ltr'>sufficit</span> <span class='ocrx_word' id='word_1_560' title='bbox 3491 1783 3604 1838; x_wconf 91' lang='lat' dir='ltr'>sibi</span> <span class='ocrx_word' id='word_1_561' title='bbox 3643 1786 3714 1839; x_wconf 90' lang='lat' dir='ltr'>ad</span> <span class='ocrx_word' id='word_1_562' title='bbox 3749 1786 3823 1839; x_wconf 79' lang='lat' dir='ltr'>ti-</span> 
     </span>
    </p>
   </div>
   <div class='ocr_carea' id='block_1_75' title="bbox 2162 1869 3821 1944">
    <p class='ocr_par' dir='ltr' id='par_1_75' title="bbox 2162 1869 3821 1944">
     <span class='ocr_line' id='line_1_75' title="bbox 2162 1869 3821 1944; baseline 0.002 -20"><span class='ocrx_word' id='word_1_563' title='bbox 2162 1870 2349 1926; x_wconf 88' lang='lat' dir='ltr'>tulum</span> <span class='ocrx_word' id='word_1_564' title='bbox 2414 1872 2750 1944; x_wconf 67' lang='lat' dir='ltr'>passionis?</span> <span class='ocrx_word' id='word_1_565' title='bbox 2804 1870 3032 1943; x_wconf 87' lang='lat' dir='ltr'>quoties</span> <span class='ocrx_word' id='word_1_566' title='bbox 3084 1869 3265 1926; x_wconf 70' lang='lat' dir='ltr'>illasso</span> <span class='ocrx_word' id='word_1_567' title='bbox 3321 1887 3558 1943; x_wconf 90' lang='lat' dir='ltr'>corpore</span> <span class='ocrx_word' id='word_1_568' title='bbox 3616 1873 3821 1929; x_wconf 88' lang='lat' dir='ltr'>anima</span> 
     </span>
    </p>
   </div>
   <div class='ocr_carea' id='block_1_76' title="bbox 2162 1961 3820 2032">
    <p class='ocr_par' dir='ltr' id='par_1_76' title="bbox 2162 1961 3820 2032">
     <span class='ocr_line' id='line_1_76' title="bbox 2162 1961 3820 2032; baseline 0.001 -16"><span class='ocrx_word' id='word_1_569' title='bbox 2162 1961 2286 2016; x_wconf 91' lang='lat' dir='ltr'>sola</span> <span class='ocrx_word' id='word_1_570' title='bbox 2314 1966 2622 2032; x_wconf 88' lang='lat' dir='ltr'>torquetur</span> <span class='ocrx_word' id='word_1_571' title='bbox 2651 1962 2784 2026; x_wconf 90' lang='lat' dir='ltr'>bile,</span> <span class='ocrx_word' id='word_1_572' title='bbox 2819 1961 2903 2016; x_wconf 89' lang='lat' dir='ltr'>ira</span> <span class='ocrx_word' id='word_1_573' title='bbox 2947 1961 3118 2016; x_wconf 76' lang='lat' dir='ltr'>taedio</span> <span class='ocrx_word' id='word_1_574' title='bbox 3161 1961 3506 2032; x_wconf 90' lang='lat' dir='ltr'>plerumque</span> <span class='ocrx_word' id='word_1_575' title='bbox 3555 1979 3659 2018; x_wconf 89' lang='lat' dir='ltr'>nec</span> <span class='ocrx_word' id='word_1_576' title='bbox 3699 1963 3820 2019; x_wconf 89' lang='lat' dir='ltr'>sibi</span> 
     </span>
    </p>
   </div>
   <div class='ocr_carea' id='block_1_77' title="bbox 2163 2049 3821 2120">
    <p class='ocr_par' dir='ltr' id='par_1_77' title="bbox 2163 2049 3821 2120">
     <span class='ocr_line' id='line_1_77' title="bbox 2163 2049 3821 2120; baseline 0.002 -15"><span class='ocrx_word' id='word_1_577' title='bbox 2163 2050 2343 2112; x_wconf 84' lang='lat' dir='ltr'>noto?</span> <span class='ocrx_word' id='word_1_578' title='bbox 2385 2052 2539 2106; x_wconf 83' lang='lat' dir='ltr'>Adeo</span> <span class='ocrx_word' id='word_1_579' title='bbox 2589 2051 2750 2105; x_wconf 90' lang='lat' dir='ltr'>novit</span> <span class='ocrx_word' id='word_1_580' title='bbox 2790 2055 2848 2105; x_wconf 92' lang='lat' dir='ltr'>et</span> <span class='ocrx_word' id='word_1_581' title='bbox 2902 2050 3056 2120; x_wconf 90' lang='lat' dir='ltr'>apud</span> <span class='ocrx_word' id='word_1_582' title='bbox 3107 2049 3326 2105; x_wconf 89' lang='lat' dir='ltr'>inferos</span> <span class='ocrx_word' id='word_1_583' title='bbox 3373 2049 3572 2105; x_wconf 89' lang='lat' dir='ltr'>anima</span> <span class='ocrx_word' id='word_1_584' title='bbox 3621 2051 3821 2108; x_wconf 86' lang='lat' dir='ltr'>dolere</span> 
     </span>
    </p>
   </div>
   <div class='ocr_carea' id='block_1_78' title="bbox 2161 2137 3816 2210">
    <p class='ocr_par' dir='ltr' id='par_1_78' title="bbox 2161 2137 3816 2210">
     <span class='ocr_line' id='line_1_78' title="bbox 2161 2137 3816 2210; baseline 0.002 -17"><span class='ocrx_word' id='word_1_585' title='bbox 2161 2140 2289 2194; x_wconf 88' lang='lat' dir='ltr'>sine</span> <span class='ocrx_word' id='word_1_586' title='bbox 2319 2156 2510 2209; x_wconf 91' lang='lat' dir='ltr'>carne,</span> <span class='ocrx_word' id='word_1_587' title='bbox 2545 2141 2683 2210; x_wconf 88' lang='lat' dir='ltr'>quia</span> <span class='ocrx_word' id='word_1_588' title='bbox 2703 2144 2761 2195; x_wconf 91' lang='lat' dir='ltr'>et</span> <span class='ocrx_word' id='word_1_589' title='bbox 2789 2138 2847 2193; x_wconf 91' lang='lat' dir='ltr'>in</span> <span class='ocrx_word' id='word_1_590' title='bbox 2879 2155 3053 2193; x_wconf 86' lang='lat' dir='ltr'>carne</span> <span class='ocrx_word' id='word_1_591' title='bbox 3083 2137 3286 2206; x_wconf 65' lang='lat' dir='ltr'>illaesa,</span> <span class='ocrx_word' id='word_1_592' title='bbox 3319 2137 3369 2194; x_wconf 89' lang='lat' dir='ltr'>si</span> <span class='ocrx_word' id='word_1_593' title='bbox 3415 2137 3588 2203; x_wconf 90' lang='lat' dir='ltr'>volet,</span> <span class='ocrx_word' id='word_1_594' title='bbox 3637 2139 3816 2196; x_wconf 89' lang='lat' dir='ltr'>dolet.</span> 
     </span>
    </p>
   </div>
   <div class='ocr_carea' id='block_1_79' title="bbox 2162 2227 3825 2299">
    <p class='ocr_par' dir='ltr' id='par_1_79' title="bbox 2162 2227 3825 2299">
     <span class='ocr_line' id='line_1_79' title="bbox 2162 2227 3825 2299; baseline 0.001 -16"><span class='ocrx_word' id='word_1_595' title='bbox 2162 2227 2280 2284; x_wconf 85' lang='lat' dir='ltr'>Hoc</span> <span class='ocrx_word' id='word_1_596' title='bbox 2310 2230 2359 2283; x_wconf 89' lang='lat' dir='ltr'>si</span> <span class='ocrx_word' id='word_1_597' title='bbox 2390 2245 2458 2283; x_wconf 89' lang='lat' dir='ltr'>ex</span> <span class='ocrx_word' id='word_1_598' title='bbox 2507 2228 2748 2284; x_wconf 89' lang='lat' dir='ltr'>arbitrio</span> <span class='ocrx_word' id='word_1_599' title='bbox 2805 2243 2911 2282; x_wconf 90' lang='lat' dir='ltr'>suo</span> <span class='ocrx_word' id='word_1_600' title='bbox 2945 2227 3004 2282; x_wconf 91' lang='lat' dir='ltr'>in</span> <span class='ocrx_word' id='word_1_601' title='bbox 3045 2227 3182 2293; x_wconf 85' lang='lat' dir='ltr'>vita,</span> <span class='ocrx_word' id='word_1_602' title='bbox 3234 2231 3454 2299; x_wconf 89' lang='lat' dir='ltr'>quanto</span> <span class='ocrx_word' id='word_1_603' title='bbox 3503 2229 3691 2297; x_wconf 82' lang='lat' dir='ltr'>magis</span> <span class='ocrx_word' id='word_1_604' title='bbox 3748 2246 3825 2284; x_wconf 84' lang='lat' dir='ltr'>ex</span> 
     </span>
    </p>
   </div>
   <div class='ocr_carea' id='block_1_80' title="bbox 2155 2316 3821 2389">
    <p class='ocr_par' dir='ltr' id='par_1_80' title="bbox 2155 2316 3821 2389">
     <span class='ocr_line' id='line_1_80' title="bbox 2155 2316 3821 2389; baseline 0.002 -18"><span class='ocrx_word' id='word_1_605' title='bbox 2155 2317 2380 2388; x_wconf 89' lang='lat' dir='ltr'>judicio</span> <span class='ocrx_word' id='word_1_606' title='bbox 2428 2317 2526 2372; x_wconf 90' lang='lat' dir='ltr'>Dei</span> <span class='ocrx_word' id='word_1_607' title='bbox 2588 2322 2722 2387; x_wconf 89' lang='lat' dir='ltr'>post</span> <span class='ocrx_word' id='word_1_608' title='bbox 2767 2317 3062 2372; x_wconf 79' lang='lat' dir='ltr'>mortem?</span> <span class='ocrx_word' id='word_1_609' title='bbox 3115 2317 3260 2374; x_wconf 86' lang='lat' dir='ltr'>Nam</span> <span class='ocrx_word' id='word_1_610' title='bbox 3317 2316 3474 2372; x_wconf 90' lang='lat' dir='ltr'>solos</span> <span class='ocrx_word' id='word_1_611' title='bbox 3523 2317 3821 2389; x_wconf 82' lang='lat' dir='ltr'>cogitatus</span> 
     </span>
    </p>
   </div>
   <div class='ocr_carea' id='block_1_81' title="bbox 2161 2405 3818 2478">
    <p class='ocr_par' dir='ltr' id='par_1_81' title="bbox 2161 2405 3818 2478">
     <span class='ocr_line' id='line_1_81' title="bbox 2161 2405 3818 2478; baseline 0.001 -18"><span class='ocrx_word' id='word_1_612' title='bbox 2161 2412 2219 2461; x_wconf 88' lang='lat' dir='ltr'>et</span> <span class='ocrx_word' id='word_1_613' title='bbox 2249 2409 2438 2462; x_wconf 90' lang='lat' dir='ltr'>nudas</span> <span class='ocrx_word' id='word_1_614' title='bbox 2491 2405 2820 2461; x_wconf 88' lang='lat' dir='ltr'>voluntates</span> <span class='ocrx_word' id='word_1_615' title='bbox 2866 2422 3116 2461; x_wconf 88' lang='lat' dir='ltr'>censura</span> <span class='ocrx_word' id='word_1_616' title='bbox 3164 2405 3361 2460; x_wconf 90' lang='lat' dir='ltr'>divina</span> <span class='ocrx_word' id='word_1_617' title='bbox 3419 2407 3818 2478; x_wconf 84' lang='lat' dir='ltr'>persequitur,</span> 
     </span>
    </p>
   </div>
   <div class='ocr_carea' id='block_1_82' title="bbox 2163 2493 3821 2566">
    <p class='ocr_par' dir='ltr' id='par_1_82' title="bbox 2163 2493 3821 2566">
     <span class='ocr_line' id='line_1_82' title="bbox 2163 2493 3821 2566; baseline 0.002 -18"><span class='ocrx_word' id='word_1_618' title='bbox 2163 2496 2311 2564; x_wconf 86' lang='lat' dir='ltr'>Ergo</span> <span class='ocrx_word' id='word_1_619' title='bbox 2344 2499 2580 2566; x_wconf 89' lang='lat' dir='ltr'>propter</span> <span class='ocrx_word' id='word_1_620' title='bbox 2610 2495 2715 2549; x_wconf 86' lang='lat' dir='ltr'>hoc</span> <span class='ocrx_word' id='word_1_621' title='bbox 2747 2493 3349 2565; x_wconf 87' lang='lat' dir='ltr'>congruentissimum</span> <span class='ocrx_word' id='word_1_622' title='bbox 3381 2499 3490 2566; x_wconf 85' lang='lat' dir='ltr'>est,</span> <span class='ocrx_word' id='word_1_623' title='bbox 3522 2494 3821 2564; x_wconf 87' lang='lat' dir='ltr'>animum,</span> 
     </span>
    </p>
   </div>
   <div class='ocr_carea' id='block_1_83' title="bbox 2161 2578 3822 2652">
    <p class='ocr_par' dir='ltr' id='par_1_83' title="bbox 2161 2578 3822 2652">
     <span class='ocr_line' id='line_1_83' title="bbox 2161 2578 3822 2652; baseline 0.003 -18"><span class='ocrx_word' id='word_1_624' title='bbox 2161 2578 2297 2636; x_wconf 91' lang='lat' dir='ltr'>licet</span> <span class='ocrx_word' id='word_1_625' title='bbox 2319 2597 2432 2636; x_wconf 88' lang='lat' dir='ltr'>non</span> <span class='ocrx_word' id='word_1_626' title='bbox 2457 2585 2759 2652; x_wconf 81' lang='lat' dir='ltr'>expectata</span> <span class='ocrx_word' id='word_1_627' title='bbox 2785 2596 2978 2649; x_wconf 88' lang='lat' dir='ltr'>carne,</span> <span class='ocrx_word' id='word_1_628' title='bbox 3011 2581 3228 2652; x_wconf 88' lang='lat' dir='ltr'>puniri,</span> <span class='ocrx_word' id='word_1_629' title='bbox 3259 2581 3414 2652; x_wconf 92' lang='lat' dir='ltr'>quod</span> <span class='ocrx_word' id='word_1_630' title='bbox 3449 2597 3562 2636; x_wconf 89' lang='lat' dir='ltr'>non</span> <span class='ocrx_word' id='word_1_631' title='bbox 3593 2582 3822 2638; x_wconf 83' lang='lat' dir='ltr'>sociata</span> 
     </span>
    </p>
   </div>
   <div class='ocr_carea' id='block_1_84' title="bbox 2162 2669 3816 2740">
    <p class='ocr_par' dir='ltr' id='par_1_84' title="bbox 2162 2669 3816 2740">
     <span class='ocr_line' id='line_1_84' title="bbox 2162 2669 3816 2740; baseline 0.002 -16"><span class='ocrx_word' id='word_1_632' title='bbox 2162 2685 2337 2725; x_wconf 89' lang='lat' dir='ltr'>carne</span> <span class='ocrx_word' id='word_1_633' title='bbox 2364 2669 2682 2725; x_wconf 89' lang='lat' dir='ltr'>commisit.</span> <span class='ocrx_word' id='word_1_634' title='bbox 2732 2671 2794 2724; x_wconf 92' lang='lat' dir='ltr'>In</span> <span class='ocrx_word' id='word_1_635' title='bbox 2842 2686 3098 2739; x_wconf 87' lang='lat' dir='ltr'>summa,</span> <span class='ocrx_word' id='word_1_636' title='bbox 3129 2686 3259 2725; x_wconf 90' lang='lat' dir='ltr'>cum</span> <span class='ocrx_word' id='word_1_637' title='bbox 3293 2685 3586 2726; x_wconf 87' lang='lat' dir='ltr'>carcerem</span> <span class='ocrx_word' id='word_1_638' title='bbox 3617 2671 3816 2740; x_wconf 89' lang='lat' dir='ltr'>illum,</span> 
     </span>
    </p>
   </div>
   <div class='ocr_carea' id='block_1_85' title="bbox 2162 2757 3818 2830">
    <p class='ocr_par' dir='ltr' id='par_1_85' title="bbox 2162 2757 3818 2830">
     <span class='ocr_line' id='line_1_85' title="bbox 2162 2757 3818 2830; baseline 0.002 -17"><span class='ocrx_word' id='word_1_639' title='bbox 2162 2760 2317 2830; x_wconf 90' lang='lat' dir='ltr'>quod</span> <span class='ocrx_word' id='word_1_640' title='bbox 2369 2757 2747 2830; x_wconf 87' lang='lat' dir='ltr'>Evangelium</span> <span class='ocrx_word' id='word_1_641' title='bbox 2795 2758 3162 2813; x_wconf 89' lang='lat' dir='ltr'>demonstrat</span> <span class='ocrx_word' id='word_1_642' title='bbox 3217 2758 3430 2830; x_wconf 77' lang='lat' dir='ltr'>(Matth.</span> <span class='ocrx_word' id='word_1_643' title='bbox 3481 2763 3532 2830; x_wconf 84' lang='grc' dir='ltr'>ν)</span> <span class='ocrx_word' id='word_1_644' title='bbox 3592 2759 3818 2816; x_wconf 87' lang='lat' dir='ltr'>inferos</span> 
     </span>
    </p>
   </div>
   <div class='ocr_carea' id='block_1_86' title="bbox 2160 2845 3817 2919">
    <p class='ocr_par' dir='ltr' id='par_1_86' title="bbox 2160 2845 3817 2919">
     <span class='ocr_line' id='line_1_86' title="bbox 2160 2845 3817 2919; baseline 0.001 -17"><span class='ocrx_word' id='word_1_645' title='bbox 2160 2847 2564 2919; x_wconf 88' lang='lat' dir='ltr'>intelligimus,</span> <span class='ocrx_word' id='word_1_646' title='bbox 2595 2851 2654 2902; x_wconf 89' lang='lat' dir='ltr'>et</span> <span class='ocrx_word' id='word_1_647' title='bbox 2681 2845 3065 2902; x_wconf 90' lang='lat' dir='ltr'>novissimum</span> <span class='ocrx_word' id='word_1_648' title='bbox 3095 2847 3481 2916; x_wconf 88' lang='lat' dir='ltr'>quadrantem</span> <span class='ocrx_word' id='word_1_649' title='bbox 3513 2848 3817 2904; x_wconf 90' lang='lat' dir='ltr'>modicum</span> 
     </span>
    </p>
   </div>
   <div class='ocr_carea' id='block_1_87' title="bbox 2159 2934 3816 3009">
    <p class='ocr_par' dir='ltr' id='par_1_87' title="bbox 2159 2934 3816 3009">
     <span class='ocr_line' id='line_1_87' title="bbox 2159 2934 3816 3009; baseline -0.001 -17"><span class='ocrx_word' id='word_1_650' title='bbox 2159 2937 2435 3009; x_wconf 89' lang='lat' dir='ltr'>quodque</span> <span class='ocrx_word' id='word_1_651' title='bbox 2462 2937 2740 2991; x_wconf 91' lang='lat' dir='ltr'>delictum</span> <span class='ocrx_word' id='word_1_652' title='bbox 2796 2934 2914 2990; x_wconf 90' lang='lat' dir='ltr'>illic</span> <span class='ocrx_word' id='word_1_653' title='bbox 2960 2934 3239 2990; x_wconf 91' lang='lat' dir='ltr'>luendum</span> <span class='ocrx_word' id='word_1_654' title='bbox 3301 2935 3760 3006; x_wconf 86' lang='lat' dir='ltr'>interpretamur</span> <span class='ocrx_word' id='word_1_655' title='bbox 3800 2953 3816 3003; x_wconf 90' lang='lat'><strong>;</strong></span> 
     </span>
    </p>
   </div>
   <div class='ocr_carea' id='block_1_88' title="bbox 2158 3022 3818 3096">
    <p class='ocr_par' dir='ltr' id='par_1_88' title="bbox 2158 3022 3818 3096">
     <span class='ocr_line' id='line_1_88' title="bbox 2158 3022 3818 3096; baseline -0.001 -14"><span class='ocrx_word' id='word_1_656' title='bbox 2158 3043 2331 3083; x_wconf 89' lang='lat' dir='ltr'>nemo</span> <span class='ocrx_word' id='word_1_657' title='bbox 2361 3025 2654 3082; x_wconf 89' lang='lat' dir='ltr'>dubitabit</span> <span class='ocrx_word' id='word_1_658' title='bbox 2681 3025 2940 3080; x_wconf 90' lang='lat' dir='ltr'>animam</span> <span class='ocrx_word' id='word_1_659' title='bbox 2987 3022 3204 3095; x_wconf 89' lang='lat' dir='ltr'>aliquid</span> <span class='ocrx_word' id='word_1_660' title='bbox 3241 3040 3485 3096; x_wconf 89' lang='lat' dir='ltr'>pensare</span> <span class='ocrx_word' id='word_1_661' title='bbox 3532 3026 3687 3096; x_wconf 90' lang='lat' dir='ltr'>apud</span> <span class='ocrx_word' id='word_1_662' title='bbox 3721 3025 3818 3080; x_wconf 87' lang='lat' dir='ltr'>in-</span> 
     </span>
    </p>
   </div>
   <div class='ocr_carea' id='block_1_89' title="bbox 2159 3112 3817 3186">
    <p class='ocr_par' dir='ltr' id='par_1_89' title="bbox 2159 3112 3817 3186">
     <span class='ocr_line' id='line_1_89' title="bbox 2159 3112 3817 3186; baseline -0.001 -15"><span class='ocrx_word' id='word_1_663' title='bbox 2159 3117 2330 3171; x_wconf 85' lang='lat' dir='ltr'>feros.</span> <span class='ocrx_word' id='word_1_664' title='bbox 2367 3138 2395 3165; x_wconf 81' lang='grc'><strong>››</strong></span> <span class='ocrx_word' id='word_1_665' title='bbox 2427 3117 2490 3170; x_wconf 92' lang='lat' dir='ltr'>Id</span> <span class='ocrx_word' id='word_1_666' title='bbox 2516 3115 2713 3186; x_wconf 89' lang='lat' dir='ltr'>ipsum</span> <span class='ocrx_word' id='word_1_667' title='bbox 2740 3114 2916 3169; x_wconf 87' lang='lat' dir='ltr'>etiam</span> <span class='ocrx_word' id='word_1_668' title='bbox 2949 3112 3206 3168; x_wconf 89' lang='lat' dir='ltr'>inculcat</span> <span class='ocrx_word' id='word_1_669' title='bbox 3235 3112 3383 3168; x_wconf 92' lang='lat' dir='ltr'>libro</span> <span class='ocrx_word' id='word_1_670' title='bbox 3433 3113 3497 3168; x_wconf 86' lang='lat' dir='ltr'>de</span> <span class='ocrx_word' id='word_1_671' title='bbox 3546 3115 3817 3170; x_wconf 70' lang='lat' dir='ltr'>Resurre-</span> 
     </span>
    </p>
   </div>
   <div class='ocr_carea' id='block_1_90' title="bbox 2075 3203 3814 3294">
    <p class='ocr_par' dir='ltr' id='par_1_90' title="bbox 2075 3203 3814 3294">
     <span class='ocr_line' id='line_1_90' title="bbox 2075 3203 3814 3294; baseline -0.001 -34"><span class='ocrx_word' id='word_1_672' title='bbox 2075 3225 2118 3294; x_wconf 70' lang='grc' dir='ltr'><strong>ρ</strong></span> <span class='ocrx_word' id='word_1_673' title='bbox 2159 3208 2336 3261; x_wconf 79' lang='lat' dir='ltr'>ctione</span> <span class='ocrx_word' id='word_1_674' title='bbox 2364 3206 2569 3272; x_wconf 83' lang='lat' dir='ltr'>carnis,</span> <span class='ocrx_word' id='word_1_675' title='bbox 2601 3220 2729 3294; x_wconf 87' lang='lat' dir='ltr'>cap.</span> <span class='ocrx_word' id='word_1_676' title='bbox 2761 3204 2854 3294; x_wconf 89' lang='lat'>19,</span> <span class='ocrx_word' id='word_1_677' title='bbox 2883 3203 3200 3294; x_wconf 53' lang='lat' dir='ltr'>nu_m.__133</span> <span class='ocrx_word' id='word_1_678' title='bbox 3246 3219 3312 3294; x_wconf 84' lang='lat' dir='ltr'>ac</span> <span class='ocrx_word' id='word_1_679' title='bbox 3361 3203 3482 3294; x_wconf 45' lang='lat'>13/1,</span> <span class='ocrx_word' id='word_1_680' title='bbox 3514 3203 3598 3257; x_wconf 84' lang='lat' dir='ltr'>Ad</span> <span class='ocrx_word' id='word_1_681' title='bbox 3649 3204 3814 3294; x_wconf 82' lang='lat' dir='ltr'>quod</span> 
     </span>
    </p>
   </div>
   <div class='ocr_carea' id='block_1_91' title="bbox 2157 3290 3814 3365">
    <p class='ocr_par' dir='ltr' id='par_1_91' title="bbox 2157 3290 3814 3365">
     <span class='ocr_line' id='line_1_91' title="bbox 2157 3290 3814 3365; baseline -0.001 -16"><span class='ocrx_word' id='word_1_682' title='bbox 2157 3301 2334 3365; x_wconf 87' lang='lat' dir='ltr'>caput</span> <span class='ocrx_word' id='word_1_683' title='bbox 2357 3295 2532 3349; x_wconf 89' lang='lat' dir='ltr'>etiam</span> <span class='ocrx_word' id='word_1_684' title='bbox 2556 3293 2912 3348; x_wconf 85' lang='lat' dir='ltr'>adduximus</span> <span class='ocrx_word' id='word_1_685' title='bbox 2935 3290 3154 3346; x_wconf 88' lang='lat' dir='ltr'>similia</span> <span class='ocrx_word' id='word_1_686' title='bbox 3175 3290 3514 3346; x_wconf 87' lang='lat' dir='ltr'>testimonia</span> <span class='ocrx_word' id='word_1_687' title='bbox 3539 3291 3814 3348; x_wconf 86' lang='lat' dir='ltr'>Auctoris</span> 
     </span>
    </p>
   </div>
   <div class='ocr_carea' id='block_1_92' title="bbox 2156 3379 3818 3455">
    <p class='ocr_par' dir='ltr' id='par_1_92' title="bbox 2156 3379 3818 3455">
     <span class='ocr_line' id='line_1_92' title="bbox 2156 3379 3818 3455; baseline -0.001 -17"><span class='ocrx_word' id='word_1_688' title='bbox 2156 3387 2364 3455; x_wconf 65' lang='lat' dir='ltr'>quiest.</span> <span class='ocrx_word' id='word_1_689' title='bbox 2405 3390 2462 3437; x_wconf 91' lang='lat' dir='ltr'>et</span> <span class='ocrx_word' id='word_1_690' title='bbox 2509 3398 2773 3453; x_wconf 84' lang='lat' dir='ltr'>respons.</span> <span class='ocrx_word' id='word_1_691' title='bbox 2831 3381 2985 3436; x_wconf 89' lang='lat' dir='ltr'>inter</span> <span class='ocrx_word' id='word_1_692' title='bbox 3035 3396 3213 3452; x_wconf 90' lang='lat' dir='ltr'>opera</span> <span class='ocrx_word' id='word_1_693' title='bbox 3263 3382 3319 3434; x_wconf 92' lang='lat' dir='ltr'>S.</span> <span class='ocrx_word' id='word_1_694' title='bbox 3371 3379 3589 3434; x_wconf 86' lang='lat' dir='ltr'>Justini</span> <span class='ocrx_word' id='word_1_695' title='bbox 3619 3383 3818 3450; x_wconf 88' lang='lat' dir='ltr'>Mart.,</span> 
     </span>
    </p>
   </div>
   <div class='ocr_carea' id='block_1_93' title="bbox 2157 3467 3819 3541">
    <p class='ocr_par' dir='ltr' id='par_1_93' title="bbox 2157 3467 3819 3541">
     <span class='ocr_line' id='line_1_93' title="bbox 2157 3467 3819 3541; baseline -0.001 -13"><span class='ocrx_word' id='word_1_696' title='bbox 2157 3471 2436 3528; x_wconf 85' lang='lat' dir='ltr'>Lactantii</span> <span class='ocrx_word' id='word_1_697' title='bbox 2470 3475 2526 3525; x_wconf 90' lang='lat' dir='ltr'>et</span> <span class='ocrx_word' id='word_1_698' title='bbox 2557 3470 2615 3526; x_wconf 92' lang='lat' dir='ltr'>S.</span> <span class='ocrx_word' id='word_1_699' title='bbox 2656 3469 2991 3541; x_wconf 83' lang='lat' dir='ltr'>Augustini,</span> <span class='ocrx_word' id='word_1_700' title='bbox 3021 3474 3078 3524; x_wconf 87' lang='lat' dir='ltr'>et</span> <span class='ocrx_word' id='word_1_701' title='bbox 3107 3467 3492 3525; x_wconf 86' lang='lat' dir='ltr'>indicavimus</span> <span class='ocrx_word' id='word_1_702' title='bbox 3521 3485 3648 3525; x_wconf 88' lang='lat' dir='ltr'>eam</span> <span class='ocrx_word' id='word_1_703' title='bbox 3681 3485 3819 3526; x_wconf 83' lang='lat' dir='ltr'>esse</span> 
     </span>
    </p>
   </div>
   <div class='ocr_carea' id='block_1_94' title="bbox 2157 3559 3186 3616">
    <p class='ocr_par' dir='ltr' id='par_1_94' title="bbox 2157 3559 3186 3616">
     <span class='ocr_line' id='line_1_94' title="bbox 2157 3559 3186 3616; baseline -0.005 0"><span class='ocrx_word' id='word_1_704' title='bbox 2157 3561 2514 3616; x_wconf 89' lang='lat' dir='ltr'>conformem</span> <span class='ocrx_word' id='word_1_705' title='bbox 2549 3559 2783 3615; x_wconf 87' lang='lat' dir='ltr'>Patrum</span> <span class='ocrx_word' id='word_1_706' title='bbox 2814 3559 3186 3613; x_wconf 90' lang='lat' dir='ltr'>sententiam.</span> 
     </span>
    </p>
   </div>
   <div class='ocr_carea' id='block_1_95' title="bbox 2156 3662 3810 3736">
    <p class='ocr_par' dir='ltr' id='par_1_95' title="bbox 2156 3662 3810 3736">
     <span class='ocr_line' id='line_1_95' title="bbox 2156 3662 3810 3736; baseline 0 -18"><span class='ocrx_word' id='word_1_707' title='bbox 2156 3669 2184 3736; x_wconf 88' lang='lat'><strong>§</strong></span> <span class='ocrx_word' id='word_1_708' title='bbox 2212 3665 2266 3736; x_wconf 20' lang='lat'>9,.</span> <span class='ocrx_word' id='word_1_709' title='bbox 2299 3665 2555 3718; x_wconf 82' lang='lat' dir='ltr'>Animam</span> <span class='ocrx_word' id='word_1_710' title='bbox 2580 3671 2895 3718; x_wconf 78' lang='lat' dir='ltr'>sanctorum</span> <span class='ocrx_word' id='word_1_711' title='bbox 2941 3665 3001 3717; x_wconf 87' lang='lat' dir='ltr'>in</span> <span class='ocrx_word' id='word_1_712' title='bbox 3049 3665 3176 3736; x_wconf 78' lang='lat' dir='ltr'>sinu</span> <span class='ocrx_word' id='word_1_713' title='bbox 3222 3662 3480 3733; x_wconf 70' lang='lat' dir='ltr'>Abrahae,</span> <span class='ocrx_word' id='word_1_714' title='bbox 3509 3678 3604 3736; x_wconf 71' lang='lat' dir='ltr'>seu</span> <span class='ocrx_word' id='word_1_715' title='bbox 3629 3679 3810 3734; x_wconf 84' lang='lat' dir='ltr'>para-</span> 
     </span>
    </p>
   </div>
   <div class='ocr_carea' id='block_1_96' title="bbox 2227 3735 3816 3801">
    <p class='ocr_par' dir='ltr' id='par_1_96' title="bbox 2227 3735 3816 3801">
     <span class='ocr_line' id='line_1_96' title="bbox 2227 3735 3816 3801; baseline -0.001 -11"><span class='ocrx_word' id='word_1_716' title='bbox 2227 3735 2368 3800; x_wconf 87' lang='lat' dir='ltr'>diso,</span> <span class='ocrx_word' id='word_1_717' title='bbox 2427 3738 2542 3790; x_wconf 77' lang='lat' dir='ltr'>sive</span> <span class='ocrx_word' id='word_1_718' title='bbox 2587 3737 2690 3789; x_wconf 77' lang='lat' dir='ltr'>sub</span> <span class='ocrx_word' id='word_1_719' title='bbox 2737 3736 2928 3799; x_wconf 86' lang='lat' dir='ltr'>altari,</span> <span class='ocrx_word' id='word_1_720' title='bbox 2974 3749 3071 3788; x_wconf 79' lang='lat' dir='ltr'>seu</span> <span class='ocrx_word' id='word_1_721' title='bbox 3121 3735 3237 3790; x_wconf 76' lang='lat' dir='ltr'>loco</span> <span class='ocrx_word' id='word_1_722' title='bbox 3289 3752 3402 3790; x_wconf 83' lang='lat' dir='ltr'>non</span> <span class='ocrx_word' id='word_1_723' title='bbox 3445 3735 3667 3801; x_wconf 71' lang='lat' dir='ltr'>cwtesti,</span> <span class='ocrx_word' id='word_1_724' title='bbox 3712 3736 3816 3790; x_wconf 69' lang='lat' dir='ltr'>sed</span> 
     </span>
    </p>
   </div>
   <div class='ocr_carea' id='block_1_97' title="bbox 2229 3806 3821 3876">
    <p class='ocr_par' dir='ltr' id='par_1_97' title="bbox 2229 3806 3821 3876">
     <span class='ocr_line' id='line_1_97' title="bbox 2229 3806 3821 3876; baseline -0.001 -14"><span class='ocrx_word' id='word_1_725' title='bbox 2229 3812 2413 3862; x_wconf 80' lang='lat' dir='ltr'>tamen</span> <span class='ocrx_word' id='word_1_726' title='bbox 2473 3807 2668 3876; x_wconf 76' lang='lat' dir='ltr'>inferis</span> <span class='ocrx_word' id='word_1_727' title='bbox 2732 3807 3026 3876; x_wconf 75' lang='lat' dir='ltr'>superiori,</span> <span class='ocrx_word' id='word_1_728' title='bbox 3083 3806 3261 3875; x_wconf 80' lang='lat' dir='ltr'>foveri</span> <span class='ocrx_word' id='word_1_729' title='bbox 3319 3811 3372 3860; x_wconf 83' lang='lat' dir='ltr'>et</span> <span class='ocrx_word' id='word_1_730' title='bbox 3423 3806 3680 3876; x_wconf 82' lang='lat' dir='ltr'>gaudere,</span> <span class='ocrx_word' id='word_1_731' title='bbox 3740 3808 3821 3861; x_wconf 85' lang='lat' dir='ltr'>ad</span> 
     </span>
    </p>
   </div>
   <div class='ocr_carea' id='block_1_98' title="bbox 2227 3876 3815 4001">
    <p class='ocr_par' dir='ltr' id='par_1_98' title="bbox 2227 3876 3815 4001">
     <span class='ocr_line' id='line_1_98' title="bbox 2227 3876 3815 4001; baseline -0.001 -68"><span class='ocrx_word' id='word_1_732' title='bbox 2227 3880 2371 3934; x_wconf 84' lang='lat' dir='ltr'>diem</span> <span class='ocrx_word' id='word_1_733' title='bbox 2405 3894 2572 3949; x_wconf 78' lang='lat' dir='ltr'>usque</span> <span class='ocrx_word' id='word_1_734' title='bbox 2581 3876 2796 4001; x_wconf 42' lang='lat' dir='ltr'>audivit</span> <span class='ocrx_word' id='word_1_735' title='bbox 2833 3878 3253 3957; x_wconf 37' lang='lat' dir='ltr'>Domina-tom.</span> <span class='ocrx_word' id='word_1_736' title='bbox 3304 3876 3326 3932; x_wconf 90' lang='grc' dir='ltr'>Ι</span> <span class='ocrx_word' id='word_1_737' title='bbox 3381 3878 3622 3959; x_wconf 53' lang='lat' dir='ltr'>Arctoa,</span> <span class='ocrx_word' id='word_1_738' title='bbox 3681 3893 3815 3947; x_wconf 89' lang='lat' dir='ltr'>cap.</span> 
     </span>
     <span class='ocr_line' id='line_1_99' title="bbox 2230 3947 3815 4001; baseline 0 0"><span class='ocrx_word' id='word_1_739' title='bbox 2230 3952 2316 4001; x_wconf 79' lang='grc'>47-</span> <span class='ocrx_word' id='word_1_740' title='bbox 2353 3966 2512 4001; x_wconf 90' lang='lat' dir='ltr'>num.</span> <span class='ocrx_word' id='word_1_741' title='bbox 2545 3951 2580 4001; x_wconf 87' lang='lat'>6</span> <span class='ocrx_word' id='word_1_742' title='bbox 2623 3950 2864 4001; x_wconf 90' lang='lat' dir='ltr'>1:tom.</span> <span class='ocrx_word' id='word_1_743' title='bbox 2918 3949 3016 4001; x_wconf 90' lang='lat' dir='ltr'>Ill.</span> <span class='ocrx_word' id='word_1_744' title='bbox 3066 3947 3166 4001; x_wconf 82' lang='lat' dir='ltr'>llb.</span> <span class='ocrx_word' id='word_1_745' title='bbox 3223 3948 3293 4001; x_wconf 85' lang='lat' dir='ltr'>de</span> <span class='ocrx_word' id='word_1_746' title='bbox 3352 3949 3532 4001; x_wconf 82' lang='lat' dir='ltr'>Amm.</span> <span class='ocrx_word' id='word_1_747' title='bbox 3574 3965 3693 4001; x_wconf 78' lang='lat' dir='ltr'>can.</span> <span class='ocrx_word' id='word_1_748' title='bbox 3751 3949 3815 4001; x_wconf 86' lang='lat'>7.</span> 
     </span>
    </p>
   </div>
   <div class='ocr_carea' id='block_1_99' title="bbox 2230 3947 3815 4019">
    <p class='ocr_par' dir='ltr' id='par_1_99' title="bbox 2230 3947 3815 4019">
     <span class='ocr_line' id='line_1_100' title="bbox 2230 3947 3815 4019; baseline -0.003 -15"><span class='ocrx_word' id='word_1_749' title='bbox 2230 3952 2317 4018; x_wconf 78' lang='grc'>47,</span> <span class='ocrx_word' id='word_1_750' title='bbox 2353 3947 2512 4004; x_wconf 85' lang='lat' dir='ltr'>num.</span> <span class='ocrx_word' id='word_1_751' title='bbox 2545 3947 2688 4015; x_wconf 87' lang='lat'>601;</span> <span class='ocrx_word' id='word_1_752' title='bbox 2722 3954 2864 4002; x_wconf 90' lang='lat' dir='ltr'>tom.</span> <span class='ocrx_word' id='word_1_753' title='bbox 2918 3949 3016 4011; x_wconf 91' lang='lat' dir='ltr'>Ill,</span> <span class='ocrx_word' id='word_1_754' title='bbox 3066 3947 3166 4002; x_wconf 93' lang='lat' dir='ltr'>lib.</span> <span class='ocrx_word' id='word_1_755' title='bbox 3223 3948 3293 4002; x_wconf 85' lang='lat' dir='ltr'>de</span> <span class='ocrx_word' id='word_1_756' title='bbox 3352 3947 3693 4019; x_wconf 45' lang='lat' dir='ltr'>Animﬁcap.</span> <span class='ocrx_word' id='word_1_757' title='bbox 3751 3949 3815 4013; x_wconf 86' lang='lat'>7,</span> 
     </span>
    </p>
   </div>
   <div class='ocr_carea' id='block_1_100' title="bbox 2227 4019 3819 4090">
    <p class='ocr_par' dir='ltr' id='par_1_100' title="bbox 2227 4019 3819 4090">
     <span class='ocr_line' id='line_1_101' title="bbox 2227 4019 3819 4090; baseline -0.001 -14"><span class='ocrx_word' id='word_1_758' title='bbox 2227 4039 2380 4076; x_wconf 84' lang='lat' dir='ltr'>num.</span> <span class='ocrx_word' id='word_1_759' title='bbox 2423 4023 2513 4084; x_wconf 85' lang='grc'>94,</span> <span class='ocrx_word' id='word_1_760' title='bbox 2542 4021 2632 4084; x_wconf 88' lang='grc'>95,</span> <span class='ocrx_word' id='word_1_761' title='bbox 2686 4020 2776 4086; x_wconf 82' lang='lat'>96,</span> <span class='ocrx_word' id='word_1_762' title='bbox 2807 4021 2911 4086; x_wconf 88' lang='lat'>97;</span> <span class='ocrx_word' id='word_1_763' title='bbox 2963 4036 3090 4090; x_wconf 88' lang='lat' dir='ltr'>cap.</span> <span class='ocrx_word' id='word_1_764' title='bbox 3140 4021 3195 4080; x_wconf 88' lang='lat'>9,</span> <span class='ocrx_word' id='word_1_765' title='bbox 3245 4036 3302 4072; x_wconf 91' lang='lat' dir='ltr'>n.</span> <span class='ocrx_word' id='word_1_766' title='bbox 3358 4019 3499 4084; x_wconf 71' lang='lat'><strong>12/1;</strong></span> <span class='ocrx_word' id='word_1_767' title='bbox 3550 4035 3673 4090; x_wconf 89' lang='lat' dir='ltr'>cap.</span> <span class='ocrx_word' id='word_1_768' title='bbox 3720 4020 3819 4085; x_wconf 88' lang='grc'>55,</span> 
     </span>
    </p>
   </div>
   <div class='ocr_carea' id='block_1_101' title="bbox 2232 4091 3816 4161">
    <p class='ocr_par' dir='ltr' id='par_1_101' title="bbox 2232 4091 3816 4161">
     <span class='ocr_line' id='line_1_102' title="bbox 2232 4091 3816 4161; baseline -0.002 -13"><span class='ocrx_word' id='word_1_769' title='bbox 2232 4095 2412 4160; x_wconf 75' lang='grc' dir='ltr'>[ι.66,</span> <span class='ocrx_word' id='word_1_770' title='bbox 2450 4093 2541 4156; x_wconf 88' lang='grc'>58,</span> <span class='ocrx_word' id='word_1_771' title='bbox 2590 4092 2719 4156; x_wconf 84' lang='grc'>610,</span> <span class='ocrx_word' id='word_1_772' title='bbox 2767 4092 2917 4153; x_wconf 84' lang='grc'>611;</span> <span class='ocrx_word' id='word_1_773' title='bbox 2971 4107 3096 4161; x_wconf 91' lang='lat' dir='ltr'>cap.</span> <span class='ocrx_word' id='word_1_774' title='bbox 3149 4091 3240 4155; x_wconf 84' lang='lat'>56,</span> <span class='ocrx_word' id='word_1_775' title='bbox 3279 4107 3338 4144; x_wconf 91' lang='lat' dir='ltr'>n.</span> <span class='ocrx_word' id='word_1_776' title='bbox 3387 4092 3515 4159; x_wconf 83' lang='lat'>6&#39;22,</span> <span class='ocrx_word' id='word_1_777' title='bbox 3568 4107 3635 4146; x_wconf 86' lang='lat' dir='ltr'>ac</span> <span class='ocrx_word' id='word_1_778' title='bbox 3683 4107 3816 4160; x_wconf 88' lang='lat' dir='ltr'>cap.</span> 
     </span>
    </p>
   </div>
   <div class='ocr_carea' id='block_1_102' title="bbox 2232 4162 3816 4234">
    <p class='ocr_par' dir='ltr' id='par_1_102' title="bbox 2232 4162 3816 4234">
     <span class='ocr_line' id='line_1_103' title="bbox 2232 4162 3816 4234; baseline -0.003 -15"><span class='ocrx_word' id='word_1_779' title='bbox 2232 4165 2335 4220; x_wconf 91' lang='lat' dir='ltr'>ult.</span> <span class='ocrx_word' id='word_1_780' title='bbox 2371 4181 2428 4218; x_wconf 91' lang='lat' dir='ltr'>n.</span> <span class='ocrx_word' id='word_1_781' title='bbox 2460 4163 2603 4230; x_wconf 81' lang='grc'>644;</span> <span class='ocrx_word' id='word_1_782' title='bbox 2637 4162 2740 4231; x_wconf 90' lang='lat' dir='ltr'>lib,</span> <span class='ocrx_word' id='word_1_783' title='bbox 2769 4163 2838 4234; x_wconf 78' lang='lat' dir='ltr'>de</span> <span class='ocrx_word' id='word_1_784' title='bbox 2876 4162 3282 4234; x_wconf 80' lang='lat' dir='ltr'>Resurrectione</span> <span class='ocrx_word' id='word_1_785' title='bbox 3313 4180 3491 4234; x_wconf 80' lang='lat' dir='ltr'>cam.,</span> <span class='ocrx_word' id='word_1_786' title='bbox 3542 4179 3671 4234; x_wconf 91' lang='lat' dir='ltr'>cap.</span> <span class='ocrx_word' id='word_1_787' title='bbox 3725 4164 3816 4231; x_wconf 84' lang='lat'>17,</span> 
     </span>
    </p>
   </div>
   <div class='ocr_carea' id='block_1_103' title="bbox 2233 4233 3814 4306">
    <p class='ocr_par' dir='ltr' id='par_1_103' title="bbox 2233 4233 3814 4306">
     <span class='ocr_line' id='line_1_104' title="bbox 2233 4233 3814 4306; baseline -0.002 -16"><span class='ocrx_word' id='word_1_788' title='bbox 2233 4253 2394 4290; x_wconf 92' lang='lat' dir='ltr'>num.</span> <span class='ocrx_word' id='word_1_789' title='bbox 2437 4235 2732 4306; x_wconf 68' lang='lat'>132,131;</span> <span class='ocrx_word' id='word_1_790' title='bbox 2789 4233 3027 4306; x_wconf 13' lang='lat' dir='ltr'>lib.71u,</span> <span class='ocrx_word' id='word_1_791' title='bbox 3085 4233 3280 4288; x_wconf 73' lang='lat' dir='ltr'>adven</span> <span class='ocrx_word' id='word_1_792' title='bbox 3329 4233 3490 4288; x_wconf 82' lang='lat' dir='ltr'>Marc.</span> <span class='ocrx_word' id='word_1_793' title='bbox 3545 4233 3673 4306; x_wconf 83' lang='lat' dir='ltr'>cap.</span> <span class='ocrx_word' id='word_1_794' title='bbox 3718 4235 3814 4288; x_wconf 72' lang='grc'>34.</span> 
     </span>
    </p>
   </div>
   <div class='ocr_carea' id='block_1_104' title="bbox 2233 4304 3815 4376">
    <p class='ocr_par' dir='ltr' id='par_1_104' title="bbox 2233 4304 3815 4376">
     <span class='ocr_line' id='line_1_105' title="bbox 2233 4304 3815 4376; baseline -0.002 -14"><span class='ocrx_word' id='word_1_795' title='bbox 2233 4324 2393 4362; x_wconf 88' lang='lat' dir='ltr'>num.</span> <span class='ocrx_word' id='word_1_796' title='bbox 2434 4307 2550 4370; x_wconf 76' lang='grc'>148,</span> <span class='ocrx_word' id='word_1_797' title='bbox 2581 4305 2708 4373; x_wconf 85' lang='grc'>549,</span> <span class='ocrx_word' id='word_1_798' title='bbox 2752 4305 3056 4373; x_wconf 85' lang='lat'>550,551;</span> <span class='ocrx_word' id='word_1_799' title='bbox 3101 4311 3156 4358; x_wconf 90' lang='lat' dir='ltr'>et</span> <span class='ocrx_word' id='word_1_800' title='bbox 3204 4307 3392 4376; x_wconf 75' lang='lat' dir='ltr'>Scorp.</span> <span class='ocrx_word' id='word_1_801' title='bbox 3443 4305 3564 4360; x_wconf 87' lang='lat' dir='ltr'>adv.</span> <span class='ocrx_word' id='word_1_802' title='bbox 3619 4304 3815 4360; x_wconf 46' lang='lat' dir='ltr'>&#39;Gnost.</span> 
     </span>
    </p>
   </div>
   <div class='ocr_carea' id='block_1_105' title="bbox 2233 4375 3815 4449">
    <p class='ocr_par' dir='ltr' id='par_1_105' title="bbox 2233 4375 3815 4449">
     <span class='ocr_line' id='line_1_106' title="bbox 2233 4375 3815 4449; baseline -0.003 -16"><span class='ocrx_word' id='word_1_803' title='bbox 2233 4396 2357 4449; x_wconf 89' lang='lat' dir='ltr'>cap.</span> <span class='ocrx_word' id='word_1_804' title='bbox 2393 4379 2481 4442; x_wconf 82' lang='lat'>12,</span> <span class='ocrx_word' id='word_1_805' title='bbox 2524 4393 2686 4430; x_wconf 91' lang='lat' dir='ltr'>num.</span> <span class='ocrx_word' id='word_1_806' title='bbox 2712 4377 2827 4449; x_wconf 52' lang='lat'>:95:</span> <span class='ocrx_word' id='word_1_807' title='bbox 2871 4381 3046 4449; x_wconf 24' lang='lat' dir='ltr'>tom.“</span> <span class='ocrx_word' id='word_1_808' title='bbox 3075 4376 3169 4441; x_wconf 81' lang='grc' dir='ltr'>ιν,</span> <span class='ocrx_word' id='word_1_809' title='bbox 3203 4375 3302 4430; x_wconf 90' lang='lat' dir='ltr'>lib.</span> <span class='ocrx_word' id='word_1_810' title='bbox 3334 4376 3399 4431; x_wconf 87' lang='lat' dir='ltr'>de</span> <span class='ocrx_word' id='word_1_811' title='bbox 3427 4377 3580 4432; x_wconf 76' lang='grc'>186</span> <span class='ocrx_word' id='word_1_812' title='bbox 3632 4376 3815 4432; x_wconf 83' lang='lat' dir='ltr'>Judic.</span> 
     </span>
    </p>
   </div>
   <div class='ocr_carea' id='block_1_106' title="bbox 2231 4447 3818 4520">
    <p class='ocr_par' dir='ltr' id='par_1_106' title="bbox 2231 4447 3818 4520">
     <span class='ocr_line' id='line_1_107' title="bbox 2231 4447 3818 4520; baseline -0.001 -15"><span class='ocrx_word' id='word_1_813' title='bbox 2231 4447 2471 4513; x_wconf 77' lang='lat' dir='ltr'>Domini,</span> <span class='ocrx_word' id='word_1_814' title='bbox 2504 4465 2632 4520; x_wconf 89' lang='lat' dir='ltr'>cap.</span> <span class='ocrx_word' id='word_1_815' title='bbox 2669 4448 2754 4520; x_wconf 86' lang='grc'>11,</span> <span class='ocrx_word' id='word_1_816' title='bbox 2787 4464 2950 4501; x_wconf 90' lang='lat' dir='ltr'>num.</span> <span class='ocrx_word' id='word_1_817' title='bbox 2985 4447 3086 4514; x_wconf 88' lang='lat'>15;</span> <span class='ocrx_word' id='word_1_818' title='bbox 3118 4455 3176 4520; x_wconf 77' lang='lat' dir='ltr'>et</span> <span class='ocrx_word' id='word_1_819' title='bbox 3218 4449 3277 4520; x_wconf 87' lang='lat' dir='ltr'>in</span> <span class='ocrx_word' id='word_1_820' title='bbox 3324 4449 3639 4520; x_wconf 68' lang='lat' dir='ltr'>Fragment.</span> <span class='ocrx_word' id='word_1_821' title='bbox 3674 4449 3818 4520; x_wconf 81' lang='lat' dir='ltr'>libro</span> 
     </span>
    </p>
   </div>
   <div class='ocr_carea' id='block_1_107' title="bbox 2231 4518 3820 4588">
    <p class='ocr_par' dir='ltr' id='par_1_107' title="bbox 2231 4518 3820 4588">
     <span class='ocr_line' id='line_1_108' title="bbox 2231 4518 3820 4588; baseline -0.003 -10"><span class='ocrx_word' id='word_1_822' title='bbox 2231 4523 2294 4578; x_wconf 83' lang='lat' dir='ltr'>de</span> <span class='ocrx_word' id='word_1_823' title='bbox 2351 4518 2867 4588; x_wconf 52' lang='lat' dir='ltr'>Paradeenique</span> <span class='ocrx_word' id='word_1_824' title='bbox 2927 4526 3071 4574; x_wconf 90' lang='lat' dir='ltr'>tom.</span> <span class='ocrx_word' id='word_1_825' title='bbox 3118 4519 3164 4572; x_wconf 89' lang='lat' dir='ltr'><strong>V</strong></span> <span class='ocrx_word' id='word_1_826' title='bbox 3221 4519 3527 4575; x_wconf 88' lang='lat' dir='ltr'>Novatiani</span> <span class='ocrx_word' id='word_1_827' title='bbox 3586 4518 3688 4574; x_wconf 93' lang='lat' dir='ltr'>lib.</span> <span class='ocrx_word' id='word_1_828' title='bbox 3750 4519 3820 4574; x_wconf 87' lang='lat' dir='ltr'>de</span> 
     </span>
    </p>
   </div>
   <div class='ocr_carea' id='block_1_108' title="bbox 2230 4591 3000 4661">
    <p class='ocr_par' dir='ltr' id='par_1_108' title="bbox 2230 4591 3000 4661">
     <span class='ocr_line' id='line_1_109' title="bbox 2230 4591 3000 4661; baseline -0.006 -13"><span class='ocrx_word' id='word_1_829' title='bbox 2230 4594 2445 4656; x_wconf 85' lang='lat' dir='ltr'>Trinit.,</span> <span class='ocrx_word' id='word_1_830' title='bbox 2474 4607 2598 4661; x_wconf 89' lang='lat' dir='ltr'>cap.</span> <span class='ocrx_word' id='word_1_831' title='bbox 2635 4593 2684 4660; x_wconf 86' lang='grc'>1,</span> <span class='ocrx_word' id='word_1_832' title='bbox 2719 4607 2879 4644; x_wconf 92' lang='lat' dir='ltr'>num.</span> <span class='ocrx_word' id='word_1_833' title='bbox 2915 4591 3000 4644; x_wconf 93' lang='lat'>10.</span> 
     </span>
    </p>
   </div>
   <div class='ocr_carea' id='block_1_109' title="bbox 2230 4678 3819 4751">
    <p class='ocr_par' dir='ltr' id='par_1_109' title="bbox 2230 4678 3819 4751">
     <span class='ocr_line' id='line_1_110' title="bbox 2230 4678 3819 4751; baseline -0.002 -15"><span class='ocrx_word' id='word_1_834' title='bbox 2230 4683 2373 4737; x_wconf 85' lang='lat' dir='ltr'>Huic</span> <span class='ocrx_word' id='word_1_835' title='bbox 2403 4679 2698 4735; x_wconf 88' lang='lat' dir='ltr'>Paradoxo</span> <span class='ocrx_word' id='word_1_836' title='bbox 2730 4695 2845 4734; x_wconf 88' lang='lat' dir='ltr'>non</span> <span class='ocrx_word' id='word_1_837' title='bbox 2877 4679 3067 4734; x_wconf 89' lang='lat' dir='ltr'>solum</span> <span class='ocrx_word' id='word_1_838' title='bbox 3099 4679 3254 4751; x_wconf 89' lang='lat' dir='ltr'>apud</span> <span class='ocrx_word' id='word_1_839' title='bbox 3281 4678 3519 4735; x_wconf 88' lang='lat' dir='ltr'>Tertull.</span> <span class='ocrx_word' id='word_1_840' title='bbox 3546 4683 3602 4734; x_wconf 90' lang='lat' dir='ltr'>et</span> <span class='ocrx_word' id='word_1_841' title='bbox 3632 4682 3819 4733; x_wconf 85' lang='lat' dir='ltr'>Nova-</span> 
     </span>
    </p>
   </div>
   <div class='ocr_carea' id='block_1_110' title="bbox 2157 4766 3906 4839">
    <p class='ocr_par' dir='ltr' id='par_1_110' title="bbox 2157 4766 3906 4839">
     <span class='ocr_line' id='line_1_111' title="bbox 2157 4766 3906 4839; baseline -0.003 -12"><span class='ocrx_word' id='word_1_842' title='bbox 2157 4771 2405 4836; x_wconf 90' lang='lat' dir='ltr'>tianum,</span> <span class='ocrx_word' id='word_1_843' title='bbox 2438 4769 2538 4824; x_wconf 91' lang='lat' dir='ltr'>sed</span> <span class='ocrx_word' id='word_1_844' title='bbox 2571 4767 2748 4822; x_wconf 90' lang='lat' dir='ltr'>etiam</span> <span class='ocrx_word' id='word_1_845' title='bbox 2801 4768 2954 4839; x_wconf 90' lang='lat' dir='ltr'>apud</span> <span class='ocrx_word' id='word_1_846' title='bbox 3005 4766 3149 4822; x_wconf 88' lang='lat' dir='ltr'>alios</span> <span class='ocrx_word' id='word_1_847' title='bbox 3183 4771 3402 4824; x_wconf 87' lang='lat' dir='ltr'>veteres</span> <span class='ocrx_word' id='word_1_848' title='bbox 3443 4767 3812 4823; x_wconf 85' lang='lat' dir='ltr'>occasionem</span> <span class='ocrx_word' id='word_1_849' title='bbox 3901 4766 3906 4769; x_wconf 78' lang='grc'><strong>’</strong></span> 
     </span>
    </p>
   </div>
   <div class='ocr_carea' id='block_1_111' title="bbox 2158 4855 3822 4928">
    <p class='ocr_par' dir='ltr' id='par_1_111' title="bbox 2158 4855 3822 4928">
     <span class='ocr_line' id='line_1_112' title="bbox 2158 4855 3822 4928; baseline -0.004 -12"><span class='ocrx_word' id='word_1_850' title='bbox 2158 4862 2462 4924; x_wconf 88' lang='lat' dir='ltr'>dederunt,</span> <span class='ocrx_word' id='word_1_851' title='bbox 2496 4861 2621 4912; x_wconf 89' lang='lat' dir='ltr'>tum</span> <span class='ocrx_word' id='word_1_852' title='bbox 2664 4855 2858 4911; x_wconf 88' lang='lat' dir='ltr'>Lazari</span> <span class='ocrx_word' id='word_1_853' title='bbox 2915 4855 3031 4911; x_wconf 90' lang='lat' dir='ltr'>sive</span> <span class='ocrx_word' id='word_1_854' title='bbox 3075 4855 3322 4912; x_wconf 89' lang='lat' dir='ltr'>historia</span> <span class='ocrx_word' id='word_1_855' title='bbox 3351 4857 3471 4912; x_wconf 89' lang='lat' dir='ltr'>sive</span> <span class='ocrx_word' id='word_1_856' title='bbox 3513 4855 3822 4928; x_wconf 79' lang='lat' dir='ltr'>parabola,</span> 
     </span>
    </p>
   </div>
   <div class='ocr_carea' id='block_1_112' title="bbox 2159 4944 3813 5021">
    <p class='ocr_par' dir='ltr' id='par_1_112' title="bbox 2159 4944 3813 5021">
     <span class='ocr_line' id='line_1_113' title="bbox 2159 4944 3813 5021; baseline -0.004 -16"><span class='ocrx_word' id='word_1_857' title='bbox 2159 4951 2447 5021; x_wconf 80' lang='lat' dir='ltr'>(Luc.xv1)</span> <span class='ocrx_word' id='word_1_858' title='bbox 2478 4961 2651 5017; x_wconf 87' lang='lat' dir='ltr'>quem</span> <span class='ocrx_word' id='word_1_859' title='bbox 2683 4945 2832 4999; x_wconf 89' lang='lat' dir='ltr'>vidit</span> <span class='ocrx_word' id='word_1_860' title='bbox 2879 4944 3038 5000; x_wconf 86' lang='lat' dir='ltr'>dives</span> <span class='ocrx_word' id='word_1_861' title='bbox 3091 4945 3149 4999; x_wconf 92' lang='lat' dir='ltr'>in</span> <span class='ocrx_word' id='word_1_862' title='bbox 3201 4946 3331 5000; x_wconf 91' lang='lat' dir='ltr'>sinu</span> <span class='ocrx_word' id='word_1_863' title='bbox 3386 4946 3651 5014; x_wconf 71' lang='lat' dir='ltr'>Abrahae,</span> <span class='ocrx_word' id='word_1_864' title='bbox 3684 4949 3813 4999; x_wconf 89' lang='lat' dir='ltr'>tum</span> 
     </span>
    </p>
   </div>
   <div class='ocr_carea' id='block_1_113' title="bbox 2157 5033 3820 5106">
    <p class='ocr_par' dir='ltr' id='par_1_113' title="bbox 2157 5033 3820 5106">
     <span class='ocr_line' id='line_1_114' title="bbox 2157 5033 3820 5106; baseline -0.003 -12"><span class='ocrx_word' id='word_1_865' title='bbox 2157 5039 2323 5094; x_wconf 86' lang='lat' dir='ltr'>visio.</span> <span class='ocrx_word' id='word_1_866' title='bbox 2358 5038 2415 5093; x_wconf 91' lang='lat' dir='ltr'>S.</span> <span class='ocrx_word' id='word_1_867' title='bbox 2448 5036 2615 5092; x_wconf 90' lang='lat' dir='ltr'>Joan.</span> <span class='ocrx_word' id='word_1_868' title='bbox 2653 5033 2902 5106; x_wconf 86' lang='lat' dir='ltr'>Apostoli</span> <span class='ocrx_word' id='word_1_869' title='bbox 2935 5035 3112 5106; x_wconf 86' lang='lat' dir='ltr'>Apoc.</span> <span class='ocrx_word' id='word_1_870' title='bbox 3144 5051 3224 5105; x_wconf 73' lang='lat' dir='ltr'>vr,</span> <span class='ocrx_word' id='word_1_871' title='bbox 3267 5051 3384 5106; x_wconf 87' lang='lat' dir='ltr'>qua</span> <span class='ocrx_word' id='word_1_872' title='bbox 3415 5034 3557 5089; x_wconf 89' lang='lat' dir='ltr'>vidit</span> <span class='ocrx_word' id='word_1_873' title='bbox 3585 5035 3820 5089; x_wconf 89' lang='lat' dir='ltr'>animas</span> 
     </span>
    </p>
   </div>
   <div class='ocr_carea' id='block_1_114' title="bbox 2161 5121 3821 5198">
    <p class='ocr_par' dir='ltr' id='par_1_114' title="bbox 2161 5121 3821 5198">
     <span class='ocr_line' id='line_1_115' title="bbox 2161 5121 3821 5198; baseline -0.004 -16"><span class='ocrx_word' id='word_1_874' title='bbox 2161 5133 2481 5198; x_wconf 79' lang='lat' dir='ltr'>martyrum</span> <span class='ocrx_word' id='word_1_875' title='bbox 2524 5123 2635 5178; x_wconf 92' lang='lat' dir='ltr'>sub</span> <span class='ocrx_word' id='word_1_876' title='bbox 2681 5121 2848 5177; x_wconf 83' lang='lat' dir='ltr'>altari</span> <span class='ocrx_word' id='word_1_877' title='bbox 2890 5121 3130 5177; x_wconf 89' lang='lat' dir='ltr'>indutas</span> <span class='ocrx_word' id='word_1_878' title='bbox 3177 5121 3342 5178; x_wconf 89' lang='lat' dir='ltr'>stolis</span> <span class='ocrx_word' id='word_1_879' title='bbox 3391 5121 3563 5191; x_wconf 85' lang='lat' dir='ltr'>albis,</span> <span class='ocrx_word' id='word_1_880' title='bbox 3598 5122 3821 5194; x_wconf 88' lang='lat' dir='ltr'>quibus</span> 
     </span>
    </p>
   </div>
   <div class='ocr_carea' id='block_1_115' title="bbox 2160 5211 3819 5284">
    <p class='ocr_par' dir='ltr' id='par_1_115' title="bbox 2160 5211 3819 5284">
     <span class='ocr_line' id='line_1_116' title="bbox 2160 5211 3819 5284; baseline -0.003 -13"><span class='ocrx_word' id='word_1_881' title='bbox 2160 5217 2380 5271; x_wconf 88' lang='lat' dir='ltr'>dictum</span> <span class='ocrx_word' id='word_1_882' title='bbox 2411 5217 2499 5269; x_wconf 90' lang='lat' dir='ltr'>est</span> <span class='ocrx_word' id='word_1_883' title='bbox 2527 5215 2591 5267; x_wconf 91' lang='lat' dir='ltr'>ut</span> <span class='ocrx_word' id='word_1_884' title='bbox 2622 5211 3078 5282; x_wconf 88' lang='lat' dir='ltr'>requiescerent,</span> <span class='ocrx_word' id='word_1_885' title='bbox 3113 5211 3296 5266; x_wconf 90' lang='lat' dir='ltr'>donec</span> <span class='ocrx_word' id='word_1_886' title='bbox 3328 5211 3672 5284; x_wconf 86' lang='lat' dir='ltr'>impleretur</span> <span class='ocrx_word' id='word_1_887' title='bbox 3711 5229 3819 5266; x_wconf 88' lang='lat' dir='ltr'>nu-</span> 
     </span>
    </p>
   </div>
   <div class='ocr_carea' id='block_1_116' title="bbox 2163 5299 3813 5372">
    <p class='ocr_par' dir='ltr' id='par_1_116' title="bbox 2163 5299 3813 5372">
     <span class='ocr_line' id='line_1_117' title="bbox 2163 5299 3813 5372; baseline -0.005 -10"><span class='ocrx_word' id='word_1_888' title='bbox 2163 5321 2358 5362; x_wconf 91' lang='lat' dir='ltr'>merus</span> <span class='ocrx_word' id='word_1_889' title='bbox 2413 5317 2824 5357; x_wconf 85' lang='lat' dir='ltr'>conservorum</span> <span class='ocrx_word' id='word_1_890' title='bbox 2876 5317 3142 5368; x_wconf 91' lang='lat' dir='ltr'>suorum,</span> <span class='ocrx_word' id='word_1_891' title='bbox 3188 5305 3313 5356; x_wconf 91' lang='lat' dir='ltr'>tum</span> <span class='ocrx_word' id='word_1_892' title='bbox 3365 5299 3616 5372; x_wconf 91' lang='lat' dir='ltr'>denique</span> <span class='ocrx_word' id='word_1_893' title='bbox 3665 5299 3813 5355; x_wconf 90' lang='lat' dir='ltr'>illud</span> 
     </span>
    </p>
   </div>
   <div class='ocr_carea' id='block_1_117' title="bbox 2161 5390 3820 5459">
    <p class='ocr_par' dir='ltr' id='par_1_117' title="bbox 2161 5390 3820 5459">
     <span class='ocr_line' id='line_1_118' title="bbox 2161 5390 3820 5459; baseline -0.003 -8"><span class='ocrx_word' id='word_1_894' title='bbox 2161 5393 2374 5451; x_wconf 87' lang='lat' dir='ltr'>Christi</span> <span class='ocrx_word' id='word_1_895' title='bbox 2401 5391 2468 5448; x_wconf 88' lang='lat' dir='ltr'>ad</span> <span class='ocrx_word' id='word_1_896' title='bbox 2491 5390 2773 5445; x_wconf 89' lang='lat' dir='ltr'>latronem</span> <span class='ocrx_word' id='word_1_897' title='bbox 2801 5391 2950 5459; x_wconf 86' lang='lat' dir='ltr'>(Luc.</span> <span class='ocrx_word' id='word_1_898' title='bbox 2974 5395 3127 5457; x_wconf 82' lang='lat' dir='ltr'>xxw)</span> <span class='ocrx_word' id='word_1_899' title='bbox 3154 5407 3166 5444; x_wconf 93' lang='lat'><strong>:</strong></span> <span class='ocrx_word' id='word_1_900' title='bbox 3193 5413 3220 5438; x_wconf 76' lang='grc' dir='ltr'>α</span> <span class='ocrx_word' id='word_1_901' title='bbox 3245 5391 3424 5446; x_wconf 87' lang='lat' dir='ltr'>Hodie</span> <span class='ocrx_word' id='word_1_902' title='bbox 3447 5406 3674 5446; x_wconf 88' lang='lat' dir='ltr'>mecum</span> <span class='ocrx_word' id='word_1_903' title='bbox 3701 5390 3820 5446; x_wconf 89' lang='lat' dir='ltr'>eris</span> 
     </span>
    </p>
   </div>
   <div class='ocr_carea' id='block_1_118' title="bbox 2159 5477 3818 5556">
    <p class='ocr_par' dir='ltr' id='par_1_118' title="bbox 2159 5477 3818 5556">
     <span class='ocr_line' id='line_1_119' title="bbox 2159 5477 3818 5556; baseline -0.003 -16"><span class='ocrx_word' id='word_1_904' title='bbox 2159 5485 2218 5540; x_wconf 90' lang='lat' dir='ltr'>in</span> <span class='ocrx_word' id='word_1_905' title='bbox 2253 5481 2544 5556; x_wconf 85' lang='lat' dir='ltr'>paradiso.</span> <span class='ocrx_word' id='word_1_906' title='bbox 2577 5500 2605 5528; x_wconf 84' lang='lat'>»</span> <span class='ocrx_word' id='word_1_907' title='bbox 2639 5477 2783 5532; x_wconf 89' lang='lat' dir='ltr'>Hinc</span> <span class='ocrx_word' id='word_1_908' title='bbox 2813 5478 2990 5544; x_wconf 89' lang='lat' dir='ltr'>enim,</span> <span class='ocrx_word' id='word_1_909' title='bbox 3022 5496 3160 5535; x_wconf 91' lang='lat' dir='ltr'>cum</span> <span class='ocrx_word' id='word_1_910' title='bbox 3197 5479 3458 5536; x_wconf 90' lang='lat' dir='ltr'>viderent</span> <span class='ocrx_word' id='word_1_911' title='bbox 3487 5479 3818 5552; x_wconf 87' lang='lat' dir='ltr'>distiguen-</span> 
     </span>
    </p>
   </div>
   <div class='ocr_carea' id='block_1_119' title="bbox 2161 5567 3820 5641">
    <p class='ocr_par' dir='ltr' id='par_1_119' title="bbox 2161 5567 3820 5641">
     <span class='ocr_line' id='line_1_120' title="bbox 2161 5567 3820 5641; baseline -0.004 -11"><span class='ocrx_word' id='word_1_912' title='bbox 2161 5576 2300 5630; x_wconf 92' lang='lat' dir='ltr'>dum</span> <span class='ocrx_word' id='word_1_913' title='bbox 2333 5586 2459 5626; x_wconf 87' lang='lat' dir='ltr'>esse</span> <span class='ocrx_word' id='word_1_914' title='bbox 2484 5571 2712 5623; x_wconf 86' lang='lat' dir='ltr'>tantum</span> <span class='ocrx_word' id='word_1_915' title='bbox 2738 5567 3068 5623; x_wconf 85' lang='lat' dir='ltr'>animarum</span> <span class='ocrx_word' id='word_1_916' title='bbox 3102 5571 3229 5624; x_wconf 88' lang='lat' dir='ltr'>sine</span> <span class='ocrx_word' id='word_1_917' title='bbox 3259 5586 3502 5641; x_wconf 88' lang='lat' dir='ltr'>corpore</span> <span class='ocrx_word' id='word_1_918' title='bbox 3533 5584 3722 5640; x_wconf 90' lang='lat' dir='ltr'>usque</span> <span class='ocrx_word' id='word_1_919' title='bbox 3746 5569 3820 5624; x_wconf 91' lang='lat' dir='ltr'>ad</span> 
     </span>
    </p>
   </div>
   <div class='ocr_carea' id='block_1_120' title="bbox 2158 5656 3818 5730">
    <p class='ocr_par' dir='ltr' id='par_1_120' title="bbox 2158 5656 3818 5730">
     <span class='ocr_line' id='line_1_121' title="bbox 2158 5656 3818 5730; baseline -0.005 -10"><span class='ocrx_word' id='word_1_920' title='bbox 2158 5664 2423 5721; x_wconf 80' lang='lat' dir='ltr'>futurum</span> <span class='ocrx_word' id='word_1_921' title='bbox 2475 5656 2789 5729; x_wconf 89' lang='lat' dir='ltr'>judicium,</span> <span class='ocrx_word' id='word_1_922' title='bbox 2824 5673 2857 5713; x_wconf 89' lang='lat' dir='ltr'>a</span> <span class='ocrx_word' id='word_1_923' title='bbox 2901 5662 3058 5715; x_wconf 86' lang='lat' dir='ltr'>statu</span> <span class='ocrx_word' id='word_1_924' title='bbox 3110 5658 3436 5730; x_wconf 87' lang='lat' dir='ltr'>perfectiori</span> <span class='ocrx_word' id='word_1_925' title='bbox 3483 5657 3818 5715; x_wconf 87' lang='lat' dir='ltr'>animarum</span> 
     </span>
    </p>
   </div>
  </div>
