4072 6190
264 335 360 396 233

1407 332 1572 395 CUM
1620 332 2022 394 ANTIDOTO
2064 334 2161 395 PA
2173 336 2423 400 MELll.

3498 352 3620 413 234

260 482 365 523 cum
390 462 713 535 corporibus
744 464 877 533 post
902 461 1387 519 resurrectionem
1444 464 1854 537 universalem,
1889 472 1939 538 Α
1969 466 2094 523 loca
2125 471 2393 541 quaedam
2425 473 2674 529 obscura
2730 476 3123 546 reperiuntur)
3182 479 3494 539 citavimus
3552 485 3612 542 in

260 556 395 611 dictis
436 554 580 606 sinus
632 550 892 617 Abrahae,
950 553 1151 622 quietis
1174 552 1417 623 placidae
1449 556 1551 610 sub
1583 555 1772 621 altari,
1805 559 1857 609 et
1963 558 2232 613 Aduotat.
2268 563 2485 617 nostris
2515 564 2585 618 ad
2619 564 2787 635 epist.
2822 566 2880 619 S.
2913 567 3179 638 Cypriani
3218 570 3301 638 16,
3335 588 3499 628 num.
3523 576 3612 632 19.

253 642 458 717 paradisi
512 638 1007 710 appellationibus
1075 648 1491 713 nuncuparunt
1575 644 1855 711 quemad-

256 732 447 787 modum
504 734 720 783 statum
764 726 931 782 illum
967 730 1313 797 secundum,
1350 733 1661 798 contrario,
1694 734 1856 788 cwle-

251 832 358 877 stem
382 823 572 887 sinum,
616 818 796 872 altare
849 819 1134 888 superius,
1190 823 1241 875 el.
1292 822 1560 877 caelestem
1613 831 1855 892 portum.

253 911 349 965 Non
391 924 536 974 vero,
586 907 743 978 quod
778 907 1065 961 sentirent
1097 909 1325 963 animas
1358 915 1693 965 sanctorum
1723 915 1856 964 tan-

249 1000 398 1069 tisper
435 1012 626 1051 carere
670 994 850 1049 divini
905 996 1156 1052 intuitus
1205 998 1411 1067 gloria,
1463 1000 1635 1054 sicuti
1686 1000 1857 1054 hodie

250 1086 602 1157 Anabaptistae
649 1090 704 1139 et
743 1084 1045 1139 Cornelius
1096 1087 1348 1157 Aggripa
1377 1104 1577 1143 eorum
1610 1088 1854 1157 assecla,

245 1180 409 1245 utpote
454 1174 549 1245 qui
578 1173 860 1245 legissent
900 1174 1053 1244 apud
1089 1176 1429 1245 Apostolum
1463 1177 1729 1248 (Philipp.
1764 1181 1800 1245 1)
1839 1195 1852 1232 :

246 1272 550 1327 Desiderium
579 1272 744 1325 habeo
777 1270 1019 1337 dissolvi,
1049 1276 1097 1325 et
1130 1288 1245 1327 esse
1272 1290 1395 1328 cum
1430 1274 1666 1330 Christo.
1710 1275 1852 1329 Item

240 1362 354 1417 illud
384 1361 448 1431 (ll
475 1361 598 1415 Cor.
634 1360 688 1431 ν)
722 1376 734 1413 :
775 1361 982 1415 Bonam
1011 1361 1349 1416 voluntatem
1386 1363 1649 1418 habemus
1696 1380 1853 1434 pere-

238 1452 425 1520 grinari
448 1466 479 1504 a
508 1465 752 1519 corpore,
803 1459 861 1503 et
898 1453 1204 1519 praesentes
1251 1466 1362 1505 esse
1408 1453 1491 1507 ad
1539 1452 1849 1506 Dominum.

238 1542 290 1596 Et
336 1539 465 1595 illud
527 1539 601 1592 de
659 1538 789 1609 ipsa
846 1537 946 1592 Dei
978 1538 1201 1593 visione
1234 1555 1245 1592 ε
1280 1544 1436 1595 Nunc
1484 1540 1725 1594 videmus
1756 1557 1854 1610 per

236 1629 476 1699 speculum
509 1630 566 1682 in
598 1628 921 1696 scnigmate,
956 1631 1085 1682 tunc
1114 1635 1296 1683 autem
1322 1630 1469 1698 facie
1517 1628 1585 1683 ad
1630 1630 1847 1700 faciem.

238 1718 371 1772 Certe
425 1717 549 1786 ipse
581 1721 783 1770 auctor
815 1732 982 1770 suam
1016 1718 1372 1771 sententiam
1406 1717 1661 1772 indicare
1694 1718 1847 1772 vide-

235 1811 311 1861 tur
335 1806 385 1860 in
414 1806 534 1860 haec
558 1805 733 1859 verba
759 1804 895 1858 dict.
930 1804 1031 1858 lib.
1064 1804 1129 1860 de
1158 1807 1379 1873 Anima,
1411 1822 1536 1877 cap.
1570 1807 1660 1872 56,
1683 1823 1846 1861 num.

236 1896 320 1948 622
365 1912 377 1948 ι
437 1895 715 1965 Usquequo
764 1895 1069 1963 perfectum
1126 1894 1266 1948 illud
1318 1897 1725 1965 repromitlitur
1776 1895 1850 1950 ad

232 1985 466 2053 angelice
530 1982 902 2053 plenitudinis
969 1998 1291 2037 mensuram
1361 1988 1749 2055 temperatum.
1785 1985 1844 2039 Si

235 2073 343 2143 quis
370 2071 597 2125 interim
634 2072 785 2142 apud
818 2086 949 2125 eum
986 2071 1063 2125 sit
1095 2070 1282 2139 locus,
1318 2077 1419 2127 aut
1448 2072 1593 2128 alios
1624 2074 1845 2140 Patres,

231 2172 311 2240 qui
338 2170 475 2225 hanc
506 2169 880 2224 commodam
926 2168 1493 2239 interpositationem
1529 2188 1643 2227 non
1703 2171 1848 2227 reci-

230 2260 344 2330 piat,
398 2258 733 2313 meminerit
766 2257 963 2322 lector,
998 2258 1155 2311 hunc
1188 2275 1439 2314 errorem
1475 2278 1588 2315 non
1622 2260 1851 2316 ofﬁcere

229 2347 501 2404 eruditioni
530 2352 591 2402 et
616 2347 814 2417 pietati
840 2352 960 2400 tam
984 2346 1306 2403 illustrium
1334 2350 1847 2420 scriptorum,cum

229 2434 716 2491 Ecclesiaillorum
748 2436 1113 2505 temporibus
1147 2435 1293 2490 nihil
1347 2438 1541 2493 adhuc
1593 2438 1731 2493 certi
1781 2439 1850 2493 de

229 2524 315 2579 hoc
344 2524 587 2579 articulo
621 2523 974 2586 credendum
1008 2526 1453 2581 statuisset.Sed
1492 2528 1647 2581 circa
1678 2544 1849 2599 syno-

229 2615 343 2668 dum
372 2612 794 2669 ceeumenicam
829 2611 1248 2679 Florentinam,
1278 2632 1404 2685 quae
1438 2619 1567 2686 post
1600 2616 1849 2686 primam

228 2702 637 2757 damnationem
669 2701 880 2755 factam
915 2702 1097 2773 Epist.
1137 2703 1531 2759 Decretalibus
1572 2710 1850 2759 Innocen-

228 2791 281 2844 tii
308 2792 374 2845 lll
404 2796 457 2846 et
490 2789 793 2846 Benedicti
824 2792 927 2844 XII
958 2790 1016 2845 id
1066 2791 1348 2859 deﬁnivit,
1410 2791 1578 2848 aliter
1636 2794 1851 2849 sentire

226 2896 319 2934 non
363 2880 508 2935 licet.
548 2879 716 2934 Illius
742 2880 1022 2933 adversus
1054 2896 1280 2935 errores
1310 2883 1699 2938 Armenorum
1734 2884 1852 2938 haec

226 2974 343 3024 sunt
368 2971 537 3024 verba
576 2986 589 3024 :
629 2968 950 3022 Deﬁnimus
980 2967 1212 3023 illorum
1275 2970 1503 3026 animas
1562 2973 1659 3042 qui
1722 2977 1853 3043 post

223 3056 485 3128 baptisma
516 3062 864 3127 susceptum
896 3056 1115 3111 nullam
1151 3058 1389 3114 omnino
1423 3061 1636 3129 peccati
1664 3078 1854 3115 macu-

222 3144 319 3200 lam
350 3148 742 3215 incurrerunt,
776 3145 909 3200 illas
942 3146 1138 3214 etiam,
1173 3162 1301 3218 quae
1334 3154 1464 3219 post
1493 3154 1847 3205 contractam

224 3237 413 3303 peccati
444 3236 743 3289 maculam
777 3233 865 3289 vel
897 3235 953 3289 in
983 3235 1106 3290 suis
1139 3237 1593 3307 corporibus,vel
1628 3238 1846 3294 eisdem

222 3328 376 3377 exutis
406 3323 776 3396 corporibus,
809 3328 982 3395 prout
1013 3324 1288 3396 superius
1322 3325 1539 3380 dictum
1573 3332 1679 3395 est,
1714 3333 1853 3383 sunt

223 3420 469 3483 purgatis,
508 3414 570 3467 in
608 3412 818 3467 caelum
852 3430 986 3467 mox
1045 3413 1247 3485 recipi,
1309 3420 1364 3469 et
1420 3414 1637 3470 intueri
1698 3416 1852 3472 clare

222 3501 385 3571 ipsum
440 3502 761 3557 Dominum
822 3504 1043 3555 trinum
1074 3508 1130 3556 et
1163 3520 1368 3569 unum,
1401 3504 1573 3559 sicuti
1607 3510 1713 3567 est,
1748 3523 1851 3577 pro

227 3590 535 3645 meritorum
574 3596 772 3645 tamen
806 3590 1144 3647 diversitate
1177 3592 1354 3647 alium
1381 3593 1491 3648 alio
1517 3595 1849 3664 perfectius:

226 3684 429 3742 illorum
461 3694 667 3744 autem
702 3687 952 3757 animas,
985 3689 1082 3759 qui
1119 3688 1176 3742 in
1209 3690 1421 3745 actuali
1451 3692 1681 3746 mortali
1718 3710 1851 3763 pec-

228 3783 351 3844 cato,
392 3776 477 3831 vel
537 3775 667 3832 solo
728 3776 993 3847 originali
1048 3778 1355 3845 decedunt,
1417 3780 1599 3850 pmnis
1653 3788 1848 3837 tamen

226 3862 556 3935 disparibus,
614 3865 962 3936 puniendas.
1000 3865 1187 3930 Quid?
1216 3868 1368 3937 quod
1405 3868 1562 3922 dicta
1590 3872 1850 3941 Scriptu-

226 3966 391 4007 rarum
439 3952 570 4008 loca
623 3969 726 4024 pro
760 3952 872 4008 alia
902 3971 1018 4009 non
1052 3954 1270 4009 faciant
1300 3958 1609 4023 sententia,
1644 3959 1692 4013 si
1720 3958 1849 4013 dili-

220 4040 425 4108 gentius
454 4041 879 4112 inspiciuntur.
917 4042 1172 4098 Primum
1206 4044 1360 4099 enim
1408 4046 1517 4099 etsi
1568 4048 1847 4102 Lazarum

219 4132 265 4181 et
292 4128 423 4186 alios
450 4135 660 4185 Patres
688 4130 915 4185 Veteris
946 4132 1301 4188 Testamenti
1332 4134 1390 4187 in
1424 4134 1555 4188 sinu
1585 4138 1847 4205 Abrahae,

219 4216 561 4275 etlatronem
598 4219 841 4287 ibidem,
885 4218 1003 4274 sive
1058 4221 1120 4274 in
1179 4222 1452 4291 paradiso
1508 4222 1848 4295 aliquandiu

221 4304 399 4375 fuisse,
454 4308 609 4363 satis
668 4307 729 4361 in
792 4308 1059 4363 confesso
1118 4309 1196 4363 sit
1255 4325 1268 4363 :
1321 4316 1515 4365 tamen
1568 4312 1701 4368 inde
1750 4332 1852 4385 per

220 4394 485 4451 Christum
517 4397 580 4451 in
616 4395 828 4451 caelum
858 4400 997 4451 sunt
1030 4397 1288 4463 deducti,
1312 4399 1485 4468 juxta
1516 4400 1661 4455 illud
1693 4403 1844 4458 Psal.

221 4499 362 4550 vau,
396 4492 451 4540 et
486 4488 705 4556 Ephes.
764 4500 865 4539 1v:
901 4486 1212 4540 Ascendens
1270 4488 1418 4546 187
1483 4491 1730 4545 Christus
1788 4495 1849 4547 in

219 4572 367 4627 altum
412 4577 697 4645 captivam
747 4573 907 4628 duxit
936 4575 1335 4645 captivitatem,
1371 4577 1426 4631 id
1460 4583 1567 4647 est,
1599 4580 1688 4633 vel
1722 4581 1847 4652 ipso
1880 4582 1925 4645 D
1958 4572 2133 4654 etiam
2194 4601 2295 4668 ibi,
2359 4618 2528 4655 num.
2588 4604 2713 4673 61,3)

220 4664 466 4731 Apostolo
497 4665 841 4735 interprete,
878 4680 1055 4733 super
1111 4681 1315 4720 omnes
1373 4666 1567 4722 caelos.
1628 4668 1846 4726 Deinde

221 4746 323 4805 loco
374 4752 470 4808 illo
530 4753 713 4808 citato
772 4753 951 4822 (Apoc.
1008 4754 1085 4823 v1)
1136 4754 1190 4807 S.
1250 4756 1613 4826 Augustinus
1664 4758 1848 4815 stolas

218 4837 614 4913 interpretatur
672 4840 855 4907 albas,
914 4858 1091 4897 serm.
1147 4842 1200 4908 4,
1258 4843 1324 4897 de
1388 4844 1567 4900 Solem
1630 4846 1846 4919 Sanct.,

220 4941 521 4995 mercedem
587 4939 890 5010 baptismi,
947 4939 1254 5010 praemium
1296 4943 1580 5015 martyrii,
1613 4950 1670 4999 et
1698 4962 1847 5017 gau-

220 5025 359 5083 dium
388 5029 654 5084 coelestis
686 5027 881 5099 patrias
916 5044 929 5081 :
958 5027 1216 5098 allegans
1254 5030 1326 5084 ad
1378 5030 1485 5086 hoc
1534 5034 1707 5089 verba
1757 5051 1847 5090 se-

221 5118 428 5182 quentia
485 5119 675 5189 (Apoc.
732 5117 833 5187 vn)
866 5134 880 5171 :
912 5117 1147 5172 Stabunt
1186 5126 1313 5173 ante
1336 5123 1594 5176 thronum
1624 5124 1683 5177 in
1713 5141 1845 5179 con-

220 5215 373 5273 spectu
404 5208 568 5277 Agni,
606 5206 804 5260 amicti
828 5207 980 5287 stolis
1009 5207 1175 5273 albis,
1200 5217 1249 5263 et
1273 5209 1481 5278 palmae
1502 5212 1558 5264 in
1592 5215 1848 5269 manibus

220 5307 415 5361 earum,-
450 5296 613 5351 unde
642 5294 937 5350 concludit
970 5312 981 5349 :
1015 5297 1187 5350 Stant
1216 5296 1275 5350 in
1324 5306 1639 5369 conspectu
1698 5305 1848 5375 Agni

216 5386 325 5437 ante
372 5385 659 5440 thronum
719 5384 820 5439 Dei
875 5386 1156 5450 coronati,
1221 5385 1381 5441 nulla
1410 5386 1529 5442 illic
1563 5391 1784 5448 ratione
1815 5411 1848 5447 a

218 5472 654 5544 contemplanda
684 5473 810 5543 ejus
841 5472 1028 5543 gloria
1083 5476 1416 5546 separandi.
1476 5476 1591 5533 Nos
1649 5480 1847 5548 itaque

218 5554 353 5614 locos
396 5560 628 5616 similes
657 5566 715 5615 et
744 5561 1015 5632 Cypriani
1051 5567 1107 5617 et
1134 5562 1395 5636 ejusdem
1430 5566 1486 5620 S.
1512 5570 1844 5643 Augustini,

219 5661 273 5699 ac
296 5649 389 5704 SS.
422 5649 722 5705 Ambrosii
760 5655 816 5704 et
871 5650 1165 5722 Chrysost.
1225 5652 1402 5725 (apud
1463 5670 1610 5725 quos
1667 5661 1841 5717 etiam

519 5777 786 5840 ΡΑτιωι..
835 5777 1104 5841 XXXIV.

1880 1851 1927 1915 B

1882 3211 1925 3280 C

1966 648 2279 704 Adnotavit
2313 651 2487 706 etiam
2518 652 2741 724 aliquot
2773 672 2874 725 pro
2902 657 3070 709 nobis
3102 656 3225 713 loca
3255 663 3615 719 Feu-arden-

1964 736 2083 790 tius
2114 736 2171 790 in
2204 739 2262 792 S.
2298 741 2528 807 Irenaeo,
2564 749 2765 797 contra
2795 760 2969 815 quam
3002 746 3099 800 alii
3134 749 3417 819 sentiunt,
3449 751 3610 821 lib.I,

1967 842 2091 896 cap.
2124 828 2179 881 2.
2212 845 2372 897 num,
2406 832 2456 895 3,
2485 835 2541 886 et
2574 831 2729 887 alibi.
2767 833 2822 886 Si
2874 834 3007 902 quis
3064 834 3236 905 plura
3296 838 3609 915 desideret,

1964 914 2158 969 videat
2212 917 2349 972 Sixt.
2411 924 2647 974 Senens.
2707 922 2846 977 Bibl.
2892 928 3093 979 sancire
3125 924 3269 981 libro
3301 946 3374 993 v1,
3410 930 3607 987 adnot.

1963 1003 2068 1055 26/1
2099 1009 2154 1058 et
2183 1004 2306 1058 3’15.
2344 1006 2485 1061 llinc
2518 1009 2748 1063 interim
2800 1013 3107 1078 addemus,
3159 1017 3313 1085 quod
3374 1023 3608 1090 Auctor,

1967 1093 2060 1145 ubi
2122 1093 2221 1147 lib.
2282 1096 2346 1150 de
2376 1098 2553 1151 Anim.
2589 1116 2711 1169 cap.
2742 1101 2811 1152 55
2846 1119 2856 1155 :
2890 1102 3019 1156 solis
3051 1107 3394 1175 martyribus
3421 1112 3609 1178 patere

1963 1182 2285 1250 paradisum
2336 1186 2494 1253 dicit,
2549 1203 2731 1257 quum
2788 1189 2925 1244 alibi
2985 1194 3231 1248 omnium
3290 1205 3613 1254 sanctorum

1962 1286 2250 1328 commune
2280 1278 2680 1345 receptaculum
2714 1284 2878 1333 vocet
2901 1295 2912 1333 ε
2939 1280 3013 1333 sit
3043 1282 3286 1352 explicet
3308 1288 3607 1358 B.Cypria-

1964 1375 2075 1412 nus
2104 1362 2231 1430 ejus
2263 1362 2612 1435 discipulus,
2646 1366 2814 1436 epist.
2848 1369 2916 1421 3'2
2936 1368 3005 1422 ad
3050 1371 3312 1427 Antoniu.
3365 1392 3383 1429 :
3431 1375 3602 1432 Aliud

1962 1453 2049 1501 est
2096 1448 2166 1502 ad
2216 1450 2446 1505 veniam
2504 1458 2680 1516 stare,
2742 1454 2896 1509 aliud
2962 1458 3032 1510 ad
3090 1459 3336 1529 gloriam
3400 1479 3606 1533 perve-

1961 1537 2105 1601 nire,
2167 1537 2324 1593 aliud
2383 1540 2634 1596 missum
2694 1543 2751 1597 in
2805 1561 3093 1601 carcerem
3126 1565 3239 1603 non
3284 1551 3437 1607 exire
3470 1553 3605 1610 inde

1960 1625 2141 1680 donec
2209 1627 2396 1683 solvat
2465 1631 2849 1687 novissimum
2925 1637 3349 1707 quadrantem,
3443 1642 3633 1698 aliud.

1959 1716 2159 1770 statim
2218 1718 2348 1771 lidei
2406 1724 2461 1774 et
2492 1721 2720 1777 virtutis
2751 1724 3012 1794 accipere
3046 1730 3408 1797 mercedem;
3445 1733 3603 1788 aliud

1961 1820 2063 1874 pro
2133 1806 2384 1875 peccatis
2464 1808 2635 1881 longo
2714 1810 2910 1868 dolore
2991 1816 3312 1871 cruciatum
3395 1837 3607 1876 emun-

1958 1891 2083 1945 dari
2116 1897 2170 1948 et
2202 1897 2437 1967 purgari
2467 1898 2564 1952 diu
2619 1899 2766 1969 igne,
2825 1902 2984 1957 aliud
3038 1910 3272 1976 peccata
3331 1909 3604 1979 passione

1959 1997 2279 2069 purgasse;
2351 1985 2507 2041 aliud
2578 1989 2828 2060 denique
2895 1994 3146 2062 pendere
3194 1995 3250 2051 in
3297 1997 3390 2051 die
3436 1999 3602 2069 judi-

1960 2068 2031 2123 cii
2081 2071 2150 2124 ad
2186 2068 2552 2129 sententiam
2611 2076 2863 2145 Domini,
2924 2079 3082 2135 aliud
3142 2084 3338 2139 statim
3400 2068 3449 2140 ad
3489 2087 3600 2142 Do-

1960 2159 2121 2213 mino
2168 2164 2453 2219 coronari.
2505 2166 2662 2230 Quod
2699 2165 2893 2238 ipsum
2931 2170 3115 2225 facere
3144 2172 3210 2225 ad
3246 2174 3599 2229 conﬁrman-

1961 2248 2095 2303 dam
2130 2250 2499 2309 traditionem
2540 2255 2803 2311 Ecclesiae
2854 2259 2924 2312 de
2973 2260 3330 2331 purgatorio,
3383 2263 3600 2319 ibidem

1962 2337 2368 2396 adnotavimus
2430 2359 2592 2398 num.
2652 2345 2741 2410 59,
2802 2350 2859 2401 et
2914 2348 2984 2401 ad
3037 2350 3378 2405 Tertulliani
3412 2351 3605 2407 lib.de

1960 2427 2180 2497 Anima,
2213 2444 2339 2500 cap.
2373 2432 2462 2501 55,
2500 2449 2661 2488 num.
2694 2435 2818 2489 611.
2853 2434 3134 2492 Cisterum
3189 2441 3448 2507 Auctori,
3501 2442 3604 2511 qui

1960 2532 2143 2571 omnes
2200 2520 2416 2574 animus
2473 2521 2644 2576 etiam
2705 2523 2959 2593 ﬁdelium
2990 2528 3241 2596 priorum
3271 2532 3609 2600 sequestrari

1960 2604 2085 2659 vult
2116 2623 2302 2677 usque
2332 2609 2400 2663 ad
2436 2610 2589 2665 diem
2615 2613 2844 2682 judicii,
2879 2631 3120 2685 prorsus
3170 2619 3462 2675 contraria
3521 2625 3611 2675 est

1961 2694 2062 2749 illa
2106 2696 2167 2750 B.
2218 2699 2461 2769 August.
2514 2701 2844 2771 afﬁrmatio,
2898 2704 2998 2758 lib.
3045 2723 3138 2772 xx,
3172 2707 3237 2761 de
3266 2711 3428 2765 Givit.
3466 2711 3609 2765 Dei:

1961 2783 2088 2838 Jam
2122 2784 2255 2840 inde
2288 2803 2402 2855 quo
2434 2790 2675 2860 sanguis
2708 2790 2919 2845 Christi
2951 2793 3225 2864 antiquos
3253 2802 3487 2853 sanctos
3542 2816 3611 2854 ex

1963 2872 2164 2927 inferis
2224 2874 2396 2939 eruit,
2457 2876 2729 2949 deinceps
2786 2880 2919 2934 boni
2982 2882 3203 2948 ﬁdeles,
3263 2885 3447 2940 ell‘uso
3505 2886 3608 2941 illo

1964 2962 2148 3031 pretio
2182 2963 2464 3034 redempti
2497 2981 2738 3035 prorsus
2768 2966 2986 3024 inferos
3019 2972 3306 3028 nesciunt.

1963 3095 2104 3167 Ξ1Ο.
2156 3096 2489 3151 Animarum
2535 3103 2884 3155 mortuorum
2939 3118 3154 3159 omnem
3210 3105 3610 3163 exhibitionem

2034 3168 2798 3245 incorporalemLprwstigias
2854 3190 2980 3245 esse,
3043 3181 3183 3231 tom.
3248 3179 3346 3245 IIl,
3405 3179 3509 3235 lib.
3541 3181 3611 3236 de

2032 3239 2213 3293 Anim.
2249 3256 2372 3310 cap.
2404 3241 2492 3309 57,
2529 3239 2688 3297 num;
2723 3244 2848 3298 643.

2036 3353 2236 3408 Prima
2273 3354 2508 3425 quidem
2559 3357 2703 3413 facie
2751 3359 2979 3415 videtur
3044 3362 3199 3419 istud
3252 3366 3610 3437 Paradoxon,

1962 3444 2059 3496 sed
2095 3442 2210 3510 agit
2241 3444 2588 3500 Tertullian.
2648 3464 2716 3502 ex
2775 3450 3045 3506 instituto
3103 3459 3304 3509 contra
3361 3456 3605 3513 Simonis

1961 3531 2103 3601 Magi
2157 3532 2445 3603 discipulo
2498 3537 2804 3602 haereticos,
2865 3542 2961 3610 qui
3007 3543 3175 3596 etiam
3223 3544 3613 3615 praphelarum

1960 3620 2175 3673 animas
2206 3622 2272 3673 ab
2306 3623 2510 3691 inferis
2542 3641 2753 3680 movere
2781 3643 2838 3681 se
2880 3630 3236 3698 spondebant,
3289 3635 3445 3703 quod
3493 3652 3609 3690 non

1962 3708 2073 3761 nisi
2124 3709 2411 3765 niendacio
2442 3713 2499 3765 in
2529 3716 2717 3768 anima
2748 3715 3020 3772 Samuelis
3053 3721 3348 3791 Pgthonico
3379 3724 3614 3793 spiritui

1962 3797 2254 3869 licuissc(l
2284 3803 2412 3870 Reg.
2462 3803 2621 3873 xvm)
2668 3802 2793 3873 ipse
2841 3807 3059 3877 sentit;
3111 3811 3213 3864 sed
3263 3812 3608 3883 lranﬁgura-

1962 3890 2080 3940 tum
2128 3887 2388 3942 Satanam
2418 3890 2473 3943 in
2505 3890 2778 3962 angelum
2813 3894 2969 3962 lucis,
3007 3898 3075 3951 de
3108 3915 3221 3969 quo
3255 3901 3430 3954 etiam
3466 3901 3610 3958 alios

1962 3975 2161 4031 Patres
2211 3978 2499 4047 quosdam
2567 3980 2870 4038 dubitasse
2926 3984 3141 4040 ibidem
3196 3989 3610 4046 adnotavimus

1962 4082 2125 4119 num.
2172 4067 2295 4120 688.
2330 4067 2549 4123 Deinde
2581 4071 2840 4141 seipsum
2876 4074 3120 4143 explicat
3155 4077 3435 4145 adjiciens
3466 4080 3615 4134 nulli

1960 4156 2163 4209 animm
2194 4156 2403 4226 inferos
2424 4166 2636 4228 patere,
2697 4159 2873 4230 idque
2930 4164 3260 4232 approbans
3314 4182 3383 4220 ex
3439 4167 3610 4222 dictis

1959 4243 2201 4297 Abrahae
2259 4246 2328 4299 ad
2364 4246 2603 4300 divitem
2637 4248 2791 4315 (Duc.
2820 4254 2955 4316 XVI).
2990 4255 3132 4305 Cum
3163 4253 3394 4309 interim
3432 4256 3612 4311 fatea-

1959 4335 2055 4385 tur
2084 4334 2363 4402 quasdam
2393 4336 2605 4389 animas
2652 4337 2709 4390 in
2763 4354 2990 4409 corpora
3050 4343 3151 4395 Dei
3208 4343 3410 4399 virtute
3458 4362 3616 4416 posse

1958 4424 2220 4491 revocari,
2251 4422 2455 4493 quidni
2487 4428 2543 4477 et
2572 4442 2639 4479 ex
2667 4426 2944 4495 peculiari
2983 4430 3076 4484 Dei
3109 4431 3411 4503 privilegio
3451 4440 3614 4489 extra

1957 4527 2169 4582 corpus
2228 4512 2401 4566 etiam
2461 4513 2764 4568 exhiberi?
2823 4518 3070 4573 maxime
3129 4537 3306 4591 quam
3365 4523 3458 4593 (de
3494 4539 3610 4593 quo

2771 4605 3105 4677 exemplum
3166 4609 3485 4665 habeamus
3546 4612 3606 4667 in

1961 4689 2150 4743 Libris
2177 4690 2637 4745 Macbabaeorum
2690 4694 2759 4747 de
2816 4698 3179 4765 apparitione
3238 4699 3392 4754 Oniaa
3452 4701 3603 4755 188

1959 4778 2277 4833 sacerdotis
2335 4784 2392 4833 et
2447 4780 2707 4856 leremiae
2768 4783 3082 4855 prephetze.
3146 4786 3216 4841 Ut
3274 4793 3340 4842 ut
3396 4789 3491 4856 sit,
3545 4793 3602 4844 S.

1958 4867 2319 4937 Augustinus
2374 4854 2615 4938 pulchre
2647 4870 2753 4925 hac
2786 4874 2857 4926 de
2878 4854 2948 4928 ire
2980 4875 3063 4929 sic
3094 4875 3329 4947 scripsit
3358 4854 3503 4933 libro
3535 4880 3606 4933 de

1958 4957 2106 5011 Cura
2138 4974 2241 5028 pro
2274 4963 2470 5025 mort.,
2504 4976 2553 5014 c.
2591 4961 2675 5027 10,
2712 4962 2796 5028 11,
2842 4963 2908 5017 15
2963 4981 3028 5019 ac
3090 4968 3155 5020 16
3210 4986 3221 5022 :
3284 4974 3609 5025 Narrantur

1958 5046 2079 5101 visa
2137 5046 2426 5115 quaedam,
2488 5048 2755 5103 feruntur
2814 5054 3025 5107 mortui
3088 5058 3356 5113 nonnulli
3407 5060 3496 5114 vel
3546 5059 3606 5114 in

1958 5135 2203 5201 so'muis,
2238 5134 2326 5189 vel
2340 5135 2452 5189 alio
2466 5152 2838 5209 quocumque
2857 5144 3027 5197 modo
3045 5147 3391 5215 apparuisse
3408 5148 3608 5204 viven-

1957 5224 2135 5292 tibus,
2170 5237 2341 5295 atque
2376 5224 2472 5279 ubi
2506 5241 2703 5280 eorum
2736 5232 3255 5301 corporajacerant
3305 5236 3610 5294 inhumata

1958 5313 2377 5381 nescientibus,
2448 5313 2588 5368 locis
2655 5317 3069 5375 demonstratis
3130 5326 3505 5383 admonuisse
3546 5334 3611 5384 ut

1961 5402 2072 5457 sibi
2105 5401 2431 5473 sepultura,
2466 5419 2593 5473 qua?
2627 5405 2910 5473 defuerat,
2941 5413 3313 5480 praeberetur.
3375 5417 3502 5473 Haec
3560 5417 3609 5473 si

1959 5490 2106 5544 falsa
2128 5508 2255 5546 esse
2276 5494 2753 5561 responderimus
2769 5504 2967 5553 contra
2982 5507 3371 5569 quorumdam
3388 5508 3611 5575 scripta

1962 5578 2223 5632 fidelium
2294 5581 2555 5652 (utpote,
2628 5586 2875 5656 exempli
2936 5591 3147 5659 gratia,
3204 5597 3259 5646 S.
3319 5594 3611 5647 Ambrosii

1959 5668 2141 5722 Serm.
2205 5668 2274 5722 de
2334 5670 2671 5727 lnventione
2730 5690 3037 5745 corporum
3098 5680 3198 5734 SS.
3262 5680 3517 5735 Gervasii
3555 5686 3611 5737 et

3253 5805 3292 5862 8
