4072 6190
366 305 485 368 235

1566 307 1996 369 PARADOXA
2045 306 2580 370 TERTULLIANI

3662 310 3778 374 336

366 439 648 509 Pretasii;
682 443 739 495 et
792 440 850 495 S.
906 440 1167 507 Luciani,
1227 441 1297 496 de
1356 441 1693 497 Inventione
1749 439 2009 513 corporis
2036 440 2256 508 Anus,
2315 439 2375 495 in
2434 440 2842 499 haereticorum
2892 438 3203 514 Catalogis.
3238 443 3362 510 Quo
3409 441 3474 497 fit
3506 442 3774 499 utetiam
3836 432 3841 433 ί

367 530 554 587 sancti
582 528 860 600 Stephani
890 530 1363 603 Protomartyris,
1395 535 1451 585 et
1481 529 1754 603 aliorum)
1787 536 1843 586 et
1874 545 2015 585 con-

365 624 456 676 tra
486 636 687 675 eorum
722 635 933 674 sensus
963 618 1062 690 qui
1098 619 1235 674 talia
1280 619 1393 675 sibi
1453 620 1747 676 accedisse
1805 620 2014 675 contir-

320 746 325 751 η
366 715 552 777 mant,
586 709 958 780 impudenter
990 709 1186 765 venire
1217 709 1567 764 videbimur.
1594 710 1886 781 Angelicis
1908 708 2015 777 igi-

362 803 461 853 tur
490 797 927 869 operationibus
982 796 1129 867 ﬁeri,
1189 796 1401 868 inquit,
1461 798 1834 865 crediderim,
1894 798 2014 853 sive

365 888 715 959 permitatur
772 888 1041 958 desuper,
1102 886 1220 942 sive
1254 888 1555 959 jubeatur.
1591 889 1650 944 Id
1683 893 1879 943 autem
1907 886 2011 942 ali-

367 978 601 1047 quando
634 975 858 1032 utiliter
887 978 975 1046 tit,
1010 977 1127 1032 sive
1159 978 1230 1032 ad
1263 978 1525 1033 vivorum
1585 977 2014 1049 qualecumque

365 1064 662 1135 solatium,
688 1065 806 1122 sive
838 1071 901 1120 ut
926 1066 1017 1121 bis
1050 1067 1551 1123 admonitionibus
1584 1067 1783 1140 generi
1814 1067 2013 1121 huma-

366 1172 439 1210 no
499 1154 811 1227 sepultum
869 1156 1318 1211 commendetur
1376 1156 1736 1212 humanitas.
1802 1155 2015 1211 Deinde

365 1248 499 1315 post
556 1243 758 1300 multis
816 1244 875 1299 in
908 1248 1219 1316 utramque
1254 1250 1479 1317 partem
1511 1246 1811 1318 productis
1840 1261 2013 1316 argu-

366 1334 602 1397 mentis,
635 1334 718 1388 sic
750 1334 1045 1387 concludit
1079 1351 1090 1387 :
1127 1334 1275 1388 Mitti
1310 1352 1541 1405 quoque
1574 1336 1644 1389 ad
1693 1335 1854 1390 vivos
1903 1333 2015 1388 ali—

365 1439 512 1493 quos
544 1438 611 1478 ex
643 1422 914 1491 mortuis,
948 1422 1099 1477 sicut
1128 1438 1157 1477 e
1190 1423 1480 1479 contrario
1516 1422 1728 1478 Paulus
1759 1440 1828 1478 ex
1871 1421 2013 1477 vivis

363 1512 422 1566 in
456 1510 796 1582 paradisum
830 1516 1034 1582 raptus
1066 1511 1384 1576 est,divina
1412 1511 1712 1583 Scriptura
1742 1516 2010 1567 testatur.

362 1600 509 1655 Nam
542 1599 775 1655 Samuel
808 1600 1090 1672 propheta
1122 1600 1432 1656 defunctus
1490 1602 1620 1656 vivo
1672 1600 1833 1656 Sauli
1893 1598 2013 1670 regi

363 1689 563 1744 futura
606 1688 870 1760 praedixit
899 1688 1192 1760 (quamvis
1225 1689 1514 1756 nonnulli,
1546 1689 1699 1744 inter
1728 1705 1895 1760 quos,
1933 1688 2011 1742 uti

355 1778 482 1848 jam
513 1777 652 1842 dixi,
686 1779 905 1832 Auctor
937 1782 1155 1847 noster,
1191 1794 1306 1832 non
1340 1779 1536 1850 ipsum
1569 1778 1877 1848 fuisse,qui
1912 1794 2014 1848 po-

364 1866 577 1922 tuisset
602 1866 847 1937 magicis
880 1866 1105 1922 artibus
1139 1866 1387 1938 evocari,
1422 1868 1521 1923 sed
1555 1867 1810 1939 aliquem
1843 1865 2013 1937 spiri-

362 1959 488 2009 tum
524 1953 694 2010 malis
724 1956 999 2025 operibus
1031 1955 1650 2027 congruentem,illius
1680 1955 2018 2011 existiment

365 2043 813 2099 similitudinem
839 2044 1352 2115 figurasse),quum
1384 2043 1532 2100 liber
1550 2044 2012 2113 EcclesiaSticus,

363 2149 540 2204 quem
571 2134 743 2189 Jesus
775 2132 935 2188 filius
995 2133 1198 2187 Sirach
1258 2134 1571 2205 scripsisse
1626 2134 1902 2200 traditur,
1959 2138 2017 2187 et

361 2226 598 2294 propter
614 2220 805 2293 eloqui
829 2221 1176 2277 nonnullam
1196 2221 1645 2277 similitudinem
1684 2221 2014 2277 Salomonis

360 2311 558 2383 (etiam
590 2311 662 2366 ab
693 2310 818 2381 ipso
864 2309 1220 2366 Tertulliano
1281 2310 1519 2382 alicubi)
1575 2311 2012 2381 pronuntiatur,

359 2400 655 2455 contineat
684 2400 743 2453 in
776 2399 947 2455 laude
982 2400 1214 2455 Patrum
1250 2400 1323 2471 (c.
1381 2400 1505 2471 464)
1567 2401 1721 2472 quod
1779 2399 2013 2455 Samuel

358 2490 535 2544 etiam
598 2492 869 2543 mortuus
930 2476 1386 2560 prephetaverit.
1419 2489 1529 2544 Sed
1563 2489 1611 2544 si
1644 2489 1781 2544 huic
1814 2488 1914 2544 lib.
1947 2506 2016 2544 ex

358 2578 757 2641 Hebraeorum,
793 2577 935 2647 quia
968 2575 1025 2630 in
1058 2593 1123 2630 eo
1156 2594 1269 2631 non
1302 2584 1412 2640 est,
1448 2593 1670 2632 canone
1720 2578 2013 2632 contradi-

361 2665 532 2734 citur,
566 2665 706 2737 quid
742 2664 810 2721 de
836 2668 990 2720 Mose
1021 2664 1234 2720 dicturi
1271 2682 1499 2735 sumus,
1534 2666 1632 2737 qui
1664 2670 1817 2721 certe
1848 2670 1904 2721 et
1955 2666 2014 2720 in

358 2753 812 2809 Deuteronomio
845 2758 1198 2824 mortuus,et
1229 2753 1288 2808 in
1320 2753 1629 2826 Evangelio
1661 2771 1793 2809 cum
1830 2753 2012 2824 Helia,

357 2842 461 2913 qui
496 2847 763 2897 mortuus
797 2859 911 2897 non
945 2847 1036 2897 est
1072 2842 1284 2914 (Matth.
1346 2843 1506 2914 xvn),
1564 2844 1778 2915 legitur
1834 2860 2012 2914 appa-

358 2933 550 2988 ruisse
604 2930 981 2987 viventibus?
1040 2932 1187 2986 Hinc
1244 2936 1302 2986 et
1352 2931 1454 2986 illa
1486 2931 1730 2987 solvitur
1770 2933 2014 3003 quaestio

358 3038 615 3093 quonam
650 3022 824 3075 modo
858 3019 1318 3093 martyres,ipsis
1348 3021 1649 3075 beneficiis
1687 3037 1814 3091 quae
1868 3021 2013 3076 dan-

358 3117 457 3168 tur
485 3112 794 3168 orantibus
826 3111 1088 3166 indicant
1120 3128 1181 3166 se
1209 3112 1494 3167 interesse
1519 3111 1689 3167 rebus
1712 3111 2012 3181 humanis,

2126 531 2284 602 apud
2316 534 2378 583 B.
2416 531 3084 602 Augustin.censeamus
3118 531 3227 604 legi
3260 532 3470 587 debere
3503 532 3695 588 dicunt
3726 537 3779 588 et

2126 619 2298 691 paulo
2352 624 2486 691 post
2540 620 2783 691 credunt,
2846 639 2946 694 pro
3004 622 3136 676 dicit
3180 626 3235 676 et
3264 621 3438 677 credit
3470 639 3488 675 :
3522 622 3778 677 maxime

2124 724 2257 763 cum
2288 709 2435 763 nihil
2470 710 2583 765 tale
2614 711 2865 781 reperire
2898 712 2974 765 sit
2998 711 3056 765 in
3116 712 3351 781 scriptis
3409 710 3777 779 Tertulliani,

2124 813 2313 869 neque
2344 798 2426 852 illi
2462 799 2714 870 uspiam,
2747 801 2846 856 sed
2881 800 3116 872 Origeni
3147 800 3398 855 ascribat
3429 800 3587 855 Beati
3644 800 3777 856 Hie-

2124 887 2351 955 ronymi
2411 887 2581 958 epist.
2640 889 2734 953 59,
2785 889 2855 943 ad
2899 890 3141 955 Avitum,
3174 894 3231 944 et
3259 888 3359 943 lib.
3393 906 3454 956 n,
3489 890 3559 944 ad
3588 890 3777 958 Ruﬁn.

2124 975 2203 1029 Ea
2226 992 2357 1030 vero
2390 980 2508 1031 tam
2542 978 2799 1032 absurda
2828 982 2937 1047 est,
2971 983 3035 1031 ut
3066 994 3179 1032 non
3211 976 3327 1032 alia
3374 977 3777 1033 confutatione

2124 1080 2271 1135 opus
2302 1064 2535 1131 habeat,
2570 1082 2747 1137 quam
2781 1067 2934 1138 quod
2962 1066 3201 1121 haeresis
3234 1065 3467 1122 nomine
3497 1067 3780 1121 damnata

2124 1153 2222 1221 sit,
2250 1157 2377 1209 tum
2408 1171 2441 1209 a
2473 1155 2859 1226 scriptoribus
2882 1158 3006 1225 jam
3039 1155 3231 1225 dictis,
3264 1159 3389 1209 tum
3418 1171 3451 1210 a
3484 1160 3648 1210 sexta
3679 1172 3777 1227 sy-

2124 1242 2299 1308 nodo,
2332 1244 2439 1298 etsi
2492 1244 2666 1313 paulo
2723 1244 3054 1313 obscurius,
3116 1243 3175 1299 in
3227 1243 3476 1316 Origene
3531 1247 3589 1298 et
3646 1244 3776 1314 ejus

2124 1331 2533 1402 complicibus,
2577 1338 2688 1387 act.
2752 1334 2836 1399 11,
2896 1333 3064 1403 epist.
3100 1332 3387 1403 Sophron.
3423 1332 3777 1405 patriarcha

2123 1420 2508 1493 Hierosolym.
2539 1421 2676 1476 Orta
2707 1422 2924 1493 quippe
2954 1439 3023 1477 ex
3080 1421 3339 1477 Platonis
3398 1421 3620 1487 schola,
3676 1421 3780 1494 qui

2124 1509 2211 1565 vel
2264 1511 2512 1565 Auctore
2571 1515 2739 1580 teste,
2800 1510 2900 1565 lib.
2932 1512 2998 1566 de
3026 1513 3238 1580 anima,
3272 1510 3445 1582 capit.
3477 1512 3568 1580 23,
3597 1512 3690 1578 24,
3722 1515 3782 1567 et

2122 1601 2210 1665 28,
2247 1598 2437 1653 aiebat
2463 1598 2689 1654 animas
2722 1599 2859 1655 hinc
2892 1599 2947 1654 in
2980 1599 3153 1655 ccelos
3182 1599 3343 1654 abire
3393 1601 3549 1655 unde
3606 1616 3782 1655 vene-

2125 1692 2274 1755 rant,
2327 1693 2383 1743 et
2432 1704 2637 1743 rursus
2666 1688 2782 1744 huc
2815 1690 3025 1744 redire.
3059 1689 3163 1744 Cui
3197 1689 3478 1744 nimirum
3510 1689 3649 1761 quid
3678 1688 3784 1744 tri-

2126 1776 2383 1831 buebant
2422 1777 2702 1849 Origenes
2760 1783 2817 1832 et
2874 1777 3129 1833 haeretici
3190 1777 3422 1849 reliqui,
3483 1784 3547 1833 ut
3592 1779 3781 1833 veris-

2124 1864 2344 1920 simum
2376 1865 2453 1921 sit
2476 1866 2631 1937 quod
2664 1883 2779 1922 non
2811 1866 2993 1921 semel
3021 1869 3237 1921 Auctor
3270 1868 3497 1938 repetit,
3528 1868 3784 1938 patriar-

2123 1954 2251 2009 chas
2282 1957 2663 2011 [careticorum
2693 1972 2805 2011 esse
2830 1955 3194 2027 philosophos.
3232 1957 3354 2011 Imo
3386 1957 3539 2027 quod
3571 1956 3781 2011 eadem

2126 2042 2349 2099 ratione
2383 2048 2727 2115 sequeretur
2757 2044 2943 2099 bonos
2968 2043 3238 2099 homines
3271 2044 3328 2097 in
3362 2044 3599 2116 angelos
3638 2061 3784 2099 con-

2122 2134 2292 2201 verti,
2325 2147 2597 2205 expresse
2630 2138 2803 2205 negat
2835 2134 2979 2205 ipse.
3007 2133 3101 2187 Sic
3132 2133 3287 2189 enim
3316 2132 3415 2188 lib.
3479 2134 3599 2188 adv.
3664 2139 3786 2191 Va-

2124 2224 2257 2277 lent.
2313 2239 2439 2294 cap.
2498 2223 2588 2293 32,
2652 2240 2815 2278 num.
2855 2223 2963 2277 262
2995 2241 3007 2278 :
3043 2245 3068 2272 «
3096 2226 3165 2278 Et
3192 2226 3390 2278 tamen
3419 2221 3557 2278 illuc
3589 2223 3782 2280 habeo

2123 2311 2439 2380 devertere,
2468 2311 2567 2366 ubi
2601 2315 2733 2382 post
2753 2327 3057 2366 excessum
3091 2310 3330 2365 omnino
3364 2327 3477 2366 non
3510 2311 3781 2379 nubitur,

2123 2400 2221 2453 ubi
2254 2398 2598 2470 superindui
2640 2398 2833 2470 potius
2889 2416 3067 2470 quam
3116 2398 3454 2471 despoliari,
3513 2400 3611 2455 ubi
3666 2402 3786 2456 etsi

2123 2488 2422 2561 despolior
2447 2488 2609 2544 sexui
2646 2504 2795 2554 meo,
2828 2490 3077 2561 deputor
3103 2489 3350 2560 angelis,
3385 2506 3499 2545 non
3531 2488 3784 2561 angelus

2124 2583 2224 2633 aut
2257 2578 2483 2649 angela.
2520 2601 2546 2626 n
2578 2577 2839 2648 Denique
2866 2577 2968 2632 lib.
3001 2578 3065 2633 de
3094 2579 3314 2643 Anima,
3339 2595 3464 2648 cap.
3492 2579 3582 2646 56,
3609 2595 3784 2634 num.

2122 2667 2249 2733 622,
2281 2683 2398 2721 non
2431 2666 2771 2739 angelorum
2805 2666 3200 2722 substantiam
3230 2666 3569 2722 hominibus
3600 2666 3789 2739 polli-

2125 2760 2309 2820 cetur,
2342 2756 2444 2811 sed
2474 2757 2773 2827 perfectum
2802 2755 2943 2811 illud
2993 2756 3063 2811 ad
3107 2757 3365 2827 angelicae
3409 2756 3787 2828 plenitudinis

2121 2859 2436 2899 mensuram
2468 2851 2848 2915 temperatum.
2882 2843 3101 2899 Deinde
3125 2842 3223 2897 lib.
3263 2845 3334 2899 de
3362 2849 3587 2899 Resurr.
3619 2862 3785 2900 eam.

2125 2949 2176 2987 c.
2208 2934 2298 3003 62,
2336 2949 2498 2989 num.
2546 2934 2649 2988 428
2682 2951 2695 2988 :
2729 2955 2756 2983 ‹‹
2818 2932 3101 3004 Denique,
3162 2932 3378 3004 inquit,
3437 2951 3553 2989 non
3609 2933 3783 3002 dixit,

2123 3024 2308 3075 Erunt
2335 3020 2549 3092 angeli,
2583 3037 2653 3076 ne
2684 3020 2952 3076 homines
2985 3022 3351 3092 negaret,sed
3385 3032 3646 3092 tanquam
3682 3038 3791 3078 an-

2124 3110 2256 3180 geli,
2288 3113 2352 3165 ut
2381 3110 2650 3165 homines
2683 3111 3014 3181 denegaret.
3048 3110 3172 3165 Non
3204 3109 3446 3166 abstulit
3502 3110 3787 3166 substan-

356 3220 403 3258 Sl
438 3203 708 3258 nesciunt
738 3203 952 3256 mortui
985 3203 1084 3271 qui
1117 3210 1297 3273 agant
1328 3200 1457 3256 vivi.
1491 3206 1616 3256 Non
1662 3202 1818 3257 enim
1870 3204 2010 3259 solis
2041 3185 2083 3253 Ο
2121 3199 2267 3253 tiam
2327 3198 2420 3253 cui
2477 3198 2928 3254 similitudinem
2988 3198 3275 3253 attribuit.
3335 3222 3364 3250 ››
3414 3199 3602 3262 Quare
3634 3200 3790 3255 satis

354 3290 771 3346 beneficiorum
824 3289 1066 3358 elfectis,
1128 3306 1327 3345 verum
1386 3290 1563 3346 etiam
1625 3290 1772 3362 ipsis
1816 3292 2011 3347 homi—

353 3397 491 3435 num
529 3379 883 3451 aspectibus,
916 3380 1311 3433 confessorem
1361 3378 1707 3450 apparuisse
1760 3380 2007 3436 Felicem

347 3468 527 3540 (quod
562 3469 756 3539 ipsum
789 3466 965 3521 etiam
997 3470 1051 3521 S.
1079 3468 1363 3522 Paulinus
1385 3469 1713 3523 adtestatur
1742 3470 2009 3527 Carmine

348 3558 407 3611 in
440 3557 736 3627 Felicem),
766 3573 899 3611 cum
929 3574 961 3611 a
1012 3556 1285 3613 Barbarie
1341 3556 1487 3612 Nola
1544 3564 2004 3631 oppugnaretur,

354 3646 711 3712 audivimus,
749 3662 861 3701 non
896 3645 1132 3701 incertis
1171 3646 1532 3715 rumoribus,
1593 3648 1694 3702 sed
1754 3649 2007 3705 testibus

353 3735 547 3791 certis.
583 3734 801 3790 Verum
833 3735 946 3789 ista
976 3734 1257 3791 divinitus
1290 3735 1658 3804 exhibentur,
1692 3736 1863 3809 longe
1895 3738 2004 3793 ali-

352 3828 441 3879 ter
470 3841 646 3895 quam
680 3839 806 3879 sese
836 3824 1012 3879 habet
1043 3823 1294 3879 usitatus
1326 3826 1487 3892 ordo,
1539 3825 1790 3895 singulis
1844 3844 2004 3883 crea-

351 3917 617 3969 turarum
672 3913 987 3985 generibus
1053 3913 1406 3969 attributus.
1477 3916 1824 3986 Quanquam
1895 3917 2008 3973 ista

354 4003 619 4074 quaestio,
679 4002 889 4073 inquit,
946 4002 1099 4058 vires
1155 4002 1555 4075 intelligentiae
1616 4021 1759 4059 meaa
1791 4004 2003 4070 vincat,

354 4092 855 4165 quemadmodum
888 4091 1249 4163 opitulentur
1281 4098 1566 4164 martyres
1599 4093 1691 4147 his
1723 4109 1871 4164 quos
1903 4110 2007 4164 per

348 4198 448 4237 eos
479 4184 703 4237 certum
738 4184 826 4235 est
856 4180 1134 4250 adjuvari.
1172 4182 1283 4235 Res
1316 4180 1437 4235 haec
1470 4180 1642 4236 altior
1686 4185 1776 4236 est
1827 4197 2003 4251 quam

350 4275 415 4325 ut
447 4288 480 4325 a
509 4286 602 4325 me
634 4269 823 4341 possit
848 4268 1079 4341 attingi,
1105 4274 1161 4325 et
1190 4269 1517 4325 abstrusior
1550 4286 1727 4340 quam
1761 4275 1883 4324 uta
1913 4287 2006 4325 me

345 4358 533 4415 valeat
568 4358 919 4428 perscrutari
954 4364 1053 4425 ;et
1093 4358 1220 4413 ideo
1280 4359 1420 4429 quid
1480 4359 1693 4412 horum
1752 4359 2003 4414 duorum

349 4448 445 4514 sit,
498 4464 570 4501 an
603 4463 733 4501 vero
769 4446 1038 4502 fortassis
1070 4452 1413 4518 utrumque,
1449 4451 1512 4500 ut
1541 4446 1859 4517 aliquando
1892 4448 2006 4504 ista

350 4537 496 4592 fiant
524 4552 629 4608 per
658 4536 849 4607 ipsam
884 4537 1253 4607 prmeentiam
1288 4540 1634 4607 martyrum,
1690 4535 2003 4607 aliquando
2034 4556 2082 4621 D
2115 4535 2321 4643 ῥόξαώ

352 4642 453 4697 per
480 4625 719 4697 angelos
753 4625 1142 4696 suscipientes
1171 4641 1480 4695 personam
1506 4627 2002 4696 martyrum,deli-

352 4715 478 4771 nire
510 4731 625 4771 non
659 4715 845 4770 audeo
879 4731 892 4769 :
929 4713 1159 4767 mallem
1194 4729 1227 4767 a
1257 4711 1578 4767 scientibus
1610 4712 1724 4768 ista
1769 4715 2003 4785 perqui-

352 4821 499 4876 rere,
534 4822 658 4876 quze
689 4804 819 4876 ipsa
868 4802 927 4857 in
985 4800 1402 4872 compendium
1461 4802 1746 4857 contraxit
1802 4808 2007 4858 auctor

350 4893 486 4949 libri
544 4895 609 4950 de
642 4893 884 4961 ,Spiritu
934 4894 983 4944 et
1010 4892 1224 4959 anima,
1259 4906 1384 4960 cap.
1418 4889 1511 4960 26,
1540 4892 1826 4949 exstantia
1855 4893 2008 4948 inter

354 4999 529 5055 opera
557 4981 621 5036 B.
652 4976 989 5051 Augustini.

353 5105 504 5162 189
538 5106 566 5171 §
595 5103 681 5157 11.
714 5101 934 5156 Animos
968 5101 1260 5158 hominum
1314 5104 1575 5173 pessimos
1594 5113 1715 5174 post
1771 5114 2005 5160 mortem

421 5180 483 5231 in
527 5175 803 5247 daemonos
850 5176 1008 5243 verti,
1044 5174 1101 5229 S.
1134 5177 1409 5245 August.,
1440 5175 1547 5232 lib.
1587 5177 1655 5230 de
1684 5176 1902 5247 hama,
1933 5176 2004 5231 ad

424 5245 877 5315 Quodvultdeum.

420 5369 579 5427 Istud
609 5368 949 5440 paradoxon
980 5383 1096 5423 non
1141 5371 1260 5424 tam
1319 5370 1674 5425 Tertulliano
1732 5370 1999 5425 tribuen-

350 5459 488 5516 dum
548 5474 725 5530 quam
758 5455 1239 5523 Tertullianistis,
1274 5474 1453 5530 supra
1485 5459 1894 5515 adnotavimus
1927 5460 1999 5514 ad

350 5549 529 5605 finem
555 5547 700 5602 Vita:
732 5544 1182 5615 Auctoris,quod
1216 5546 1332 5602 illis
1366 5549 1421 5602 id
1455 5548 1799 5603 nominatim
1835 5548 1997 5603 attri-

354 5648 540 5713 quant
564 5638 620 5694 Β.
653 5635 941 5702 Isidorus,
979 5634 1295 5703 Honorius,
1326 5637 1643 5694 Rhabanus
1674 5642 1731 5691 et
1777 5635 2000 5693 Gratia-

2121 3286 2321 3341 mirari
2349 3302 2571 3358 nequeo
2606 3287 2803 3358 (sicuti
2834 3286 3010 3343 etiam
3042 3286 3314 3343 adnotavi
3346 3289 3418 3343 ad
3450 3287 3788 3356 lib.m,adv.

2117 3375 2280 3430 Marc.
2314 3392 2441 3446 cap.
2473 3376 2527 3442 9,
2562 3392 2726 3431 num.
2758 3377 2866 3445 68).
2901 3376 3226 3431 Guidonem
3259 3376 3629 3432 Carmelitam
3666 3375 3754 3431 lib
3777 3418 3792 3430 .

2115 3465 2183 3518 de
2211 3466 2411 3519 Haeres.
2447 3480 2573 3536 cap.
2607 3465 2696 3534 36,
2728 3464 3080 3520 Tertulliano
3112 3469 3421 3536 utramque
3453 3466 3604 3520 hanc
3651 3466 3783 3521 haz-

2117 3552 2295 3608 resim
2327 3554 2641 3623 ascribere,
2674 3571 2823 3625 quas
2854 3554 3071 3609 rectius
3131 3553 3479 3610 Philastrius
3541 3554 3645 3609 lib.
3706 3556 3789 3611 de

2114 3649 2347 3711 Ηκνθιςη
2402 3660 2530 3716 cap.
2591 3646 2682 3713 36,
2740 3644 2895 3701 inter
2945 3643 3339 3700 innominatas
3383 3643 3509 3699 sine
3534 3648 3783 3699 auctore

2117 3738 2275 3789 certo
2306 3733 2569 3789 collocat.

2116 3842 2258 3909 §12.
2291 3842 2367 3896 De
2410 3839 2757 3911 baptizandis
2806 3842 3109 3907 haereticis,
3160 3855 3219 3895 eo
3266 3839 3407 3911 quod
3449 3838 3597 3911 apud
3640 3840 3789 3895 illo:

2187 3915 2372 3969 omnia
2400 3914 2625 3968 veritati
2653 3916 2927 3968 extranea
2955 3918 3005 3969 et
3037 3914 3337 3978 contraria,
3370 3916 3513 3967 tom.
3539 3912 3638 3981 ΙΙΙ,
3666 3912 3786 3967 lib.

2185 3984 2252 4039 de
2276 3987 2588 4055 prmscript.
2623 3983 2743 4039 adv.
2778 3985 2970 4041 lateret.
3008 4002 3058 4039 c.
3096 3986 3181 4039 12.
3215 4000 3379 4038 num.
3438 3984 3623 4055 78,7ac
3678 3984 3784 4049 80,

2184 4060 2240 4110 et
2277 4054 2396 4109 ilib.
2457 4054 2523 4110 de
2556 4057 2822 4125 Baptism.
2856 4072 2905 4110 c.
2940 4057 3027 4124 15,
3063 4074 3119 4111 n.
3150 4056 3288 4117 406;
3322 4060 3465 4111 tom.
3491 4054 3585 4125 IV,
3620 4055 3789 4109 inter

2182 4130 2494 4197 fragmenta
2524 4126 2589 4181 de
2634 4124 2868 4197 Baptis.
2931 4127 3149 4191 Gram;
3206 4131 3349 4183 tom.
3412 4127 3484 4196 V,
3539 4124 3645 4180 lib.
3707 4126 3788 4182 de

2187 4200 2399 4267 Pudic.,
2433 4215 2561 4269 cap.
2598 4200 2684 4267 19,
2720 4215 2885 4253 num.
2920 4200 3041 4254 162.

2186 4304 2265 4359 De
2296 4303 2403 4359 hoc
2450 4304 2755 4376 Agrippini
2808 4303 3339 4377 Carthaginiensis,
3398 4302 3786 4375 aliorumque

2112 4394 2614 4465 coepiscoporum,
2675 4399 2730 4448 et
2788 4394 3152 4460 Tertulliani,
3200 4410 3267 4449 ac
3298 4394 3678 4465 postmodum
3713 4393 3784 4449 S.

2111 4482 2783 4554 Cypriani,aliorumque
2815 4483 3019 4537 Africae
3050 4486 3109 4537 et
3138 4480 3513 4553 Cappadocia:
3543 4480 3782 4553 episco-

2385 4572 2697 4640 Paradoxo,
2754 4588 2825 4626 ne
2856 4571 2951 4626 hic
2984 4572 3094 4626 sim
3128 4570 3425 4643 prolixior,
3459 4570 3656 4626 videat
3685 4570 3791 4626 le-

2118 4665 2242 4715 ctor
2271 4661 2542 4716 Adnotat.
2574 4664 2808 4715 nostras
2838 4661 2897 4715 in
2931 4661 3101 4732 epist.
3148 4660 3205 4716 S.
3258 4658 3531 4732 Cypriani
3577 4660 3653 4713 70
3699 4661 3789 4715 ad

2112 4751 2467 4817 Ianuarium,
2520 4750 2585 4803 71
2648 4750 2717 4804 ad
2779 4751 3060 4818 Quintam,
3109 4751 3181 4803 72
3208 4750 3282 4804 ad
3312 4749 3674 4820 Stephanum,
3700 4749 3790 4805 73

2114 4839 2184 4893 ad
2211 4839 2566 4904 Jabaianum,
2598 4839 2668 4892 74
2699 4839 2767 4893 ad
2797 4840 3143 4909 Pompeium,
3176 4842 3233 4893 et
3265 4839 3334 4893 76
3361 4838 3432 4893 ad
3487 4838 3789 4907 Magnum,

2114 4927 2252 4982 item
2276 4926 2587 4981 concilium
2605 4926 3086 4998 Carthaginiense
3110 4928 3218 4982 sub
3239 4926 3367 4998 ipso
3387 4924 3790 4993 celebratum;

2114 5020 2171 5070 et
2194 5016 2388 5070 Vitam
2411 5016 2677 5085 ejusdem
2704 5015 2776 5069 ad
2799 5030 2984 5069 annos
3009 5012 3237 5069 Domini
3259 5014 3367 5069 252
3390 5029 3459 5069 ac
3476 5012 3607 5079 256,
3629 5011 3795 5069 item

2115 5103 2442 5159 Firmiliani
2473 5104 2543 5159 ad
2574 5103 3055 5176 Cypr.epistolam
3088 5102 3243 5158 inter
3259 5103 3415 5158 I90
3432 5104 3562 5173 ejus
3583 5100 3799 5173 Opera.

2110 5193 2214 5258 75;
2244 5192 2492 5261 denique
2525 5193 2799 5246 Adnotat.
2834 5197 3066 5247 nostras
3097 5192 3158 5246 in
3188 5189 3433 5246 Tertull.
3466 5189 3539 5245 ad
3588 5188 3797 5262 Frag-

2112 5286 2310 5335 menta
2365 5281 2468 5335 lib.
2522 5282 2596 5334 de
2656 5282 2921 5349 Baptism.
2958 5284 3015 5335 et
3042 5276 3101 5333 in
3133 5264 3263 5334 Vita
3294 5278 3561 5350 ejusdem
3590 5275 3798 5334 etiam

2113 5373 2315 5425 nostra
2339 5370 2410 5423 ad
2445 5385 2665 5423 annum
2703 5367 2931 5422 Domini
2960 5369 3085 5423 201.
3119 5368 3344 5434 Quibus
3375 5365 3588 5439 adjicio
3651 5381 3798 5423 non

2110 5457 2327 5512 mirum
2374 5455 2631 5527 cuipiam
2682 5456 2891 5512 debere
2920 5456 3128 5524 videri,
3161 5456 3207 5513 si
3237 5454 3601 5529 Agrippinae
3632 5470 3801 5514 cum

2109 5545 2235 5600 suis
2257 5544 2617 5616 coepiscopis
2648 5544 2762 5600 tale
2790 5546 3085 5601 decretum
3134 5546 3205 5602 de
3260 5542 3634 5618 baptizandis
3700 5543 3798 5602 iis

2107 5633 2207 5705 qui
2245 5648 2315 5689 ex
2347 5632 2555 5688 haeresi
2586 5634 2658 5689 ad
2692 5633 3531 5707 oatholicamgrevertebantur,
3561 5630 3801 5691 edide-
