4072 6190
377 347 498 409 239

1577 328 1998 394 PABADOXA
2048 326 2572 393 TERTULLIANI

3679 333 3797 393 sic

354 454 554 543 'Beda,
584 476 893 549 Nicephor,
925 474 986 529 in
1037 472 1267 537 Chrom,
1312 485 1466 525 anno
1513 465 1731 523 Tiberii
1768 463 1856 528 18,
1890 477 2029 534 pas-
2061 459 2116 527 Α
2145 461 2561 536 desipuisse,ut
2594 468 2771 525 etiam
2793 468 2895 525 Dei
2925 472 3196 526 naturam
3229 467 3568 541 passibilem
3602 470 3799 524 crede-

382 585 513 625 sum
544 567 843 621 Christum
878 559 1369 631 scribunt,a>tatis
1404 572 1613 626 nempe
1641 572 1761 610 suae
1793 554 1884 617 33,
1908 551 2034 621 jam

384 660 634 729 incepto.
671 660 745 709 De
779 652 1084 709 consulatu
1120 666 1230 720 quo
1281 647 1475 720 passio
1506 644 1722 700 Christi
1772 639 2037 729 contigit,

386 728 632 803 noniita
674 745 1027 799 conveniunt
1057 755 1281 795 omnes.
1334 741 1390 790 S.
1432 742 1582 805 Aug.
1634 735 1733 788 lib.
1768 748 1926 798 xvm,
1972 728 2038 782 de

388 839 546 893 Civil.
584 836 702 900 Dei,
737 850 783 887 c.
820 832 947 896 ult.,
982 834 1037 884 et
1074 833 1319 883 Severus
1352 825 1664 895 Sulpitius,
1699 824 1832 875 Hist.
1866 832 2040 873 sacra

387 926 487 980 lib.
522 943 583 991 II,
629 921 895 978 fortassis
951 918 1295 975 auctoritate
1328 914 1490 970 ducti
1520 909 1886 977 Tertulliani,
1921 924 2037 962 non

387 1012 732 1069 examinatis
762 1010 947 1065 Fastis
977 1005 1405 1069 consularibus,
1442 1002 1551 1057 sub
1583 1001 1813 1055 duobus
1844 994 2038 1051 Gemi-

390 1104 481 1159 nis
513 1100 820 1163 collocant,
853 1098 1025 1153 sicuti
1060 1096 1231 1151 etiam
1268 1090 1650 1164 suprascripti
1682 1089 1805 1143 loco
1857 1083 2035 1157 priori

389 1194 678 1246 auctores.
715 1187 1086 1243 Recentiores
1118 1183 1361 1253 aliquot,
1397 1180 1495 1250 qui
1536 1177 1851 1233 Dominum
1882 1188 2035 1228 anno

381 1279 569 1338 aetatis
600 1280 667 1333 34
701 1292 941 1349 passum
974 1268 1535 1339 scribunt,consules
1568 1266 1875 1337 assignant
1903 1260 2037 1316 Gal-

380 1373 519 1426 bam
554 1371 610 1423 et
658 1366 893 1437 Syllam,
931 1364 1029 1435 qui
1077 1379 1229 1417 anno
1280 1358 1495 1414 Tiberii
1547 1358 1612 1411 19
1661 1352 2035 1409 consulatum

380 1460 712 1532 gesserunt.
744 1458 964 1509 Verum
1013 1449 1324 1521 Evangelio
1359 1446 1547 1516 magis
1598 1441 1919 1532 conformis
1948 1444 2037 1495 est

381 1528 585 1604 eorum
620 1542 929 1613 sententia,
965 1545 1021 1596 et
1054 1537 1401 1594 nominatim
1436 1531 1746 1589 Cassidiori
1780 1528 2035 1600 castiga-

376 1634 673 1705 tioris,qui
695 1648 914 1688 annum
941 1627 1237 1683 Passionis
1254 1618 2030 1696 assignantconsulibustlh.

374 1724 647 1781 Domitio.
688 1727 744 1776 li.
776 1723 833 1775 F.
860 1721 919 1775 L.
947 1714 1333 1773 Ahenobardo
1359 1718 1413 1768 et
1436 1716 1500 1766 A.
1524 1709 1757 1765 Vitellio
1787 1708 1844 1763 P.
1875 1708 1934 1762 F.
1965 1709 2031 1772 Ω.

2149 558 2325 622 ret,ut
2346 557 2471 627 jam
2504 557 2772 613 Christus
2805 577 2920 614 non
2950 560 3010 614 in
3045 575 3217 614 carne
3242 563 3494 627 tantum,
3520 574 3707 629 neque
3739 559 3797 613 in

2150 659 2322 699 carne
2347 650 2402 701 et
2433 647 2645 715 anima,
2681 648 2782 702 sed
2815 647 2872 702 in
2908 648 3033 720 ipso
3065 648 3275 715 Verbo,
3310 664 3413 719 per
3438 648 3593 719 quod
3649 647 3801 703 facta

2149 738 2289 787 sunt
2318 737 2535 799 omnia,
2558 736 2854 807 passibilis
2887 743 2943 793 et
2973 736 3410 793 commutabilis
3440 753 3568 792 esse
3601 737 3798 791 creda-

2148 826 2262 888 tur,
2298 825 2448 895 quod
2486 826 2637 881 absit
2670 844 2702 881 a
2734 827 2906 882 corde
2936 827 3281 882 christiano.
3321 827 3390 881 Et
3420 842 3657 880 rursum
3690 826 3801 879 ibi-

2149 912 2281 966 dem
2314 913 2506 969 verbis
2527 915 2701 970 etiam
2727 933 2908 986 supra
2931 915 3127 971 citatis
3154 933 3166 970 :
3192 916 3297 970 Sed
3327 916 3631 971 tremenda
3662 922 3799 969 sunt

2149 1000 2405 1067 ista,non
2440 1004 2703 1058 ridenda.
2738 1006 2816 1059 Ad
2871 1005 2991 1059 haec
3022 1006 3176 1059 enim
3211 1021 3513 1075 nunquam
3569 1020 3799 1075 cogere-

2148 1094 2263 1157 tur,
2297 1090 2347 1145 si
2398 1090 2618 1163 aliquid
2652 1094 2905 1165 cogitare
2936 1098 3154 1165 posset,
3189 1095 3341 1165 quod
3369 1100 3425 1149 et
3453 1095 3552 1159 sit,
3584 1098 3641 1148 et
3670 1110 3799 1148 cor-

2150 1196 2259 1250 pus
2293 1197 2403 1235 non
2434 1181 2530 1249 sit,
2564 1182 2819 1236 Rursum
2853 1182 2953 1237 lib.
2993 1184 3062 1238 de
3093 1182 3385 1238 haeres.ad
3420 1183 3797 1247 Quodvultd.,

2146 1267 2284 1322 hazr.
2319 1269 2407 1336 86,
2442 1269 2635 1341 ipsum
2665 1270 2839 1325 etiam
2870 1271 3052 1326 Deum
3086 1288 3429 1343 corporeum
3472 1288 3600 1328 esse
3630 1271 3796 1342 dicit,

2145 1357 2281 1412 licet
2311 1374 2425 1412 non
2458 1359 2784 1426 effigiatum
2817 1360 2939 1430 (ubi
2975 1360 3231 1415 alludere
3260 1360 3493 1416 videtur
3517 1361 3589 1415 ad
3622 1360 3724 1416 lib.
3759 1377 3801 1415 ιι

2145 1446 2266 1501 adv.
2322 1447 2531 1518 Marc).
2578 1448 2692 1502 Nec
2742 1455 2937 1503 tamen
2998 1449 3135 1503 hinc
3184 1449 3492 1505 haereticus
3541 1451 3804 1505 creditur

2148 1536 2354 1590 factus.
2391 1535 2591 1591 Posset
2642 1537 2797 1590 enim
2836 1554 3069 1608 quoquo
3128 1538 3299 1593 modo
3355 1538 3571 1609 putari,
3603 1539 3798 1610 ipsam

2146 1629 2415 1678 naturam
2449 1625 2964 1696 substantiamque
3015 1625 3271 1681 divinam
3314 1644 3526 1698 corpus
3571 1644 3799 1694 vocare,

2145 1729 2260 1767 non
2309 1712 2424 1767 tale
2474 1731 2685 1785 corpus
2731 1714 2903 1785 cujus
2947 1719 3162 1785 partes,
3195 1715 3319 1770 aliis
3372 1717 3621 1786 majores
3672 1716 3801 1771 aliae

379 1805 1295 1884 cumquibusconsentiuntadeo
1311 1818 1515 1857 omnes
1538 1795 2029 1870 supranominati,
2063 1821 2110 1885 B
2145 1802 2421 1867 minores,
2455 1803 2686 1857 valeant
2716 1802 2801 1858 vel
2836 1804 3088 1858 debeant
3131 1804 3396 1875 cogitari,
3433 1805 3631 1875 qualia
3660 1810 3806 1860 sunt

378 1903 478 1974 qui
529 1918 680 1958 anno
728 1897 942 1954 Tiberii
994 1898 1060 1950 18
1110 1908 1352 1965 passum
1404 1889 1701 1944 Christum
1744 1884 2029 1941 scribunt.

380 1993 484 2055 Qui
521 1992 689 2062 plura
723 1988 1035 2051 desiderat,
1058 1984 1251 2037 videat
1282 1980 1526 2036 Paulum
1562 1976 2032 2043 Middelburgen-

378 2097 523 2147 sem,
556 2078 897 2150 episcopum
951 2069 1575 2142 Furosempronianum
1627 2066 1794 2119 libris
1848 2066 1935 2127 33,
1968 2062 2036 2116 de

375 2184 523 2224 anno
554 2176 604 2223 et
634 2168 727 2222 die
757 2163 1041 2219 Passionis
1084 2160 1323 2216 Domini.
1376 2159 1489 2212 [loc
1521 2171 1703 2211 unum
1737 2152 2035 2223 adjiciam,

378 2258 532 2329 quod
567 2255 743 2309 habet
768 2252 825 2307 S.
861 2255 1005 2321 Aug.
1044 2250 1081 2304 I.
1114 2266 1175 2310 ιι,
1210 2248 1276 2302 de
1304 2248 1569 2301 Doctrina
1624 2244 1825 2298 Christ.
1862 2243 2029 2311 Igno-

377 2346 567 2403 rantia
597 2341 942 2400 consulatus
974 2356 1087 2411 quo
1124 2342 1294 2392 natus
1325 2341 1414 2392 est
1461 2332 1766 2398 Dominus,
1799 2331 1885 2386 vel
1918 2346 2031 2401 quo

376 2452 589 2508 passus
638 2437 746 2496 est,
782 2427 1100 2485 nonnullos
1150 2429 1338 2497 coegit
1393 2440 1606 2487 errare,
1652 2427 1714 2475 ut
1761 2423 2034 2491 putarent

378 2522 774 2594 quadraginta
804 2535 904 2574 sex
926 2532 1213 2572 annorum
1236 2518 1402 2569 aetate
1424 2528 1664 2584 passum
1694 2509 2028 2577 Dominum,

375 2614 513 2684 quia
545 2628 647 2681 per
677 2614 761 2664 tot
793 2624 978 2661 annos
1010 2605 1360 2659 aediﬁcatum
1409 2606 1497 2655 est
1528 2599 1837 2670 templum,
1874 2596 2029 2668 quod

373 2698 689 2772 imaginem
722 2695 1010 2751 Dominici
1046 2692 1306 2764 corporis
1353 2691 1586 2745 habeat.
1620 2687 1725 2742 Ubi
1763 2685 2029 2740 fortassis

372 2789 547 2844 tacite
578 2786 875 2858 significat
900 2789 956 2838 S.
991 2785 1299 2848 Irenaeum,
1332 2780 1434 2834 lib.
1473 2796 1535 2845 ιι,
1569 2794 1693 2849 cap.
1728 2777 1796 2829 39
1849 2778 1907 2829 et
1940 2775 2027 2843 40,

375 2878 472 2949 qui
506 2877 717 2931 nititur
765 2875 1011 2945 probare
1061 2885 1298 2942 passum
1350 2868 1648 2922 Christum
1704 2880 1857 2919 anno
1912 2864 2029 2917 fere

375 2962 954 3037 quinquagesimo,ct
977 2958 1183 3015 saltem
1210 2961 1339 3030 post
1361 2954 1881 3028 quadragesimum
1897 2956 2032 3006 aita-

374 3057 449 3110 tis
479 3069 805 3120 annum,ex
834 3050 934 3103 illo
965 3048 1132 3103 Joan.
1165 3046 1291 3100 VIII
1330 3063 1342 3100 :
1379 3042 1816 3114 Quinquaginta
1844 3056 2028 3095 annos

375 3143 637 3200 nondum
687 3140 887 3195 habes.
926 3136 993 3192 Et
1023 3152 1153 3191 vero
1199 3133 1590 3206 ignorantiam
1626 3130 1781 3184 illam
1818 3145 2027 3183 consu-

373 3233 529 3286 latus
560 3228 876 3300 contigisse
906 3223 1222 3281 verisimile
1247 3228 1333 3278 est
1357 3222 1531 3276 variis
1555 3224 1857 3275 Fastorum
1885 3234 2025 3272 con-

375 3320 664 3376 sularium
703 3315 1155 3387 exemplaribus.
1189 3313 1446 3376 Quorum
1479 3310 1764 3380 quosdam
1814 3306 2023 3372 citans,

374 3425 615 3481 prorsus
648 3405 794 3461 alios
826 3421 999 3476 quam
1035 3402 1207 3458 hodie
1253 3402 1503 3467 exstant,
1538 3396 1849 3468 Epiphan.,
1882 3394 2019 3447 hasr.

372 3500 463 3569 51,
495 3496 851 3552 Salvatorem
884 3509 1122 3565 passum
1160 3489 1364 3545 scribit
1392 3486 1659 3541 Vinnicio
1704 3484 2025 3553 Cassioque

373 3604 543 3652 coss.,
579 3601 829 3657 quorum
854 3580 1193 3638 consulatus
1216 3577 1423 3633 incidit
1447 3577 1731 3630 duntaxat
1756 3573 1814 3627 in
1842 3574 1907 3627 13
1929 3588 2024 3627 an-

370 3693 509 3731 num
541 3673 751 3727 Tiberii
799 3674 967 3741 juxta
1016 3667 1418 3738 castigatiores
1466 3668 1688 3718 Fastos.
1724 3662 1880 3716 Facit
1920 3679 2021 3725 pro

370 3766 573 3820 eodem
606 3761 754 3816 liber
784 3760 879 3814 ille
913 3756 1326 3813 consulatuum
1361 3753 1538 3808 ms.in
1578 3769 1692 3823 quo
1726 3750 2023 3805 adnotavit

371 3853 715 3923 Cuspinian.
751 3850 807 3903 in
836 3847 1099 3903 Cassiod.
1137 3843 1409 3899 consules
1440 3840 1707 3897 collocari
1743 3841 1889 3895 duos
1918 3838 2021 3893 Ge-

371 3941 561 3996 minos
593 3955 743 3994 anno
778 3938 844 3991 18
876 3935 1115 3991 Tiberii.

372 4088 399 4153 §
432 4084 514 4138 15.
549 4085 621 4139 De
674 4084 777 4153 Deo
830 4093 1109 4153 corporeo,
1154 4075 1311 4153 quod.
1341 4073 1882 4153 ηἰΙιῖζΑίηιξονροιἨζϐ
1917 4073 2017 4153 “sit,

442 4161 586 4211 tom.
623 4156 693 4222 ll,
725 4152 825 4206 lib.
860 4143 929 4207 de
956 4143 1237 4205 Pienitfc.
1283 4148 1337 4213 3,
1374 4146 1572 4222 n._12;
1608 4144 1882 4222 tom._IlI,
1917 4143 2017 4197 lib.

441 4232 568 4282 adv.
616 4216 877 4293 Hérmog.
918 4239 1043 4292 cap.
1077 4222 1167 4279 35,
1216 4236 1377 4293 num.
1434 4220 1527 4293 124
1560 4235 1572 4282 ;
1606 4217 1707 4293 lib.
1744 4216 1809 4269 de
1855 4232 2021 4293 carne

440 4301 688 4365 Christi,
736 4287 862 4366 cap.
914 4287 1303 4366 2,_num._97
1357 4305 1421 4344 ac
1468 4292 1574 4366 9S;
1615 4288 1721 4366 lib.
1762 4304 1839 4366 ii,
1892 4287 2015 4366 adv.

438 4373 601 4425 Marc.
638 4359 764 4439 cap.
800 4359 891 4433 16,
924 4381 1088 4432 num,
1126 4364 1323 4439 18Q,_et
1355 4361 1726 4431 apertissime
1759 4359 1859 4413 lib.
1893 4359 2015 4413 adv.

440 4435 726 4510 Praxcan,
756 4456 881 4509 cap.
913 4438 968 4507 7,
1002 4452 1165 4491 num.
1201 4435 1292 4488 54.

2144 1891 2360 1959 omnia,
2396 1908 2524 1961 quas
2557 1892 2789 1963 proprie
2821 1892 3075 1946 dicimus
3104 1910 3349 1964 corpora
3379 1894 3671 1965 (quamvis
3724 1895 3801 1950 de

2142 1980 2339 2035 anima
2384 1980 2501 2035 tale
2550 1981 2775 2051 aliquid
2822 1982 3078 2053 sentiat),
3133 1984 3234 2037 sed
3286 1984 3495 2053 potuit,
3543 1988 3607 2037 ut
3656 1985 3801 2049 dixi,

2145 2073 2450 2141 propterea
2482 2073 2675 2141 putari
2705 2086 2900 2141 corpus
2932 2076 3108 2126 Deum
3141 2073 3355 2137 dicere,
3391 2074 3528 2142 quia
3559 2089 3674 2127 non
3707 2079 3804 2129 est

2144 2158 2311 2229 nihil,
2346 2175 2461 2213 non
2493 2163 2581 2214 est
2612 2158 2888 2227 inanitas,
2916 2176 3031 2214 non
3064 2164 3152 2215 est
3180 2160 3438 2231 corporis
3471 2160 3556 2215 vel
3586 2177 3801 2216 animae

2145 2247 2420 2319 qualitas,
2455 2248 2557 2302 sed
2608 2247 2827 2319 ubique
2860 2247 3019 2314 talis,
3051 2253 3107 2302 et
3146 2265 3249 2320 per
3294 2248 3555 2304 locorum
3607 2249 3807 2321 spatia

2144 2335 2303 2391 nulla
2336 2336 2673 2407 partitus,in
2707 2353 2813 2391 sua
2843 2340 3041 2391 tamen
3073 2340 3281 2392 natura
3315 2343 3489 2409 atque
3520 2338 3804 2393 substan-

2142 2426 2224 2480 tia
2254 2424 2704 2480 immutabiliter
2728 2426 3226 2497 permanet.Certe
3248 2427 3374 2498 ipse
3398 2433 3619 2481 Auctor
3652 2428 3808 2483 satis

2143 2531 2203 2570 se
2278 2513 2547 2584 explicat.
2608 2514 2697 2567 Sic
2756 2513 2796 2567 l.
2853 2514 2977 2569 adv.
3039 2516 3291 2584 Hermog.
3356 2534 3367 2570 :
3429 2538 3458 2565 ‹‹
3519 2520 3593 2570 Ut
3668 2532 3811 2571 con-

2151 2601 2351 2655 cedam
2411 2616 2538 2655 esse
2590 2599 2811 2671 aliquid
2870 2600 3255 2672 incorporale,
3317 2604 3386 2656 de
3446 2602 3807 2658 substantiis

2142 2691 2460 2757 duntaxat;
2496 2706 2631 2744 cum
2677 2689 2808 2761 ipsa
2856 2690 3184 2746 substantia
3211 2707 3423 2763 corpus
3454 2692 3528 2746 sit
3579 2692 3660 2746 rei
3692 2708 3803 2747 cu-

2131 2779 2367 2848 jusque.
2403 2800 2431 2827 »
2465 2778 2531 2832 Et
2560 2776 2661 2832 lib.
2692 2778 2758 2833 de
2807 2778 3034 2848 Anima,
3064 2795 3187 2850 cap.
3230 2780 3283 2845 7,
3319 2798 3375 2833 n.
3423 2781 3491 2833 96
3525 2805 3537 2836 :
3579 2804 3599 2828 ι
3635 2780 3807 2836 Nihil

2140 2868 2317 2935 enim,
2354 2867 2402 2922 si
2434 2883 2549 2922 non
2582 2883 2814 2938 corpus.
2850 2888 2879 2917 »
2914 2872 3057 2922 Item
3090 2866 3192 2923 lib.
3226 2868 3291 2922 de
3322 2868 3498 2923 Carne
3527 2868 3741 2924 Christi
3776 2888 3796 2923 :

2140 2979 2166 3005 ‹‹
2201 2956 2346 3011 Cum
2379 2960 2573 3011 autem
2624 2955 2721 3024 sit,
2755 2954 2967 3011 habeat
2999 2971 3234 3011 necesse
3282 2961 3370 3011 est
3408 2957 3655 3028 aliquid,
3694 2974 3804 3027 per

2139 3046 2293 3116 quod
2357 3049 2465 3101 est.
2500 3044 2559 3100 Si
2619 3044 2794 3100 habet
2852 3045 3073 3117 aliquid
3136 3062 3239 3117 per
3296 3048 3448 3118 quod
3511 3052 3621 3113 est,
3681 3047 3805 3103 hoc

2138 3134 2249 3188 erit
2280 3150 2492 3204 corpus
2543 3134 2691 3203 ejus.
2725 3136 2910 3187 Omne
2956 3133 3108 3203 quod
3159 3136 3268 3201 est,
3302 3149 3515 3205 corpus
3566 3139 3656 3189 est
3705 3135 3811 3189 sui

2139 3224 2426 3293 generis:
2492 3221 2639 3276 nihil
2689 3224 2778 3277 est
2837 3221 3219 3293 incorporale,
3285 3222 3398 3277 nisi
3464 3224 3620 3294 quod
3679 3240 3811 3278 non

2137 3316 2247 3367 est.
2285 3334 2313 3363 »
2366 3310 2623 3383 Denique
2671 3310 2774 3365 lib.
2808 3327 2849 3365 ιι
2880 3311 3005 3366 adv.
3055 3312 3426 3366 Marcionem:
3481 3334 3507 3361 «
3542 3311 3686 3366 Nam
3746 3316 3812 3368 et

2136 3400 2421 3470 dextram,
2454 3397 2668 3469 inquit,
2716 3402 2773 3452 et
2826 3398 3026 3453 oculos
3056 3402 3113 3453 et
3161 3399 3336 3469 pedes
3371 3399 3465 3454 Dei
3516 3398 3811 3471 legimus,

2135 3505 2240 3543 nec
2269 3488 2398 3542 ideo
2430 3492 2629 3542 tamen
2685 3486 2966 3541 humanis
2997 3489 3517 3559 comparabuntur,
3553 3489 3692 3559 quia
3728 3492 3811 3546 de

2134 3576 2522 3649 appellatione
2571 3575 2894 3632 sociantur.
2929 3579 3156 3641 Quanta
3203 3578 3314 3632 erit
3362 3577 3669 3633 diversitas
3704 3580 3810 3633 di-

2132 3667 2250 3722 vini
2294 3666 2554 3738 corporis
2606 3670 2662 3721 et
2708 3665 2954 3720 humani
3006 3666 3117 3721 sub
3169 3665 3391 3721 eisdem
3447 3668 3807 3723 nominibus

2135 3756 2621 3825 membrorum,»
2686 3758 2793 3810 etc.
2843 3755 3121 3810 Caeterum
3177 3759 3350 3810 Deum
3406 3757 3808 3827 incorporeum

2133 3848 2345 3901 docent
2393 3844 2583 3900 caeteri
2614 3845 2813 3899 Patres
2845 3860 3071 3914 omnes,
3103 3848 3160 3899 et
3206 3845 3359 3900 inter
3388 3845 3636 3900 haereses
3671 3847 3807 3901 col-

2133 3937 2329 3991 locant
2359 3936 2721 3991 contrarium
2774 3934 3091 4003 afﬁrmare,
3123 3935 3295 3990 sicuti
3340 3940 3499 4007 patet
3528 3951 3596 3989 ex
3646 3936 3803 3990 Phi-

2133 4025 2356 4091 lastrio,
2389 4026 2443 4078 S.
2476 4026 2747 4096 August.,
2783 4023 3094 4095 Epiphan.,
3125 4023 3502 4089 Theodoreto,
3538 4023 3805 4079 Damas-

2132 4130 2293 4181 ceno,
2331 4114 2569 4177 Isidoro,
2607 4113 2885 4168 Rhabano
2914 4112 2974 4166 in
3022 4112 3314 4184 Catalogis
3360 4112 3614 4167 haeretic.
3650 4129 3803 4168 cum

2129 4202 2530 4258 Audianorum
2591 4202 2712 4257 sive
2764 4200 3501 4272 Anthropomorphitarum
3564 4200 3815 4256 faciunt

2132 4292 2511 4347 mentionem.

2129 4436 2272 4501 §16.
2328 4436 2401 4489 De
2451 4436 2549 4488 Dei
2600 4435 2709 4502 ira,
2765 4439 2908 4489 tom.
2973 4434 3013 4502 Ι,
3066 4433 3163 4488 lib.
3214 4436 3283 4488 de
3331 4435 3545 4488 Testim.
3595 4435 3806 4489 Anim.

2207 4524 2332 4577 cap.
2364 4510 2418 4571 2,
2450 4523 2611 4560 num.
2644 4508 2715 4571 7;
2751 4511 2893 4560 tom.
2929 4506 3026 4573 IIl,
3058 4505 3161 4561 lib.
3193 4506 3259 4560 de
3288 4506 3494 4571 Anim,
3529 4522 3655 4577 cap.
3697 4509 3811 4574 16,

438 4569 605 4619 Hunc
637 4578 890 4618 errorem
923 4558 1280 4615 Tertulliano
1315 4554 1851 4626 ascripseruntjam
1880 4554 2016 4608 olim

2206 4554 3026 4644 ἱιῖιῖιὶ.”ἐί’1“;”Ἇιὶυὲνζςῖ’ᾆὶίαῖἑῗ
3056 4554 3160 4633 in"):
3189 4554 3511 4648 Latiae,
3534 4554 3809 4647 ἷῖιδΐξ

366 4656 425 4710 S.
461 4658 710 4725 August.
744 4649 886 4705 locis
939 4664 1071 4702 mox
1116 4644 1388 4708 citandis,
1420 4649 1474 4699 S.
1520 4643 1783 4714 Fulgent.
1816 4643 1918 4697 lib.
1953 4661 2015 4712 ιι,

372 4744 438 4797 de
481 4741 575 4812 ﬁci.
608 4741 677 4795 ad
733 4742 907 4803 Petra,
940 4742 997 4791 et
1048 4735 1310 4791 Gennad.
1357 4733 1459 4787 lib.
1492 4734 1556 4787 de
1606 4734 1849 4803 Dogmat.
1884 4732 2027 4786 Eccl.

373 4832 589 4885 Verum
620 4830 676 4884 S.
712 4831 960 4897 August.
1004 4841 1139 4880 cum
1188 4826 1427 4879 excusat
1475 4821 1569 4876 his
1618 4822 1809 4876 verbis
1857 4821 1958 4876 lib.
1993 4838 2029 4875 ιι

374 4921 439 4975 de
469 4918 599 4974 Gen.
633 4917 703 4972 ad
755 4918 861 4971 litt.
898 4933 1024 4985 cap.
1060 4913 1166 4968 ult.
1202 4931 1213 4968 :
1243 4913 1481 4967 Timcns
1532 4928 1603 4966 ne
1655 4910 1800 4964 nihil
1848 4917 2025 4978 esset,

378 5010 425 5064 si
461 5025 670 5079 corpus
719 5022 831 5060 non
867 5009 1039 5069 esset,
1076 5019 1179 5058 nec
1228 5002 1297 5056 de
1349 5005 1461 5056 Deo
1504 5000 1689 5056 valuit
1737 5000 1907 5054 aliter
1936 5018 2025 5055 sa-

378 5115 531 5168 pere.
567 5097 671 5159 Qui
726 5112 865 5149 sane
915 5109 1252 5163 quanquam
1304 5090 1411 5159 (sic
1464 5090 1617 5143 enim
1668 5090 1817 5158 lego,
1872 5105 2021 5159 pro:

375 5185 682 5255 quoniam)
714 5186 923 5237 acutus
973 5187 1079 5247 est,
1112 5181 1404 5235 interdum
1440 5184 1643 5233 contra
1687 5178 2023 5248 opinionem

373 5292 542 5329 suam
592 5276 716 5327 visa
761 5272 1003 5325 veritate
1053 5273 1383 5340 superatur.
1431 5267 1576 5329 Quid
1630 5266 1785 5320 enim
1834 5269 2023 5322 verius

373 5365 564 5418 dicere
598 5360 787 5433 potuit
838 5376 1013 5429 quam
1066 5359 1116 5411 id
1155 5357 1305 5425 quod
1354 5355 1435 5409 ait
1481 5355 1734 5425 quodam
1787 5354 1842 5407 in
1896 5356 2021 5411 loco

373 5454 605 5525 (nempe
638 5450 749 5505 Ide
800 5449 1014 5509 .1m'ma,
1068 5462 1195 5516 cap.
1248 5445 1300 5506 7,
1351 5442 1443 5512 98)
1478 5460 1489 5497 :
1525 5465 1549 5490 ‹‹
1584 5442 1765 5497 Omne
1815 5461 2021 5515 corpo-

371 5546 493 5602 rale
526 5541 799 5617 passibile
831 5545 918 5595 cst
941 5541 1003 5593 Ρ»
1024 5539 1229 5593 Debuit
1257 5554 1392 5607 ergo
1422 5539 1648 5589 mutare
1670 5538 2018 5593 sententiam

369 5654 486 5707 qua
518 5634 655 5690 alibi
683 5633 908 5687 dixerat
941 5633 1168 5699 (nempe
1204 5626 1353 5682 I93
1384 5624 1485 5679 lib.
1520 5624 1588 5678 ad
1620 5627 1821 5697 Prae.)
1843 5628 2019 5682 etiam

371 5727 537 5779 Deum
569 5737 768 5791 corpus
816 5734 946 5774 esse.
1005 5717 1197 5787 Neque
1249 5714 1404 5770 enim
1457 5711 1709 5769 arbitror
1757 5732 1888 5769 eum
1941 5716 2021 5771 ita

2202 4650 2301 4703 lib.
2336 4667 2397 4714 ιι,
2432 4666 2557 4719 cap.
2596 4652 2679 4711 10,
2706 4667 2869 4704 num.
2902 4651 3004 4715 94;
3040 4648 3140 4704 lib.
3174 4666 3248 4716 IV,
3280 4666 3405 4721 cap.
3442 4650 3528 4720 15,
3563 4666 3623 4704 n.
3660 4650 3811 4720 195,

2207 4727 2264 4777 et
2296 4738 2421 4792 cap.
2456 4724 2542 4790 31,
2579 4739 2741 4775 num.
2777 4722 2901 4775 507.

2207 4829 2401 4883 Prima
2459 4827 2695 4899 quidem
2758 4828 2901 4883 facie
2958 4828 3191 4883 videtur
3247 4826 3649 4883 Tertullianus
3682 4829 3818 4884 Deo

2135 4918 2453 4972 attribuere
2485 4919 2629 4971 iram
2677 4917 2848 4971 dictis
2896 4916 3060 4980 locis,
3094 4917 3193 4972 sed
3230 4917 3444 4988 ubique
3496 4918 3613 4971 fere
3662 4922 3819 4971 vin-

2133 5007 2356 5074 dictam,
2390 5024 2490 5061 seu
2541 5007 2807 5062 ultionem
2844 5005 2937 5061 Dei
2986 5006 3420 5076 interpretatur.
3455 5010 3520 5060 Et
3551 5022 3683 5060 vero
3742 5007 3821 5063 id

2133 5096 2427 5151 inculcare
2473 5113 2605 5149 cum
2649 5096 2906 5165 oportuit
2950 5098 3142 5159 toties,
3177 5113 3288 5149 non
3337 5095 3529 5149 solum
3582 5099 3829 5151 contra

2134 5190 2355 5255 gentos,
2391 5185 2560 5238 sicuti
2618 5185 2806 5254 primo
2860 5184 3003 5247 loco,
3041 5184 3137 5238 sed
3177 5186 3425 5238 maxime
3475 5184 3603 5238 adv.
3635 5186 3822 5238 Mar-

2133 5274 2307 5337 cion.,
2354 5273 2449 5341 qui
2499 5273 2669 5326 Deum
2718 5272 3017 5334 asserebat
3066 5273 3263 5326 bonum
3313 5272 3617 5338 duntaxat,
3670 5288 3824 5327 non

2129 5378 2262 5415 vero
2302 5361 2569 5415 vindicem
2629 5364 2727 5414 aut
2776 5361 3036 5430 judicent.
3072 5365 3192 5425 Quo
3252 5364 3316 5413 tit
3376 5365 3440 5413 ut
3499 5358 3831 5418 latissime

2131 5452 2408 5505 adversus
2440 5448 2606 5502 illum
2640 5447 2919 5519 disputet,
2942 5455 2997 5503 et
3027 5450 3384 5505 contrarium
3419 5466 3486 5504 ex
3516 5448 3779 5519 Scriptu
3801 5482 3833 5495 ι

2130 5539 2210 5593 ris
2234 5539 2521 5603 ostendat,
2558 5537 2676 5591 illis
2714 5555 2858 5593 usus
2883 5540 3153 5606 subinde,
3190 5557 3315 5611 quae
3342 5541 3439 5594 ira:
3464 5539 3580 5603 Dei,
3610 5542 3835 5609 atque

2130 5630 2273 5683 adeo
2304 5628 2563 5683 vindictae
2596 5628 2953 5682 mentionem
2985 5629 3228 5694 faciunt,
3264 5629 3517 5683 maxime
3548 5627 3834 5689 lib.adv.

2128 5719 2316 5784 Marc.,
2351 5734 2399 5772 c.
2455 5718 2543 5786 25,
2578 5718 2668 5787 26,
2699 5717 2769 5771 27
2818 5723 2875 5773 et
2915 5719 3021 5786 28;
3056 5717 3157 5774 lib.
3211 5736 3273 5787 ιι,
3304 5735 3354 5773 c.
3416 5719 3500 5786 11,
3554 5718 3637 5783 12,
3702 5720 3832 5794 13,
