4072 6190
255 415 351 473 211

1442 421 1607 483 CUM
1651 421 2052 485 ANTIDOTO
2096 424 2424 487 PAMELII

3522 428 3642 486 242

251 548 323 613 14,
374 548 433 602 15
480 551 534 601 et
590 547 673 601 16.
728 548 828 604 Est
876 550 1113 622 quidem
1162 552 1327 609 locus
1377 570 1552 622 unus,
1584 555 1683 611 ubi
1714 557 1953 624 194A
1983 558 2186 614 eadem
2222 559 2350 627 ejus
2380 558 2649 614 hmresim
2702 558 3013 629 pertinere,
3055 558 3210 628 quod
3255 556 3335 613 ait
3378 560 3517 614 tom.
3569 558 3641 614 II.

246 645 397 691 motu:
426 638 597 690 animi
626 636 683 690 in
716 637 831 693 Deo
857 638 1086 695 videtur
1118 658 1463 711 agnoscere;
1517 645 1617 699 sed
1671 649 1878 715 prater
1985 645 2088 702 lib.
2121 648 2185 701 de
2213 647 2405 702 Coron.
2447 648 2638 714 milit.,
2674 663 2800 719 cap.
2832 648 2885 717 4,
2929 663 3091 701 num.
3141 648 3206 700 47
3258 663 3270 701 :

246 742 395 796 quam
429 726 577 795 quod
613 725 851 794 ibidem,
885 730 1151 785 .‘Emulari
1195 734 1380 800 irasci,
1432 734 1875 805 interpretatur,

3324 669 3353 697 «
3404 652 3491 701 An
3523 663 3637 701 non

1983 744 2154 807 putas
2186 736 2344 790 omni
2377 735 2533 790 ﬁdeli
2577 735 2750 791 licere
2800 736 3102 807 concipere
3153 739 3211 791 et
3261 735 3639 805 constituere,

248 816 489 870 damnare
519 831 737 885 vexare,
772 823 1065 888 postremo
1099 822 1363 877 omnium
1417 821 1541 877 loco
1592 840 1655 878 se
1686 824 1876 896 magis
1985 825 2269 880 duntaxat
2296 827 2447 896 quod
2480 826 2595 881 Deo
2627 824 2956 897 congruat?

251 902 489 973 explicat,
524 920 656 958 cum
701 908 914 961 moveri
966 910 1156 979 Deum,
1207 915 1264 966 et
1312 920 1487 967 motus
1518 912 1577 967 in
1609 913 1733 979 Deo,
1772 929 1873 983 pro

244 992 313 1046 ira
334 992 561 1063 accepit.
594 993 854 1065 Denique
889 1014 1127 1068 prorsus
1147 1000 1405 1069 seipsuni
1440 1001 1690 1072 explicat
1720 1003 1873 1056 dicto

241 1096 282 1135 c.
313 1081 388 1149 16,
419 1080 517 1135 lib.
551 1099 615 1149 ιι,
646 1082 706 1137 in
739 1084 859 1140 haec
892 1087 1066 1143 verba
1102 1104 1116 1144 :
1161 1111 1187 1138 «
1239 1090 1368 1145 Sive
1398 1090 1503 1158 ira,
1539 1092 1657 1146 sive
1688 1108 1873 1146 aemu-

235 1169 373 1235 latio,
403 1172 520 1226 sive
567 1174 805 1241 saevitia,
841 1176 1036 1231 debita
1070 1178 1189 1233 haec
1220 1179 1420 1234 omnia
1469 1185 1609 1235 sunt
1657 1181 1870 1236 severi-

234 1260 338 1325 tati,
369 1259 514 1315 sicut
548 1262 828 1318 severitas
869 1264 1130 1320 debitum
1164 1272 1252 1321 est
1274 1268 1544 1338 justitim.
1590 1290 1618 1318 »
1655 1269 1870 1324 Deinde

232 1364 343 1403 cum
372 1349 679 1419 objecisset
712 1353 883 1407 verba
913 1355 1220 1412 Marcionis
1255 1373 1267 1411 :
1302 1380 1329 1407 «
1374 1358 1431 1413 Si
1481 1360 1628 1413 Deus
1660 1357 1868 1413 irasci-

233 1441 313 1491 tur
355 1444 407 1491 et
451 1439 827 1506 aemulantur,
888 1448 946 1497 et
989 1444 1307 1511 extollitur,
1360 1451 1417 1501 et
1465 1452 1864 1517 exacerbatur,

232 1540 345 1596 ergo
396 1529 449 1580 et
498 1534 935 1600 corrumpetur,
985 1549 1120 1604 ergo
1165 1542 1218 1589 et
1260 1535 1581 1603 morietur;
1638 1558 1664 1583 ››
1723 1535 1867 1591 scite

228 1615 516 1670 admodum
542 1620 897 1688 respondet:
927 1644 953 1671 ς(
978 1622 1321 1678 Stultissimi
1354 1625 1455 1695 qui
1487 1625 1557 1679 de
1588 1624 1865 1680 humanis

230 1702 396 1758 divina
434 1705 778 1777 pradicant,
832 1714 895 1763 ut
939 1712 1213 1781 quoniam
1267 1713 1325 1767 in
1377 1713 1613 1769 homine
1659 1731 1863 1769 corru-

224 1792 395 1861 ptorie
425 1794 781 1851 conditionis
813 1797 1104 1854 habentur
1150 1801 1489 1872 hujusmodi
1532 1804 1858 1874 passiones,

226 1881 415 1937 idcirco
445 1888 500 1938 et
525 1885 588 1938 in
626 1889 736 1940 Deo
764 1888 1027 1957 ejusdem
1056 1895 1244 1945 status
1276 1892 1704 1948 existimentur.
1740 1894 1859 1947 Dis-

224 1986 369 2025 cerne
389 1973 758 2029 substantias
787 1980 845 2030 et
875 1994 1015 2033 suos
1046 1979 1131 2034 eis
1161 1980 1449 2036 distribue
1476 1998 1708 2050 sensus,
1733 1986 1855 2037 tam

226 2058 477 2127 diversos,
521 2078 705 2133 quam
756 2066 1099 2122 substantia:
1150 2069 1409 2141 exigunt,
1442 2070 1576 2125 licet
1603 2071 1854 2125 vocabu-

224 2147 283 2202 lis
324 2151 754 2208 communicare
799 2154 1124 2212 videantur.
1171 2161 1315 2213 Nam
1363 2164 1421 2214 et
1450 2160 1765 2227 dexteram,
1799 2164 1857 2216 et

222 2237 393 2293 oculos
422 2245 477 2294 et
506 2241 690 2311 pedes
726 2242 821 2298 Dei
851 2244 1141 2315 legimus;
1196 2264 1300 2303 nec
1330 2248 1458 2303 ideo
1498 2254 1695 2305 tamen
1741 2250 1854 2303 hu-

220 2325 383 2381 manis
437 2332 967 2402 comparabuntur,
1018 2336 1157 2406 quia
1199 2337 1270 2393 de
1312 2337 1701 2409 appellatione
1759 2355 1852 2394 so-

218 2414 442 2470 ciantur.
482 2439 509 2465 υ»

216 2538 237 2603 §
372 2541 681 2620 Ecclgsiam
704 2561 819 2599 esse
848 2546 907 2599 in
949 2549 1146 2612 tribus,
1179 2551 1351 2605 etiam
1385 2550 1569 2616 laicis,
1602 2555 1743 2607 tom.
1782 2557 1849 2620 V,

274 2610 987 2695 lib.nde_Exhortat;lcastit.
1040 2610 1167 2695 cap.
1219 2624 1275 2690 7,
1324 2640 1487 2678 num.
1519 2610 1607 2695 40,
1641 2629 1698 2680 et
1745 2610 1847 2681 lib:

272 2682 337 2736 du
363 2685 557 2741 Pudic.
594 2704 721 2759 cap.
753 2689 844 2759 21,
878 2706 1041 2745 num.
1078 2682 1199 2747 191.

271 2806 383 2862 Non
415 2811 572 2865 male
605 2811 848 2867 Tertull.
892 2813 994 2869 lib.
1028 2818 1095 2871 de
1127 2819 1419 2874 Pwnitent.
1454 2837 1504 2875 c.
1545 2822 1633 2891 10,
1668 2838 1725 2876 n.
1757 2824 1847 2890 60,

218 2894 437 2963 dixerat,
473 2904 681 2971 utpote
725 2907 857 2957 ante
907 2920 1141 2961 omnem
1184 2907 1451 2965 haeresim
1496 2926 1508 2963 :
1563 2915 1628 2967 In
1658 2927 1767 2965 uno
1797 2916 1851 2967 et

213 2984 361 3039 altero
392 2988 651 3043 Ecclesia
681 2999 779 3057 est,
813 2996 1013 3064 utpote
1045 2996 1144 3067 qui
1179 2996 1257 3052 ibi
1291 2997 1571 3054 alluderet
1601 3001 1670 3054 ad
1707 3000 1849 3055 illud

211 3072 416 3138 (Matth.
448 3078 659 3149 xvm):
698 3081 797 3136 Ubi
841 3092 966 3138 sunt
997 3084 1105 3139 duo
1154 3086 1235 3140 vel
1279 3093 1388 3142 tres
1418 3091 1736 3161 congregati
1792 3091 1848 3143 in

208 3165 408 3218 nomine
438 3182 587 3231 meo,
630 3169 715 3221 ibi
760 3186 878 3224 sum
926 3173 987 3226 in
1041 3174 1229 3229 medio
1276 3191 1464 3230 eorum
1487 3193 1507 3237 ;
1539 3193 1672 3231 cum
1706 3195 1851 3248 prae-

210 3250 446 3308 misisset
478 3254 658 3325 paulo
694 3258 899 3327 prius;
925 3261 1024 3315 Dic
1056 3264 1329 3318 Ecclesiae.
1364 3264 1526 3327 Quod
1557 3270 1753 3320 tamen
1778 3267 1848 3321 de

212 3342 472 3407 prafectis
518 3345 793 3401 Ecclesiae
839 3349 1151 3421 episcopis,
1199 3369 1313 3407 non
1364 3370 1495 3409 vero
1553 3354 1623 3409 de
1682 3353 1846 3409 laicis

210 3427 649 3501 interpretantur
678 3440 901 3491 veteres
956 3455 1181 3508 omnes,
1215 3441 1341 3512 ipse
1379 3458 1608 3513 quoque
1642 3444 1845 3499 eodem

206 3515 309 3573 loco
339 3524 585 3591 loquens
617 3523 685 3577 de
712 3527 1134 3593 sacerdotibus,
1170 3529 1386 3600 quibus
1418 3532 1590 3587 fiebat
1622 3550 1847 3588 exomo-

207 3602 415 3675 logesis.
451 3611 704 3666 Prorsus
735 3613 910 3668 etiam
956 3618 1305 3673 catholicum
1345 3624 1432 3674 cst
1457 3620 1601 3676 illud
1635 3621 1738 3677 lib.
1780 3622 1846 3676 de

208 3697 423 3767 Baptim.
458 3715 594 3771 cap.
638 3702 691 3768 9,
728 3719 889 3757 num.
922 3705 988 3757 47
1022 3721 1033 3758 :
1077 3727 1102 3758 σι
1132 3706 1236 3761 Ubi
1289 3713 1425 3777 tres,
1482 3709 1538 3764 id
1598 3715 1709 3777 est,
1737 3711 1841 3766 Pa-

208 3786 297 3848 ter,
339 3792 392 3839 et
441 3787 627 3843 Filius
677 3795 733 3844 et
788 3791 1038 3862 Spiritus
1106 3800 1367 3861 sanctus,
1424 3798 1502 3851 ibi
1566 3799 1841 3865 Ecclesia,

207 3872 323 3939 quia
350 3876 531 3931 trium
569 3893 785 3950 corpus
817 3885 925 3936 est.
961 3904 988 3931 »
1020 3882 1236 3939 Verum
1271 3886 1335 3938 ad
1366 3886 1631 3941 haeresim
1667 3889 1842 3959 perti-

206 3967 305 4023 net.
328 3965 476 4019 sicut
508 3966 687 4021 etiam
713 3985 772 4023 in
804 3968 935 4025 Vita
966 3972 1093 4040 ejus
1124 3974 1554 4042 adnotavimus,
1578 3976 1838 4032 illudlib.

204 4048 258 4102 de
284 4051 503 4110 Exhort.
560 4059 745 4110 casm.
789 4074 801 4112 :
828 4080 864 4105 ν‹‹
897 4060 1007 4114 Sed
1040 4066 1096 4115 et
1126 4062 1224 4115 ubi
1274 4066 1410 4129 tres,
1443 4064 1700 4119 Ecclesia
1730 4069 1839 4131 est,

205 4135 318 4192 licet
342 4139 493 4196 laici.
539 4142 971 4218 Unusquisque
1020 4152 1174 4203 enim
1211 4150 1281 4205 de
1330 4152 1443 4207 ﬁde
1472 4153 1628 4207 vivit.
1666 4176 1692 4202 »
1723 4157 1839 4208 Ma-

201 4224 333 4314 xime
366 4244 499 4285 cum
523 4232 736 4288 iisdem
771 4234 888 4289 fere
932 4237 1126 4293 verbis
1175 4238 1431 4311 idipsum
1480 4246 1702 4314 repetat
1734 4242 1836 4298 lib.

201 4311 253 4366 de
278 4316 515 4374 Pudicit.
547 4336 560 4385 ;
598 4334 667 4374 ex
698 4338 813 4392 quo
862 4322 986 4381 loco
1026 4326 1321 4398 colligitur
1350 4347 1416 4384 eo
1448 4311 1675 4387 veniisse
1703 4348 1837 4387 eum

203 4398 503 4475 dementiae,
544 4407 632 4462 uti
665 4410 1085 4468 existimaverit
1108 4416 1409 4472 Ecclesium
1442 4419 1623 4475 fuisse
1654 4422 1712 4475 in
1733 4422 1837 4475 tri-

202 4487 298 4559 bus,
344 4511 558 4567 nempe
612 4497 909 4569 Montano,
966 4502 1161 4558 Prisca
1217 4509 1273 4561 et
1322 4507 1642 4564 Maximilla
1675 4526 1687 4564 :
1724 4526 1837 4581 quo

1984 932 2133 986 195
2170 934 2216 998 §.
2254 932 2338 986 18.
2372 933 2446 986 De
2474 933 2656 986 extasi
2684 948 2794 986 szvo
2832 933 3100 1001 amentia,
3140 932 3251 986 sive
3280 931 3639 1002 spiritupro-

2051 1002 2291 1073 plictz'co,
2326 1004 2570 1057 .llontoni
2595 1012 2644 1057 et
2692 1006 3013 1057 insanorum
3060 1000 3245 1058 vatum
3283 1000 3561 1057 Priscilla:
3590 1006 3641 1056 et

2053 1076 2398 1145 Maximillae,
2432 1084 2482 1131 et
2528 1076 2821 1141 similium,
2863 1080 3003 1130 tom.
3054 1076 3123 1141 ΙΙ,
3180 1074 3280 1128 lib.
3322 1075 3387 1129 de
3423 1076 3637 1141 Virgin.

2053 1147 2269 1201 veland.
2324 1164 2450 1218 cap.
2505 1147 2554 1215 1,
2607 1148 2802 1212 n.12;
2850 1152 2991 1202 tom.
3044 1146 3136 1215 IlI,
3184 1145 3283 1201 lib.
3315 1146 3383 1201 de
3410 1147 3632 1201 Anima.

2056 1235 2184 1289 cap.
2236 1220 2289 1282 9,
2340 1236 2397 1272 n.
2465 1218 2588 1286 111,
2643 1236 2769 1289 cap.
2826 1218 2928 1273 lib.
3000 1218 3067 1272 de
3110 1223 3415 1274 Resurrect.
3477 1235 3633 1272 earn.

2052 1306 2180 1361 cap.
2217 1292 2302 1359 11,
2339 1308 2395 1344 n.
2428 1290 2517 1355 98,
2545 1307 2609 1344 ac
2634 1307 2762 1361 cap.
2797 1291 2885 1358 45,
2908 1308 2963 1344 n.
2999 1290 3123 1355 488,
3150 1306 3280 1361 cap.
3308 1291 3397 1356 47,
3430 1290 3634 1355 ιι.534,

2053 1360 2157 1416 ult.
2194 1380 2249 1416 n.
2287 1362 2432 1427 436;
2470 1361 2606 1416 Adv.
2647 1360 2824 1417 Marc.
2862 1362 2962 1426 lib,
3002 1379 3071 1415 ιν.
3110 1360 3237 1433 cap.
3267 1362 3355 1428 2‘2,
3391 1377 3447 1433 ιι.
3480 1362 3585 1415 325
3619 1378 3632 1428 ;

2050 1438 2106 1487 et
2154 1433 2253 1487 lib.
2310 1450 2363 1499 v,
2414 1449 2541 1502 cap.
2595 1434 2647 1497 8,
2702 1452 2759 1488 n.
2797 1434 2898 1487 135
2928 1449 2993 1487 ac
3042 1434 3143 1487 136
3168 1431 3409 1501 ;‘lib.ad
3437 1433 3632 1501 Prona,

2049 1520 2174 1575 cap.
2205 1504 2260 1571 1,
2286 1506 2433 1571 n.7,
2464 1506 2497 1557 8
2529 1521 2595 1559 ac
2629 1506 2733 1573 10;
2782 1512 2837 1559 et
2886 1521 3011 1575 cap.
3066 1505 3153 1571 l5,
3188 1521 3247 1559 n.
3278 1504 3369 1571 93,
3403 1520 3469 1558 ac
3508 1520 3634 1575 cap.

2047 1578 2133 1641 30,
2171 1594 2227 1630 n.
2266 1578 2405 1642 183;
2441 1576 2693 1647 denique
2743 1576 2801 1630 in
2850 1578 3193 1646 Fragmentis
3244 1575 3511 1632 librorum
3552 1592 3636 1632 se-

2041 1652 2193 1719 ptem
2216 1653 2295 1703 De
2323 1650 2549 1704 exstasi.

2046 1755 2223 1810 Istam
2254 1754 2523 1810 haeresim
2555 1754 2911 1810 Tertulliano
2932 1755 3056 1825 jam
3088 1753 3227 1809 olim
3260 1753 3632 1825 impegerunt

1969 1845 2025 1895 S.
2059 1843 2366 1912 Pacianus,
2395 1846 2452 1898 S.
2496 1844 2731 1899 Hieron.
2766 1849 2821 1899 et
2869 1844 3229 1913 Nicephorus
3262 1843 3407 1898 locis
3438 1842 3631 1897 citatis

1887 1932 1933 1996 B
1966 1933 2034 1987 ad
2064 1936 2410 2005 Fragmenta
2440 1933 2724 1987 librorum
2770 1934 2898 2004 ejus
2946 1934 3010 1987 de
3054 1934 3297 1996 Exstasi.
3348 1937 3492 1986 tom.
3525 1930 3627 2006 ιν,

1969 2022 2069 2076 ubi
2101 2039 2169 2076 ex
2198 2023 2401 2077 eodem
2432 2022 2666 2077 Hieron.
2700 2028 2757 2077 et
2783 2022 3069 2093 Epiphan,
3104 2021 3475 2077 ostendimus
3508 2023 3631 2075 Ea:-

1963 2112 2138 2166 stasin
2172 2113 2231 2165 in
2260 2112 2467 2166 Adamo
2506 2112 2665 2175 (Gen.
2721 2118 2803 2181 nl,
2839 2112 3020 2165 fuisse
3069 2110 3417 2184 profundum
3458 2125 3613 2179 sopo-

1964 2217 2101 2266 rem,
2132 2217 2247 2254 non
2276 2202 2472 2255 mentis
2502 2202 2851 2265 cvictionem,
2883 2210 2933 2255 et
2955 2203 3206 2255 exstasin
3263 2202 3324 2254 in
3351 2199 3618 2271 apostolis

1963 2290 2172 2362 (Matth.
2204 2307 2366 2362 χχιιι,
2400 2306 2465 2346 ac
2521 2293 2647 2344 Luc.
2682 2291 2759 2362 ιχ)
2816 2292 2981 2347 Petro
3025 2292 3253 2358 Joanne,
3285 2306 3348 2345 ac
3400 2289 3618 2357 Iacobo,

1962 2395 2151 2451 neque
2182 2382 2489 2436 amentiam
2520 2379 2723 2449 fuisse,
2767 2380 2865 2434 sed
2918 2379 3326 2434 admirationis
3366 2377 3615 2433 extasin‘

1962 2486 2152 2540 neque
2199 2469 2375 2524 etiam
2436 2484 2567 2523 cum
2616 2468 2923 2540 prophetia
2971 2468 3169 2540 aliqua
3215 2468 3617 2538 conjunctam.

1961 2558 2181 2613 Deinde
2215 2576 2283 2613 ex
2313 2557 2592 2629 Apostolo
2625 2558 2671 2628 (Ι
2699 2558 2818 2613 Cor.
2864 2560 3003 2631 xxv),
3056 2558 3440 2630 quantumvis
3481 2572 3619 2611 con-

1961 2646 2206 2701 trarium
2240 2650 2457 2701 Auctor
2485 2645 2699 2711 eliciat,
2726 2646 2924 2702 addita
2961 2663 3265 2719 perperam
3298 2644 3568 2701 clausula
3602 2660 3615 2698 :

1961 2734 2019 2788 in
2053 2736 2234 2790 extasi
2268 2739 2535 2790 constare
2584 2735 2855 2807 spiritum
2899 2736 3317 2807 prophetarum
3364 2734 3618 2807 prophe-

1960 2824 2036 2878 tis
2091 2824 2421 2894 subjectum
2472 2841 2620 2890 esse,
2672 2829 2868 2894 utpote
2946 2842 3078 2878 cum
3139 2826 3324 2895 (juxta
3380 2822 3615 2879 Hieron.

1958 2915 2133 2968 verba
2163 2914 2242 2967 ibi
2274 2913 2469 2978 citata,
2504 2918 2559 2968 et
2608 2914 2845 2983 Origen,
2895 2914 3053 2969 hom.
3086 2915 3121 2967 6
3158 2915 3220 2968 in
3252 2913 3615 2982 Ezechielem)

1960 3001 2263 3073 prophetia
2312 3001 2457 3057 visio
2508 3006 2762 3068 vocetur,
2797 3019 2975 3072 quam
3026 3003 3167 3057 adeo
3207 3001 3616 3072 intelligebant

1959 3091 2272 3162 prophetae,
2319 3095 2625 3162 propterea
2677 3090 2923 3146 Videntes
2978 3089 3279 3162 appellati,
3310 3106 3425 3145 non
3478 3104 3612 3143 vero

1961 3186 2024 3235 ut
2054 3185 2318 3235 amentes
2351 3179 2516 3235 inviti
2545 3179 2958 3251 loquebantur,
2994 3185 3097 3235 aut
3127 3179 3254 3235 sine
3294 3181 3488 3234 mente
3519 3193 3612 3232 so-

1960 3286 2101 3325 num
2136 3270 2374 3325 dabant.
2413 3269 2572 3324 Unde
2604 3268 2875 3340 colligere
2919 3274 3009 3324 est
3050 3284 3247 3324 revera
3296 3271 3613 3324 amentiam

1961 3360 2165 3427 fuisse,
2199 3376 2310 3413 non
2344 3358 2711 3429 prophetiam,
2743 3362 2803 3413 in
2853 3358 3128 3414 Montano
3178 3361 3234 3413 et
3271 3357 3399 3427 ejus
3433 3372 3609 3428 pseu-

1954 3447 2442 3519 doprophetissis,
2487 3454 2661 3519 atque
2684 3449 2825 3503 adeo
2855 3449 2964 3502 Deo
3014 3447 3363 3519 disponente
3392 3447 3613 3500 factum

1955 3554 2106 3602 esse,
2141 3541 2203 3590 ut
2233 3535 2317 3590 vel
2351 3536 2458 3591 hac
2492 3535 2883 3607 appellatione
2931 3535 3042 3590 sibi
3091 3535 3204 3607 ipsi
3254 3533 3613 3589 contradice-

1955 3631 2043 3681 ret
2090 3630 2325 3679 Auctor.
2366 3626 2626 3696 ldipsum
2679 3625 2919 3696 pulchre
2966 3630 3102 3679 ante
3151 3624 3281 3679 illos
3332 3624 3615 3678 adversus

1952 3718 2290 3770 Montanum
2349 3714 2589 3769 deduxit
2655 3713 3060 3785 Apollonarius
3144 3712 3612 3784 Hierapolitanus

1952 3806 2261 3876 episcopus
2309 3804 2463 3875 apud
2518 3804 2724 3857 Euseb.
2775 3802 2877 3858 lib.
2920 3821 2973 3867 v,
3030 3820 3158 3873 cap.
3211 3804 3295 3868 15,
3348 3801 3613 3857 scribens

1951 3893 2083 3948 illos
2128 3894 2339 3964 spiritu
2388 3892 2641 3963 quodam
2677 3890 2933 3961 maligno
2972 3892 3262 3963 abreptos,
3297 3892 3610 3960 derepente

1950 3984 2145 4038 furore
2174 3986 2232 4038 et
2279 3981 2494 4037 mentis
2526 3980 2760 4035 insania
2788 3982 2989 4051 (quam
3028 3981 3275 4035 exstasin
3304 3971 3613 4042 vocabant)

1951 4072 2292 4144 exagitatos,
2326 4070 2665 4142 peregrinas
2706 4071 2992 4141 quasdam
3040 4085 3206 4125 voces
3257 4068 3522 4137 fundere,
3555 4070 3613 4121 et

1949 4166 2331 4231 contraquam
2357 4159 2626 4215 Ecclesia:
2676 4159 3060 4224 consuetudo,
3093 4174 3227 4213 cum
3274 4155 3607 4225 traditione,

1946 4254 2073 4304 tum
2114 4248 2487 4303 successione
2518 4247 2781 4319 antiquis
2829 4249 2901 4302 ab
2939 4246 3342 4319 apostolorum
3376 4251 3607 4315 tempo-

1948 4338 2112 4394 ribus
2144 4354 2209 4393 eo
2241 4353 2427 4409 usque
2453 4337 2712 4392 derivata
2739 4335 3457 4408 postulabat,prophetare
3489 4333 3607 4388 sci-

1946 4429 2085 4483 licet
2112 4428 2378 4498 cmpisse.
2430 4426 2581 4482 Citat
2626 4426 2719 4481 ille
2767 4426 2947 4497 (apud
2998 4426 3207 4481 Euseb.
3242 4441 3291 4479 c.
3326 4424 3513 4494 seqq.)
3549 4426 3606 4478 et

1949 4515 2204 4573 Miliadis
2235 4515 2451 4571 librum
2495 4516 2777 4571 adversus
2826 4515 3120 4582 eumdem,
3152 4514 3213 4568 in
3253 4529 3368 4585 quo
3409 4520 3607 4567 osten-

201 4581 425 4645 pertinet
475 4588 636 4657 quod
693 4588 774 4643 ibi
824 4595 1100 4660 praeterea
1146 4600 1337 4666 negat,
1386 4598 1679 4653 Ecclesium
1725 4615 1839 4655 esse
1870 4671 1905 4676 _
1949 4605 2053 4672 dit,
2090 4604 2329 4660 minime
2360 4605 2517 4659 credi
2561 4608 2847 4675 oportere,
2898 4581 3605 4676 quemquam-prophetam

204 4683 465 4765 Ἷαηξενανη
500 4677 908 4748 ερίεεοροναηι.
960 4684 1172 4737 Verum
1210 4684 1321 4739 late
1348 4688 1704 4743 contrarium
1738 4691 1834 4745 de-
1868 4671 1915 4735 D
1949 4694 2141 4748 furore
2198 4693 2487 4764 percitum
2546 4671 2874 4765 prophetare
2921 4671 3131 4747 solere.
3194 4671 3399 4761 Neque
3444 4689 3601 4745 enim

204 4754 455 4845 duximus
490 4765 695 4821 adnot.
738 4768 957 4823 nostris
994 4769 1053 4825 in
1101 4772 1294 4828 locum
1342 4775 1617 4845 priorem,
1650 4777 1735 4833 vel
1768 4795 1836 4834 ex

200 4841 306 4914 ipso
344 4850 711 4910 Tertulliano
756 4858 947 4913 adhuc
995 4860 1299 4926 catholico,
1334 4841 1399 4918 ut
1428 4841 1608 4921 etiam»
1634 4866 1833 4923 adver-

201 4946 285 5030 sus
322 4936 881 5015 Magdeburgenses,
920 4948 1019 5019 qui
1049 4948 1186 5005 inde
1243 4952 1592 5025 colligebant
1638 4955 1834 5011 Eccle-

200 5035 326 5117 ‘Slam
356 5044 485 5117 esse
518 5032 575 5087 in
610 5034 833 5104 paucis.
866 5037 922 5090 Si
974 5038 1106 5109 quis
1138 5039 1308 5111 plura
1359 5044 1669 5112 desideret,
1702 5063 1833 5117 per-

198 5105 329 5203 legat
358 5116 566 5185 libros,
601 5128 893 5195 quotquot
942 5105 1179 5199 scripsit
1226 5130 1284 5185 S.
1338 5134 1586 5203 August.
1633 5105 1835 5190 contra

197 5193 529 5287 Donatistae,
565 5210 667 5281 qui
698 5193 1083 5284 Scripturaris
1114 5223 1237 5273 tum
1264 5193 1505 5287 Veteris,
1537 5228 1664 5279 tum
1688 5229 1809 5280 Nov

197 5284 534 5389 testamenti
575 5301 972 5389 undequaque
1018 5308 1332 5378 congessit,
1364 5284 1579 5381 quibus
1610 5319 1834 5372 constet

198 5386 313 5471 non
341 5386 395 5435 in
447 5401 565 5441 uno
595 5388 718 5444 solo
751 5393 1205 5465 terrarumloco,
1240 5402 1442 5470 utpote
1491 5403 1701 5471 Africa,
1736 5409 1833 5459 Ec-

196 5460 412 5563 clesiam
448 5489 600 5547 esse,
653 5479 755 5533 sed
801 5484 923 5535 toto
972 5482 1109 5537 orbe
1148 5489 1439 5543 terrarum
1483 5460 1830 5563 dispersam,

192 5558 340 5653 luta
388 5565 471 5653 et;
505 5565 784 5622 vaticinia
848 5570 1262 5642 prophetarum
1322 5582 1379 5632 et
1437 5558 1832 5651 apostolorum

197 5644 519 5739 tostimonia
544 5654 790 5712 clariora
822 5674 835 5715 :
870 5675 987 5730 quo
1018 5659 1291 5721 lectorem
1349 5644 1727 5739 remittimus,
1761 5686 1833 5726 ne

200 5724 281 5784 hic
316 5737 657 5805 prolixiores
706 5724 915 5805 simus.
963 5751 1085 5809 Hoc
1155 5768 1336 5811 unum
1401 5724 1727 5828 addemus:

1945 4782 2051 4852 (uti
2082 4799 2151 4836 ex
2174 4780 2271 4837 illo
2306 4782 2465 4850 citat)
2492 4798 2849 4852 quemquam
2882 4780 3107 4835 Veteris
3157 4784 3259 4836 aut
3286 4778 3428 4834 Novi
3461 4780 3601 4834 Tes-

1944 4871 2192 4927 tamenti
2242 4871 2567 4941 prophetam
2617 4870 2867 4943 allegare
2918 4873 3209 4939 poterunt,
3250 4884 3350 4939 qui
3390 4866 3601 4924 insano

1944 4960 2155 5032 spiritu
2184 4960 2309 5031 (per
2338 4959 2579 5027 extasin)
2630 4960 2700 5013 ad
2751 4958 2907 5013 hunc
2959 4960 3197 5013 modum
3248 4957 3464 5013 fuerint
3494 4957 3599 5011 ali-

1948 5049 2181 5121 quando
2214 5047 2507 5119 exagitati.
2530 5051 2729 5118 Neque
2760 5048 2828 5102 de
2859 5048 3079 5119 Agabo,
3104 5063 3293 5119 neque
3325 5047 3394 5101 de
3423 5045 3598 5114 Juda,

1947 5154 2138 5209 neque
2168 5139 2238 5193 de
2268 5136 2404 5206 Sila,
2447 5152 2637 5207 neque
2670 5136 2738 5190 de
2783 5136 3037 5208 Philippi
3086 5136 3322 5191 ﬁliabus
3352 5136 3486 5207 (Act.
3519 5151 3597 5202 ιιι,

1948 5228 2034 5293 15,
2066 5228 2178 5296 21),
2214 5242 2401 5298 neque
2446 5227 2515 5280 de
2569 5225 2800 5279 Ammia
2837 5242 2905 5280 ex
2942 5225 3371 5297 Philadelphia,
3415 5241 3605 5298 neque

1946 5317 2015 5370 de
2073 5316 2364 5381 Quadrato
2415 5316 2608 5385 (cujus
2661 5314 2929 5368 meminit
2977 5316 3130 5370 Hier.
3184 5315 3357 5370 Catal.
3412 5318 3602 5387 script.

1942 5406 2190 5473 Eccles.),
2240 5420 2427 5476 neque
2472 5404 2542 5459 de
2592 5402 2721 5459 aliis
2772 5404 3075 5475 quibusvis
3108 5410 3406 5476 praeterea,
3447 5405 3602 5477 quod

1940 5510 2153 5549 vesano
2184 5493 2447 5565 ipsorum
2482 5510 2640 5549 more
2674 5493 2774 5548 illa
2822 5511 2890 5549 ex
2929 5500 3089 5565 parte
3121 5495 3436 5563 aliquando
3468 5510 3599 5563 pro-

1943 5583 2331 5655 phetaverint,
2388 5584 2629 5639 omnino
2691 5581 2928 5655 gloriari
2990 5588 3282 5656 poterunt.
3338 5584 3596 5647 Quorum

1943 5671 2182 5728 domina
2252 5678 2560 5745 propterea
2621 5688 2749 5728 sese
2804 5673 3172 5730 recensuisse
3216 5669 3594 5742 postmodum

1939 5760 2181 5830 indicat,
2232 5762 2386 5833 quod
2439 5762 2796 5833 jactitarent,
2842 5760 3117 5817 mulieres
3158 5759 3292 5814 illas
3331 5754 3593 5815 Montani
