4072 6190
347 431 464 493 243
528 430 531 437 ’

1552 415 1985 485 PARADOXA
2026 409 2561 474 TERTULLIANI

3644 412 3767 469 244

344 561 463 617 illis
492 558 856 616 omnibusin
880 558 1195 630 prophetia,
1228 573 1442 612 ωυηυ.
1477 557 1737 629 proxime
1768 570 2000 609 ευοοεε-
2031 546 2085 612 Α
2114 542 2232 599 illis
2260 542 2499 609 Christi,
2528 542 2699 597 Joan.
2732 540 2861 596 VIII
2894 558 2907 596 :
2936 540 3210 596 Abraham
3250 539 3545 595 exsultavit
3589 548 3650 595 ut
3679 542 3763 596 vi-

348 651 519 719 sisse,
565 665 679 704 non
729 648 898 703 aliter
947 653 1122 719 atque
1183 648 1351 718 (teste
1403 647 1638 701 Hieron.
1694 644 1819 699 loco
1869 643 1995 711 jam

347 740 544 808 citato)
577 738 635 792 in
670 738 833 792 libris
868 744 1090 807 septem
1137 737 1207 792 de
1256 738 1492 805 Exstasi,
1544 750 1795 806 quorum
1829 730 1995 803 septi-

347 844 512 882 mum
544 827 781 898 scripsit
810 827 1088 882 adversus
1108 826 1480 897 Apollonium
1514 819 1997 886 Tertullianus,in

348 917 793 972 conﬁrmatione
855 916 1122 985 ejusdem
1172 914 1406 969 illarum
1455 909 2000 985 pseudOprophetize

347 1006 604 1076 scripsit,
637 1006 790 1059 196
862 1005 1166 1059 Melitanem
1213 1020 1441 1058 suorum
1476 1001 1797 1074 prophetam
1843 1003 2001 1070 puta-

346 1105 484 1160 tum,
508 1099 572 1148 ut
591 1093 673 1149 ita
695 1092 865 1149 tacite
888 1093 1319 1149 successionem
1344 1092 1661 1163 quamdam
1685 1088 2001 1160 prophetiae

345 1188 629 1253 tanquam
654 1197 801 1237 veras
833 1182 1182 1237 insinuaret.
1207 1181 1468 1251 Denique
1496 1178 1837 1251 Apollonius
1856 1176 2002 1231 libro

348 1288 455 1327 suo
482 1273 764 1326 adversus
793 1270 1190 1342 Cataphrygas
1223 1269 1329 1337 (uti
1361 1269 1570 1340 legitur
1599 1268 1752 1340 apud
1786 1267 1999 1322 Euseb.

349 1362 613 1432 ejusdem
646 1359 685 1414 l.
716 1376 767 1416 ο.
809 1360 891 1429 17)
924 1364 1174 1414 testatur
1219 1360 1481 1414 Zoticum
1527 1358 1864 1430 episcopum
1897 1357 2001 1411 Co-

351 1468 559 1518 meum,
592 1466 723 1504 cum
757 1454 1045 1520 Pepuzam
1077 1450 1469 1518 adventasset,
1495 1448 1575 1503 ibi
1630 1446 2004 1501 Maxiximilla

350 1540 699 1611 prophetare
729 1554 791 1593 se
823 1538 1164 1605 simulante,
1195 1538 1472 1593 insanum
1506 1538 1565 1592 in
1597 1537 1697 1592 illa
1726 1537 2002 1609 spiritum

352 1628 829 1699 deprehendisse.
868 1626 1157 1681 Similiter
1194 1626 1473 1698 Serapion
1514 1626 1752 1698 (ibidem
1805 1642 1855 1680 ο.
1890 1626 2001 1694 18),

354 1716 741 1772 antiochenus
786 1717 1117 1788 episcopus,
1153 1717 1387 1771 beatum
1437 1721 1633 1771 Sotam
1662 1716 1723 1771 in
1754 1714 2004 1769 Anchia-

354 1806 410 1861 lo
442 1805 698 1861 voluisse
748 1804 1018 1861 Priscillae
1059 1806 1391 1860 daemonum
1440 1806 1670 1876 ejicere,
1704 1804 1805 1860 sed
1852 1810 2004 1858 vete-

356 1894 602 1949 ratorios
660 1893 791 1949 illos
849 1893 1183 1965 hypocritas
1244 1893 1581 1965 neutiquam
1647 1892 2005 1965 permisisse.
2040 1914 2087 1979 B

354 1986 637 2039 Caeterum
673 1981 818 2038 nihil
849 1999 952 2053 pro
985 1988 1232 2038 Auctore
1280 1982 1435 2049 facit,
1491 1982 1644 2054 quod
1681 1982 1781 2037 lib.
1818 1999 1849 2035 v
1880 1981 2004 2036 adv.

358 2074 533 2128 Marc.
575 2071 944 2143 prophetandi
977 2074 1071 2144 jus
1120 2074 1289 2126 etiam
1346 2072 1608 2127 mulieres
1630 2071 1827 2127 habere
1868 2088 2005 2126 con-

357 2161 579 2229 tendat,
622 2178 690 2216 ex
734 2177 800 2217 eo
849 2161 1002 2233 quod
1051 2163 1072 2216 Ι
1119 2162 1248 2217 Cor.
1302 2178 1379 2229 xi,
1429 2162 1745 2233 Apostolus
1793 2160 2010 2216 Mulieri

355 2252 523 2307 etiam
549 2250 914 2322 praphetanti
942 2253 1185 2307 velamen
1216 2254 1459 2322 imponat
1488 2268 1509 2313 ;
1555 2250 1694 2321 quia
1744 2267 1858 2305 non
1910 2266 2005 2305 ve-

354 2357 477 2394 ram
523 2340 918 2412 prophetiam,
950 2342 1052 2395 sed
1104 2341 1318 2395 mentis
1372 2340 1689 2396 amentiam
1733 2340 1915 2395 fuisse
1947 2340 2004 2394 in

353 2429 582 2484 insanis
615 2428 730 2485 illis
753 2430 984 2484 vatibus
1020 2428 1281 2484 Priscilla
1302 2436 1358 2484 et
1382 2429 1697 2485 Maximilla
1720 2430 1844 2500 jam
1880 2446 2005 2500 pro-

352 2516 555 2571 batum
587 2522 678 2571 est
730 2532 741 2569 :
805 2520 867 2571 ut
914 2521 1138 2572 taceam
1186 2518 1340 2587 quod
1388 2516 1490 2571 illa
1542 2516 1849 2587 impugnet
1880 2518 2004 2587 ipse

354 2605 545 2659 adhuc
576 2604 920 2675 catholicus,
948 2605 1050 2660 lib.
1101 2606 1165 2659 de
1203 2608 1435 2661 Purser.
1482 2604 1603 2660 adv.
1654 2604 1845 2661 itaret.
1888 2623 2005 2677 XLI,

352 2693 414 2749 in
446 2694 567 2749 haec
605 2694 817 2750 verba:
844 2718 869 2744 «
899 2696 1043 2766 Ipsze
1068 2694 1343 2749 mulieres
1366 2694 1645 2750 haereticze
1676 2712 1853 2765 quam
1884 2712 2009 2764 pro-

359 2800 525 2838 caces
557 2801 570 2838 :
632 2800 759 2855 quae
792 2785 1047 2839 audeant
1091 2785 1315 2850 docere,
1349 2784 1721 2851 contendere,
1752 2784 2008 2839 exorcis-

360 2889 490 2929 mos
539 2888 731 2945 agere,
782 2873 1116 2929 curationes
1174 2873 1601 2945 repromittere,
1654 2874 1895 2929 forsitan
1954 2878 2011 2929 et

358 2962 627 3035 tinguere
659 2978 673 3017 :
717 2986 739 3015 ι
777 2962 931 3018 sicut
959 2962 1136 3019 latius
1166 2963 1245 3017 ibi
1277 2964 1649 3019 deduximus.
1684 2981 1847 3018 num.
1882 2964 2009 3026 260,

356 3053 484 3123 261,
516 3054 621 3107 262
652 3068 717 3107 ac
757 3053 883 3123 263,
935 3053 1007 3108 ad
1057 3053 1158 3109 lib.
1208 3052 1273 3107 de
1311 3054 1468 3124 Bapt.
1501 3054 1623 3108 adv.
1660 3054 2007 3121 Quiblillam,

358 3142 535 3196 etiam
566 3142 905 3197 Montanicae
939 3142 1289 3197 factionibus
1322 3142 1619 3207 feminam,
1654 3159 1816 3198 num.
1846 3144 1899 3197 2.

361 3264 507 3333 §19.
540 3265 745 3320 Filium
776 3266 876 3320 Dei
920 3266 1199 3321 Christum
1242 3282 1454 3336 semper
1501 3266 1676 3319 visum
1723 3267 1791 3319 ab
1838 3268 2012 3320 homi-

431 3336 613 3403 nibus,
648 3339 707 3390 in
742 3352 890 3405 vera,
920 3340 1020 3391 etsi
1048 3355 1154 3392 non
1206 3346 1335 3391 nata
1394 3353 1580 3398 carne,
1632 3343 1774 3391 tom.
1815 3337 1856 3402 l,
1907 3338 2007 3390 lib.

437 3406 560 3463 adv.
590 3407 715 3464 Jud.
752 3425 877 3478 cap.
910 3410 965 3476 9,
1013 3426 1069 3462 ιι.
1124 3409 1245 3472 114,
1283 3410 1427 3474 145;
1472 3414 1621 3462 tom.
1657 3411 1751 3475 ιιι,
1788 3408 1887 3463 lib.
1947 3408 2013 3462 de

436 3480 1117 3562 Carneﬁghrist-iLPaptb,
1150 3497 1220 3562 ιιζ
1256 3481 1363 3545 58;
1414 3478 1535 3562 ad_v.
1580 3483 1759 3562 Mare.
1811 3478 1912 3535 lib.
1950 3497 2011 3562 ιι,

438 3567 563 3621 cap.
598 3552 780 3631 27,'n.
819 3553 956 3618 187;
993 3550 1092 3605 lib.
1151 3551 1241 3617 ΙΙΙ,
1293 3568 1418 3620 cap.
1466 3552 1624 3633 5,.n.
1678 3552 1767 3619 39,
1800 3568 1926 3622 cap.
1958 3551 2012 3619 9,

438 3638 497 3675 n.
525 3623 633 3689 65;
669 3622 770 3678 lib.
830 3639 879 3690 γ,
930 3639 1035 3693 cap
1114 3622 1200 3689 19,
1251 3640 1308 3677 n.
1342 3624 1483 3686 296;
1520 3621 1618 3677 lib.
1652 3623 1783 3677 adv.
1818 3624 2015 3691 Prae,

438 3709 566 3764 cap.
600 3694 687 3762 14,
720 3711 778 3749 ιι.
810 3695 900 3761 86,
932 3696 1022 3763 87,
1051 3710 1176 3764 cap.
1212 3695 1297 3759 16,
1350 3711 1406 3747 n.
1451 3694 1540 3763 96,
1571 3695 1661 3760 98,
1712 3695 1833 3760 100,
1869 3696 1961 3749 101
2005 3712 2018 3762 ;

441 3769 499 3889 ξι
564 3769 705 3889 ιοὲιι.
769 3768 861 3832 IV,
929 3766 1032 3820 lib.
1111 3784 1161 3830 v,
1222 3768 1350 3819 adv.
1414 3770 1591 3821 Marc.
1651 3782 1823 3821 carm.
1891 3783 2016 3838 cap.

484 3853 589 3903 ,n.
661 3878 674 3891 .

441 3963 568 4015 Non
600 3960 742 4016 illud
778 3962 1128 4031 paradoxum
1162 3960 1408 4031 videtur,
1465 3962 1617 4033 quod
1653 3962 1854 4018 scribit
1886 3964 2024 4018 Ter-

369 4048 674 4117 tullianus,
730 4052 939 4107 Filium
984 4052 1106 4119 Dei,
1157 4067 1271 4106 non
1327 4055 1572 4121 Patrem,
1606 4050 1830 4120 quoties
1877 4051 1932 4105 id
1966 4052 2025 4107 in

369 4138 688 4210 Scripturis
718 4138 952 4211 legitur,
982 4144 1159 4193 visum
1190 4141 1273 4195 vel
1303 4139 1556 4194 auditum
1584 4140 1653 4195 ab
1684 4139 2028 4212 hominibus,

370 4243 581 4299 nempe
613 4244 745 4282 cum
780 4228 1054 4299 apparuit
1084 4227 1328 4293 Adamo,
1382 4227 1523 4283 Gen.
1573 4245 1675 4291 111;
1725 4228 1852 4295 Noe,
1885 4232 2028 4284 Gen.

370 4333 462 4384 1x;
513 4316 811 4384 Abraham,
864 4320 1004 4372 Gen.
1070 4334 1170 4387 ιιιι,
1234 4334 1370 4386 χιιι,
1433 4334 1608 4383 xvm;
1668 4318 1820 4372 Lolh.
1884 4318 2029 4374 Gen.

367 4420 503 4471 xxx;
557 4411 730 4476 Agar,
788 4405 931 4461 Gen.
984 4424 1141 4473 xxxx;
1190 4407 1377 4471 Jacob,
1448 4406 1590 4461 Gen.
1644 4423 1802 4473 xxxx,
1853 4423 2026 4463 χχχιι.

370 4509 539 4561 xxxv,
571 4500 629 4547 et
660 4496 847 4565 Moysi,
882 4496 1059 4549 Exod.
1092 4513 1154 4550 ιιι
1200 4500 1255 4549 et
1298 4511 1487 4566 seqq.,
1519 4511 1677 4548 xxxn
1717 4511 1782 4549 ac
1830 4511 2031 4563 xxvm,

374 4596 509 4635 cum
536 4580 593 4635 id
627 4582 1020 4653 desumpserit
1052 4586 1123 4639 ad
1156 4584 1397 4637 verbum
1458 4583 1573 4637 fere
1610 4600 1677 4637 ex
1707 4584 1761 4637 S.
1795 4583 2031 4639 Justino

2106 633 2259 687 deret
2287 633 2435 687 diem
2464 647 2673 695 nicum,
2716 631 2852 685 vidit
2890 634 2945 685 et
2994 630 3218 699 gavisus
3268 636 3364 683 est.
3412 631 3762 700 Quanquam

2108 722 2345 776 interim
2377 727 2431 775 S.
2484 724 2737 792 August.
2792 718 2894 773 lib.
2947 736 3031 787 ιιι,
3083 719 3293 774 advers.
3345 720 3600 788 Maxim.,
3634 735 3762 791 cap.

2106 813 2213 877 26;
2247 814 2304 864 et
2329 809 2431 863 lib.
2468 827 2507 863 ιι
2538 809 2603 864 de
2638 809 2832 863 Trinit.
2865 824 2993 878 cap.
3046 809 3130 873 10,
3184 808 3273 875 11,
3306 809 3397 871 12,
3432 808 3519 871 13,
3552 807 3639 876 44,
3677 808 3764 875 15,

2112 901 2177 953 16
2207 916 2273 954 ac
2307 901 2392 967 17,
2428 898 2700 954 maluerit
2741 914 2937 953 assere
2985 898 3162 953 Deum
3212 897 3438 952 Patrem
3485 901 3541 951 et
3580 902 3765 953 totam

2108 989 2455 1045 Trinitatem
2487 990 2675 1045 visum
2709 989 2881 1044 dictis
2908 987 3049 1044 locis
3083 1005 3184 1060 per
3211 987 3505 1058 subjectae
3536 992 3764 1043 creatu-

2111 1097 2227 1149 ras,
2262 1084 2326 1134 ut
2372 1096 2444 1135 ne
2490 1077 2845 1134 consentiret
2873 1077 3187 1132 Maximino
3227 1077 3493 1142 Arriano,
3527 1076 3619 1131 cui
3649 1093 3767 1131 non

2111 1168 2343 1224 suffecit
2390 1170 2575 1223 dictas
2626 1167 3017 1240 apparitiones
3073 1167 3220 1221 I97
3266 1166 3338 1221 de
3385 1165 3614 1221 Christo
3676 1166 3771 1219 in-

2111 1258 2434 1329 terpretari,
2468 1258 2565 1313 sed
2621 1258 2757 1312 inde
2813 1255 3085 1327 colligere
3143 1253 3438 1311 nitebatur
3474 1252 3770 1308 Christum

2114 1362 2216 1417 per
2254 1345 2572 1401 divinitatis
2626 1362 2747 1400 suae
2796 1343 3184 1400 substantiam
3220 1343 3443 1398 visibus
3492 1342 3773 1397 humanis

2113 1435 2478 1507 apparuisse,
2503 1452 2535 1488 a
2554 1451 2667 1505 qua
2692 1433 2895 1488 haeresi
2920 1431 3121 1504 procul
3143 1437 3297 1486 certe
3319 1432 3509 1486 abfuit
3535 1434 3769 1495 Auctor,

2114 1523 2545 1595 quantumlibet
2574 1540 2699 1577 eam
2734 1522 2973 1594 quidem
3015 1520 3103 1575 illi
3138 1521 3489 1592 impingant.
3523 1522 3593 1574 At
3620 1519 3768 1573 illud

2114 1613 2469 1685 paradoxum
2491 1617 2662 1679 est,et
2677 1610 3035 1666 Tertulliano
3056 1608 3347 1681 peculiare
3372 1609 3527 1680 quod
3548 1607 3774 1679 aliquot

2112 1700 2255 1757 locis
2284 1702 2462 1769 dicat,
2485 1702 2666 1755 visum
2697 1700 2975 1755 Christum
3007 1700 3063 1753 in
3095 1715 3262 1754 carne
3292 1715 3443 1768 vera,
3486 1702 3539 1753 et
3562 1696 3775 1763 solida,

2114 1792 2218 1847 etsi
2239 1806 2350 1845 non
2378 1795 2534 1855 nata,
2565 1788 2742 1856 idque
2773 1787 2893 1843 zelo
2926 1805 3037 1843 non
3086 1788 3407 1844 secundum
3441 1786 3774 1854 scientiam,

2120 1880 2205 1934 uti
2254 1884 2415 1935 tanto
2461 1879 2649 1950 magis
2719 1878 3009 1948 probaret,
3060 1878 3340 1932 adversus
3398 1875 3772 1943 Marcionem,

2118 1968 2376 2037 aliosque
2406 1969 2535 2038 ejus
2566 1967 2842 2029 asseclas,
2867 1981 3089 2021 carnem
3121 1966 3316 2031 Chisti,
3350 1982 3525 2037 quam
3568 1968 3775 2036 postea

2117 2074 2187 2112 ex
2231 2056 2457 2128 virgine
2504 2055 2743 2128 accepit,
2795 2072 2908 2111 non
2965 2054 3372 2127 phantasticam
3414 2055 3613 2125 fuisse,
3677 2052 3779 2107 sed

2117 2162 2301 2201 veram
2330 2162 2394 2201 ac
2423 2145 2675 2211 solidam,
2709 2144 2758 2200 si
2795 2145 2920 2215 jam
2968 2142 3105 2199 olim
3161 2148 3295 2199 ante
3330 2143 3387 2198 in
3416 2159 3589 2198 carne
3640 2158 3782 2197 vera

2116 2235 2279 2290 visus
2305 2235 2614 2290 diceretur.
2646 2233 2875 2304 Alioqui
2908 2237 3061 2288 certe
3106 2231 3208 2288 lib.
3256 2237 3449 2288 contra
3486 2233 3790 2292 Praxean,

2120 2324 2179 2378 S.
2211 2324 2419 2378 Justini
2473 2326 2639 2377 Mart.
2694 2321 3045 2377 sententiam
3096 2326 3355 2389 secutus,
3388 2321 3483 2391 qui
3543 2336 3641 2375 eas
3676 2336 3789 2391 ap-

2121 2412 2440 2484 paritiones
2486 2412 2768 2483 ﬁguratas
2819 2410 2997 2466 fuisse
3042 2410 3318 2476 afﬁrmat,
3367 2409 3627 2481 seipsum
3678 2424 3781 2463 ex-

2121 2502 2296 2572 plicat
2330 2517 2341 2554 :
2379 2522 2406 2551 «
2443 2502 2703 2555 Dicimus
2752 2500 2908 2555 enim
2958 2500 3173 2571 (inquit
3204 2498 3382 2571 priori
3414 2498 3562 2569 loco;
3593 2503 3651 2552 et
3681 2498 3783 2551 Fi-

2120 2590 2264 2645 lium
2301 2607 2407 2645 suo
2439 2590 2676 2645 nomine
2709 2595 2950 2644 eatenus
2982 2588 3332 2644 invisibilem
3367 2588 3541 2659 (quod
3575 2592 3781 2643 tamen

2121 2683 2370 2753 negabat
2410 2681 2718 2752 Maximus)
2766 2697 2883 2752 qua
2931 2679 3172 2746 Sermo;
3240 2678 3525 2733 visibilem
3579 2682 3781 2732 autem

2120 2771 2301 2826 fuisse
2329 2775 2463 2825 ante
2494 2785 2728 2825 carnem
2761 2785 2826 2824 eo
2858 2769 3029 2824 modo
3061 2784 3177 2839 quo
3230 2767 3371 2823 dicit
3400 2767 3471 2822 ad
3503 2768 3693 2822 Aaron
3728 2770 3791 2821 et

2120 2859 2360 2915 Mariam
2393 2860 2589 2930 (Num.
2621 2859 2722 2928 xu)
2757 2874 2768 2912 :
2799 2860 2869 2911 Et
2898 2860 2948 2912 si
2981 2860 3154 2929 fuerit
3198 2856 3488 2928 prophetes
3517 2858 3576 2910 in
3608 2855 3783 2920 vobis,

2122 2950 2181 3003 in
2206 2950 2415 3004 visione
2460 2964 2749 3018 cognoscar
2796 2946 2902 3014 illi,
2934 2951 2985 3002 et
3014 2948 3075 3001 in
3115 2948 3330 3001 somnio
3378 2946 3573 3016 loquar
3603 2944 3711 2999 illi.
3755 2966 3777 2996 ι

2124 3038 2192 3092 Et
2222 3042 2353 3109 post
2381 3036 2629 3109 allegata
2656 3037 2833 3090 verba
2863 3035 2964 3090 illa
3012 3036 3186 3089 Exod.
3221 3051 3284 3089 ιιι
3339 3051 3351 3089 :
3411 3034 3477 3090 0:
3512 3035 3579 3087 ad
3610 3049 3669 3088 os
3701 3034 3787 3088 lo-

2123 3144 2262 3199 quar
2287 3128 2375 3181 illi
2405 3129 2463 3181 in
2510 3128 2705 3197 specie,
2747 3124 3058 3196 subiungit
3092 3142 3103 3179 :
3138 3147 3165 3173 «
3217 3123 3401 3195 Igitur
3431 3140 3562 3178 cum
3598 3123 3793 3195 Moysi

2124 3220 2315 3271 servat
2358 3219 2737 3286 conspectum
2786 3231 2962 3269 suum
3010 3221 3066 3268 et
3112 3212 3468 3283 colloquium
3518 3212 3663 3267 facie
3708 3212 3788 3266 ad

2043 3286 2085 3350 (ἶ
2126 3305 2329 3359 faciem
2362 3304 2419 3357 in
2452 3304 2715 3358 futurum
2766 3309 2926 3367 (nam
2982 3303 3090 3358 hoc
3142 3306 3342 3373 postea
3390 3301 3788 3372 adimpletum

2123 3398 2179 3447 et
2207 3393 2265 3447 in
2299 3392 2516 3447 montis
2548 3408 2804 3459 secessu,
2858 3392 3014 3447 sicut
3057 3390 3308 3462 legimus
3354 3392 3410 3444 in
3447 3388 3795 3461 Evangelia,

2130 3488 2243 3537 Luc
2296 3498 2372 3546 IX,
2433 3481 2624 3536 visum
2684 3498 2817 3536 cum
2877 3480 2977 3535 illo
3033 3484 3267 3551 Moysen
3325 3479 3796 3549 colloquentem)

2128 3574 2366 3642 apparet
2397 3574 2547 3624 retr.)
2580 3586 2810 3640 semper
2860 3570 2916 3624 in
2976 3568 3214 3639 speculo
3262 3572 3318 3622 et
3349 3566 3678 3638 amigmate,
3731 3570 3798 3619 et

2128 3658 2349 3713 visione
2378 3663 2435 3713 et
2464 3674 2670 3713 somno
2702 3658 2906 3728 Deum,
2951 3658 3004 3712 id
3058 3662 3148 3712 est
3195 3656 3405 3711 Filium
3440 3655 3563 3725 Dei,
3591 3654 3797 3709 visum

2130 3753 2249 3803 tam
2282 3747 2579 3818 prophetis
2610 3752 2665 3801 et
2696 3746 3065 3817 patriarchis,
3116 3762 3291 3818 quam
3325 3750 3382 3800 et
3420 3744 3531 3816 ipsi
3566 3742 3802 3799 adhuc-

2131 3836 2331 3908 Moysi.
2362 3836 2473 3891 Nec
2502 3835 2847 3891 absimiliter
2872 3834 2997 3890 loco
3029 3834 3333 3905 posteriori
3368 3850 3381 3889 :
3420 3855 3447 3883 ‹‹
3480 3837 3608 3905 Ipse
3631 3831 3801 3887 enim

2134 3930 2192 3982 et
2246 3925 2317 3979 ad
2378 3924 2641 3978 humana
2696 3939 2929 3995 semper
2985 3922 3281 3993 colloquia
3334 3922 3655 3986 descendit,
3718 3919 3800 3974 ab

2135 4015 2323 4069 Adam
2357 4029 2543 4084 usque
2573 4012 2643 4067 ad
2673 4012 3038 4084 patriarchas
3063 4017 3117 4068 et
3148 4012 3482 4084 prophetas,
3514 4010 3573 4065 in
3606 4009 3803 4065 visio-

2138 4122 2231 4173 ne,
2272 4107 2329 4158 in
2363 4119 2590 4170 somno,
2614 4102 2671 4156 in
2696 4102 2956 4173 speculo,
2990 4101 3046 4155 in
3081 4102 3416 4174 aenigmate.
3447 4122 3473 4148 ››
3507 4100 3803 4154 Caeterum

2140 4190 2559 4264 S.Augustino
2626 4190 2769 4246 locis
2809 4192 2935 4261 jam
2988 4190 3182 4245 citatis
3232 4189 3421 4261 magis
3480 4187 3671 4259 placet
3729 4192 3804 4243 ut

2142 4281 2315 4336 dictis
2344 4280 2670 4334 visionibus
2702 4278 2967 4334 Christus
3000 4278 3235 4349 quidem
3268 4277 3435 4332 fuerit
3480 4277 3812 4347 ﬁguratus,

2143 4371 2240 4426 sed
2274 4386 2373 4441 per
2404 4372 2642 4440 angelos
2674 4369 2857 4438 ﬁgura
2888 4368 3172 4422 duntaxat
3210 4366 3394 4421 Deum
3428 4365 3811 4437 apparuisse,

2143 4460 2199 4515 id
2230 4459 2483 4530 probans
2532 4474 2600 4513 ex
2649 4456 3006 4529 Scripturis;
3060 4458 3203 4511 Osee
3234 4472 3337 4521 xu,
3387 4453 3486 4509 ubi
3529 4451 3817 4522 angelum

2144 4547 2325 4603 fuisse
2358 4546 2591 4613 dicitur,
2641 4545 2736 4617 qui
2787 4562 2919 4600 cum
2968 4544 3141 4600 Jacob
3186 4543 3533 4599 colluctatus
3573 4546 3683 4607 est,
3745 4546 3819 4598 at

374 4632 1018 4738 inﬁnitigg‘iai.‘
1054 4632 1433 4742 “magna,
1458 4632 1529 4726 Si
1550 4632 1815 4742 ’ρξιῖιῖιὲί
1835 4632 2027 4728 ἐζξῖ
2060 4655 2106 4719 D
2138 4636 2285 4742 ξίθδ·
2325 4653 2449 4735 “"3
2484 4633 3192 4742 οἷηξλέῗίίξξλξῖωἷθῇίῗῗσξ
3213 4632 3581 4742 ,ῗξῖίῖῗίξδῗξῗῇ
3624 4646 3817 4742 θξῗὲῗ

376 4757 526 4813 Iren.
560 4757 661 4813 lib.
722 4776 807 4825 ιιι,
866 4775 993 4831 cap.
1042 4761 1094 4827 6,
1150 4776 1214 4813 ac
1275 4760 1372 4813 lib.
1434 4777 1509 4829 ιν,
1572 4776 1697 4832 cap.
1731 4760 1819 4824 23,
1850 4765 1906 4815 et
1930 4778 2028 4817 eos

376 4852 703 4918 sequantur
749 4848 1103 4903 Novatianus
1137 4847 1237 4903 lib.
1289 4847 1355 4903 de
1392 4850 1607 4920 1rinit.,
1653 4866 1780 4921 cap.
1818 4850 1903 4917 15,
1935 4850 2027 4920 26,

374 4934 480 5000 27;
534 4935 595 4989 B.
642 4936 911 5007 Cyprian.
948 4934 1047 4990 lib.
1092 4952 1131 4991 ιι
1182 4937 1394 4991 Testim.
1437 4940 1569 4993 adv.
1628 4939 1754 4994 Jud.
1818 4954 1943 5008 cap.
1994 4939 2031 4992 5

374 5025 431 5078 et
458 5023 513 5091 6,
546 5039 614 5079 ex
644 5024 715 5079 iis
756 5023 895 5079 locis
926 5025 1393 5096 comprobantes,
1434 5026 1729 5081 Christum
1766 5042 1881 5082 non
1925 5025 2025 5081 ho-

372 5112 593 5167 minem
644 5112 836 5169 solum
894 5118 991 5168 aut
1042 5114 1338 5186 angelum,
1394 5116 1495 5171 sed
1540 5120 1597 5171 et
1632 5116 1812 5170 Deum
1847 5115 2029 5172 fuisse

370 5200 727 5271 appellatum
767 5219 779 5257 :
820 5217 922 5257 nec
970 5202 1136 5258 aliter
1182 5205 1234 5258 S.
1287 5205 1486 5259 Ambr.
1541 5207 1768 5275 Prmfat.
1818 5206 1875 5259 in
1917 5209 2026 5260 Lu-

368 5304 532 5353 cam;
577 5292 632 5346 S.
694 5292 902 5363 Epipb.
969 5292 1029 5347 in
1079 5296 1392 5355 Ancoralu;
1460 5293 1838 5363 Prudentius,
1897 5295 2024 5350 adv.

369 5377 980 5450 Anthropomorphitas,
1031 5385 1088 5435 et
1145 5382 1357 5436 Arnob.
1418 5384 1476 5437 in
1532 5382 1680 5436 Psal.
1736 5399 1848 5438 CIV.
1907 5383 2028 5447 Quo

370 5467 645 5522 videntur
699 5469 937 5523 adducti
996 5474 1119 5523 tum
1172 5470 1364 5525 verbis
1418 5470 1535 5525 illis
1575 5473 1745 5526 Deum
1804 5473 2027 5527 Patrem

374 5556 551 5627 {sicut
581 5556 720 5629 legit
748 5559 984 5626 Auctor)
1025 5573 1183 5613 nemo
1223 5558 1427 5615 videbit
1469 5577 1736 5631 unquam,
1781 5565 1833 5616 et
1862 5562 2024 5625 vivet,

374 5644 555 5700 Exod.
614 5663 830 5713 xxxm;
887 5662 953 5703 ac
997 5645 1314 5715 similibus,
1366 5648 1534 5704 Joan.
1566 5666 1625 5704 vx
1684 5668 1697 5705 :
1754 5650 2029 5722 nonquia

377 5735 599 5791 Patrem
629 5737 751 5807 quis
779 5736 941 5804 vidit,
973 5737 1086 5793 nisi
1111 5738 1207 5808 qui
1235 5754 1269 5793 a
1297 5738 1401 5794 Deo
1432 5742 1510 5795 est
1544 5755 1557 5793 :
1590 5742 1643 5795 et
1675 5755 1705 5794 e
1735 5739 2027 5795 contrario

2138 4726 2225 4781 los
2258 4725 2545 4795 recepisse
2575 4722 2850 4794 h05pitio.
2900 4721 3123 4785 Quibus
3169 4721 3418 4792 adjicere
3451 4719 3603 4786 licet,
3640 4720 3812 4791 quod

2138 4819 2343 4881 Deum,
2395 4830 2566 4885 quem
2599 4812 2710 4868 sibi
2754 4811 2813 4866 in
2867 4811 3011 4866 rubo
3055 4815 3113 4865 et
3158 4815 3216 4866 et
3263 4811 3401 4865 Sina
3450 4809 3817 4881 apparuisse

2136 4908 2321 4959 Moses
2353 4902 2519 4969 dixit,
2564 4901 2721 4956 hunc
2772 4900 2968 4972 ipsum
3026 4900 3081 4955 S.
3134 4899 3491 4972 Stephanus,
3541 4900 3669 4954 Act.
3719 4915 3817 4955 vn

2139 4993 2414 5062 angelum
2449 4992 2664 5047 fuissse
2696 4994 2965 5045 testatur.

2136 5136 2282 5204 §20.
2322 5136 2393 5189 De
2424 5138 2578 5201 Fuga
2628 5134 2689 5186 in
2736 5133 3120 5202 persecutione
3177 5147 3285 5204 non
3337 5131 3515 5204 licita,
3547 5127 3817 5204 tom._IIv

2210 5207 2311 5261 lib.
2348 5222 2385 5271 1,
2420 5208 2487 5260 ad
2513 5200 2670 5262 Uxor
2700 5200 2827 5274 cap.
2876 5204 2927 5273 3,
2980 5220 3037 5257 n.
3085 5204 3171 5269 l7,
3217 5202 3319 5258 lib.
3351 5204 3416 5257 de
3446 5202 3571 5258 Cor.
3612 5200 3808 5257 milit.

2209 5279 2422 5403 capri,
2458 5295 2515 5332 ιι.
2550 5278 2637 5345 18,
2671 5280 2728 5330 et
2757 5280 2899 5330 tom.
2939 5278 3007 5343 V,
3052 5275 3191 5331 libro
3235 5277 3455 5344 integra
3483 5275 3604 5343 eius
3631 5289 3823 5345 argu-

2210 5366 2333 5404 men
2364 5366 2402 5403 ι.

2210 5472 2377 5528 Hunc
2421 5470 2765 5527 Tertulliani
2815 5486 3091 5540 errorem,
3143 5486 3320 5542 quem
3379 5470 3497 5526 late
3563 5467 3833 5525 deducit

2136 5559 2238 5615 lib.
2294 5561 2358 5616 de
2410 5562 2559 5630 Fuga
2638 5562 2697 5613 in
2771 5562 3166 5630 persecutione,
3248 5559 3578 5630 conscripto
3628 5557 3830 5627 juxta

2139 5654 2200 5705 S.
2233 5650 2492 5717 Hieron.,
2526 5647 2813 5721 Sophron.
2846 5652 2908 5704 et
2956 5648 3265 5722 Nicephor.
3300 5649 3430 5704 adv.
3458 5646 3830 5717 Ecclesiam,

2138 5742 2256 5795 tam
2318 5739 2431 5796 late
2462 5737 2893 5796 confutavimus
2940 5738 3157 5797 nostris
3210 5739 3271 5795 in
3320 5736 3491 5794 illum
3542 5734 3791 5793 Adnota
