4072 6190
65 65 599 229 Ι-Ιγ

338 214 365 225 9η
434 216 459 229 ,1

338 214 459 229 s.1_r

260 405 361 466 245

1445 402 1611 467 CUM
1652 400 2054 465 ANTIDOTO
2097 399 2422 463 PAMELII

3514 405 3632 464 246

257 536 511 604 tionibus,
543 538 607 590 ut
637 551 751 590 non
782 534 988 591 multis
1019 535 1114 592 hic
1144 535 1223 591 sit
1251 553 1419 608 opus.
1450 536 1595 593 Vide
1628 536 1870 605 ibidem,
1902 536 1955 603 Α
1986 535 2309 607 presbyter,
2339 538 2396 589 S.
2432 532 2741 605 Gregorius
2792 551 2963 606 papa,
3016 534 3189 602 Beda,
3241 538 3297 590 et
3343 536 3635 607 Rupertus

256 627 387 698 quod
422 626 488 678 ad
511 624 724 679 calcem
758 627 1089 695 argumenti
1121 626 1506 697 subjecimus,
1541 627 1872 682 antidotum

249 733 304 771 ex
333 718 446 787 ipso
478 720 713 769 auctore
743 714 931 769 adhuc
982 716 1289 785 catholico,
1348 721 1492 771 tom.
1529 717 1601 783 ΙΙ,
1662 716 1762 770 lib.
1800 716 1873 769 de

249 807 452 859 Patient.
491 822 617 877 cap.
654 806 742 870 13,
775 821 942 860 num.
984 807 1088 871 88;
1122 806 1177 859 S.
1234 806 1510 877 Dypriani
1577 804 1720 860 locis
1768 804 1872 859 ali-

250 900 403 965 quot;
458 895 516 949 S.
579 893 881 949 Athanasii
943 894 1220 966 Apologia
1278 912 1379 966 pro
1439 912 1547 951 sua
1606 895 1759 966 fuga,
1818 898 1874 949 et

246 987 290 1035 S.
332 984 567 1054 August.
624 984 795 1054 epist.
850 983 950 1037 180
996 983 1067 1037 ad
1115 984 1455 1039 Honoratum
1508 1001 1520 1038 :
1573 1000 1604 1038 e
1655 983 1872 1054 quibus

247 1073 397 1127 etiam
428 1073 493 1127 ad
530 1072 767 1144 singula
789 1088 934 1144 pene
956 1079 1304 1144 argumenta
1326 1073 1620 1129 contraria
1633 1088 1871 1144 respon-

246 1161 417 1217 dimus
450 1178 462 1215 :
500 1164 754 1217 maxime
785 1178 909 1232 cap.
946 1164 997 1229 4,
1032 1178 1197 1217 num.
1227 1164 1337 1231 35;
1374 1164 1564 1233 cap.5,
1599 1163 1868 1229 num.39;

247 1266 351 1319 cap.
380 1250 431 1319 6,
466 1266 630 1305 num.
664 1250 755 1317 43,
784 1250 849 1303 47
880 1265 946 1305 ac
979 1250 1083 1317 49;
1118 1266 1244 1321 cap.
1277 1251 1332 1319 7,
1385 1266 1549 1304 num.
1599 1250 1704 1315 54;
1741 1265 1868 1319 cap.

244 1338 288 1402 8,
320 1356 371 1393 n.
401 1339 485 1407 55,
518 1340 589 1393 57
621 1356 685 1394 ac
715 1340 829 1405 58;
860 1354 986 1410 cap.
1039 1340 1094 1405 9,
1148 1356 1309 1395 num.
1344 1340 1456 1406 60;
1506 1343 1564 1393 et
1606 1355 1735 1408 cap.
1781 1338 1866 1406 18,

242 1444 362 1481 num
413 1429 500 1483 75.
542 1429 735 1483 Verba
774 1427 1038 1483 Auctoris
1069 1429 1250 1482 citata
1304 1433 1444 1483 sunt
1474 1428 1588 1482 ista
1624 1443 1635 1481 :
1674 1448 1701 1475 «
1736 1430 1867 1481 Car-

243 1516 319 1570 nis
347 1516 625 1586 patientia
652 1516 713 1571 in
749 1518 1257 1588 persecutionibus
1290 1516 1608 1589 praeliatur.
1650 1514 1704 1569 Si
1733 1515 1871 1586 fuga

242 1611 440 1675 urgeat,
476 1606 630 1660 I98
663 1606 1036 1661 incommoda
1080 1608 1231 1677 fugae
1283 1622 1417 1661 caro
1450 1603 1668 1659 militat
1697 1628 1710 1671 ;
1737 1603 1783 1657 si
1814 1608 1871 1657 et

243 1709 413 1748 carcer
442 1694 780 1765 prmveniat,
813 1698 902 1749 est
935 1694 993 1749 in
1026 1694 1127 1749 illa
1168 1698 1512 1767 paupertate
1564 1692 1733 1759 lucis,
1766 1708 1869 1763 pa-

242 1783 421 1837 tientia
454 1784 682 1839 mundi.
718 1806 746 1833 ››
777 1783 947 1851 Quid,
982 1784 1138 1856 quod
1168 1800 1237 1839 ex
1266 1783 1405 1837 dicti
1452 1782 1583 1837 libri
1617 1798 1744 1852 cap.
1780 1782 1867 1849 11,

242 1871 451 1926 viderur
479 1874 857 1944 potissimum
906 1875 1102 1947 fugam
1154 1873 1487 1945 improbare
1535 1872 1867 1942 Praeposito-

242 1976 349 2016 rum
378 1965 648 2034 Ecclesiae,
702 1968 903 2035 utpote
935 1965 1134 2035 quibus
1163 1962 1361 2035 (etiam
1409 1962 1580 2032 juxta
1607 1964 1663 2013 S.
1696 1959 1867 2014 Atha-

245 2066 354 2105 nas.
385 2052 559 2121 eqist.
594 2052 663 2107 ad
697 2055 1077 2120 Dracontium,
1110 2057 1165 2107 et
1197 2051 1388 2106 locum
1410 2050 1653 2105 citatum
1688 2048 1868 2103 S.Au-

243 2142 402 2209 gust.)
455 2144 651 2212 fugere
706 2158 811 2197 non
873 2142 1021 2207 licet,
1080 2142 1196 2195 nisi
1249 2156 1412 2211 grege
1457 2141 1727 2211 fugiente,
1770 2140 1870 2192 aut

241 2232 575 2299 praepositum
604 2246 713 2285 non
750 2230 1120 2298 desiderante,
1154 2229 1210 2283 id
1259 2235 1369 2299 est,
1404 2246 1519 2284 non
1570 2227 1870 2298 indigente

242 2318 351 2387 ejus
380 2335 597 2390 opera;
629 2336 763 2376 cum
796 2318 1125 2392 personalis
1156 2322 1264 2384 est,
1298 2322 1361 2372 ut
1408 2318 1492 2373 sic
1531 2317 1867 2388 loquamur,

245 2406 631 2479 episcoporum
663 2415 767 2464 aut
799 2414 1100 2480 pastorum
1149 2409 1475 2479 persecutio
1498 2406 1525 2459 ?
1557 2407 1679 2469 Quo
1729 2420 1869 2459 casu

244 2494 398 2549 etiam
429 2496 551 2551 illis
588 2498 785 2569 fugere
842 2496 1038 2563 licere,
1097 2501 1155 2551 et
1210 2495 1532 2551 multorum
1588 2493 1870 2564 exemplis

244 2589 289 2637 et
315 2600 377 2638 ex
400 2586 723 2656 Scripturis
754 2587 866 2640 late
897 2586 1135 2641 deducit
1166 2585 1223 2641 S.
1256 2584 1543 2647 Athanas,
1577 2585 1733 2638 dicta
1764 2598 1873 2638 sua

241 2671 438 2743 Apolog.
466 2674 535 2728 ad
578 2690 758 2746 quam
790 2673 1087 2737 lectorem,
1130 2690 1202 2727 ne
1233 2672 1326 2727 hic
1389 2672 1730 2744 prolixiores
1790 2669 1870 2725 si-

242 2776 377 2829 mus,
419 2763 803 2818 remittimus.
853 2763 1053 2834 Neque
1101 2762 1424 2834 quidquam
1471 2778 1573 2833 pro
1623 2766 1871 2815 Auctore

246 2846 379 2913 facit,
398 2852 556 2921 quod
588 2853 784 2907 invitet
808 2851 1064 2908 Christus
1085 2851 1153 2905 ad
1178 2851 1493 2922 passionem
1520 2851 1872 2905 contrariam

241 2939 367 3005 fuge
396 2957 413 2992 :
447 2942 556 3007 Qui
589 2956 677 2994 me
706 2942 964 3010 confusus
993 2942 1181 3010 fuerit,
1205 2945 1260 2993 et
1290 2955 1389 3007 ego
1419 2941 1727 3010 confundor
1746 2956 1873 2994 eum

243 3025 405 3093 (Mare.
460 3033 566 3099 γι),
622 3030 1000 3100 quantumvis
1067 3028 1249 3099 Scorp.
1319 3028 1533 3083 advers.
1592 3030 1872 3084 Gnostieos

244 3113 363 3171 inde
415 3118 698 3189 colligere
748 3117 1015 3172 videatur
1070 3118 1351 3185 martyrio
1406 3121 1682 3188 praecepta
1710 3133 1869 3183 esse;

246 3206 367 3274 quia
393 3224 558 3278 aeque
608 3211 942 3278 praeceptum
972 3221 1100 3261 esse
1151 3204 1550 3260 Tertullianus
1607 3206 1875 3278 agnoscit

1984 625 2308 678 Comment.
2340 624 2397 677 in
2430 624 2560 689 Job,
2596 624 2753 694 quod
2785 628 3006 693 septem
3039 622 3260 693 priores
3301 622 3405 678 filii
3440 624 3633 680 adhuc

1983 712 2169 768 vivere
2202 719 2585 769 censerentur
2616 713 2769 784 apud
2806 714 3005 768 Deum.

1985 828 2127 900 §22.
2165 830 2235 885 De
2286 830 2460 884 Maria
2513 832 2751 899 Virgine,
2782 830 2931 900 quod
2983 830 3265 884 communi
3320 830 3434 900 lege
3463 833 3639 900 pate-

2052 848 2127 883 ιι.
2165 848 2235 885 ue
2286 848 2460 884 maria
2515 848 2751 899 Virgine,
2782 848 2929 900 quoa
2983 848 3263 884 communi
3320 848 3434 900 tege
3526 848 3638 885 ate-

2052 903 2193 970 facti
2218 904 2461 972 corporis
2494 901 2769 956 Christum
2808 901 3043 972 peperit,
3094 904 3235 956 tom.
3288 901 3384 966 Ill,
3437 848 3537 956 lig.
3571 902 3638 957 de

2057 972 2231 1027 Carne
2255 974 2483 1040 Christi,
2521 991 2647 1046 cap.
2683 974 2735 1037 4,
2769 990 2827 1026 n.
2856 974 2918 1027 31
2947 989 3120 1046 ξραρ.
3151 974 3307 1046 20,n.
3330 972 3471 1040 155;
3504 990 3633 1046 cap.

2051 1046 2140 1111 23,
2179 1063 2235 1099 η.
2273 1046 2373 1099 174
2406 1062 2470 1101 ac
2507 1044 2642 1113 175;
2678 1046 2903 1100 Advers.
2940 1044 3100 1099 Marc.
3162 1044 3263 1101 lib.
3326 1062 3411 1115 ιιι,
3446 1061 3494 1099 c.
3535 1044 3625 1111 11,

2053 1133 2111 1242 pl.
2286 1116 2325 1171 l.
2358 1118 2411 1173 b.
2449 1134 2528 1183 1v,
2560 1135 2685 1190 cap.
2719 1118 2810 1186 21,
2836 1134 2894 1172 n.
2928 1117 3027 1171 311
3059 1133 3071 1173 :
3106 1116 3287 1173 etlib.
3321 1133 3375 1183 v,
3407 1117 3632 1188 cap.19,

2052 1293 2191 1347 Tale
2224 1295 2365 1365 quid
2400 1294 2833 1349 Tertullianum
2868 1294 3177 1365 scripsisse
3208 1294 3351 1350 satis
3380 1294 3631 1349 manife-

1980 1389 2136 1437 stum
2161 1386 2271 1451 est,
2296 1383 2448 1438 sicut
2479 1384 2654 1438 etiam
2687 1382 3015 1454 Origenem,
3049 1382 3207 1438 hom.
3243 1384 3309 1437 14
3339 1386 3399 1437 in
3430 1385 3636 1439 Lucam

1979 1474 2036 1525 et
2067 1471 2121 1525 S.
2158 1472 2421 1539 Ambros,
2453 1471 2511 1525 in
2535 1473 3054 1527 eumdem.Verum
3080 1476 3331 1544 possunt
3362 1471 3635 1543 intelligi,

1975 1560 2147 1630 juxta
2168 1562 2322 1631 quod
2358 1560 2779 1632 interpretatur
2822 1562 2877 1615 S.
2929 1560 3183 1615 Thomas
3234 1561 3503 1631 Aquinas
3534 1559 3637 1615 ali-

1978 1650 2135 1719 cubi,
2169 1652 2239 1705 de
2266 1650 2368 1706 tali
2403 1652 2553 1707 I99
2587 1652 2973 1723 patefactione
3004 1652 3179 1719 uteri,
3220 1668 3346 1723 quae
3378 1651 3633 1708 claustra

1976 1739 2336 1809 virginitatis
2369 1758 2484 1795 non
2519 1740 2846 1811 violaverit,
2880 1740 3051 1795 sicuti
3088 1742 3260 1796 etiam
3296 1758 3403 1797 nos
3451 1741 3633 1797 adno-

1978 1828 2235 1883 tavimus
2260 1829 2330 1884 ad
2354 1829 2499 1884 illud
2528 1834 2842 1901 Luc.u,pro
2867 1846 2929 1884 se
2952 1829 3197 1884 citatum
3228 1830 3299 1885 ab
3331 1834 3581 1885 Auctore
3614 1846 3628 1885 :

1897 1912 1943 1977 B
1973 1918 2147 1975 Omne
2181 1918 2551 1973 masculinum
2599 1918 2925 1989 adaperiens
2958 1919 3196 1988 vulvam,
3229 1920 3297 1973 ad
3349 1917 3488 1974 dict.
3522 1917 3627 1973 lib.

1976 2006 2043 2062 de
2071 2006 2246 2062 Carne
2298 2007 2500 2063 Christi
2530 2026 2693 2063 num.
2730 2009 2852 2075 475,
2887 2008 3157 2063 adductis
3200 2008 3272 2063 ad
3305 2007 3413 2063 hoc
3460 2007 3633 2063 testi-

1980 2094 2195 2150 moniis
2223 2098 2401 2151 Graeci
2457 2097 2769 2166 cujusdam
2804 2096 3162 2168 interpretis,
3193 2101 3248 2151 et
3279 2097 3337 2153 S.
3372 2096 3629 2166 Hieron.,

1980 2184 2081 2255 qui
2113 2189 2437 2255 agnoscunt
2468 2185 2759 2242 Christum
2811 2186 3074 2241 nondum
3106 2189 3369 2257 apertam
3400 2185 3635 2240 vulvam

1978 2273 2325 2345 virginalem
2347 2275 2649 2347 aperuisse
2674 2273 3287 2346 supernaturaliter,et
3308 2274 3635 2330 clausulam

1980 2363 2329 2419 naturaliter
2378 2365 2860 2434 servasse,juxta
2906 2362 3223 2418 Ezechielis
3268 2362 3634 2430 vaticinium,

1981 2452 2050 2507 de
2081 2457 2248 2523 porta
2278 2452 2558 2508 Orientali
2591 2453 2813 2518 clausa,
2847 2469 2949 2524 per
2979 2469 3155 2523 quam
3181 2451 3344 2508 solus
3375 2451 3640 2507 Pontifex

1980 2540 2300 2612 egreditur,
2334 2559 2460 2613 quia
2491 2540 2875 2596 nihilominus
2919 2558 3150 2612 semper
3179 2540 3380 2596 clausa
3411 2557 3639 2611 perma-

1982 2634 2098 2684 net.
2140 2632 2261 2695 Quo
2312 2631 2565 2702 pertinet
2613 2630 2791 2684 etiam
2838 2634 2893 2682 S.
2947 2631 3211 2699 Ambros,
3255 2630 3638 2701 comparatio,

1981 2718 2154 2790 epist.
2183 2720 2274 2787 81,
2310 2718 2410 2774 ubi
2442 2719 2667 2789 scribit,
2702 2718 2998 2773 Christum
3032 2719 3115 2774 sic
3147 2718 3337 2774 exisse
3367 2719 3438 2773 de
3473 2722 3637 2774 utero

1979 2807 2261 2880 Virginis,
2296 2809 2447 2864 sicut
2499 2824 2662 2879 aquae
2696 2809 2990 2863 ﬂuxerunt
3044 2810 3114 2862 de
3164 2812 3349 2879 petra,
3382 2808 3638 2878 denique

1983 2896 2128 2951 illud
2188 2896 2458 2953 Auctoris
2512 2896 2640 2952 Inoo
2698 2898 2955 2951 secundo
3012 2896 3189 2951 citato
3250 2896 3390 2951 dicti
3448 2895 3635 2952 libri:

1989 3004 2011 3033 ι
2045 2985 2192 3050 Quid
2227 2985 2402 3041 fuerit
2450 2986 2726 3041 novitatis
2775 2985 2834 3039 in
2884 2985 3115 3039 Christo
3146 3001 3213 3039 ex
3260 2984 3499 3055 Virgine
3532 3002 3636 3039 na-

1983 3074 2164 3129 scenti
2200 3074 2390 3145 palam
2424 3078 2529 3138 est,
2565 3073 2790 3129 scilicet
2822 3073 2929 3129 hoc
2981 3073 3349 3129 solummodo
3381 3074 3537 3143 quod
3569 3089 3639 3127 ex

1981 3162 2245 3233 Virgine;
2280 3184 2308 3212 ››
2357 3162 2699 3233 significans
2756 3162 2988 3233 ibidem,
3039 3166 3097 3218 et
3149 3160 3280 3217 aliis
3341 3160 3485 3217 locis
3543 3161 3638 3216 hic

244 3251 367 3299 7'"
394 3251 558 3278 m1“
608 3251 941 3307 "w"’."""
974 3251 1100 3261 "'V
1161 3251 1549 3305 ῗ”’““““’ἶ“”
1607 3251 1874 3306 “⁰Ϊ’Ῐ““’
1984 3252 2181 3307 citatis
2237 3268 2299 3307 se
2328 3251 2469 3306 illud
2508 3268 2579 3307 us
2627 3270 2697 3307 ue
2736 3253 2876 3307 adeo
2910 3251 3134 3307 ursisse
3190 3255 3254 3305 ut
3283 3268 3474 3306 verum
3546 3268 3639 3305 ro-

241 3293 363 3348 illud
397 3313 409 3351 :
440 3302 588 3352 Cum
618 3300 883 3361 crepet-int
909 3310 1168 3367 persequi
1204 3311 1312 3364 vos,
1345 3294 1525 3365 fugite
1553 3294 1617 3350 de
1646 3302 1871 3350 civitate
1902 3280 1944 3347 C
1986 3340 2140 3367 LA“,
2174 3297 2390 3367 ζημίη,
2427 3269 2639 3367 ΜΔΕ,
2672 3358 2734 3367 Μ
2769 3341 2985 3367 mum.“
3034 3294 3231 3367 nni“
3266 3267 3612 3367 "nﬁnpm‘

243 3383 290 3434 in
328 3385 599 3441 civitatem
631 3403 649 3439 :
694 3387 835 3457 quia
892 3389 1166 3439 neutrum
1219 3388 1575 3455 preceptum
1617 3383 1869 3451 videtur,

241 3472 337 3527 nisi
367 3476 698 3530 secundum
730 3490 1035 3545 personas,
1085 3477 1349 3543 tempora
1395 3478 1452 3527 et
1500 3489 1730 3542 causas,
1766 3472 1872 3527 hoc

243 3562 455 3629 quidem
491 3568 760 3634 tempore
791 3560 1213 3633 persecutionis
1263 3562 1335 3615 ob
1396 3562 1571 3617 fidem
1632 3561 1868 3627 Christi,

246 3649 304 3703 iis
328 3654 537 3722 quibus
572 3669 677 3723 per
702 3652 1034 3707 animarum
1093 3666 1235 3705 cura
1275 3650 1480 3706 abesse
1508 3650 1645 3706 licet
1677 3666 1688 3705 :
1725 3650 1871 3705 illud

242 3753 373 3805 vero,
405 3742 453 3796 si
510 3740 865 3813 apprehensi
900 3739 1206 3807 fuerimus,
1267 3739 1357 3793 vel
1414 3740 1473 3792 in
1527 3739 1655 3810 ipsa
1712 3740 1870 3811 fuga.

248 3825 609 3900 Praeterquam
641 3831 818 3885 etiam
868 3829 1020 3901 quod
1070 3832 1386 3898 utrumque
1437 3829 1591 3899 apud
1640 3828 1869 3883 Matth..

242 3918 421 3972 eodem
452 3919 647 3991 capite
680 3918 1070 3984 contineatur,
1113 3922 1338 3988 oportet
1368 3933 1573 3971 sanam
1627 3917 1874 3987 accipiat

243 4005 786 4079 interpretationem,
837 4022 908 4062 ne
956 4006 1069 4063 sibi
1133 4005 1492 4077 evangelista
1543 4004 1872 4062 contrarius

243 4095 503 4153 videatur.

244 4218 367 4285 §21.
400 4223 471 4278 De
498 4223 619 4291 Job,
654 4222 798 4293 quod
823 4220 969 4291 ﬁliis
1017 4221 1070 4275 ei
1121 4234 1230 4275 non
1278 4221 1570 4293 restitutis,
1619 4222 1870 4275 volunta-

304 4294 431 4349 riam
479 4292 777 4350 orbitatem
834 4295 908 4347 sit
958 4309 1172 4363 passus,
1205 4297 1351 4347 tom.
1414 4292 1482 4361 ll,
1529 4293 1630 4348 lib.
1664 4293 1729 4349 de
1760 4297 1868 4347 Pa-

305 4367 475 4434 tient.,
508 4383 639 4438 cap.
678 4366 766 4434 14,
800 4382 856 4419 n.
888 4366 978 4419 98.

305 4486 361 4541 In
388 4489 827 4562 exemplaribus
856 4488 989 4544 libri
1020 4487 1285 4560 Job,quaa
1310 4488 1535 4544 viderat
1560 4489 1871 4545 Tertullia-

249 4590 362 4643 nus,
392 4578 793 4635 desideratum
853 4578 1037 4633 fuisse
1084 4578 1333 4645 videtur,
1389 4579 1544 4649 quod
1604 4579 1675 4634 de
1732 4578 1871 4633 ﬁliis

1986 3340 2147 3395 baret
2172 3346 2393 3411 partum
2425 3342 2639 3397 Christi
2665 3358 2734 3396 ex
2769 3341 3007 3411 Virgine,
3032 3344 3237 3395 contra
3264 3340 3637 3409 Marcionem,

1982 3430 2083 3501 qui
2148 3430 2581 3501 phantasticum
2634 3430 2881 3485 dicebat.
2933 3431 3317 3485 Postmodum
3380 3429 3643 3497 interim,

1983 3518 2081 3573 ubi
2118 3518 2262 3573 satis
2296 3518 2406 3573 fuit
2438 3536 2504 3574 ea
2534 3518 2773 3574 haeresis
2805 3520 3129 3587 confutata,
3164 3518 3502 3574 maluerunt
3537 3518 3639 3573 Pa-

1981 3612 2101 3662 tres
2133 3607 2397 3674 definire,
2432 3607 2726 3678 Virginem
2763 3607 3066 3679 Deiparam
3097 3607 3297 3663 clauso
3349 3611 3514 3663 utero
3546 3605 3638 3661 in-

1982 3695 2440 3768 corruptibiliter
2469 3696 2787 3768 peperisse.

1982 3812 2130 3885 §23.
2165 3811 2440 3885 DeiMaria
2472 3812 2891 3885 Virginesemel
2929 3821 3173 3884 nuptura
3220 3817 3341 3884 post
3379 3820 3635 3885 partum,

2053 3888 2194 3955 tom.
2231 3884 2302 3950 ΙΙ,
2339 3882 2441 3955 lib.
2493 3882 2575 3939 de,
2610 3883 2837 3940 Veland.
2890 3882 3056 3954 virgl,
3088 3902 3136 3939 c.
3167 3882 3229 3955 6,
3256 3902 3313 3939 n.
3349 3882 3455 3953 48;
3487 3891 3633 3940 tom.

2053 3956 2151 4020 III,
2186 3954 2287 4009 lib.
2323 3954 2389 4010 de
2419 3955 2592 4010 Carne
2632 3956 2883 4018 Christi;
2916 3973 2965 4011 c.
2993 3956 3085 4025 23,
3116 3974 3175 4012 n.
3211 3958 3349 4025 174;
3383 3962 3441 4013 et
3489 3962 3633 4013 tom.

2053 4027 2116 4095 V,
2149 4026 2252 4082 lib.
2285 4026 2353 4082 de
2380 4027 2610 4099 Monog.,
2646 4044 2772 4099 cap.
2807 4028 2863 4099 8,
2897 4046 2951 4082 n.
2988 4028 3077 4082 55.

2051 4133 2204 4188 Satis
2238 4133 2478 4204 quidem
2508 4132 2826 4189 obscurein
2852 4133 3004 4189 hanc
3029 4131 3294 4188 haeresim
3317 4133 3643 4205 impingere

1980 4220 2213 4275 videtur
2242 4222 2478 4292 Auctor,
2511 4222 2593 4277 ita
2623 4226 2687 4276 ut
2719 4222 2915 4293 aliquo
2948 4222 3121 4277 modo
3153 4238 3364 4277 sanum
3398 4238 3639 4276 sensum

1982 4309 2211 4380 possint
2240 4310 2367 4381 ejus
2388 4310 2566 4365 verba
2598 4310 2855 4382 recipere
2880 4327 3121 4379 ;,verum
3155 4310 3640 4381 quandoquidem

1980 4402 2034 4452 S.
2070 4399 2433 4470 Hieronym.,
2467 4415 2601 4453 cum
2636 4398 2804 4453 illum
2840 4415 2941 4469 pro
2975 4415 3036 4453 se
3064 4398 3303 4454 citasset
3332 4398 3642 4455 hereticus

1981 4486 2305 4557 Helvidius,
2341 4504 2455 4542 non
2505 4492 2678 4559 neget
2732 4486 2899 4542 illum
2948 4487 3066 4543 tale
3116 4488 3258 4559 quid
3310 4488 3640 4560 scripsisse,

1985 4591 2173 4647 neque
2205 4592 2310 4647 ego
2343 4577 2415 4631 ab
2446 4592 2513 4631 ea
2566 4576 2763 4647 ipsum
2802 4577 3204 4632 excusandum
3254 4577 3469 4648 putavi.
3505 4578 3643 4633 Res-

248 4671 445 4736 septem
479 4673 536 4724 et
586 4668 825 4723 filiabus
870 4666 1060 4721 tribus
1101 4667 1149 4722 ei
1202 4667 1489 4722 restitutis
1547 4667 1761 4740 legitur
1817 4668 1875 4722 in
1907 4654 1954 4718 D
1985 4665 2241 4736 pondere
2297 4666 2595 4721 sufﬁceret
2624 4666 2706 4731 id,
2742 4666 2895 4737 quod
2946 4670 3009 4720 B.
3044 4666 3278 4721 Hieron.
3313 4667 3383 4722 de
3414 4666 3641 4723 Tertul-

252 4752 501 4825 llebraais,
536 4756 846 4823 Chaldmis,
888 4755 1103 4812 Graecis
1134 4759 1192 4811 et
1250 4755 1474 4810 Latinis
1531 4756 1876 4828 exemplari-

250 4840 342 4899 bus
366 4863 378 4901 :
401 4852 576 4919 atque
610 4847 748 4902 hinc
770 4847 993 4901 factum
1012 4844 1355 4917 opinior,uti
1381 4845 1672 4916 peculiare
1690 4846 1873 4912 istud,

252 4934 384 5001 quod
414 4935 571 5007 apud
605 4934 902 4990 neminem
934 4938 1195 4989 veterum
1229 4932 1482 5003 reperire
1513 4933 1873 5005 potui,para-

251 5020 414 5079 doxon
463 5024 542 5080 sit
590 5028 850 5080 secutus.
902 5025 1067 5078 Certe
1115 5021 1387 5094 pluribus
1434 5022 1491 5077 id
1542 5023 1876 5093 improbare

252 5113 596 5181 superﬂuum
629 5113 798 5180 foret,
843 5128 977 5167 cum
1019 5112 1285 5182 ejusdem
1344 5112 1461 5167 fere
1517 5112 1705 5167 aetatis
1751 5112 1874 5166 Ori-

252 5211 426 5267 genes,
458 5201 667 5258 homil.
699 5203 734 5256 6
763 5203 823 5256 in
852 5200 1119 5256 Ezechiel.
1153 5198 1300 5254 illud
1350 5200 1563 5273 legisse
1596 5218 1658 5257 se
1689 5202 1874 5274 signi-

253 5285 383 5356 ﬁcet,
411 5294 469 5346 et
498 5296 634 5362 post
662 5306 797 5346 eum
832 5290 1027 5345 Patres
1059 5294 1411 5354 omnes,tam
1443 5298 1875 5364 veteres,quam

256 5378 437 5433 mediae
470 5381 679 5447 etatis,
712 5385 769 5436 et
801 5379 1172 5435 recentiores.
1208 5379 1433 5442 Quibus
1480 5385 1700 5437 Auctor
1738 5399 1877 5438 con-

254 5468 499 5533 sentiret,
532 5472 580 5524 si
608 5471 892 5526 duntaxat
922 5468 1185 5535 dixisset,
1215 5470 1313 5524 Job
1335 5471 1553 5541 reiiqua
1583 5488 1700 5542 qua:
1734 5476 1874 5527 ami-

253 5559 402 5622 serat,
431 5558 783 5628 reduplicata
827 5557 1150 5631 possedisse,
1200 5562 1435 5629 exceptis
1482 5559 1644 5630 ﬁliis,
1680 5565 1879 5632 utpote

254 5657 385 5713 quos
412 5654 634 5720 septem
665 5649 955 5704 duntaxat
979 5648 1219 5719 recepit,
1250 5651 1425 5720 atque
1466 5650 1609 5704 adeo
1635 5650 1877 5705 totidem

253 5738 378 5801 quot
405 5740 597 5795 antea.
629 5737 692 5797 Id
725 5741 1030 5812 propterea
1063 5736 1525 5809 interpretantur
1574 5738 1878 5812 Philippus

1983 4752 2141 4810 lieno
2176 4770 2187 4807 :
2226 4754 2352 4812 Non
2402 4753 2560 4810 aliud
2616 4754 2766 4822 dico,
2799 4771 2975 4826 quam
3022 4755 3325 4811 hominem
3375 4754 3639 4811 Ecclesiae

1983 4860 2099 4898 non
2134 4842 2562 4899 fuisse.Verum
2596 4844 2736 4915 quia
2767 4844 3077 4900 seductum
3112 4844 3293 4900 fuisse
3322 4844 3640 4901 verisimile

1984 4936 2073 4987 est
2106 4932 2572 5004 iisdem,quibus
2603 4932 2955 5001 Helvidium,
2991 4933 3483 5005 evangelistarum
3512 4951 3643 4989 ver-

1983 5022 2095 5088 bis,
2132 5021 2340 5076 Matth.
2391 5039 2491 5091 xu,
2543 5022 2683 5077 Luc.
2734 5020 3060 5091 v1u,‘Joan.
3110 5040 3213 5094 v11,
3258 5024 3323 5079 de
3365 5024 3643 5096 fratribus

1983 5114 2385 5184 Domini,quos
2418 5128 2541 5167 vere
2569 5114 2790 5183 fratres,
2823 5113 2909 5168 uti
2939 5117 2995 5168 et
3029 5130 3149 5169 vere
3196 5120 3431 5171 matrem
3463 5114 3646 5173 fuisse

1986 5203 2215 5271 Christi,
2260 5204 2385 5273 jam
2446 5202 2584 5257 dict.
2628 5201 2729 5257 lib.
2791 5202 2856 5257 de
2910 5202 3085 5258 Carne
3129 5206 3355 5275 Christi,
3402 5222 3528 5278 cap.
3588 5210 3645 5275 7,

1984 5310 2042 5347 n.
2076 5294 2167 5361 67,
2221 5292 2451 5357 asserit,
2486 5292 2571 5346 uti
2622 5292 2818 5347 carnis
2864 5292 3078 5347 Christi
3128 5295 3434 5351 veritatem
3484 5301 3645 5353 tanto

1984 5381 2259 5453 probaret
2291 5380 2503 5452 magis,
2536 5379 2762 5453 aliquid
2791 5382 2861 5436 de
2892 5382 3021 5452 ejus
3054 5381 3289 5453 phrasis
3342 5385 3644 5442 intellectu

1986 5470 2383 5541 adjiciendum
2440 5475 2548 5527 est.
2584 5472 2886 5543 Origenes,
2937 5471 3220 5545 Hilarius,
3272 5476 3641 5548 Euthymius,

1987 5566 2045 5615 et
2088 5560 2411 5634 Theophyl.
2464 5560 2521 5615 in
2576 5561 2939 5632 Matthazum,
2990 5564 3203 5619 Euseb.
3259 5563 3361 5619 lib.
3417 5581 3455 5617 ιι
3500 5564 3637 5617 Ilist.

1987 5648 2151 5716 εδει,
2187 5666 2237 5705 c.
2274 5653 2296 5704 1
2333 5668 2346 5718 ;
2379 5654 2436 5704 S.
2472 5650 2782 5723 Epiphan.,
2838 5650 2940 5706 lib.
2992 5668 3056 5705 ιιι
3100 5654 3339 5705 Panarii
3384 5650 3641 5705 adversus

1986 5738 2579 5797 Antidicomarianitas
2596 5757 2618 5803 ;
2640 5740 3039 5797 S.Ambros.et
3060 5740 3296 5796 OEcum.
3325 5737 3384 5793 in
3412 5741 3635 5797 Comm.
