4072 6190
389 364 505 425 247

1588 359 2013 423 PARADOXA
2055 361 2586 427 TERTULLIANI

3678 364 3791 426 248

392 513 439 552 c.
478 513 519 551 ιι
578 494 650 550 ad
704 492 914 562 Galat.,
968 494 1166 565 fratres
1222 492 1442 549 Domini
1496 496 1704 565 putant
1760 492 2123 565 appellariA
2158 495 3155 567 S.Hier.asserit,juxtaJudeorum
3178 489 3523 566 δευτιρώσεις
3544 493 3793 550 circum-

394 586 545 640 ﬁlios
575 585 790 656 Joseph
823 602 891 638 ex
924 584 1105 639 Maria
1127 584 1394 654 CleOphae
1426 582 1621 637 fratris
1654 583 1743 637 sui
1776 584 2045 650 vidua,ex

394 692 510 745 qua
542 673 755 728 liberos
786 690 883 728 sex
920 672 1457 744 sustulerit,utpote
1486 673 2045 743 Jacobum.Joseph,

392 768 712 833 Simonem,
744 766 960 820 Judam
1011 771 1069 820 et
1101 765 1307 819 fratres
1360 765 1506 833 ejus.
1545 764 1722 834 quue
1754 762 1860 835 (vel
1906 769 2049 819 teste

392 855 853 926 Origene)juxta
906 853 1280 924 Evangelium
1318 853 1469 923 quod
1508 852 1656 905 Petri
1701 858 1802 906 aut
1848 852 2048 907 Jacobi

394 945 636 999 titulum
700 943 968 997 habebat.
1013 942 1227 996 Verum
1292 942 1503 996 rectius
1556 943 1610 995 S.
1670 942 1925 1007 llieron.,
1988 941 2045 994 in

394 1036 616 1091 Comm.
651 1035 897 1098 Quidam
949 1036 1157 1102 fratres
1210 1034 1439 1087 Domini
1469 1033 1539 1087 de
1588 1032 1702 1086 alia
1746 1050 1922 1087 uxore
1949 1032 2049 1087 Jo-

396 1124 539 1195 seph
574 1123 724 1178 ﬁlios
748 1122 1144 1193 suspicixntur,
1164 1127 1475 1193 sequentes
1499 1122 1881 1176 deliramenta
1913 1138 2049 1192 apo-

406 1213 783 1284 cryphorum,
818 1220 872 1265 et
904 1230 936 1265 a
989 1212 1241 1282 quadam
1290 1212 1477 1265 Escha
1527 1211 1875 1265 muliercula
1914 1227 2049 1264 con-

401 1304 711 1376 tingentes.
746 1303 862 1357 Nos
892 1308 1109 1368 autem,
1145 1302 1356 1373 inquit,
1390 1302 1542 1357 sicut
1574 1304 1629 1356 in
1673 1302 1841 1371 libro,
1874 1319 2048 1373 quem

397 1394 680 1448 adversus
713 1392 1042 1447 Helvidium
1078 1391 1819 1461 scripsimus,continetur,
1852 1394 2051 1462 fratres

397 1483 639 1547 Domini,
673 1499 787 1535 non
823 1481 968 1536 filios
1000 1481 1241 1551 Joseph,
1277 1482 1375 1535 sed
1430 1481 1807 1536 consobrinos
1856 1482 2052 1535 Salva-

400 1571 571 1641 toris,
626 1569 1030 1641 intelligimus.
1068 1571 1258 1625 Maria:
1305 1569 1519 1625 liberos
1565 1576 1887 1625 matertera:
1940 1571 2051 1625 Do-

403 1661 571 1725 mini,
605 1676 732 1730 quas
755 1676 883 1714 esse
906 1659 1120 1713 dicitur
1148 1660 1300 1714 200
1327 1664 1512 1713 mater
1558 1660 1754 1713 Jacobi
1790 1659 2052 1726 Minoris,

403 1748 718 1819 etJoseph,
744 1753 800 1803 et
821 1748 1161 1819 Judm,quos
1188 1749 1245 1802 in
1272 1749 1585 1820 Evangelia
1607 1754 1810 1819 fratres
1838 1751 2056 1804 Domini

404 1838 659 1909 legimus
688 1836 1012 1909 appellatos
1040 1856 1051 1903 ;
1082 1839 1287 1891 fratres
1321 1837 1475 1891 enim
1510 1838 1895 1893 consobrinos
1918 1838 2052 1904 dici,

408 1928 602 1982 omnis
650 1926 949 1997 Scriptura
997 1927 1380 1980 demonstrat.
1420 1926 1521 1979 Ubi
1576 1926 1783 1981 alludit
1825 1933 1947 1981 tum
1985 1928 2056 1981 ad

413 2014 745 2087 Scripturas
775 2016 844 2069 de
886 2016 1028 2069 Loth
1082 2016 1253 2069 fratre
1289 2015 1551 2084 Abrahae,
1585 2016 1722 2069 Gen.
1774 2032 1897 2080 xm,
1932 2020 2059 2069 tum

415 2104 488 2159 ad
518 2104 719 2158 Matth.
755 2121 803 2158 c.
837 2122 972 2171 XVII,
1008 2104 1105 2159 ubi
1133 2106 1297 2173 juxta
1329 2121 1561 2159 crucem
1593 2104 1890 2159 adstitisse
1920 2104 2059 2158 dici-

415 2198 514 2248 tur
539 2194 722 2249 Maria
751 2195 970 2253 Jacobi.
1006 2200 1059 2249 et
1088 2195 1221 2250 Jose
1254 2212 1352 2249 seu
1388 2195 1604 2266 Joseph
1639 2200 1824 2249 mater
1857 2214 1868 2250 :
1904 2195 2055 2267 quod

413 2283 484 2337 de
516 2284 697 2338 Matre
733 2284 961 2338 Domini
996 2302 1107 2339 non
1141 2302 1309 2355 posse
1342 2284 1587 2356 intelligi
1632 2290 1781 2339 recte
1814 2285 2058 2339 adnota-

408 2373 491 2428 vit
525 2372 891 2445 Euthymius.
934 2374 1219 2428 Caeterum
1270 2374 1399 2428 vide
1430 2374 1828 2429 deﬁnitionem
1878 2375 2059 2429 cccle-

408 2461 710 2517 siasticam
763 2463 870 2516 hac
903 2464 974 2517 de
1025 2480 1082 2517 re
1124 2464 1276 2534 apud
1326 2468 1381 2518 S.
1417 2463 1809 2534 Fulgentium,
1862 2464 1962 2518 lib.
1998 2464 2062 2517 de

410 2551 539 2605 Fide
570 2551 637 2605 ad
666 2553 913 2618 Petrum,
950 2552 1099 2607 inter
1127 2569 1303 2623 opera
1332 2553 1394 2607 Β.
1423 2554 1759 2623 Augustini.

407 2697 433 2763 §
460 2695 553 2769 2‘4.
598 2696 670 2769 De
699 2696 852 2769 mille
880 2698 1044 2750 annis
1074 2700 1191 2765 post
1236 2700 1691 2751 resurrectionem
1740 2714 2058 2769 corporum,

483 2766 587 2839 lib.
616 2767 681 2821 de
712 2768 931 2822 Resurr.
965 2783 1145 2829 carm,
1180 2785 1305 2839 cap.
1335 2771 1498 2835 ‘25,n.
1533 2771 1636 2823 203
1666 2788 1677 2835 ;
1711 2766 1842 2823 adv.
1871 2771 2013 2825 Marc
2046 2766 2059 2835 ,

483 2837 585 2892 lib.
620 2856 637 2893 1
671 2855 797 2911 cap.
835 2842 923 2906 29,
970 2858 1028 2894 n.
1078 2842 1216 2906 203;
1258 2837 1364 2894 lib.
1430 2858 1510 2903 ιιι,
1546 2858 1669 2911 cap.
1723 2842 1811 2908 24,
1864 2859 1918 2895 n.
1960 2844 2057 2896 191

485 2916 540 2963 et
567 2926 730 2981 seq.;
765 2910 865 2965 lib.
920 2929 989 2981 iv,
1022 2928 1149 2980 cap.
1198 2913 1287 2977 ‘29,
1325 2930 1383 2966 ιι.
1435 2914 1575 2978 471;
1611 2910 1667 2967 et
1716 2917 1855 2967 tom.
1892 2931 1967 2983 1v,
2002 2914 2060 2968 in

484 2985 796 3054 Fragment.
832 2984 962 3037 libri
991 2983 1055 3037 de
1085 2984 1189 3053 Spe
1217 2984 1494 3053 ﬁdelium.

486 3126 635 3191 Quid
668 3127 1063 3182 Tertullianus
1097 3126 1205 3182 hoc
1235 3129 1304 3182 de
1336 3144 1397 3182 re
1437 3128 1706 3191 senserit,
1737 3129 1879 3184 satis
1911 3130 2064 3183 arbi-

418 3216 882 3307 t‘rordeduxisse
916 3233 1005 3307 me
1041 3220 1080 3307 t.
1133 3216 1222 3281 1V,
1257 3217 1325 3307 ad
1348 3218 1682 3307 fragmenta
1724 3217 1820 3307 lib.
1855 3217 1918 3270 de
1958 3218 2064 3288 Spe
2096 3241 2137 3307 Ο

416 3301 681 3371 ﬁdelium,
715 3320 782 3356 ex
829 3303 975 3373 ipsis
1025 3306 1153 3372 ejus
1203 3304 1417 3369 verbis,
1476 3320 1704 3374 nempe,
1743 3329 1766 3351 ‹‹
1805 3306 1859 3358 in
1912 3311 2065 3360 terra

420 3389 657 3460 quidem
690 3408 935 3462 regnum
989 3392 1203 3446 Christi
1252 3393 1419 3447 nobis
1476 3394 1897 3463 repromissum
1935 3402 2068 3449 ante

418 3480 627 3534 cmlum
662 3486 793 3551 post
818 3481 1065 3549 primam
1095 3481 1717 3544 resurrectionem,scd
1747 3486 1940 3538 tamen
1968 3484 2069 3550 ita,

420 3573 485 3622 ut
516 3568 575 3621 in
608 3585 674 3622 eo
702 3571 1036 3623 reficiantur
1066 3571 1251 3625 sancti
1285 3571 1550 3624 omnium
1583 3570 1939 3641 spiritalium
1977 3573 2073 3626 bo-

422 3673 630 3711 norum
691 3658 875 3728 copia.
922 3679 946 3709 ιν
984 3658 1165 3720 Quam
1221 3659 1327 3713 etsi
1388 3676 1714 3727 erroneam,
1777 3666 2073 3733 utcunque

422 3744 782 3801 tolerabilem
836 3753 1027 3802 tamen
1085 3750 1298 3801 fatetur
1349 3750 1409 3803 B.
1448 3755 1723 3819 August,
1770 3749 1871 3804 lib.
1902 3768 1972 3803 xx
2011 3750 2075 3805 de

427 3832 586 3889 Civit.
622 3838 744 3899 Dei,
781 3843 1066 3904 quantum
1122 3837 1347 3907 opinor,
1391 3838 1544 3907 quod
1594 3854 1719 3892 eam
1777 3839 1948 3893 etiam
2000 3840 2077 3898 sit

426 3922 678 3993 reperire
727 3925 877 3994 apud
911 3929 968 3977 S.
1003 3925 1306 3991 Irenaeum,
1340 3925 1441 3979 lib.
1476 3943 1509 3980 ν
1538 3927 1606 3980 de
1642 3927 1867 3992 Haeres,
1903 3944 1952 3982 c.
1986 3929 2074 3998 32,

425 4010 514 4080 33,
546 4012 636 4079 34,
670 4013 759 4078 35,
796 4028 859 4066 ac
891 4017 945 4068 S.
977 4013 1279 4068 Justinum
1305 4019 1639 4085 martyrem,
1676 4015 1913 4086 Dialogo
1946 4018 2075 4070 adv.

424 4101 787 4173 Tryphonem
822 4107 877 4157 et
909 4102 1266 4167 Melitonem,
1302 4103 1401 4173 qui
1435 4104 1489 4156 in
1526 4104 1632 4159 hoc
1667 4110 1804 4159 sunt
1845 4105 2075 4171 imitati,

425 4190 516 4245 vel
546 4194 600 4244 S.
638 4190 786 4245 llier.
822 4196 1079 4257 auctore,
1118 4190 1378 4262 Papiam.
1414 4191 1635 4254 Quibus
1677 4194 2083 4247 assentiuntur

427 4278 603 4333 etiam
664 4278 1081 4350 Apollinarius,
1145 4281 1242 4350 qui
1308 4281 1525 4334 frustra
1583 4281 1762 4335 libros
1822 4282 2081 4353 Dionysii

426 4366 805 4422 Alexandrini
840 4373 1041 4423 contra
1061 4372 1333 4438 Nepotem
1371 4368 1535 4422 nisus
1570 4369 1679 4423 fuit
1712 4370 2080 4441 impugnare,

431 4458 692 4509 Lactant.
728 4455 830 4510 lib.
867 4475 927 4523 ιι,
964 4475 1013 4511 a.
1050 4458 1115 4510 13
1147 4475 1211 4510 ac
1242 4457 1342 4510 lib.
1379 4474 1478 4521 vn,
1513 4474 1561 4512 c.
1594 4459 1700 4524 24;
1749 4458 2081 4514 Victorinus

430 4541 490 4597 in
522 4542 931 4614 Apocalypsin,
973 4550 1284 4614 antequam
1319 4562 1350 4598 a
1381 4551 1434 4598 S.
1473 4545 1702 4599 Hieron.
1740 4548 2078 4603 emendare-

2156 584 2394 640 cisionis
2428 587 3221 657 injuriam,instaurationem
3255 583 3477 655 templi,
3498 588 3795 638 taurorum

2155 679 2212 729 et
2243 674 2488 730 arietum
2522 674 2810 741 victimas,
2846 675 3030 729 otium
3069 674 3331 741 sabbati,
3360 678 3417 727 et
3455 678 3796 727 cunctarum

2157 764 2419 834 gentium
2468 764 2829 829 servitutem,
2864 768 3036 834 atque
3085 762 3227 817 adeo
3274 761 3448 830 bella,
3492 760 3797 829 exercitus,

2157 859 2508 932 triumphos,
2543 867 2953 931 superatorum
2990 876 3179 928 neces,
3214 863 3579 928 mortemque
3610 863 3800 912 cente-

2159 948 2306 1003 narii
2338 950 2678 1020 peccatoris.
2712 950 2887 1004 Porro
2920 966 3051 1003 cum
3086 948 3361 1002 erunibus
3394 946 3465 1001 iis
3505 947 3799 1018 imposue-

2159 1038 2234 1091 rit
2291 1037 2435 1093 illud
2492 1037 2916 1110 Apocalypseos
2965 1044 3020 1092 S.
3052 1037 3299 1092 Joannis
3359 1035 3605 1107 apostoli
3653 1036 3805 1106 (nam

2158 1124 2238 1179 illi
2273 1127 2619 1182 adscribunt
2649 1143 2854 1181 omnes
2885 1126 2987 1197 illi)
3013 1144 3062 1181 c.
3096 1127 3196 1180 20:
3232 1128 3340 1181 Hoc
3371 1134 3446 1180 est
3475 1126 3800 1179 resurrectio

2154 1217 2342 1287 prima
2364 1233 2385 1278 ;
2418 1216 2608 1271 beatus
2639 1220 2687 1271 et
2716 1218 3062 1287 sanctus,qui
3088 1216 3249 1270 habet
3274 1224 3496 1287 partem
3528 1216 3587 1269 in
3618 1229 3805 1268 resur-

2160 1307 2395 1361 rectione
2448 1308 2650 1376 prima,
2685 1308 2747 1361 in
2794 1307 2878 1360 his
2922 1315 3089 1361 erunt
3140 1305 3441 1360 sacerdotes
3490 1304 3711 1358 Domini
3757 1305 3809 1357 ct

2163 1394 2381 1455 Christi.
2413 1405 2463 1450 et
2495 1396 2805 1465 regnabant
2852 1412 2976 1450 cum
3005 1397 3101 1450 illo
3151 1396 3305 1450 mille
3345 1396 3527 1463 annis,
3563 1394 3631 1446 de
3680 1392 3808 1461 ejus

2161 1484 2271 1538 loci
2306 1483 2599 1539 intellectu
2632 1484 2851 1556 aliquid
2876 1485 2971 1539 hic
3001 1485 3397 1555 adjiciendum
3430 1487 3535 1538 est.
3564 1481 3625 1535 Β.
3655 1480 3806 1534 Hier.

2162 1574 2326 1627 Prmf.
2362 1573 2417 1627 in
2454 1576 2553 1627 lib.
2588 1590 2725 1628 xvm
2758 1580 2893 1640 lsa.,
2927 1573 3339 1645 Apocalypsin,
3374 1587 3485 1626 non
3512 1571 3686 1641 juxta
3718 1569 3807 1623 lit-

2164 1666 2368 1729 teram,
2420 1662 2592 1717 sicuti
2623 1681 2656 1717 a
2702 1663 3167 1728 Judaizantibus,
3202 1663 3305 1718 sed
3354 1659 3718 1732 spiritaliter,
3752 1661 3812 1712 ut

2164 1752 2381 1822 scripta
2401 1751 2953 1821 est,edisserendam
2980 1752 3142 1817 dicit,
3166 1753 3319 1822 quod
3346 1752 3541 1822 ipsum
3576 1747 3812 1802 disertis

2167 1841 2359 1895 verbis
2393 1841 2529 1896 facit
2576 1842 2800 1897 Comm.
2836 1842 2981 1896 20]
3022 1856 3130 1895 ms.
3167 1839 3445 1895 Victorini
3479 1839 3537 1892 in
3571 1841 3751 1908 Apoc.
3784 1851 3816 1890 a

2171 1946 2231 1984 se
2280 1931 2609 1994 emendato,
2652 1930 3019 2000 Dionysium,
3070 1928 3297 2000 opinor,
3351 1927 3813 1982 Alexandrinum

2170 2024 2430 2087 secutus,
2463 2020 2631 2073 dictis
2681 2021 2911 2073 advers.
2944 2019 3224 2089 Nepotem
3280 2016 3443 2071 libris
3472 2021 3529 2070 8.
3561 2017 3813 2085 August.

2170 2108 2433 2179 apertius
2486 2107 2550 2163 de
2600 2108 2757 2163 Civit.
2812 2109 2921 2162 Dei
2968 2107 3069 2161 lib.
3106 2125 3165 2175 ιι,
3200 2123 3248 2161 c.
3280 2107 3336 2172 7,
3383 2108 3437 2170 8,
3466 2106 3519 2171 9,
3566 2105 3817 2175 primam

2168 2201 2617 2254 resurrectionem
2686 2200 3104 2269 interpretatur
3159 2199 3490 2253 animarum
3550 2209 3819 2250 resurre-

2169 2288 2441 2355 ctionem,
2477 2288 2651 2342 etiam
2702 2288 2759 2341 in
2799 2286 3115 2358 Scripturis
3164 2287 3447 2359 agnitam,
3493 2284 3817 2341 secundam

2169 2394 2500 2448 corporum,
2534 2383 2592 2431 et
2619 2378 2775 2430 mitte
2803 2392 2996 2442 annos,
3030 2384 3130 2431 aut
3162 2380 3393 2446 tempus
3435 2373 3656 2446 gratiae,
3691 2388 3819 2443 quis

2170 2466 2497 2522 remanebit
2527 2466 2595 2520 ad
2630 2465 2825 2520 smculi
2848 2466 3118 2527 finem,eo
3152 2464 3430 2537 loquendi
3460 2477 3819 2535 genere,quo

2170 2573 2306 2627 pars
2348 2555 2715 2626 signiﬁcatur
2766 2572 2800 2609 a
2847 2560 2989 2625 toto,
3025 2560 3126 2610 aut
3171 2572 3272 2625 pro
3322 2552 3492 2609 annis
3538 2551 3821 2606 omnibus

2170 2656 2348 2725 hujus
2380 2653 2669 2721 saeculi,ut
2700 2654 2953 2724 perfecto
2986 2670 3232 2708 numero
3254 2657 3490 2708 notetur
3518 2650 3649 2722 ipsa
3678 2654 3824 2703 tem-

2172 2742 2330 2812 poris
2358 2740 2680 2811 plenitudo.
2714 2743 2896 2804 Quem
2930 2746 3259 2811 sequuntur
3291 2740 3599 2794 Ambrosio
3629 2738 3820 2793 ascri-

2172 2836 2309 2902 ptus
2357 2831 2843 2897 Commentarius,
2877 2830 3219 2897 Primasius,
3250 2830 3511 2884 Andreas
3551 2844 3617 2882 ac
3665 2828 3823 2881 Beda

2173 2921 2396 2977 Comm.
2433 2920 2489 2973 in
2522 2919 3150 2991 Apocalypsin.Neque
3182 2919 3359 2974 etiam
3392 2934 3494 2990 pro
3528 2916 3647 2971 illis
3683 2915 3824 2970 facit

2173 3010 2324 3081 quod
2358 3009 2572 3080 legitur
2618 3014 2797 3080 Apoc.
2832 3026 2925 3063 xxx
2974 3012 3043 3063 de
3090 3010 3317 3063 civitate
3351 3008 3654 3064 Jerusalem
3703 3006 3820 3060 des-

2172 3100 2431 3155 cendente
2476 3099 2535 3153 in
2584 3103 2797 3153 terram
2859 3115 3086 3153 novam.
3123 3097 3267 3163 Quia
3322 3098 3449 3169 ipse
3504 3094 3825 3169 Apostolus

2174 3190 2429 3243 Joannes
2479 3188 2696 3242 indicat
2742 3204 2805 3242 se
2852 3187 3010 3258 loqui
3061 3188 3130 3242 de
3175 3185 3500 3243 Jerusalem
3550 3201 3664 3240 non
3716 3189 3829 3238 ter-

2179 3293 2477 3343 rena,cum
2514 3276 2766 3330 addidit:
2796 3276 3162 3347 Ettemplum
3186 3293 3299 3331 non
3331 3276 3441 3329 vidi
3477 3274 3532 3328 in
3566 3270 3830 3343 ea(quod

2178 3371 2375 3421 tamen
2414 3364 2590 3434 aliqui
2622 3364 2908 3435 ipsorum,
2942 3366 3025 3419 uti
3069 3366 3477 3436 supradictum
3510 3367 3619 3427 est,
3651 3362 3835 3416 etiam

2181 3455 2517 3510 restitutum
2568 3455 2636 3508 iri
2687 3455 3087 3523 sentiebant):
3140 3455 3423 3508 Dominus
3474 3452 3627 3506 enim
3689 3452 3842 3505 Deus

2183 3546 2556 3615 omnipotens
2580 3543 2864 3615 templum
2896 3543 3055 3598 illius
3077 3550 3166 3598 est
3188 3549 3243 3598 et
3263 3560 3465 3614 agnus.
3496 3541 3749 3595 Proinde
3772 3540 3845 3594 de

2182 3633 2440 3688 Ecclesia
2475 3633 2686 3687 rectius
2721 3632 2919 3687 Patres
2951 3632 3048 3687 alii
3082 3633 3561 3702 interpretantur,
3593 3635 3651 3683 et
3685 3629 3840 3683 mili-

2185 3728 2344 3777 tante
2378 3722 2435 3775 in
2467 3721 2575 3777 hoc
2608 3720 2843 3786 saeculo,
2886 3723 3056 3791 cujus
3091 3721 3473 3775 fundamenta
3520 3718 3841 3773 duodecim

2183 3814 2465 3885 Apostoli,
2499 3818 2554 3867 et
2583 3812 2642 3866 in
2677 3811 2837 3866 costis
2886 3814 3261 3883 postmodum
3314 3816 3618 3883 regnante.
3653 3806 3842 3864 Sicuti

2186 3903 2361 3957 etiam
2411 3902 2554 3957 illud
2602 3901 2725 3957 Gal.
2763 3918 2839 3971 xv,
2884 3902 2954 3957 de
2999 3903 3307 3958 Jerusalem
3358 3902 3563 3965 libera,
3594 3915 3716 3969 quae
3764 3901 3846 3953 est

2186 4006 2361 4047 mater
2390 3997 2613 4053 nostra;
2645 3992 2744 4045 ubi
2778 3993 3167 4063 repugnantia
3195 3996 3287 4047 est
3314 3992 3374 4045 in
3406 3991 3532 4061 ipso
3565 3990 3843 4059 adjecto:

2190 4107 2306 4161 qum
2336 4106 2552 4144 sursum
2599 4100 2697 4159 est,
2732 4107 2856 4161 quas
2888 4092 3062 4145 etiam
3097 4096 3186 4145 est
3217 4090 3274 4144 in
3326 4088 3425 4145 illo
3458 4087 3717 4159 Philipp.
3755 4102 3843 4155 ιιι,

2190 4177 2497 4249 πολίτευμα
2526 4184 2771 4234 nostrum
2806 4182 2860 4234 in
2893 4182 3041 4234 cretis
3079 4189 3178 4245 est,
3215 4179 3457 4250 proinde
3484 4194 3601 4233 non
3630 4176 3692 4232 in
3726 4180 3845 4232 ter-

2192 4270 2293 4338 ris,
2327 4274 2392 4324 ut
2424 4271 2639 4325 mirum
2675 4271 2750 4325 sit
2781 4271 2900 4325 hmc
2934 4288 3037 4342 pro
3084 4272 3240 4325 dicta
3296 4268 3583 4325 sententia
3615 4268 3689 4321 ab
3739 4283 3850 4322 au-

2191 4366 2350 4415 ctore
2384 4364 2580 4415 nostro
2603 4361 2788 4415 citari.
2823 4361 3005 4432 Magis
3054 4361 3406 4415 videbantur
3426 4374 3529 4431 pro
3558 4355 3660 4412 illo
3694 4354 3854 4411 mili-

2189 4454 2312 4503 tare
2345 4466 2470 4519 quae
2502 4449 2799 4504 habentur
2834 4450 2945 4504 lsa.
2982 4466 3084 4503 va
3114 4454 3169 4504 et
3200 4464 3322 4504 LXVI
3350 4465 3363 4516 ;
3395 4464 3463 4503 ac
3504 4446 3725 4502 Jerem.
3756 4460 3857 4499 χιιι

2190 4555 2256 4593 ac
2286 4554 2460 4605 xxxx;
2516 4539 2767 4609 denique
2817 4538 3099 4594 Ezechiel.
3149 4556 3243 4605 xx,
3291 4553 3465 4607 xxvn,
3515 4551 3725 4601 xxvur,
3777 4534 3852 4589 de

431 4609 671 4699 tur;'et,
698 4609 899 4685 eodem
953 4609 1397 4696 testeiSeverus
1435 4633 1487 4687 in
1535 4632 1720 4698 Gallo,
1757 4635 1987 4706 Diatogo
2018 4636 2082 4691 de
2113 4609 2158 4672 D
2189 4629 2533 4682 restitutione
2560 4627 2771 4683 Iudaeae
2804 4627 2897 4697 (ad
2928 4643 3055 4697 qua:
3083 4626 3175 4681 his
3211 4630 3440 4681 tantum
3469 4623 3663 4680 verbis
3690 4625 3854 4678 Ano-

440 4720 558 4775 Vita
589 4719 643 4774 S.
674 4722 917 4775 Martini.
953 4722 1299 4792 Quanquam
1336 4723 1510 4777 etiam
1543 4723 1659 4778 illis
1702 4724 1949 4796 imputet
1978 4725 2083 4795 (uti

434 4813 492 4863 et
539 4809 916 4873 Tertulliano,
952 4811 1077 4873 sed,
1110 4815 1394 4880 quantum
1446 4817 1705 4882 apparet,
1742 4830 1853 4867 non
1906 4814 2083 4882 recte)

437 4897 699 4952 Gennad.
736 4898 837 4954 lib.
873 4899 937 4953 de
978 4900 1223 4967 Dogmat.
1260 4901 1484 4966 Eccles,
1516 4907 1686 4971 potus
1736 4909 1791 4955 et
1839 4903 1953 4956 cibi
1982 4904 2083 4957 de-

433 4984 587 5041 liciis
619 4986 900 5043 fruituros
933 4996 1185 5043 sanctos.
1219 4987 1447 5059 Alioqui
1481 4996 1655 5056 certe,
1692 4991 1861 5062 longe
1894 4992 2079 5045 diver-

433 5091 562 5130 sam
596 5080 753 5147 patet
785 5077 966 5132 fuisse
997 5078 1279 5146 Cerinthi,
1314 5078 1493 5133 Marci
1538 5096 1603 5133 ac
1635 5079 1872 5150 Nepotis
1904 5080 2083 5136 haere-

431 5162 567 5232 sim,
618 5165 689 5220 de
719 5165 934 5236 quibus
990 5166 1113 5236 ipse
1162 5166 1400 5235 ibidem,
1454 5170 1507 5222 et
1562 5167 1791 5236 Euscb.,
1843 5168 1943 5222 lib.
1995 5186 2079 5236 ιιι,

432 5267 484 5307 c.
516 5254 619 5321 22.;
652 5270 718 5308 ac
749 5253 785 5309 1.
834 5272 928 5315 vn.
963 5272 1013 5321 c,
1060 5256 1148 5309 20.
1200 5260 1328 5325 post
1383 5272 1558 5323 eum;
1614 5265 1669 5310 et
1717 5257 2082 5326 Nicephorus

432 5341 668 5409 alicubi,
694 5343 1061 5415 aliorumque
1084 5344 1498 5399 Chiliastarum
1525 5361 1625 5399 scu
1652 5346 2081 5413 Milliariorum,

432 5431 743 5487 adversum
793 5450 940 5503 quos
990 5434 1110 5504 agit
1142 5434 1201 5489 S.
1236 5432 1465 5503 Epiph.,
1498 5433 1702 5490 hmres.
1752 5436 1841 5489 76.
1876 5435 2081 5505 Utpote

432 5522 531 5593 qui
564 5519 758 5591 (sicuti
791 5527 849 5575 et
879 5521 1141 5576 hodierni
1184 5522 1423 5593 quidam
1456 5522 1860 5595 anabaptistai)
1892 5524 1949 5579 in
1982 5524 2081 5580 illo

434 5619 610 5668 etiam
644 5609 981 5683 nuptiarum
1016 5610 1307 5685 copulam,
1342 5609 1459 5665 imo
1505 5610 1820 5669 Cerinthus
1849 5617 1906 5669 et
1932 5616 2080 5669 Mar-

436 5715 539 5757 cus
571 5699 771 5757 omnia
816 5699 1132 5758 libidinum
1183 5716 1395 5772 genera
1424 5701 1855 5773 exspectabant,
1888 5707 1945 5759 et
1991 5704 2079 5759 uti

2194 4722 2286 4770 tor
2342 4716 2593 4787 alludit),
2644 4733 2769 4787 quas
2828 4716 3175 4771 nominatim
3235 4716 3513 4778 citantur,
3546 4712 3760 4785 partim
3816 4727 3853 4766 a

2195 4810 2397 4861 sancto
2431 4806 2665 4875 Irenaeo,
2699 4806 2910 4876 partim
2963 4823 2995 4860 a
3026 4808 3228 4860 sancto
3275 4804 3508 4860 Justino
3548 4806 3847 4875 martyre;

2192 4920 2392 4958 verum
2428 4903 2668 4974 pulchre
2700 4905 2757 4957 in
2799 4904 3246 4959 Commentariis
3278 4904 3404 4959 suis
3454 4902 3851 4972 Hieronymus

2193 4991 2501 5064 allegorice
2531 4992 2601 5046 de
2631 4990 2883 5047 Ecclesia
2914 4991 3213 5047 Christum
3246 4989 3851 5059 conﬁtente,ejusqus

2193 5082 2491 5153 mysteriis
2524 5081 2624 5135 illa
2652 5081 2850 5136 omnia
2879 5082 3318 5153 interpretatur,
3345 5080 3567 5152 ubique
3594 5076 3854 5134 irridens

2193 5170 2351 5225 mille
2384 5186 2674 5225 annorum
2707 5170 2838 5224 illas
2872 5169 3246 5242 fabulas,quo
3278 5171 3552 5226 lectorem
3575 5182 3857 5239 compen-

2190 5260 2271 5314 dii
2325 5260 2512 5331 gratia
2558 5258 2937 5315 remittimus.
2986 5260 3229 5315 Facilior
3277 5265 3368 5317 est
3416 5257 3724 5332 responsio
3774 5254 3855 5312 ad

2190 5349 2522 5419 Scripturas
2573 5347 2713 5403 Gen.
2745 5364 2850 5403 xm
2884 5364 2948 5403 ac
2978 5365 3068 5415 xv,
3102 5366 3251 5421 quas
3298 5350 3602 5420 (Ii-enisum
3640 5343 3849 5401 imita-

2189 5440 2309 5505 tus)
2342 5453 2443 5507 pro
2476 5453 2537 5491 se
2589 5438 2730 5491 citat
2758 5438 2993 5505 Auctor,
3028 5440 3101 5494 de
3144 5442 3330 5510 prima
3359 5441 3409 5495 et
3435 5435 3678 5494 secunda
3707 5447 3851 5506 pro-

2189 5526 2450 5581 missione
2478 5525 2713 5583 Abraha:
2743 5529 2946 5583 semini
2971 5526 3311 5601 facta,prius
3333 5530 3393 5583 in
3423 5522 3852 5583 multitudinem

2189 5630 2394 5683 arente,
2425 5614 2637 5671 deinde
2690 5616 2761 5671 ad
2818 5618 2998 5674 instar
3053 5632 3267 5689 quoque
3314 5617 3627 5682 stellarum,
3677 5611 3852 5685 quasi

2189 5713 2424 5762 terrenae
2454 5708 2506 5762 et
2554 5706 2779 5763 caelestis
2806 5706 3179 5780 dispositionis
3226 5707 3505 5780 auspicia,
3538 5702 3680 5777 quia
3714 5700 3849 5774 pri-
