4072 6190
244 391 347 451 219

1407 381 1571 445 CUM
1616 378 2014 443 ANDIDOTO
2054 383 2406 446 PAMELII.

3494 385 3614 447 250

246 535 378 575 mam
407 515 840 589 promissionem
889 514 1188 587 impletam
1221 517 1450 571 constat
1500 512 1853 585 multiplica-
1885 513 1938 591 Α
1968 514 2387 585 Tertullianus,
2443 521 2645 590 turpes
2693 535 2874 574 ausus
2921 522 3009 575 est
3057 518 3266 573 dicere.
3329 516 3610 588 Deinceps

244 609 375 664 tione
403 607 647 661 ﬁliorum
697 606 870 661 Israel
908 606 964 660 in
1016 610 1173 660 terra
1222 605 1703 671 Chananzeorum,
1737 604 1855 658 sive

242 697 517 752 Palestina
541 696 887 749 :sccundam
924 710 1055 749 vero
1090 694 1509 766 interpretatur
1542 691 1854 764 Apostolus

242 784 427 840 Paulus
458 785 525 839 de
554 784 820 855 gentium
854 783 1127 851 Ecclesia,
1152 789 1312 839 Rom.
1346 801 1421 848 1x,
1458 787 1513 837 et
1544 780 1729 837 Galat.
1768 798 1852 847 ιιι,

240 891 334 945 quo
352 874 513 928 modo
542 874 715 928 etiam
742 880 1051 943 utramque
1076 873 1226 928 hanc
1250 872 1696 944 promissionem
1731 870 1848 923 dis-

238 964 386 1018 tinxit
433 962 749 1017 Rhabanus
802 968 997 1016 noster
1041 961 1366 1016 Comment.
1405 961 1459 1014 in
1511 964 1693 1026 Gen.;
1750 976 1853 1013 nec

237 1054 406 1107 minus
456 1052 645 1106 facilis
694 1052 765 1105 ad
818 1048 961 1105 illud
1011 1055 1153 1105 Gen.
1206 1068 1380 1115 xxvu,
1415 1050 1513 1103 ubi
1547 1050 1617 1104 ad
1648 1049 1850 1117 Jacob,

234 1142 379 1212 cujus
408 1140 655 1211 ﬁguram
696 1139 1059 1195 Christianos
1089 1156 1157 1194 ex
1186 1140 1459 1211 gentibus
1490 1145 1719 1211 gestare
1751 1155 1853 1193 no-

233 1230 454 1291 vimus,«
494 1229 684 1299 prima
705 1229 1015 1300 promissio
1036 1233 1125 1283 est
1145 1227 1395 1283 caelestis
1420 1228 1854 1293 roris,secunda

232 1323 375 1374 terra:
405 1318 749 1390 opimitatis,
784 1340 812 1369 ››
842 1318 982 1390 quia
1010 1317 1171 1372 illam
1220 1318 1685 1372 benedictionem
1717 1323 1851 1371 tan-

235 1424 388 1478 quam
418 1413 711 1462 terrenam
737 1407 1152 1479 interpretatur
1180 1407 1267 1463 vel
1299 1408 1422 1479 ipse
1451 1408 1630 1462 Jacob
1661 1406 1851 1462 verbis

232 1497 336 1551 suis
364 1497 430 1551 ad
464 1497 617 1551 Esau
652 1498 1023 1567 postmodum
1058 1496 1321 1568 prolatis,
1356 1497 1453 1551 ubi
1495 1496 1639 1551 dixit
1671 1514 1682 1552 :
1717 1498 1851 1551 Fru-

230 1594 401 1652 mento,
433 1590 485 1639 et
512 1588 667 1651 vino,
700 1595 751 1640 et
778 1587 917 1655 oleo,
948 1586 1199 1640 stabilivi
1227 1603 1351 1641 eum
1379 1603 1399 1639 .’
1431 1591 1506 1653 et,
1544 1586 1591 1640 si
1638 1585 1851 1656 allego-

227 1675 356 1729 ricos
400 1674 658 1730 velimus
716 1674 997 1746 accipere,
1032 1675 1346 1747 Proc0pius
1404 1675 1463 1729 in
1522 1679 1848 1730 Comment.

224 1764 283 1818 de
308 1763 516 1819 caelesti
572 1782 700 1820 rore
750 1764 1190 1835 interpretatur,
1223 1764 1324 1835 qui
1372 1764 1699 1820 instillatur
1729 1765 1851 1836 pio-

223 1869 335 1943 rum
365 1853 606 1922 animis,
626 1859 684 1907 et
711 1854 782 1908 de
812 1859 977 1908 terrae
1012 1854 1645 1925 pinguedinibus,quas
1676 1853 1853 1908 habet
1879 1878 1927 1943 B

222 1942 491 2013 accipiens
525 1958 755 2008 semen,
790 1943 966 2013 idque
996 1942 1404 2013 contupliciter
1435 1944 1705 1998 reddens.
1740 1943 1851 1998 De-

224 2030 375 2098 nique
407 2031 693 2086 facillima
728 2032 795 2085 ad
832 2031 975 2086 illud
1013 2037 1144 2085 Luc.
1179 2048 1256 2085 x11
1292 2048 1303 2085 :
1340 2032 1582 2099 Quaerite
1605 2034 1851 2102 primum

218 2136 417 2189 regnum
451 2121 575 2185 Dei,
610 2126 663 2174 et
692 2122 904 2193 reliqua
935 2122 1277 2192 adjicientur
1304 2122 1451 2176 vobis
1485 2139 1503 2176 :
1536 2122 1687 2176 202
1713 2122 1851 2192 quia

220 2207 356 2279 loqui
384 2210 688 2263 Christum
741 2210 809 2264 de
865 2211 972 2264 hac
1020 2210 1160 2276 vita,
1190 2227 1302 2265 non
1346 2208 1447 2264 illa
1494 2210 1689 2263 futura
1719 2215 1851 2281 post

218 2302 712 2363 resurrectionem,
734 2296 964 2352 initium
998 2301 1127 2368 ejus
1154 2299 1367 2354 Christi
1402 2299 1692 2353 sermonis
1723 2315 1847 2353 ma-

218 2385 469 2441 nifestum
504 2386 651 2441 facit
682 2402 695 2441 :
728 2386 849 2441 Ideo
874 2386 995 2441 dico
1022 2388 1169 2441 vobis
1203 2406 1215 2443 :
1250 2388 1428 2442 Nolite
1465 2403 1657 2443 curam
1687 2404 1850 2456 agere

217 2476 399 2531 anima:
424 2475 494 2530 de
528 2476 678 2530 victu
710 2486 760 2530 et
777 2478 1084 2546 corporide
1105 2477 1609 2532 vestitu.Caeterum
1637 2476 1846 2548 partim

219 2578 277 2617 ex
303 2565 533 2638 Platone
594 2565 802 2635 Dialog.
838 2565 901 2620 de
932 2566 1061 2636 Rep.
1102 2572 1157 2620 et
1188 2566 1244 2619 in
1278 2566 1536 2631 Phaedro,
1570 2566 1848 2637 desump-

220 2656 327 2706 tum
384 2653 544 2708 hunc
606 2653 1065 2709 Millenariorum
1124 2671 1397 2721 errorem,
1442 2655 1849 2710 adnotavimus

218 2742 276 2794 ad
308 2742 401 2795 lib.
432 2744 499 2797 de
532 2744 758 2808 Anima,
794 2760 844 2797 c.
878 2745 967 2808 30,
1004 2760 1061 2797 n.
1093 2744 1216 2809 376,
1251 2744 1348 2797 ubi
1382 2760 1513 2798 cum
1547 2760 1650 2813 pro
1680 2744 1849 2799 fabu~

218 2827 278 2883 lis
303 2830 507 2886 habeat
541 2835 779 2900 Auctor,
813 2832 1028 2886 mirum
1062 2838 1151 2887 est
1181 2831 1333 2903 quod
1369 2838 1569 2903 postea
1594 2832 1652 2887 in
1684 2849 1846 2888 eum-

217 2919 328 2973 dem
356 2921 704 2993 impegerit:
730 2920 1033 2987 sed,sicuti
1068 2923 1212 2976 satis
1243 2921 1475 2975 deducit
1504 2926 1558 2976 S.
1593 2921 1847 2990 Hieron.,

222 3007 457 3078 Papiam,
487 3009 853 3075 Melitonem,
885 3015 941 3065 et
971 3010 1117 3066 alios
1147 3010 1518 3083 supradictos
1560 3016 1849 3084 auctores,

216 3101 265 3151 et
287 3099 531 3155 maxime
563 3104 619 3154 S.
656 3100 938 3155 Irenaeum
972 3105 1212 3155 secutus
1244 3104 1353 3155 est.

221 3230 357 3297 525.
406 3237 483 3286 De
530 3234 756 3302 Nuptiis
803 3232 1053 3287 secundis
1100 3234 1378 3287 damnatis
1434 3242 1691 3304 tanquam
1739 3242 1856 3292 stu-

276 3304 427 3377 pris,
459 3304 849 3377 tom._Il,lih.
887 3321 926 3373 1,
977 3306 1059 3359 ad
1116 3306 1283 3360 Uxor.
1339 3321 1467 3376 eap.
1502 3307 1553 3364 4.
1586 3324 1642 3359 n.
1679 3308 1765 3377 Η,
1798 3317 1855 3365 et

280 3374 367 3451 lib.
400 3375 767 3451 de__Veland.
822 3376 1056 3451 [’irgin.,
1110 3393 1235 3447 cap.
1274 3378 1359 3451 1(7),
1390 3374 1445 3432 ιι,
1482 3379 1592 3445 84ς
1626 3395 1692 3433 ac
1723 3374 1850 3451 cap.

280 3447 355 3511 tl,
386 3448 587 3521 n.A98;
623 3453 764 3521 tom.
825 3447 921 3508 Ill.
956 3449 1054 3504 lib.
1105 3451 1230 3502 adv.
1284 3450 1558 3517 Hermog.,
1603 3467 1727 3521 cap.
1767 3447 1852 3519 11,

277 3534 335 3591 ιι.
362 3523 389 3571 7
418 3545 431 3585 ;
464 3519 573 3574 lib.
610 3519 674 3573 de
717 3522 907 3574 Resur.
959 3537 1139 3583 carn.,
1175 3537 1300 3591 cap.
1334 3522 1387 3589 8,
1424 3538 1478 3575 ιι.
1513 3522 1618 3587 82;
1652 3519 1717 3577 ac
1752 3524 1852 3579 lib.

276 3590 388 3663 adv.
442 3591 643 3655 Mam,
676 3606 804 3663 cap.
864 3592 948 3651 15,
996 3609 1053 3645 ιι.
1104 3592 1209 3644 245
1238 3590 1259 3656 ;⁷
1306 3592 1557 3661 denique
1612 3600 1753 3648 tom.
1787 3596 1854 3663 V,

279 3662 721 3737 integrisglibris
741 3665 818 3737 de
845 3663 1078 3737 lz‘xhort.
1112 3667 1294 3737 castit.
1317 3670 1374 3718 et
1404 3664 1467 3719 de
1496 3662 1854 3737 Monogamia,

276 3749 333 3786 ac
365 3733 463 3789 lib.
498 3735 567 3789 de
599 3735 819 3800 Pudic.,
854 3750 981 3805 cap.
1019 3736 1068 3801 1,
1104 3752 1161 3788 ιι.
1197 3735 1284 3789 15.

274 3850 328 3901 ln
362 3846 513 3903 hanc
548 3849 821 3904 haeresim
850 3849 1315 3905 Montanisticam
1353 3852 1635 3921 paulatim
1667 3853 1863 3927 delap-

212 3950 300 3991 sus
335 3944 423 3992 est
472 3938 897 3995 Tertullianus.
951 3939 1237 4007 Primum,
1287 3940 1577 3995 castitatis
1634 3958 1855 4015 amore,

210 4022 404 4082 librum
441 4028 687 4097 scripsit
716 4028 787 4083 ad
822 4028 1063 4084 Uxorem
1099 4029 1171 4084 de
1219 4031 1345 4084 unis
1383 4032 1619 4100 nuptiis,
1655 4031 1710 4086 in
1745 4049 1858 4103 quo

212 4114 429 4183 quidem
486 4118 566 4172 ab
624 4116 742 4171 illis
788 4118 1149 4183 dehortatur,
1183 4118 1281 4173 sed
1333 4123 1616 4189 tanquam
1652 4124 1859 4192 stupra

213 4219 315 4259 non
362 4205 668 4277 improbat
703 4224 715 4261 :
751 4206 866 4262 imo
918 4223 1051 4261 cum
1096 4206 1196 4263 lib.
1232 4225 1293 4278 11,
1326 4208 1395 4263 ad
1446 4209 1633 4275 Uxor.,
1669 4209 1717 4264 si
1750 4227 1856 4264 nu-

213 4290 332 4349 bere
360 4294 568 4361 velint,
602 4296 802 4350 saltsm
836 4296 899 4352 in
930 4297 1157 4351 Domiuo
1187 4298 1392 4353 nubere
1421 4298 1642 4367 debere,
1675 4300 1733 4352 id
1758 4308 1855 4365 est,

215 4380 539 4453 Christiano,
595 4383 711 4441 late
759 4384 1049 4453 deducit;
1100 4402 1215 4439 non
1267 4385 1509 4441 omnino
1566 4390 1703 4441 tunc
1754 4388 1855 4441 da-

213 4485 430 4528 mnasse
482 4476 723 4529 videtur
754 4475 1044 4529 secundas
1093 4473 1348 4545 nuptias.
1382 4475 1730 4545 Quanquam
1765 4475 1853 4528 in-

214 4560 363 4615 terim
392 4563 559 4616 omni
612 4578 806 4618 errore
837 4579 951 4617 non
1001 4566 1239 4617 careant
1290 4561 1347 4616 hi
1398 4561 1533 4617 libri
1567 4564 1704 4619 duo.
1739 4568 1849 4618 lm-

215 4648 404 4717 primis
456 4668 596 4706 cum
647 4651 748 4707 lib.
802 4669 840 4717 1,
873 4668 923 4707 c.
960 4653 1010 4719 1,
1060 4670 1117 4706 ιι.
1172 4652 1255 4719 11,
1314 4651 1577 4706 secundas
1628 4655 1851 4721 nuptias

213 4741 575 4807 confusionem
598 4757 620 4801 ;
652 4746 708 4795 et
740 4757 865 4812 cap.
904 4741 958 4807 4,
1014 4758 1070 4795 ιι.
1105 4742 1195 4806 23,
1250 4741 1644 4795 contumeliam
1672 4759 1685 4809 ;
1720 4748 1774 4797 et
1807 4759 1855 4796 c.

214 4825 259 4888 5,
292 4848 342 4882 υ.
374 4830 465 4896 34,
521 4830 913 4895 detestabiles;
944 4834 1001 4884 et
1048 4828 1185 4884 alibi
1240 4846 1473 4901 quoque
1523 4847 1770 4900 spurcas,
1802 4836 1859 4887 ct

215 4912 426 4971 dedecus
476 4919 865 4990 voluptuosum
910 4920 1189 4990 appellat,
1238 4918 1439 4989 quales
1488 4924 1629 4973 sunt
1681 4920 1857 4974 etiam

216 5000 309 5059 loci
339 5006 573 5077 illijam
607 5008 768 5063 citati
799 5007 899 5063 lib.
934 5007 999 5063 de
1036 5007 1256 5064 Veland.
1294 5010 1507 5079 Virgin.
1542 5008 1623 5063 De
1654 5024 1860 5065 secun-

220 5092 296 5148 dis
340 5098 500 5152 enim
550 5097 797 5168 nuptiis,
849 5097 941 5153 his
993 5097 1134 5153 locis
1180 5096 1444 5152 locutum
1494 5098 1696 5165 fuisse,
1740 5115 1857 5153 non

220 5182 279 5237 de
308 5185 634 5257 primis,vel
668 5186 789 5242 haec
817 5190 871 5241 S.
904 5188 1145 5258 August.
1181 5185 1281 5242 lib.
1319 5204 1360 5255 1,
1392 5186 1455 5242 de
1485 5189 1631 5242 Bono
1668 5187 1857 5243 Vidui-

218 5272 331 5324 tatis
374 5274 761 5341 convincunt,
794 5291 923 5345 qua
970 5274 1143 5329 etiam
1177 5274 1425 5330 antidoti
1475 5275 1600 5330 loco
1650 5274 1743 5330 hic
1774 5275 1857 5331 af-

215 5357 418 5417 ferunt.
453 5363 583 5418 Non
627 5363 785 5435 quia,
818 5364 1027 5433 inquit,
1062 5362 1446 5436 innuptarum
1504 5365 1723 5418 bonum
1758 5363 1859 5419 ho-

214 5456 438 5507 nestum
475 5452 627 5508 dixit
651 5452 1122 5523 Apostolus,ideo
1156 5458 1359 5524 putare
1389 5453 1669 5509 debemus
1689 5457 1862 5524 turpe

217 5552 332 5593 esse
378 5541 685 5597 vinculum
734 5541 1063 5615 conjugale,
1096 5541 1359 5613 alioquin
1412 5544 1589 5599 etiam
1641 5543 1863 5616 primas

219 5628 449 5698 nuptias
482 5631 1179 5702 condemnabimus,quas
1212 5648 1317 5688 nec
1349 5632 1736 5706 Cataphryges
1759 5648 1864 5690 nec

220 5712 545 5788 Novatiani,
605 5735 712 5776 nec
767 5720 1198 5780 disertissimus
1254 5737 1457 5777 eorum
1517 5723 1869 5795 astipulator

1967 604 2071 659 lib.
2102 606 2230 660 adv.
2266 609 2520 676 llermoa.
2555 624 2808 663 errorem
2864 626 3036 663 suum
3089 608 3274 678 magis
3305 606 3489 677 aperit
3519 607 3610 661 his

1964 696 2155 750 verbis
2189 713 2201 750 :
2233 720 2259 745 ‹‹
2298 702 2502 768 Legem
2533 698 2630 751 Dei
2656 698 2710 752 in
2738 698 3038 752 libidinem
3066 696 3354 764 defendi,»
3378 713 3497 763 ac,«
3522 700 3608 749 to-

1965 786 2059 835 tus
2093 782 2339 850 adulter,
2364 790 2420 838 et
2448 785 2878 854 praedicationis
2909 790 2965 840 et
2995 785 3226 850 carnis;
3260 783 3608 838 nubcntium

1963 871 2230 940 contagio
2283 873 2458 926 fmtet.
2511 896 2537 921 n
2592 875 2847 944 Denique
2897 876 3061 930 libris
3104 876 3168 929 de
3221 875 3609 929 Exhortatione

1961 961 2138 1014 cas-tit.
2174 964 2227 1015 et
2256 961 2321 1015 de
2352 961 2553 1029 Menas}.
2593 963 2935 1019 Montanum
2967 971 3224 1029 secutus,
3260 980 3373 1017 non
3416 962 3606 1017 solum

1962 1058 2155 1119 stu/ira
2201 1056 2256 1104 et
2301 1051 2575 1105 adulteria
2622 1058 2672 1107 et
2717 1058 3003 1109 mwchittm
3047 1052 3300 1125 appellat
3346 1052 3608 1107 secundas

1960 1140 2201 1208 nuptias,
2233 1140 2331 1193 sed
2384 1141 2558 1194 etiam
2615 1142 2791 1196 variis
2840 1142 3201 1214 argumentis
3257 1142 3311 1195 id
3362 1141 3609 1211 probare

1962 1227 2211 1293 nititur;
2243 1229 2342 1282 sed
2379 1229 2616 1293 frustra,
2649 1230 2821 1285 sicuti
2856 1248 2923 1285 ex
2953 1231 3215 1286 antidoto
3264 1228 3606 1283 Adnotatio-

1962 1332 2104 1371 num
2153 1322 2485 1371 nostrarum
2520 1320 2574 1371 in
2613 1326 2947 1390 utrumque,
2980 1320 3175 1374 lectori
3229 1318 3605 1391 perspicuum

1961 1422 2089 1461 esse
2115 1406 2342 1477 poterit,
2376 1424 2510 1477 quo,
2544 1425 2616 1462 ne
2637 1407 2730 1462 hic
2754 1408 3091 1478 prolixiores
3119 1406 3606 1473 simus,1ectorem

1962 1496 2339 1550 remittimus.
2381 1497 2482 1550 Ubi
2534 1498 2785 1551 subinde
2821 1514 2918 1567 pro
2968 1496 3253 1550 catholica
3284 1497 3353 1549 de
3396 1497 3608 1565 nuptiis

1962 1585 2210 1640 secundis
2239 1601 2347 1640 non
2372 1587 2665 1652 prohibitis
2688 1586 3000 1651 sententia,
3026 1585 3333 1641 citavimus
3368 1585 3427 1637 B.
3452 1584 3605 1638 Hier.

1961 1678 2132 1747 epist.
2166 1678 2229 1730 (te
2278 1676 2582 1747 Monogam.
2619 1678 2687 1730 ad
2739 1678 3148 1747 Ageruchiam,
3200 1675 3353 1743 vulg.
3390 1675 3606 1730 Geron-

1961 1764 2198 1833 tiam,de
2232 1765 2502 1819 Viduitate
2524 1766 2590 1818 ad
2621 1765 2905 1819 Silvinum
2933 1781 2995 1819 ac
3018 1768 3088 1818 ad
3123 1763 3604 1829 Pammachium;

2056 1856 2201 1922 Aug.
2240 1852 2340 1906 lib.
2391 1853 2453 1908 de
2504 1853 2640 1909 bono
2693 1856 3007 1917 Viduitatis,
3043 1870 3106 1906 ac
3159 1852 3257 1905 lib.
3296 1869 3357 1917 ιι,
3407 1852 3606 1906 Contra

1960 1943 2081 1998 adv.
2118 1944 2249 2013 legis
2290 1947 2340 1997 et
2389 1943 2825 2013 pmphetarum;
2856 1945 2908 1998 S.
2950 1943 3235 2014 Epiphan.
3276 1942 3406 1996 Adv.
3458 1942 3603 1996 Mon-

1958 2037 2151 2087 tanum
2205 2032 2408 2086 haeres.
2468 2032 2557 2101 50,
2592 2037 2649 2087 et
2700 2032 2823 2088 adv.
2883 2032 3139 2097 Cataros,
3189 2036 3243 2086 et
3300 2034 3605 2085 Commen-

1960 2124 2140 2178 tarios
2191 2128 2449 2176 veterum
2501 2140 2675 2194 super
2707 2122 2996 2192 Epistolas
3029 2122 3191 2176 Pauli
3249 2122 3413 2176 Rom.
3449 2138 3545 2187 v11,
3585 2122 3605 2174 Ι

1958 2215 2083 2265 Cor.
2120 2228 2213 2279 v11,
2266 2215 2321 2265 et
2354 2215 2371 2263 Ι
2406 2211 2531 2265 Cor.
2581 2229 2636 2280 ν,
2674 2212 2890 2283 quibus
2946 2212 3095 2267 203
3150 2210 3343 2265 licebit
3396 2210 3607 2264 addere

1958 2304 2015 2355 et
2037 2300 2178 2353 illud
2203 2300 2262 2353 B.
2292 2299 2524 2353 llieron.
2564 2301 2653 2365 54,
2677 2301 2847 2371 epist.
2874 2300 2942 2355 ad
2986 2301 3200 2355 Marce].
3232 2298 3355 2370 (qui
3386 2297 3606 2368 alioqui

1957 2388 2187 2444 videtur
2218 2388 2467 2442 subinde
2500 2389 2572 2443 iis
2605 2388 2900 2461 iniquior),
2938 2406 3039 2460 pro
3071 2389 3322 2444 secundis
3352 2390 3559 2458 nuptiis
3588 2405 3600 2441 :

1958 2478 2076 2532 Nos
2107 2478 2396 2531 secundas
2449 2477 2687 2548 nuptias
2719 2495 2832 2532 non
2882 2484 2999 2533 tam
3050 2477 3379 2549 appetimus
3425 2492 3603 2546 quam

1959 2565 2478 2635 concedimus,l’au
2493 2566 2542 2621 lo
2559 2567 2825 2636 jubente,
2862 2575 2923 2621 ut
2946 2566 3131 2621 viduae
3156 2564 3604 2620 adolescentulus

1962 2658 2208 2721 nubant,
2241 2654 2326 2709 illi
2359 2656 2592 2726 (nempe
2621 2657 2879 2709 Montani
2916 2655 3253 2726 sectatores)
3288 2655 3343 2709 in
3373 2658 3605 2707 tantum

1960 2749 2168 2817 putant
2218 2744 2494 2798 scelerata
2547 2745 2820 2816 coniugia
2873 2746 3101 2813 iterata,
3137 2750 3199 2798 ut
3248 2744 3606 2815 quicumque

1960 2834 2069 2889 hoc
2104 2833 2301 2889 fecerit
2350 2833 2582 2888 adulter
2613 2834 2912 2889 habeatur.
2952 2834 3092 2888 Item
3145 2833 3287 2887 illud
3324 2833 3378 2886 in
3429 2830 3607 2902 Epist.

1961 2925 2030 2977 ad
2060 2922 2258 2977 Titum
2304 2922 2480 2975 etiam
2513 2939 2546 2975 a
2578 2922 2745 2975 nobis
2778 2920 2913 2977 alibi
2950 2923 3191 2975 citatum
3229 2938 3241 2975 :
3277 2920 3525 2990 Scripsit
3554 2923 3613 2974 et

1960 3010 2357 3067 Tertullianus
2428 3010 2646 3064 librum
2715 3010 2779 3065 de
2844 3012 3185 3078 Monogamia
3251 3008 3609 3075 hiereticum,

1962 3117 2134 3172 quem
2191 3098 2466 3170 Apostolo
2528 3099 2832 3169 contraire,
2881 3116 3051 3153 nemo
3109 3099 3210 3169 qui
3265 3095 3609 3167 Apostolum

1962 3189 2189 3261 legerit,
2223 3187 2535 3261 ignorabit.
2573 3193 2713 3243 Item
2764 3187 2905 3241 illud
2936 3190 2992 3242 S.
3028 3192 3267 3257 August.
3302 3184 3439 3239 hair.
3489 3184 3611 3253 126,

1888 3248 1931 3314 Ο
1965 3248 2067 3334 lib.
2106 3248 2397 3335 (levllirres.
2434 3295 2453 3332 .·
2477 3278 2607 3332 Ideo
2639 3278 3036 3332 Tertullianus
3072 3248 3256 3330 factus
3284 3248 3613 3341 haereticus,

1964 3369 2101 3439 quia
2125 3369 2416 3421 transiens
2441 3367 2509 3421 ad
2537 3366 2950 3437 Cataphrygas,
2974 3382 3120 3437 quos
3153 3368 3285 3418 ante
3315 3364 3615 3416 destruxe-

1964 3456 2437 3526 rat,coepitetiam
2463 3461 2763 3509 secundum
2780 3456 3002 3523 nuptias
3016 3459 3213 3507 contra
3235 3450 3613 3523 apostolicam

1966 3543 2288 3599 doctrinam
2320 3546 2585 3613 tanquam
2614 3548 2805 3615 stupra
2838 3543 3139 3597 damnare.

1966 3652 2109 3720 §26.
2142 3651 2205 3705 de
2231 3651 2514 3705 Paracleta
2544 3650 2813 3715 Montano,
2851 3656 2991 3704 tom.
3025 3650 3093 3716 ll,
3145 3648 3245 3702 lib.
3280 3648 3343 3701 de
3393 3645 3610 3701 Veland.

2044 3724 2195 3790 Virg.
2229 3739 2355 3792 cap.
2392 3724 2439 3789 1,
2475 3740 2531 3776 ιι.
2566 3724 2638 3789 6;
2672 3726 2814 3775 tom.
2874 3722 2964 3785 lli,
2998 3720 3098 3773 lib.
3133 3722 3201 3774 de
3230 3721 3447 3785 Anima,
3483 3735 3607 3787 cap.

2036 3794 2126 3859 51,
2161 3812 2216 3848 ιι.
2250 3794 2374 3858 613,
2405 3810 2468 3847 ac
2517 3794 2606 3858 58,
2641 3811 2696 3847 ιι.
2730 3793 2835 3846 652
2865 3810 2878 3859 ς
2913 3792 3010 3846 lib.
3057 3792 3121 3846 dc
3164 3794 3380 3847 Rcsurr.
3433 3807 3610 3859 carn.,

2039 3882 2165 3937 cap.
2208 3867 2291 3933 11,
2326 3883 2383 3919 ιι.
2427 3866 2535 3927 98;
2569 3869 2625 3918 et
2655 3881 2783 3937 cap.
2822 3864 2926 3918 ult.
2963 3863 3172 3937 n_.hu1t.
3204 3882 3216 3929 ;
3248 3864 3369 3917 adv.
3419 3862 3608 3926 illam,

2040 3934 2140 3991 lib.
2193 3955 2229 4000 1,
2275 3953 2404 4006 cap.
2458 3937 2547 4001 29,
2582 3953 2641 3989 ιι.
2690 3936 2833 4000 2Ο3;
2885 3952 2950 3989 ac
2997 3934 3101 3989 lib.
3158 3951 3213 4002 v,
3266 3951 3394 4004 cap.
3444 3936 3501 3998 2,
3556 3950 3613 3986 ιι.

2037 4010 2139 4061 247
2168 4027 2180 4071 ;
2214 4012 2270 4062 et
2303 4008 2399 4062 lib.
2432 4007 2553 4061 adv.
2588 4010 2757 4061 Prax.
2792 4024 2917 4074 cap.
2956 4008 3002 4071 1,
3041 4024 3096 4060 ιι.
3134 4007 3192 4059 11
3227 4022 3239 4070 ;
3274 4022 3398 4075 cap.
3436 4006 3521 4071 15,
3558 4022 3613 4057 ιι.

2037 4081 2148 4146 22;
2184 4096 2309 4149 cap.
2343 4080 2396 4144 8,
2431 4096 2488 4132 ιι.
2538 4080 2628 4143 59,
2681 4096 2808 4149 cap.
2847 4082 2930 4145 13,
2976 4095 3031 4131 ιι.
3064 4078 3167 4143 78;
3212 4080 3354 4130 tom.
3405 4075 3614 4149 V,_li_b.

2037 4151 2101 4207 de
2150 4145 2514 4217 blonogamia,
2549 4166 2674 4221 cap.
2708 4145 3021 4220 2_integr0,
3055 4154 3110 4204 et
3156 4163 3270 4200 non
3322 4145 3503 4221 semel
3538 4147 3614 4221 in

2041 4222 2173 4277 aliis
2206 4222 2369 4277 libris
2403 4238 2523 4292 seq.
2556 4218 2635 4277 de'
2651 4223 2796 4291 Fuga
2831 4218 3323 4293 iii—persecutione,
3356 4219 3419 4273 de
3464 4218 3616 4288 Jeju-

2039 4297 2147 4348 nizs
2176 4303 2226 4349 et
2256 4294 2552 4348 Pudicitia.

2035 4381 2331 4436 Adversus
2382 4381 2532 4435 hanc
2577 4381 2841 4434 haeresim
2895 4379 3065 4449 longe
3122 4376 3615 4433 absurdissimum

1966 4470 2237 4524 sufﬁcere
2263 4474 2513 4541 possunt
2544 4469 2671 4540 ipsa
2702 4466 3048 4523 Tertulliani
3078 4467 3253 4522 verba
3285 4471 3417 4522 ante
3444 4465 3621 4520 haere-

1968 4558 2104 4627 sim,
2138 4558 2239 4613 lib.
2273 4558 2339 4614 de
2369 4560 2683 4628 Praescript.
2717 4557 2845 4612 adv.
2880 4557 3070 4611 lueret.
3125 4572 3252 4627 cap.
3284 4557 3375 4623 52,
3409 4555 3613 4611 haeres.

1968 4649 2062 4718 21,
2119 4665 2176 4702 ιι.
2232 4646 2357 4713 327,
2418 4647 2517 4701 ubi
2577 4647 2975 4714 blasphemiam
3032 4644 3308 4716 appellat,
3355 4668 3382 4694 «
3418 4659 3619 4699 eorum

1968 4736 2068 4808 qui
2129 4736 2521 4807 Cataphryges
2572 4735 2937 4799 dicebantur,
2990 4733 3419 4799 haereticorum,
3482 4734 3622 4803 quia

1968 4826 2027 4880 in
2078 4823 2360 4897 apostolis
2410 4826 2646 4894 quidem
2696 4824 2970 4879 dicebant
3022 4822 3303 4894 Spiritum
3351 4826 3621 4876 sanctum

1969 4914 2174 4979 fuisse,
2210 4912 2570 4967 Paracletum
2630 4930 2743 4967 non
2807 4912 3003 4979 fuisse,
3037 4917 3094 4966 et
3154 4911 3292 4983 quia
3348 4910 3623 4965 dicebant

1967 5002 2335 5059 Paracletum
2375 5002 2433 5055 in
2472 5001 2743 5057 Montano
2778 5001 2944 5073 plura
2976 5000 3211 5069 dixisse,
3246 5016 3422 5072 quam
3455 4999 3621 5055 Chri-

1969 5098 2128 5147 stum
2160 5090 2217 5145 in
2251 5089 2631 5161 Evangelium
2664 5089 2979 5161 protulisse
3007 5106 3066 5157 ;»
3104 5094 3161 5145 et
3189 5094 3387 5144 tamen
3419 5087 3619 5157 miser,

1968 5181 2115 5236 forte
2146 5181 2215 5235 ab
2252 5179 2369 5234 illis
2402 5180 2701 5246 seductus,
2736 5180 2890 5250 quod
2926 5180 3213 5233 secundas
3245 5178 3480 5249 nuptias
3522 5178 3623 5232 de-

1964 5273 2343 5335 testarentur,
2378 5272 2461 5325 tot
2490 5268 2633 5324 locis
2657 5269 2783 5339 jam
2833 5268 3029 5323 citatis
3060 5268 3419 5324 Paracletum
3449 5272 3623 5323 vocat

1966 5361 2301 5425 Montanum,
2334 5364 2391 5414 et
2434 5360 2683 5415 subinde
2714 5360 2887 5414 verba
2920 5360 3081 5414 illius
3119 5360 3399 5415 Paracleti
3450 5358 3619 5414 titulo

1967 5450 2129 5505 citat.
2166 5448 2287 5503 Imo
2318 5448 2625 5520 detorquet
2671 5449 2742 5503 ad
2775 5464 2945 5503 suam
2979 5448 3131 5503 hanc
3175 5448 3437 5504 haeresim
3470 5446 3615 5501 illud

1967 5540 2133 5595 Joan.
2158 5554 2249 5592 xvr
2274 5554 2286 5593 :
2312 5538 2499 5592 Adhuc
2545 5538 2725 5593 multa
2755 5537 2922 5593 habeo
2971 5539 3121 5610 loqui
3166 5541 3355 5605 vobis;
3384 5535 3477 5590 sed
3508 5551 3617 5589 non

1968 5628 2184 5704 potestis
2225 5630 2447 5700 portare
2476 5629 2658 5683 modo.
2696 5627 2830 5683 Cum
2859 5630 3069 5682 venerit
3114 5628 3209 5682 ille
3238 5626 3483 5697 Spiritus
3526 5638 3613 5676 ve-

1968 5721 2175 5786 ritatis,
2205 5718 2414 5775 docebit
2468 5733 2557 5774 vos
2601 5733 2815 5774 omnem
2861 5719 3165 5785 veritatem,
3209 5720 3261 5772 et
3311 5726 3436 5783 quae
3482 5727 3612 5767 ven-
