4072 6190
4 5328 21 5481 ἓ

34 5274 43 5291 '.

36 5314 43 5321 .

34 5428 39 5439 Α

400 365 512 425 251
1600 360 2029 422 PARADOXA
2074 354 2613 418 TERTULLIANI
3693 343 3809 400 252

399 504 523 552 tura
550 499 682 553 sunt
710 495 1071 552 annuntiabit
1105 496 1275 552 vobis.
1300 496 1461 561 Quod
1495 495 1691 569 ipsum
1725 500 1919 550 tamen
1952 510 2044 549 ca-
2075 492 2131 560 Α
2160 491 2360 547 Matth.
2421 505 2490 545 ex
2542 484 2987 545 circumcisione
3042 479 3329 553 Apostoli,
3362 476 3810 550 publicanorum

397 586 615 641 tholice
654 585 1079 655 interpretatur
1126 585 1281 640 dicto
1319 586 1417 640 lib.
1452 586 1516 640 de
1563 587 1880 655 Praescript.
1915 584 2045 637 adv.

399 677 583 730 haeret.
619 692 668 730 c.
702 676 819 740 8,n.
846 674 939 742 62,
964 675 1033 730 de
1064 674 1347 746 apostolis
1380 674 1623 745 loquens
1660 693 1672 730 :
1708 697 1735 723 «
1767 679 2053 728 (‘onsecu-

401 764 518 819 turi
554 781 686 818 mox
734 763 1021 834 Spiritum
1056 768 1325 818 sanctum
1377 762 1759 829 Paracletum,
1793 761 1891 833 qui
1925 760 2053 814 illos

401 854 761 909 deducturus
784 859 939 908 esset
960 852 1019 905 in
1043 870 1278 907 omnem
1304 852 1664 919 veritatem,»
1687 856 1743 907 et
1774 866 2007 905 rursum
2038 866 2050 903 :

402 943 748 997 Nationibus
790 942 1065 997 destinati
1112 940 1381 1013 apostoli,
1416 941 1530 1011 ipsi
1580 958 1813 1012 quoque
1854 941 2052 994 docto-

405 1047 524 1085 rem
593 1030 963 1085 consecuturi
1030 1035 1196 1085 erant
1260 1030 1646 1085 Paracletum.
1686 1052 1706 1077 υ
1775 1028 1880 1083 Ubi
1952 1043 2053 1098 pro

404 1118 623 1174 eisdem
685 1119 879 1185 habet,
913 1119 1181 1189 Spiritum
1237 1121 1508 1188 sanctum,
1567 1122 1623 1173 et
1680 1118 2051 1182 Paracletum,

405 1224 539 1263 cum
591 1225 892 1279 perperam
930 1208 1015 1262 illi
1066 1208 1493 1277 distinguerent
1523 1206 1630 1277 (uti
1677 1206 1766 1261 vel
1812 1223 1881 1261 ex
1928 1205 2054 1276 ipso

406 1294 767 1351 Tertulliano
800 1296 1024 1351 dictum
1057 1297 1166 1367 est)
1197 1296 1464 1366 Spiritum
1491 1304 1763 1359 sanctum,
1795 1299 1854 1349 et
1882 1295 2054 1347 Para-

404 1386 603 1440 cletum
637 1402 655 1437 :
689 1388 746 1439 et
779 1383 921 1439 illud
958 1385 1081 1456 ipse
1109 1389 1413 1440 contextus
1434 1382 1797 1454 evangelista:
1826 1380 2056 1436 convin-

404 1477 517 1542 cat,
554 1479 727 1544 atque
760 1474 900 1529 adeo
932 1475 1017 1527 sic
1051 1474 1239 1528 locum
1274 1472 1439 1527 illum
1466 1473 1924 1543 interpretantur
1960 1486 2054 1524 ve-

405 1566 559 1617 teres
593 1579 817 1630 omnes,
852 1580 920 1617 ex
971 1563 1232 1633 professo
1264 1578 1395 1617 vero
1427 1563 1552 1617 adv.
1589 1562 1740 1616 hanc
1786 1559 2056 1615 haeresim

405 1651 465 1707 S.
497 1656 647 1722 Aug.
680 1651 1029 1707 tractatibus
1063 1652 1250 1706 tribus
1284 1651 1341 1705 in
1375 1651 1748 1720 Evangelium
1781 1648 2054 1705 Joannis:

404 1757 519 1810 quo
551 1740 824 1796 lectorem
859 1740 1189 1812 compendii
1219 1741 1407 1813 gratia
1437 1740 1812 1796 remittimus.

404 1978 432 2044 §
460 1975 551 2031 27.
584 1975 655 2029 De
706 1962 1039 2028 Pa’n‘ilentia
1079 1974 1297 2027 matchis
1327 1972 1593 2043 neganda,
1630 1978 1771 2029 tom.
1805 1975 1871 2039 V,
1906 1972 2054 2028 inte-

882 2062 984 2116 gro
1014 2044 1159 2099 libro
1191 2045 1255 2099 de
1282 2046 1579 2101 Pudicitia.

475 2225 637 2280 Sicut
685 2224 743 2278 in
782 2223 915 2278 Vita
972 2224 1243 2278 Auctoris
1292 2222 1718 2290 adnotavimus,
1752 2240 1884 2279 cum
1932 2241 2057 2279 om-

404 2316 544 2372 nino
577 2316 731 2371 204
764 2313 1159 2385 pmnitentiam
1195 2329 1429 2367 omnem
1454 2312 1721 2368 tollerent
1748 2317 2059 2369 Montanus

405 2411 463 2462 et
494 2406 621 2475 ejus
668 2408 983 2458 sectatores
1036 2402 1431 2473 Catapbryges
1477 2402 1582 2469 (vel
1614 2402 1676 2456 B.
1716 2404 2059 2474 Hieronymo

408 2498 555 2548 teste
586 2493 771 2563 Epist.
804 2492 918 2545 nod
970 2490 1150 2544 semel
1204 2491 1377 2544 citata
1409 2492 1480 2545 ad
1527 2491 1882 2557 Marcellam,
1913 2498 1969 2545 et
1999 2492 2057 2546 S.

409 2582 661 2635 Paciano
714 2582 905 2635 Tract.
942 2580 1223 2633 adversus
1272 2580 1668 2652 Novatianos),
1720 2580 1780 2634 in
1834 2582 1939 2636 hoc
1989 2580 2059 2635 ab

410 2671 482 2724 iis
517 2669 790 2724 dissentit
838 2667 1262 2735 Tertullianus,
1297 2668 1448 2739 quod
1483 2668 1623 2724 solis
1675 2671 1893 2725 mwchis
1932 2687 2059 2725 eam

411 2761 720 2829 negandum
755 2759 1021 2820 senserit,
1057 2758 1323 2812 fortassis
1373 2758 1629 2829 primum
1682 2760 1958 2815 seductus
1990 2761 2062 2815 ab

413 2847 531 2903 illis
582 2864 704 2902 suae
753 2848 939 2902 aetatis
992 2846 1314 2918 Episcopis,
1359 2848 1480 2917 qui,
1514 2852 1567 2901 S.
1602 2848 1886 2920 Cypriano
1916 2853 2064 2905 teste

410 2938 515 2992 lib.
548 2938 619 2993 de
673 2939 888 3005 Lapsis,
924 2936 1177 2989 dandam
1228 2935 1469 2990 moechis
1500 2937 1900 3007 pmnitentiam
1946 2955 2066 2994 non

422 3031 725 3098 putarunt.
766 3025 971 3079 Verum
1025 3029 1409 3095 praeterquam
1458 3027 1612 3095 quod
1645 3043 1712 3081 ex
1752 3028 2068 3099 Scripturis

419 3114 514 3169 ille
546 3116 760 3169 ibidem
812 3113 1164 3169 contrariam
1217 3115 1571 3169 sententiam
1604 3118 1960 3186 comprobet,
1996 3120 2068 3173 de

423 3205 1092 3296 omnium‘peccatorum
1129 3202 1305 3257 veniae
1354 3208 1638 3273 potestate
1686 3204 1743 3258 in
1791 3206 2068 3275 Ecclesia,
2101 3230 2143 3296 ρ

421 3298 625 3346 auctor
655 3292 843 3346 adhuc
874 3290 1192 3345 catholicus
1225 3296 1367 3347 tom.
1402 3310 1462 3358 ιι,
1497 3291 1599 3347 lib.
1629 3293 1695 3349 de
1738 3298 2073 3352 Pwnz‘tentia

423 3397 596 3452 quem
651 3381 864 3435 ibidem
920 3380 1015 3435 ille
1065 3381 1330 3434 imitatur
1359 3381 1595 3437 disertis
1648 3384 1858 3447 verbis,
1886 3387 2069 3455 poeni-

422 3472 655 3525 tentiam
704 3471 775 3524 de
829 3472 1082 3525 omnibus
1132 3471 1347 3526 delictis
1396 3473 1761 3527 necessariam
1812 3474 2068 3529 deducit.

421 3561 610 3629 Atque
659 3559 766 3614 hoc
798 3565 906 3625 est,
940 3561 1091 3630 quod
1128 3560 1269 3614 dicit
1299 3558 1445 3614 libro
1476 3560 1540 3614 de
1583 3563 1821 3617 Pudicit.
1858 3579 1984 3634 cap.
2016 3562 2069 3628 4,

422 3665 586 3703 num.
619 3649 672 3713 9,
706 3671 733 3698 «
770 3649 1066 3704 Adversus
1118 3665 1257 3704 meas
1290 3664 1523 3719 quoque
1571 3652 1869 3706 sententiae
1920 3656 2072 3708 retro

421 3753 600 3809 penes
624 3736 755 3792 illos
790 3738 1123 3793 societatem
1152 3757 1164 3805 ;
1192 3760 1219 3787 »
1242 3745 1295 3793 et
1318 3736 1473 3792 haud
1506 3739 1856 3795 absimiliter
1882 3739 2073 3795 verbis

425 3826 601 3881 etiam
634 3825 773 3881 alibi
809 3843 918 3881 non
951 3826 1127 3880 semel
1157 3825 1349 3880 citatis
1380 3828 1434 3880 S.
1470 3827 1754 3883 Pacianus
1786 3830 1853 3883 ad
1892 3829 2074 3884 Nova-

425 3914 618 3969 tianos
666 3916 841 3969 verba
893 3915 1112 3970 faciens
1147 3931 1158 3968 ε
1195 3914 1598 3971 Tertullianus
1649 3921 1780 3987 post
1808 3917 2073 3972 haeresim

424 4008 616 4059 vester
644 4010 751 4072 est,
785 4021 921 4059 nam
956 4004 1144 4058 multa
1176 4004 1312 4058 inde
1338 4005 1699 4075 sumpsistis.
1722 4010 1919 4076 Ipsum
1952 4007 2075 4076 epi-

427 4092 583 4149 otola
640 4110 765 4158 sua,
799 4099 856 4148 et
903 4111 969 4149 ea
1026 4109 1204 4163 quam
1262 4092 1586 4149 catholicus
1643 4094 1846 4161 edidit,
1873 4096 2077 4152 audies

428 4183 804 4238 conﬁtentem
833 4226 847 4250 ,
912 4199 1065 4253 posse
1128 4183 1425 4237 Ecclesium
1487 4188 1714 4253 peccata
1779 4184 2075 4241 dimittere.

429 4272 571 4327 Item
627 4277 684 4326 et
721 4275 776 4325 S.
814 4271 1198 4342 Hieronymus
1259 4272 1399 4325 dum
1457 4272 1597 4326 dicit
1651 4271 2077 4330 Tertullianum

431 4360 491 4415 in
523 4361 670 4415 libro
701 4376 874 4430 quem
906 4361 971 4415 de
1018 4360 1302 4416 Pudicitia
1348 4360 1627 4416 adversus
1678 4363 2078 4432 pmnitentiam

434 4450 691 4519 scripsit,
735 4451 1088 4505 sententiam
1140 4455 1394 4506 veterem
1444 4465 1592 4505 nova
1638 4451 1911 4521 opinione
1960 4454 2079 4508 dis-

435 4538 703 4603 solvisse,
736 4538 793 4593 in
828 4540 934 4595 hoc
967 4544 1233 4594 secutum
1262 4540 1504 4594 insanas
1530 4544 1587 4594 et
1607 4539 1982 4611 blasphemas
2006 4544 2082 4599 fe-

436 4627 628 4683 minas
680 4643 833 4683 suas.
869 4630 1093 4693 Quibus
1124 4630 1337 4684 addere
1384 4628 1582 4684 licebit
1620 4628 1819 4685 lectori
1869 4632 2085 4704 scripta

431 4716 534 4772 illa
560 4720 819 4772 veterum
852 4717 1049 4773 omnia
1078 4718 1144 4772 de
1185 4720 1531 4785 Pwnilentia,
1565 4735 1816 4789 quorum
1850 4738 1883 4776 a
1915 4723 2083 4777 nobis

435 4806 591 4861 facta
646 4811 736 4861 est
780 4807 997 4861 mentio
1034 4824 1046 4862 :
1082 4808 1246 4862 Tom.
1300 4807 1368 4871 ll,
1412 4806 1548 4862 dict.
1600 4806 1729 4863 libr.
1765 4809 1831 4864 de
1884 4812 2080 4867 Pcenit.

435 4911 562 4967 cap.
596 4897 648 4963 1,
677 4900 734 4950 et
782 4912 909 4967 quae
940 4912 974 4950 a
1005 4897 1174 4951 nobis
1224 4895 1381 4950 dicta
1430 4899 1587 4963 sunt,
1622 4900 1746 4951 tum
1797 4878 1869 4953 ad
1916 4899 2085 4955 illum

434 4983 675 5050 librum,
708 4989 838 5041 tum
871 4985 941 5041 ad
974 4985 1224 5040 alterum
1259 4984 1426 5039 illum
1458 4984 1522 5040 de
1551 4985 1821 5053 Pud.,ubi
1854 4989 1924 5043 ad
1958 4990 2085 5044 sin-

436 5072 575 5144 gula
606 5074 861 5130 auctoris
893 5074 951 5127 in
983 5073 1342 5129 contrarium
1374 5080 1719 5146 argumenta
1741 5076 2087 5149 plerumque

436 5179 505 5218 ex
537 5163 782 5219 Paciano
834 5165 1270 5235 respondimus,
1300 5163 1552 5218 adducta
1597 5165 1667 5219 ad
1701 5166 1757 5219 id
1811 5172 2089 5237 praeterea

435 5251 870 5323 Scripturarum
890 5253 1113 5325 aliquot
1135 5252 1519 5324 explicatione
1540 5270 1691 5325 saepe
1721 5270 1787 5309 ex
1810 5255 1933 5327 ipso
1954 5258 2089 5311 Ter-

436 5337 707 5395 tulliano.
742 5340 1057 5397 Citavimus
1088 5339 1262 5396 etiam
1296 5341 1365 5396 ad
1401 5357 1525 5413 cap.
1559 5342 1787 5409 9,num.
1820 5344 1892 5399 72
1920 5350 1976 5401 et
1994 5347 2085 5415 73,

435 5428 491 5483 ε·
531 5428 787 5500 Hieron.,
820 5430 991 5501 epist.
1023 5430 1095 5484 ad
1141 5431 1361 5485 Damas.
1398 5431 1471 5484 de
1516 5430 1746 5485 duobus
1795 5432 1952 5502 filiis,
1986 5433 2087 5488 ubi

437 5533 504 5573 ex
537 5521 797 5590 professo
847 5524 1049 5574 contra
1078 5524 1374 5575 auctorem
1429 5518 1569 5590 agit,
1605 5523 1661 5575 et
1691 5519 1844 5577 inter
1883 5526 2090 5579 caetera

438 5609 615 5664 etiam
663 5607 943 5677 defendit,
986 5608 1332 5677 publicanos
1381 5606 1583 5673 fuisse,
1635 5625 1751 5665 non
1800 5612 2089 5680 ethnicos,

439 5697 597 5769 quod
652 5696 751 5755 ille
806 5696 1055 5771 volebat,
1106 5698 1207 5756 sed
1265 5697 1516 5767 Judaeos,
1556 5696 1727 5768 idque
1784 5699 2086 5774 exemplis,

2085 1861 2132 1925 B

2163 598 2196 635 α
2240 584 2464 635 Joanne
2516 577 2966 649 baptizatorum,
3000 576 3055 627 et
3114 568 3413 642 publicani
3470 567 3694 621 orantis
3752 566 3806 617 in

2164 669 2403 741 templo,
2444 668 2641 735 Luc.v,
2672 682 2749 719 vn
2782 680 2845 719 ac
2875 679 3033 727 xvui,
3059 659 3181 731 qui,
3208 659 3255 714 si
3288 656 3507 712 ethnici
3540 654 3808 720 fuissent,

2163 776 2298 814 cum
2349 757 2466 811 illis
2517 756 2784 810 Christus
2836 768 2949 807 non
3008 749 3309 806 habuisset
3357 743 3705 807 convivium,
3745 756 3813 795 ne

2162 847 2348 917 legem
2398 845 2664 909 solveret,
2715 857 2903 913 neque
2952 840 3047 893 hic
3078 839 3135 892 in
3181 834 3467 906 templum
3518 831 3817 887 admissus

2164 936 2391 991 fuisset.
2427 935 2493 989 Et
2540 950 2675 991 vero
2706 929 2934 1003 quoties
2964 928 3023 983 id
3069 928 3127 981 in
3157 925 3383 981 Christo
3436 920 3816 984 denotabant,

2164 1026 2319 1095 quod
2352 1040 2489 1080 cum
2538 1019 2871 1094 publicanis
2913 1023 3127 1073 coetum
3177 1011 3664 1077 communicaret,
3699 1008 3819 1062 fere

2164 1113 2342 1169 simul
2374 1113 2815 1183 conjunguntur
2845 1111 3175 1180 peccatores
3206 1106 3262 1159 et
3291 1097 3821 1174 publicanizatque

2166 1203 2309 1258 adeo
2362 1202 2515 1273 quod
2577 1216 2710 1255 cum
2770 1196 3020 1253 ethnicis
3078 1191 3499 1256 convivaretur,
3549 1203 3666 1242 non
3729 1202 3821 1240 re-

2166 1290 2658 1363 prehendebatur,
2691 1287 2791 1342 sed
2841 1284 2977 1356 quia
3024 1299 3158 1338 cum
3217 1277 3642 1352 peccatoribus.
3694 1274 3817 1337 Quo

2166 1379 2419 1451 pertinet
2472 1376 2749 1432 Pharisaei
2801 1371 3216 1437 murmuratio,
3250 1370 3389 1424 Luc.
3420 1383 3525 1431 vn,
3557 1366 3627 1420 de
3678 1379 3819 1436 pec-

2166 1468 2380 1523 catrice
2440 1467 2679 1533 femina,
2711 1465 2769 1518 in
2825 1480 2942 1534 qua
2997 1460 3379 1530 paenitentiam
3439 1453 3705 1527 agnoscit
3765 1456 3825 1507 et

2166 1558 2384 1612 veniam
2437 1556 2560 1627 ipse
2612 1552 2830 1610 Tertul.
2877 1551 2977 1606 lib.
3028 1566 3106 1613 xv,
3136 1548 3260 1603 adv.
3305 1546 3495 1614 Marc.,
3548 1560 3678 1614 cap.
3728 1541 3822 1606 18,

2166 1662 2330 1701 num.
2362 1646 2488 1710 265,
2510 1660 2685 1716 quam
2716 1647 2911 1697 tamen
2944 1638 3262 1701 ethnicam,
3288 1648 3580 1705 nusquam
3612 1636 3823 1685 auctor

2167 1734 2330 1789 audet
2361 1733 2573 1801 dicere,
2607 1730 2744 1803 quia
2775 1730 2901 1799 ejus
2933 1726 3239 1782 castellum
3284 1719 3703 1791 Hierosolymis
3735 1717 3821 1772 vi-

2167 1824 2366 1879 cinum
2398 1822 2580 1877 fuisse
2618 1824 2869 1887 constat,
2898 1818 3068 1872 Joan.
3102 1832 3181 1869 x1.
3216 1813 3416 1883 Neque
3446 1826 3547 1882 pro
3580 1812 3822 1864 auctore

2162 1913 2485 1984 quidquam
2535 1910 2671 1965 facit
2700 1908 2843 1963 illud
2881 1924 2893 1961 :
2925 1907 3042 1961 Non
3075 1906 3181 1959 erit
3224 1900 3453 1971 vectigal
3478 1898 3719 1970 pendens
3749 1911 3824 1951 ex

2162 2001 2304 2072 ﬁliis
2349 2001 2514 2057 Israel
2548 2017 2561 2054 :
2594 1995 2989 2077 qui_a,eliamsi
3047 2008 3166 2048 nou
3223 1990 3503 2046 deberent
3560 1986 3820 2059 pendere

2164 2090 2430 2162 vectigal,
2461 2074 2800 2159 antequam,
2836 2090 2947 2140 Deo
2998 2082 3081 2138 sic
3130 2082 3497 2152 disponente,
3531 2074 3820 2132 Romanis

2167 2180 2413 2249 subjecti
2447 2183 2682 2243 essent;
2716 2188 3052 2247 quanquam
3087 2171 3356 2227 odiosum
3407 2165 3589 2221 fuisse
3622 2163 3823 2237 publi-

2167 2285 2445 2325 canorum
2476 2265 2819 2322 exercitium
2852 2262 2997 2319 satis
3030 2262 3257 2315 constet
3288 2262 3345 2312 et
3373 2255 3825 2325 infame,tamen

2168 2360 2294 2413 sine
2346 2361 2580 2428 peccato
2628 2354 2802 2410 etiam
2854 2350 3116 2424 potuisse
3165 2345 3437 2413 exerceri,
3471 2344 3703 2400 videtur
3754 2359 3828 2397 ex

2167 2447 2285 2502 illis
2337 2445 2580 2501 Joannis
2631 2442 2901 2513 Baptistae
2953 2440 3023 2494 ad
3076 2438 3208 2493 illos
3261 2434 3450 2491 verbis
3500 2435 3649 2503 (Luc.
3681 2434 3826 2494 in):

2168 2537 2324 2596 Nihil
2382 2536 2622 2607 amplius
2678 2533 2826 2589 205
2891 2547 3055 2601 quam
3110 2529 3470 2583 constitutum
3523 2527 3605 2578 est
3671 2522 3830 2577 vobis

2168 2627 2411 2699 faciatis,
2446 2624 2566 2680 sive
2598 2622 2684 2676 uti
2714 2639 2783 2676 ex
2810 2621 3005 2674 Graeco
3034 2614 3566 2682 vertitur,e:cigatis.
3604 2610 3685 2665 De
3715 2626 3831 2664 caa-

2171 2715 2311 2771 teris
2343 2713 2530 2769 dictas
2559 2708 2980 2767 Adnotationes
3029 2710 3265 2762 nostras
3297 2700 3569 2759 consulat
3597 2699 3832 2755 studio-

2173 2823 2276 2861 sus
2306 2804 2505 2860 lector.

2175 2980 2323 3055 §28_-
2376 2978 2463 3055 οε,
2500 2973 2934 3055 θευςίιίείδιθμο
2982 2967 3209 3055 ﬂamine
3232 3054 3241 3055 ί
3268 2957 3834 3055 εῆἐέοιὲξάἐὲίαςξέξ

2249 2988 2323 3032 ιδ.
2376 2988 2450 3032 De
2500 2988 2797 3046 Psycmczs,
2867 2988 2934 3027 uo
2984 2988 3209 3025 nomme
3268 2988 3561 3020 ιιιιιιιυιιιω
3617 2988 3832 3013 euomu-

2249 3052 2401 3105 niam
2432 3050 2580 3115 fecit,
2628 3051 2769 3100 tom.
2802 2988 2877 3098 ΙῖΙ
2925 3041 3047 3097 adv.
3101 3041 3287 3103 Marc.,
3456 3050 3533 3115 _1v,
3574 3029 3832 3115 ca'p..2.:2.,

2249 3099 2728 3187 nlvtéééyadvers.
2767 3121 2944 3171 Prax.
2992 3128 3118 3187 cap.
3163 3115 3206 3187 ly,
3230 3099 3299 3187 _n'.
3332 3108 3419 3175 17,
3451 3110 3592 3159 tom.
3720 3099 3832 3155 lib.

2253 3174 2318 3247 de
2349 3174 2676 3259 illonbgam.,
2727 3203 2855 3259 cap.
2891 3188 2941 3247 1,
2992 3174 3116 3238 ο.’4
3146 3174 3299 3259 et_§;
3333 3174 3573 3259 app-cap:
3627 3174 3723 3259 111..
3772 3188 3836 3227 n.

2252 3245 2621 3332 86,87,158;
2654 3245 2865 3329 étca‘p.
2922 3245 3009 3320 is,
3062 3272 3117 3308 n.
3172 3245 3319 3332 129;;
3372 3250 3476 3332 ιη).
3522 3245 3593 3332 de
3633 3245 3834 3332 μελειῃ.

2251 3317 2374 3391 adi.
2434 3317 2741 3404 Psychicos,
2804 3317 3026 3404 integro
3060 3328 3190 3404 ;__et
3243 3323 3341 3377 lib.
3404 3320 3469 3404 ᾴς
3523 3317 3837 3404 Pudicitia,

2252 3388 2379 3479 cap.
2415 3408 2468 3479 1,
2510 3388 2578 3460 ἶ).
2607 3388 2841 3479 8_;ucap.
2874 3388 3022 3471 6,Un.
3063 3388 3181 3466 '47;
3215 3412 3342 3467 cap.
3394 3393 3482 3459 40,
3530 3407 3589 3445 n.
3638 3388 3729 3455 83,
3782 3392 3842 3443 et

2253 3474 2379 3550 cap.
2412 3478 2502 3543 21,
2536 3494 2593 3531 n.
2630 3474 2751 3529 190.

2252 3648 2587 3722 Psychicos,
2630 3644 2899 3701 animales
2930 3636 3201 3708 intelligi,
3234 3634 3379 3691 satis
3426 3627 3843 3702 comprobavi-

2184 3717 2349 3807 mus,
2388 3736 2476 3793 vel
2524 3754 2593 3791 ex
2642 3737 2841 3807 Apost.
2880 3734 3057 3786 ICor.
3110 3744 3172 3793 ιι,
3207 3725 3279 3781 ad
3330 3721 3563 3777 initium
3613 3718 3717 3773 lib.
3775 3717 3845 3772 de

2181 3831 2365 3902 Jejur.
2423 3829 2635 3883 advers.
2695 3823 3004 3895 Psychicos,
3065 3833 3231 3873 num.
3275 3819 3348 3882 2;
3407 3812 3559 3883 quod
3616 3824 3843 3864 nomen

2176 3899 2302 3992 jam
2334 3919 2391 3974 in
2425 3915 2693 3973 bzeresim
2735 3914 2963 3984 lapsus,
3006 3904 3308 3963 catholicis
3355 3899 3649 3973 impingit,
3693 3913 3843 3953 suos

2186 3988 2570 4064 Montanistas
2599 4021 2630 4060 e
2659 4000 2949 4059 contrario
2996 3995 3300 4069 spiritales,
3352 3990 3507 4063 quod
3556 3988 3843 4059 spiritum

2185 4096 2549 4153 Paracletum
2598 4096 2938 4147 Montanum
2990 4086 3398 4157 sequerentur,
3442 4092 3843 4146 nuncupans;

2185 4186 2301 4241 illis
2344 4183 2701 4241 calumniam
2752 4179 2971 4235 iaciens
3016 4174 3186 4246 quasi
3236 4185 3479 4243 prorsus
3526 4165 3844 4232 animales,

2182 4276 2582 4348 passivitalem,
2617 4272 2675 4325 id
2730 4273 2838 4336 est,
2887 4264 3184 4321 licentiam
3240 4260 3369 4316 vitae
3430 4257 3846 4327 sequerentur,

2188 4341 2390 4437 utpote
2422 4364 2491 4418 ad
2521 4360 2809 4418 secundas
2840 4355 3079 4426 nuptias
3130 4351 3524 4410 transeuntes,
3558 4341 3851 4413 martyria

2189 4433 2330 4527 fuga
2356 4454 2695 4509 vitantes.et
2717 4446 2947 4519 jejunis
2976 4438 3385 4497 Montanistica
3416 4433 3848 4505 improbantes.

2189 4544 2404 4599 Verum
2456 4543 2635 4596 miser
2683 4555 2798 4594 non
2854 4529 3288 4598 animadvertit,
3321 4527 3664 4582 Montanum
3715 4521 3852 4576 ani-

2192 4634 2405 4690 malem
2456 4631 2632 4685 vitam
2667 4626 2958 4699 gessisse,
2992 4625 3191 4691 utpote
3237 4633 3366 4672 cum
3400 4620 3594 4671 scorta
3642 4613 3853 4667 essent

2193 4720 2459 4778 Priscilla
2488 4726 2542 4775 et
2589 4714 2928 4783 Maximilia,
2962 4727 3111 4783 quae,
3144 4707 3365 4763 relictis
3405 4703 3652 4760 maritis.
3687 4704 3856 4756 Mon-

2193 4817 2398 4869 tanum
2444 4807 2860 4880 sequebantur,
2891 4806 2948 4858 et
3002 4814 3207 4856 earum
3265 4798 3501 4852 assectze
3560 4790 3853 4863 martyris.

2194 4900 2423 4957 Christo
2477 4878 2686 4970 negato
2739 4891 3065 4955 evaserint;
3099 4890 3156 4943 et
3201 4885 3249 4941 si
3301 4884 3441 4956 quid
3491 4880 3649 4954 passi
3698 4878 3848 4947 sint,

2195 4992 2268 5047 ob
2315 4988 2622 5046 latrocinia
2671 4990 2803 5040 ante
2855 4987 2983 5037 acta
3030 4978 3085 5033 id
3136 4972 3546 5039 toleraverint;
3587 4970 3854 5039 denique

2195 5080 2302 5136 etsi
2337 5084 2454 5134 tres
2485 5072 2978 5146 Quadragesimas
3012 5067 3107 5139 (de
3146 5081 3260 5137 quo
3294 5079 3428 5118 mox
3458 5058 3660 5129 latius)
3693 5056 3858 5114 cele-

2198 5168 2451 5236 brarent,
2485 5170 2683 5219 tamen
2715 5160 2938 5231 reliquo
2970 5154 3108 5211 anni
3153 5159 3417 5223 tempore
3448 5146 3614 5223 genio
3647 5146 3861 5201 indul-

2197 5258 2434 5329 gebant.
2463 5254 2663 5323 Neque
2708 5256 2905 5304 tamen
2940 5259 3155 5300 novum
3187 5241 3245 5296 id
3298 5238 3605 5305 htereticis,
3641 5240 3708 5290 ut
3758 5251 3862 5290 ca-

2196 5324 2447 5408 tholicos
2470 5342 2868 5414 Psychicorum
2888 5332 3128 5390 nomine
3152 5327 3524 5402 appellarint,
3539 5339 3719 5396 seque
3740 5324 3865 5394 spi-

2198 5433 2466 5500 rituales;
2492 5412 2628 5486 nam
2650 5428 2908 5499 idipsum
2937 5423 3089 5479 ridet
3107 5424 3311 5476 auctor
3332 5418 3389 5472 in
3417 5412 3862 5472 Valentinianis

2198 5522 2300 5577 lib.
2334 5528 2524 5577 contra
2560 5519 2830 5575 Valente
2862 5515 2933 5569 29
2961 5516 3020 5569 et
3048 5512 3138 5575 30,
3170 5510 3224 5564 S.
3258 5508 3539 5563 Irenaeum
3574 5507 3855 5560 secutus:

2199 5610 2356 5681 quod
2388 5613 2521 5681 post
2565 5608 2671 5663 bos
2704 5605 2875 5663 etiam
2930 5599 3172 5671 scripsit
3201 5598 3262 5653 B.
3310 5594 3598 5668 Epiphan.
3648 5591 3753 5648 lib.
3787 5590 3862 5647 de

2198 5700 2398 5757 Heres.
