4072 6190
236 410 334 471 253
1391 412 1551 475 CUM
1597 414 1997 475 ANTIDOTO
2040 413 2393 476 PAMELII.

3487 416 3607 475 254

234 541 361 620 §2_9._
398 540 465 620 De
503 539 1228 620 Quadragesimis‘duaous,
1296 546 1562 620 tom._Y,
1615 546 1715 620 lib.
1772 546 2162 615 deAMonog.
2223 564 2351 620 cap.
2409 548 2463 615 9,
2521 563 2680 603 num.
2739 549 2830 616 70,
2884 551 2941 602 et
2987 563 3112 618 cap.
3167 547 3253 613 11,
3287 562 3451 601 num.
3511 546 3604 602 89.

287 612 482 681 Jejunio
510 613 711 667 advers
763 614 1078 684 Psychicas,
1111 615 1171 669 in
1202 612 1405 670 earum
1439 612 1837 673 defensionem

290 684 608 753 conscripto,
644 686 894 740 maxime
927 703 1051 757 cap.
1089 688 1174 754 15,
1208 705 1266 742 n.
1302 689 1393 742 90.

287 807 411 861 Cum
470 807 833 864 Montanistaa
900 815 1017 866 tres
1093 812 1468 868 observarent
1525 813 1843 883 quotannis

232 895 400 967 plenas
455 903 675 967 septem
728 898 1190 969 septimanarum
1234 903 1748 973 Quadragesimas,
1782 902 1841 956 in

228 984 313 1039 hoc
340 986 406 1039 ab
436 985 550 1040 illis
600 988 957 1044 dissenssive
983 990 1216 1045 videtur
1262 991 1675 1061 Tertullianus,
1709 1008 1843 1046 cum

225 1080 453 1145 separata
488 1077 561 1130 ab
604 1075 721 1131 illis
753 1079 923 1148 ccepit
971 1078 1183 1135 habere
1228 1079 1653 1146 conventicula,
1687 1081 1842 1151 quod

223 1163 345 1219 duas
373 1164 673 1234 duntaxat,
706 1166 791 1222 sic
820 1166 974 1221 enim
1006 1166 1103 1223 ille
1136 1184 1149 1223 :
1185 1191 1212 1218 ‹‹
1246 1168 1537 1235 Quantula
1567 1175 1656 1225 est
1687 1170 1842 1241 apud

222 1269 308 1307 nos
333 1253 660 1309 interdictio
691 1255 955 1310 ciborum
980 1256 1007 1311 ?
1064 1258 1211 1312 duas
1243 1258 1299 1313 in
1333 1276 1486 1313 anno
1520 1258 1841 1314 hebdoma-

220 1341 303 1396 das
353 1341 869 1415 XerOphagiarum,
928 1361 1033 1401 nec
1080 1350 1256 1416 totas,
1309 1346 1564 1418 exceptis
1621 1347 1844 1402 scilicet

216 1430 451 1486 Sabbatis
509 1437 570 1486 et
642 1432 985 1499 Dominicis,
1037 1434 1338 1491 offerimus
1394 1440 1525 1491 Deo.
1572 1459 1599 1486 »
1648 1436 1843 1506 Neque

220 1524 385 1575 tamen
415 1526 721 1591 propterea
751 1522 836 1576 illi
885 1522 1137 1579 haeretici
1183 1525 1450 1580 cessendi
1500 1529 1658 1580 sunt.
1691 1529 1838 1580 Nam

214 1608 580 1677 Amalaribus,
616 1609 716 1666 lib.
744 1628 759 1666 1
794 1612 865 1666 de
900 1611 1117 1668 Divinis
1150 1614 1333 1681 ofﬁc.,
1365 1630 1487 1685 cap.
1524 1615 1617 1679 36,
1650 1619 1706 1668 et
1736 1613 1836 1668 lib.

215 1714 277 1760 xv,
304 1714 416 1769 cap.
444 1699 534 1766 37,
571 1699 851 1755 describit
900 1702 1128 1772 piorum
1175 1704 1562 1774 quorumdam
1587 1702 1837 1774 jejunia,

215 1787 297 1857 qui
323 1792 452 1843 tres.
500 1788 999 1862 Quadragesimas
1028 1792 1407 1847 observarent
1444 1809 1456 1846 :
1491 1809 1670 1847 unam
1702 1797 1837 1847 ante

214 1875 424 1981 E’ascha,
448 1878 625 1948 juxta
652 1880 1029 1935 traditionem
1061 1880 1460 1952 apostolicam,
1495 1881 1737 1937 alteram
1770 1898 1838 1937 ex
1868 1916 1917 1981 B

212 1964 485 2022 devotione
519 1972 658 2023 ante
687 1971 744 2021 S.
776 1968 1019 2024 Joannis
1066 1976 1169 2024 aut
1217 1969 1413 2041 potius
1468 1974 1600 2042 post
1632 1971 1839 2025 Pente-

212 2058 401 2119 costen,
426 2056 661 2110 tertiam
692 2073 823 2111 vero
856 2062 988 2112 ante
1021 2058 1389 2113 Nativitatem
1424 2058 1685 2126 Domini;
1734 2075 1839 2114 nec

210 2141 530 2199 absimiliter
561 2147 880 2200 secundam
898 2148 1054 2212 Quad
1067 2148 1414 2219 ragesimam
1438 2165 1539 2219 pro
1562 2148 1841 2219 poeniten-

210 2230 342 2285 tibus
373 2238 637 2289 recenset
669 2234 1017 2306 Micrologus
1050 2242 1247 2291 noster
1276 2236 1341 2292 de
1391 2238 1604 2292 Observ.
1638 2239 1834 2293 Eccles.

209 2320 543 2393 cap.35,qua3
561 2326 737 2378 etiam
756 2324 925 2379 hodie
944 2325 1297 2395 quibusdam
1316 2326 1620 2381 monachis
1646 2326 1701 2380 in
1727 2342 1836 2381 usu

208 2414 297 2462 est.
342 2413 459 2476 Quo
511 2413 772 2482 pertinet
818 2417 875 2468 et
924 2412 1067 2468 illud
1124 2416 1182 2469 S.
1243 2414 1473 2469 Hieron.
1529 2414 1708 2486 Epist.
1766 2415 1836 2469 ab

208 2497 473 2554 Amalario
508 2505 758 2555 citatum
795 2518 806 2555 :
842 2500 1076 2556 Utinam
1101 2502 1261 2556 omni
1296 2504 1838 2573 temporejejunare

208 2587 501 2655 possimus,
575 2592 731 2661 quod
784 2590 841 2643 in
891 2591 1134 2646 Actibus
1183 2591 1583 2663 apostolorum
1630 2593 1837 2647 diebus

206 2676 576 2744 Pentecostes,
611 2684 670 2733 et
700 2679 850 2734 206
892 2680 987 2734 die
1042 2681 1338 2736 Dominico
1393 2680 1635 2735 Paulum
1685 2682 1836 2751 Apo-

205 2764 417 2833 stolum,
450 2771 507 2820 et
539 2784 679 2821 cum
712 2785 777 2822 eo
808 2769 1109 2824 credentes
1141 2770 1342 2824 fecisse
1371 2768 1660 2840 legimus;
1697 2772 1835 2825 item

198 2852 399 2923 jejunia
450 2855 556 2910 illa
606 2856 979 2913 strictissime
1019 2857 1345 2929 priscorum
1392 2858 1833 2926 monachorum,

201 2946 305 2996 tam
335 2945 404 2997 ab
433 2943 537 2999 illo
572 2961 748 3017 quam
783 2963 816 3000 a
846 2946 1211 3001 Theodoreto
1249 2954 1304 3002 et
1350 2947 1672 3017 Nicephoro
1718 2946 1833 3003 late

202 3030 488 3103 descripta.
532 3033 752 3089 Verum
812 3034 918 3090 hoc
961 3052 1062 3106 pro
1098 3035 1305 3091 haeresi
1354 3036 1412 3090 in
1461 3036 1832 3092 Montanistis

200 3119 524 3177 damnatum
573 3127 683 3189 est,
719 3125 872 3195 quod
907 3124 1312 3179 necessitatem
1345 3124 1692 3179 observandi
1725 3126 1830 3181 has

201 3208 696 3281 Quadragesimas,
727 3228 825 3267 seu
861 3217 974 3266 tres
1007 3229 1108 3267 seu
1142 3213 1309 3279 duas,
1333 3229 1520 3283 usque
1552 3214 1693 3268 adeo
1726 3231 1827 3267 ur—

200 3304 402 3367 gerent,
432 3306 499 3354 ut
530 3299 623 3354 vel
679 3316 745 3355 eo
794 3303 1030 3356 nomine
1071 3301 1385 3356 catholicos
1417 3304 1828 3373 Psychicorum,
1864 3283 1905 3349 C

202 3386 249 3439 id
281 3394 380 3458 est,
413 3390 595 3443 sicuti
620 3390 747 3458 jam
781 3390 1000 3443 dictum
1036 3396 1144 3455 est,
1177 3392 1510 3445 animalium
1534 3392 1838 3447 hominum

203 3476 579 3546 appellatione
610 3477 1136 3546 calumniarentur,
1170 3481 1325 3551 quod
1359 3496 1560 3535 secum
1606 3496 1704 3536 eas
1735 3482 1835 3535 ob-

202 3581 411 3620 servare
446 3567 694 3622 nollent.
742 3574 932 3639 Atque
964 3569 1072 3624 hoc
1115 3575 1204 3623 est
1244 3570 1397 3639 quod
1445 3569 1613 3640 epist.
1647 3570 1717 3623 54
1768 3569 1839 3624 ad

202 3652 417 3712 Hareell.
453 3658 589 3713 adv.
638 3661 979 3713 Montanum
1034 3664 1201 3729 urget
1229 3662 1284 3713 S.
1340 3660 1570 3715 Hieron.
1607 3676 1621 3715 ε
1663 3679 1685 3708 ι
1718 3664 1834 3715 Nos

192 3742 403 3815 (inquit)
440 3762 625 3801 unam
658 3747 1181 3819 Quadragesimam
1213 3749 1538 3803 secundum
1571 3748 1837 3804 traditio-

194 3846 303 3887 nam
333 3834 759 3906 apostolorum,
806 3840 1070 3906 tempore
1118 3836 1288 3891 nobis
1319 3851 1576 3907 congruo
1599 3838 1837 3907 jejuna-

193 3935 325 3991 mus,
356 3924 440 3977 illi
469 3928 583 3979 tres
632 3926 693 3979 in
722 3940 868 3979 anno
912 3918 1127 3996 faciunt
1156 3925 1631 3993 Quadragesimas,
1666 3926 1835 3997 quasi

191 4010 290 4065 tres
318 4013 476 4084 passi
527 4016 652 4068 sint
698 4013 1047 4079 Salvatores,
1082 4030 1193 4068 non
1238 4014 1389 4085 quod
1424 4018 1481 4069 et
1513 4030 1615 4085 per
1645 4020 1834 4069 totum

191 4113 409 4167 annum,
462 4106 708 4173 excepta
752 4102 1111 4168 Pentecoste,
1157 4102 1430 4173 jejunare
1477 4119 1591 4156 non
1641 4101 1834 4173 liceat,

191 4188 273 4240 sed
324 4190 477 4259 quod
530 4190 693 4244 aliud
745 4190 821 4245 sit
888 4190 1260 4258 necessitate,
1327 4190 1487 4246 aliud
1538 4190 1835 4247 voluntate

192 4290 383 4333 manus
414 4280 646 4335 olferre.
685 4302 713 4328 »
744 4278 888 4335 Hinc
919 4285 975 4335 et
1006 4279 1292 4335 Eusebius
1325 4280 1513 4350 (juxta
1557 4282 1832 4336 emenda-

190 4366 373 4420 tiorem
405 4384 476 4422 ex
507 4368 707 4424 Graeco
755 4368 1226 4434 translationem,
1278 4375 1450 4424 antea
1498 4375 1833 4440 corruptam

189 4468 216 4505 a
240 4455 615 4524 quibusdam,
632 4458 717 4510 uti
741 4458 801 4511 in
827 4458 1166 4513 universum
1185 4458 1415 4528 jejunis
1437 4458 1835 4514 ecclesiastica

188 4543 448 4613 tanquam
482 4544 816 4600 Montanica
858 4547 1234 4617 damnarent)
1265 4546 1366 4601 lib.
1400 4564 1452 4602 ν.
1480 4549 1621 4603 Eccl.
1658 4550 1830 4604 Hist..

190 4644 296 4701 cap.
334 4633 436 4701 l7;
467 4634 761 4688 Theodor.
814 4635 1011 4691 Haeret.
1062 4636 1253 4690 Fabul.
1304 4634 1407 4691 lib.
1452 4653 1537 4699 ιιι,
1569 4640 1640 4691 de
1671 4636 1831 4691 Mon-
1865 4650 1910 4714 D

190 4720 438 4789 tanistis;
472 4726 531 4777 et
573 4722 940 4795 Nicephorus
988 4724 1090 4780 lib.
1140 4741 1193 4779 ιν
1239 4724 1379 4779 Hist.
1432 4725 1600 4792 Eccl.,
1641 4741 1691 4779 c.
1740 4726 1834 4792 22,

190 4804 513 4866 Montanum
552 4828 730 4867 novas
752 4813 1115 4882 jejuniorum
1140 4813 1297 4883 leges
1329 4818 1535 4885 printer
1562 4813 1832 4869 Ecclesia

191 4902 663 4957 consuetudinem
716 4900 1111 4958 introduxisse
1161 4906 1217 4958 et
1247 4901 1514 4958 sanxisse
1544 4902 1829 4958 scribunt.

190 5070 316 5144 §30.
346 5073 423 5127 De
477 5071 709 5143 repudio
755 5072 1086 5128 Christianis
1133 5072 1307 5144 licito,
1362 5074 1441 5128 ita
1490 5077 1553 5127 ut
1589 5074 1830 5128 alteram

249 5143 770 5271 gzcantggdulterii
798 5161 986 5213 causa,
1034 5149 1178 5201 tom.
1223 5143 1299 5215 II,
1326 5145 1428 5200 lib.
1459 5161 1500 5199 ιι
1532 5146 1601 5200 ad
1635 5146 1827 5213 Uxor.,

318 5261 332 5271 .
363 5234 423 5271 n.
571 5259 587 5271 .

318 5261 332 5283 ,
363 5234 423 5273 n.
456 5234 587 5271 θοι.

250 5386 492 5443 Videtur
521 5389 757 5461 quidem
791 5390 981 5462 prima
1012 5391 1155 5448 facie
1186 5391 1298 5447 tale
1330 5391 1470 5463 quid
1516 5389 1829 5447 Tertullia-

189 5488 288 5529 nus
344 5477 587 5545 sentire,
649 5495 785 5536 cum
843 5480 1138 5536 divortium
1205 5484 1509 5554 comparat
1584 5483 1833 5537 excessui

188 5566 390 5636 mariti,
414 5568 500 5621 uti
532 5568 721 5641 magis
746 5570 954 5641 probet
976 5574 1106 5642 post
1126 5569 1283 5626 hunc
1314 5586 1427 5625 non
1460 5569 1634 5626 licere
1664 5570 1832 5626 alteri

188 5654 418 5722 nubere,
455 5655 626 5713 sicuti
676 5674 790 5713 non
821 5657 957 5714 licet
993 5666 1123 5731 post
1153 5658 1467 5716 divortium
1498 5659 1612 5715 nisi
1660 5659 1829 5716 adul-

191 5742 307 5798 terii
336 5760 537 5800 causa.
584 5745 802 5803 Verum
849 5763 978 5805 sese
1021 5746 1270 5821 explicat
1317 5752 1461 5806 tom.
1501 5748 1570 5820 V,
1602 5747 1732 5819 lib.,
1762 5748 1828 5807 de

1952 635 2135 690 Priori
2171 636 2408 707 quidem
2442 636 2587 702 loco,
2639 639 2709 692 de
2745 636 3048 708 repudiata
3097 653 3272 691 uxore
3303 636 3386 691 sic
3417 634 3610 706 loqui-

1951 726 2048 776 tur
2082 740 2092 775 :
2129 747 2157 773 ‹‹
2196 723 2263 778 Ut
2296 725 2352 779 in
2387 731 2575 780 totum
2622 726 2741 779 sive
2794 743 2896 797 per
2945 725 3203 795 nuptias,
3240 726 3360 779 sive
3410 724 3605 795 vulgo,

1953 811 2192 868 alterius
2238 814 2344 867 viri
2395 814 2697 882 admissio,
2734 814 3086 870 adulterium
3130 812 3541 884 pronuntietur
3574 830 3607 868 a

1952 901 2107 967 Deo;
2144 925 2169 949 ›ι
2199 909 2254 957 et
2288 921 2417 959 mox
2448 902 2662 957 clarius
2697 920 2708 957 :
2744 926 2769 952 ‹‹
2808 904 2911 957 Per
2945 908 3188 958 mortem
3224 903 3446 972 utique,
3488 918 3604 955 non

1953 1006 2055 1061 per
2085 992 2395 1061 repudium
2430 992 2579 1048 facta
2610 992 2919 1057 solutione,
2944 993 3079 1064 quia
3112 990 3461 1063 repudilatis
3492 1007 3607 1044 non

1951 1081 2311 1150 permitteret
2340 1083 2655 1152 Apostolus
2709 1083 2926 1137 nubere
2976 1084 3251 1136 adversus
3288 1079 3605 1150 pristinum

1952 1173 2328 1240 prmoeptum.
2364 1192 2392 1219 »
2420 1169 2663 1225 Valeant
2710 1170 2908 1242 itaque
2954 1170 3234 1225 Erasmus
3265 1174 3322 1223 et
3353 1170 3481 1239 ejus
3514 1186 3607 1223 as-

1951 1257 2116 1311 secla:
2150 1258 2246 1327 qui
2283 1276 2383 1329 pro
2416 1275 2477 1315 se
2509 1264 2805 1315 auctorem
2838 1275 3134 1331 perperam
3188 1258 3390 1313 citant.
3442 1258 3605 1312 Certe

1951 1348 2311 1401 contrarium
2365 1349 2490 1418 jam
2553 1349 2861 1404 deﬁnitum
2923 1355 3013 1404 est
3064 1348 3294 1403 concilii
3344 1348 3602 1402 Trident.

1950 1450 2098 1489 sess.
2134 1436 2223 1504 31,
2260 1454 2385 1492 can.
2418 1438 2473 1491 9.

1948 1553 2093 1620 §31.
2158 1554 2317 1609 Circa
2367 1556 2710 1624 Trinitatem,
2768 1558 2909 1608 tom.
2956 1556 2995 1623 Ι,
3057 1554 3297 1624 ApolOg.,
3342 1567 3467 1622 cap.
3513 1551 3603 1624 21,

2022 1643 2079 1678 n.
2112 1624 2255 1691 316;
2293 1630 2350 1679 et
2380 1626 2481 1680 lib.
2516 1627 2724 1682 advers.
2778 1628 3023 1694 llermog.
3074 1623 3302 1693 cap.'3,
3336 1642 3393 1677 n.
3430 1625 3528 1689 15;
3562 1623 3601 1677 1.

2021 1697 2232 1749 advers.
2268 1703 2445 1751 Prux.
2480 1715 2604 1768 cap.
2654 1699 2707 1762 3,
2744 1715 2798 1751 n.
2837 1699 2927 1759 29,
2961 1699 3028 1750 34
3063 1715 3076 1759 ;
3110 1714 3236 1766 cap.
3275 1697 3327 1757 4.
3393 1713 3452 1749 n.
3482 1695 3601 1768 39;

2019 1785 2144 1838 cap.
2177 1770 2229 1827 8.
2280 1786 2337 1822 n.
2385 1771 2474 1831 55,
2517 1766 2586 1823 59
2637 1775 2694 1823 et
2737 1771 2843 1836 60;
2893 1786 3018 1839 cap.
3069 1772 3121 1822 9.
3171 1786 3228 1821 n.
3278 1770 3349 1820 62
3398 1782 3463 1820 ac
3510 1766 3604 1839 63,

2018 1841 2168 1903 Item,
2202 1847 2343 1893 tom.
2405 1841 2472 1907 V,
2516 1843 2808 1896 Novatian.
2862 1838 2977 1894 lib.,
2997 1840 3063 1894 de
3105 1839 3298 1894 Trinit.
3350 1854 3477 1908 cap.
3517 1838 3599 1903 11,

2020 1928 2078 1965 n.
2230 1928 2278 1966 c.
2311 1912 2401 1979 22,
2436 1929 2492 1967 n.
2533 1914 2622 1981 98,
2657 1929 2784 1984 cap.
2834 1913 2926 1980 24,
2960 1929 3016 1966 n.
3069 1912 3191 1977 106,
3224 1914 3280 1965 et
3319 1926 3445 1979 cap.
3509 1909 3601 1977 31,

2021 2001 2077 2037 n.
2158 2002 2198 2037 ι.

2021 2001 2077 2038 Il.
2114 2001 2198 2037 1ίὲ.

2018 2099 2098 2155 De
2155 2101 2435 2154 Trinitatis
2486 2099 2610 2169 ﬁde,
2672 2099 2728 2153 id
2787 2104 2895 2165 est,
2954 2098 3132 2153 trium
3191 2098 3600 2162 Personarum,

1948 2190 2158 2253 Patris,
2188 2198 2239 2242 et
2270 2190 2422 2255 Filii,
2454 2196 2505 2244 et
2532 2190 2772 2254 Spiritus
2799 2190 3002 2252 sanrti,
3050 2186 3152 2241 sed
3196 2185 3372 2240 unius
3402 2202 3602 2240 essen-

1947 2278 2061 2342 tiae,
2090 2294 2201 2332 non
2235 2278 2539 2333 dubitasse
2579 2277 3030 2341 Tertullianum,
3081 2293 3149 2330 ex
3201 2273 3604 2345 compluribus

1949 2368 2077 2437 ejus
2108 2365 2249 2421 locis
2284 2367 2652 2422 manifestius
2684 2372 2773 2421 est
2823 2383 2998 2438 quam
3052 2370 3116 2419 ut
3155 2364 3495 2435 probatione
3528 2361 3604 2416 sit

1948 2472 2097 2527 opus
2155 2456 2409 2510 maxime
2457 2462 2575 2511 toto
2624 2455 2771 2510 libro
2819 2456 2947 2525 ejus
2986 2452 3342 2525 argumenti,
3394 2451 3511 2506 imo
3542 2456 3601 2506 et

1950 2544 2103 2600 tituli
2138 2546 2307 2614 juxta
2347 2544 2663 2600 editionem
2715 2548 2974 2599 nostram
3025 2543 3282 2598 adversus
3315 2543 3599 2607 Praxean,

1948 2635 2047 2687 ubi
2080 2636 2363 2689 adversus
2394 2635 2555 2689 illam
2580 2634 2824 2704 ejusque
2855 2637 3171 2687 sectatores
3194 2631 3600 2696 Montanistas,

1948 2724 2047 2794 qui
2076 2726 2374 2779 secundum
2398 2724 2709 2778 disc/tinem
2735 2723 3100 2785 dicebantur,
3124 2737 3239 2775 non
3266 2720 3435 2774 modo
3470 2736 3602 2789 pro-

1852 2840 1855 2847 λ
1944 2814 2047 2870 bat
2074 2815 2324 2869 eumdem
2356 2816 2504 2870 207
2547 2831 2654 2869 non
2697 2830 2848 2884 posse
2892 2814 3005 2867 dici
3032 2815 3255 2867 Patrem
3289 2817 3343 2867 et
3372 2812 3600 2879 Filium,

1945 2904 2047 2958 sed
2080 2905 2254 2957 etiam
2286 2903 2520 2957 disertis
2548 2903 2741 2956 verbis
2772 2901 3002 2970 asserlt,
3035 2903 3288 2969 regulam
3315 2900 3449 2970 ﬁdei
3479 2914 3603 2970 quae

1944 2992 2017 3045 ab
2049 2992 2207 3047 initio
2248 2989 2539 3061 Evangelii
2584 2990 2893 3045 decucurrit
2936 2992 3205 3044 unitatem
3256 2991 3317 3043 in
3364 2990 3603 3043 Trinita-

1942 3090 2049 3136 tem
2094 3082 2380 3150 disponere
2416 3097 2434 3134 :
2486 3084 2727 3144 Patrem,
2776 3081 3001 3143 Filium,
3051 3083 3104 3133 et
3146 3080 3417 3149 Spiritum
3463 3093 3599 3131 san-

1939 3178 2107 3226 ctum.
2152 3170 2267 3224 Nec
2320 3169 2488 3223 aliter
2536 3168 2913 3234 Novatianus,
2973 3168 3121 3222 libro
3178 3169 3244 3222 de
3302 3168 3600 3221 Trinitatis.»

1945 3257 2203 3329 regulam
2232 3259 2359 3323 ﬁdei
2389 3258 2679 3328 preponit.
2713 3274 2761 3312 c.
2800 3258 2851 3324 1,
2874 3258 2927 3323 3,
2951 3273 3016 3311 ac
3046 3256 3135 3322 29,
3170 3272 3285 3326 qua
3313 3254 3600 3311 credamus

1950 3350 2009 3403 in
2043 3349 2209 3403 Deum
2238 3351 2461 3402 Patrem
2503 3353 2554 3401 et
2605 3348 2895 3402 Dominum
2946 3349 3381 3411 omnipotentem,
3415 3360 3596 3398 rerum

1949 3439 2197 3493 omnium
2234 3436 2695 3507 perfectissimum
2748 3439 3070 3499 creatorem,
3101 3444 3151 3490 et
3180 3437 3237 3490 in
3265 3433 3472 3489 Filium
3501 3434 3597 3486 Dei

1946 3528 2131 3583 Iesum
2162 3525 2441 3581 Christum
2469 3527 2772 3581 Dominum
2813 3526 2983 3579 Deum
3031 3530 3305 3587 nostrum,
3331 3528 3384 3577 et
3426 3524 3597 3577 etiam

1948 3618 2007 3671 in
2037 3616 2311 3686 Spiritum
2358 3624 2633 3669 sanctum.
2682 3617 2899 3669 Verum
2948 3614 3090 3667 dum
3140 3612 3261 3667 illis
3310 3612 3603 3667 Paradoxa

1944 3706 2093 3760 circa
2122 3705 2447 3759 Trinitatem
2478 3702 2851 3771 ascribimus,
2900 3702 3010 3757 hoc
3061 3701 3251 3757 solum
3307 3699 3602 3755 volumus.

1946 3793 2196 3849 subinde
2252 3792 2434 3864 ipsos,
2468 3796 2669 3863 utpote
2721 3796 2855 3846 ante
2912 3808 3145 3845 omnem
3196 3792 3266 3845 de
3322 3789 3603 3843 Trinitate

1944 3880 2235 3947 haeresim,
2269 3880 2516 3935 obscure
2545 3878 2702 3950 loqui
2736 3879 2791 3933 in
2843 3878 2951 3933 hac
3003 3878 3243 3934 materia
3277 3902 3291 3944 ;
3348 3882 3405 3932 et
3438 3881 3501 3931 ut
3530 3893 3603 3933 ne

1946 3969 2075 4040 quis
2110 3968 2245 4024 inde
2279 3968 2540 4023 fortassis
2571 3967 2933 4022 occasionem
2974 3967 3067 4022 sui
3106 3967 3320 4022 erroris
3353 3972 3454 4020 aut
3485 3965 3599 4020 hae-

1944 4074 2140 4113 reseos
2172 4056 2438 4127 accipiat,
2473 4056 2766 4127 quomodo
2799 4072 2941 4110 sano
2986 4055 3279 4110 intellectu
3311 4054 3456 4109 tales
3488 4054 3597 4109 loci

1944 4145 2220 4218 explicari
2255 4144 2499 4217 possint,
2546 4144 2880 4214 adjicimus,
2930 4144 3266 4197 amittentes
3306 4144 3429 4213 jam
3483 4142 3595 4214 pri-

1946 4251 2107 4290 mum
2138 4233 2397 4289 Rhenani
2422 4233 2751 4287 calumnias
2776 4234 2832 4287 in
2857 4232 3238 4288 scholasticos
3270 4230 3593 4301 theologos,

1944 4340 2094 4397 quas
2124 4323 2299 4378 habet
2330 4323 2431 4377 illa
2488 4339 2593 4376 sua
2636 4323 2705 4376 ad
2762 4320 3036 4376 lectorem
3096 4319 3494 4377 admonitione
3525 4320 3596 4374 de

1945 4413 2295 4484 quibusdam
2344 4410 2688 4465 Tertulliani
2736 4412 3028 4482 dogmatis
3076 4427 3089 4464 :
3147 4412 3398 4464 maxime
3440 4408 3595 4479 quod

1944 4502 2303 4559 calumniam
2334 4501 2508 4557 faciat
2539 4501 2648 4571 ipsi
2702 4518 2932 4572 quoque
2981 4499 3344 4567 Tertulliani,
3376 4502 3503 4554 tum
3536 4499 3596 4553 in

1944 4591 2087 4647 locis
2118 4592 2473 4663 quibusdam
2507 4591 2795 4661 corruptis
2829 4596 2929 4645 aut
2975 4591 3125 4645 male
3155 4588 3493 4655 intellectis,
3525 4589 3597 4643 de

1943 4681 2157 4751 quibus
2203 4697 2337 4735 mox
2384 4679 2582 4745 latius,
2640 4684 2766 4734 tum
2799 4680 2858 4734 in
2909 4680 3061 4751 quod
3110 4679 3254 4735 falso
3299 4677 3385 4732 illi
3416 4678 3596 4733 haere-

1941 4770 2053 4825 sim
2113 4770 2406 4825 adscribat
2460 4771 2793 4841 putantium
2845 4769 2903 4823 in
2960 4768 3326 4824 Encharistia
3381 4784 3595 4838 corpus

1941 4858 2158 4914 Christi
2190 4862 2418 4914 tantum
2468 4874 2597 4913 esse
2645 4859 2704 4912 in
2750 4858 2958 4929 ﬁgura,
2992 4876 3025 4913 a
3056 4875 3171 4929 qua
3203 4857 3369 4912 illum
3402 4855 3588 4911 vindi-

1940 4964 2145 5003 camus
2174 4948 2383 5002 Adnot.
2422 4947 2638 5001 nostris
2674 4946 2731 5001 in
2790 4946 2891 5001 lib.
2952 4964 3006 5002 ιν
3062 4947 3184 5002 adv.
3239 4947 3428 5016 Maron,
3460 4962 3588 5016 cap.

1940 5036 2029 5106 40,
2062 5054 2119 5091 n.
2142 5037 2286 5105 552;
2322 5039 2447 5090 tum
2480 5035 2635 5106 quod
2670 5035 2821 5091 inter
2852 5036 3126 5109 dogmata
3151 5036 3272 5091 sive
3297 5035 3589 5108 paradoxa

1940 5129 2138 5197 ponat,
2176 5142 2303 5196 quas
2334 5123 2432 5179 ille
2462 5123 2855 5195 pulcherrime
2900 5142 3014 5181 non
3045 5124 3237 5181 solum
3287 5126 3357 5179 de
3403 5123 3589 5196 poeni-

1938 5213 2122 5270 tentia
2151 5213 2407 5285 publica,
2446 5214 2545 5268 sed
2600 5214 2776 5270 etiam
2830 5216 2899 5270 de
2948 5214 3313 5270 confessione
3344 5220 3587 5280 secreta,

1937 5304 2029 5360 vel
2060 5304 2187 5375 ipso
2218 5304 2458 5370 fatente,
2491 5302 2604 5359 late
2648 5304 2887 5359 deducit
2929 5305 2987 5359 in
3038 5304 3187 5360 libro
3218 5303 3282 5358 de
3311 5305 3590 5359 Pumilen-

1940 5395 2041 5459 tia,
2072 5394 2143 5448 de
2174 5410 2289 5465 quo
2320 5393 2496 5447 etiam
2529 5393 2797 5448 dubitare
2831 5410 2944 5448 non
2977 5399 3065 5449 est
3095 5393 3315 5448 veritus
3348 5410 3420 5448 an
3454 5394 3588 5447 Ter-

1938 5481 2168 5537 tulliani
2199 5486 2373 5552 esset,
2398 5498 2531 5537 cum
2565 5484 2761 5537 tamen
2779 5482 3144 5539 S.Pacianus
3176 5499 3241 5538 ex
3272 5482 3371 5537 illo
3405 5481 3590 5537 multa

1940 5572 2334 5643 descripserit.
2367 5572 2488 5635 Quo
2521 5572 2709 5643 magis
2741 5572 2941 5641 miror,
2991 5590 3105 5627 non
3154 5571 3346 5627 solum
3396 5576 3583 5624 reten-

1936 5665 2058 5716 tam
2090 5661 2271 5717 fuisse
2301 5660 2359 5715 in
2391 5664 2687 5732 postrema
2738 5662 2875 5716 anni
2933 5664 3069 5719 1580
3116 5660 3366 5717 edltione
3418 5656 3583 5711 Pari-

1937 5749 2116 5808 siensi
2147 5751 2362 5808 dictam
2412 5749 2575 5807 illam
2622 5750 3081 5808 admonitionem
3118 5749 3434 5819 integram,
3482 5745 3585 5803 sed
