4072 6190
390 389 510 448 255

1586 380 2016 444 PARADOXA
2058 379 2561 443 TERTULLIAN
2568 380 2616 441 Ι.

3683 385 3801 443 256

385 524 660 592 praeterea
691 519 993 576 universos
1026 534 1250 576 errores
1304 515 1569 572 Rhenani
1615 512 1883 569 haeresim
1915 511 2035 584 ple-
2068 514 2119 578 Α
2152 528 2268 583 res,
2292 512 2433 567 dum
2463 512 2666 567 dicunt
2692 529 2703 567 :
2726 516 2897 568 Pater
2915 513 3338 585 plenitudinem
3366 513 3598 571 deitatis
3620 515 3804 585 possi-

386 627 635 681 rumque
657 610 1105 681 sapientes,sine
1129 609 1327 664 addito
1359 606 1622 662 antidoto
1648 621 1660 657 :
1684 619 1868 673 usque
1891 602 2033 656 adeo

386 702 451 753 ut
499 699 825 754 catholicus
873 699 1054 754 lector
1104 698 1244 752 mihi
1292 695 1617 750 monendus
1650 692 1745 757 sit,
1782 709 1896 745 non
1930 691 2035 745 mi-

387 805 497 843 nus
530 788 659 842 illas
701 788 782 842 illi
828 790 1114 843 cavendas
1162 784 1587 849 adnotationes,
1621 782 1729 837 etsi
1788 780 2037 834 subinde

386 876 603 931 omisso
638 877 896 931 Rhenani
932 878 1187 943 nomine,
1223 891 1401 944 quam
1435 890 1531 927 eas
1566 888 1695 942 quae
1728 886 1828 941 per
1868 870 2037 922 Pium

386 966 458 1020 IV
488 972 544 1021 et
574 967 643 1036 ν,
696 968 988 1022 Romanos
1038 964 1361 1038 pontiﬁces,
1410 963 1730 1017 interdictae
1790 964 1928 1015 sunt
1981 958 2037 1011 in

385 1056 743 1110 editionibus
802 1057 1117 1127 prioribus,
1170 1056 1351 1108 donec
1410 1056 1735 1124 repurgata)
1805 1048 2036 1103 fuerint.

381 1144 596 1200 Verum
628 1147 699 1200 ad
734 1162 853 1201 rem
884 1144 1209 1201 veniamus.
1244 1143 1505 1197 Primum
1539 1140 1636 1195 ubi
1664 1140 1747 1194 sic
1780 1137 2042 1208 loquitur

383 1234 778 1289 Tertullianus
830 1235 888 1288 in
944 1234 1162 1304 Apolog.
1210 1236 1266 1287 et
1312 1232 1432 1286 adv.
1482 1232 1787 1284 Praxean:
1840 1251 1867 1278 «
1901 1228 2037 1282 Tres

384 1326 523 1376 sunt
557 1340 670 1377 non
724 1327 902 1389 statu,
956 1322 1054 1376 sed
1115 1322 1322 1393 gradu,
1373 1336 1477 1374 nec
1536 1316 1887 1383 substantia,
1937 1316 2037 1370 sed

383 1411 607 1477 forma;
652 1428 754 1465 nec
808 1416 1115 1480 potestate,
1168 1410 1267 1464 sed
1319 1408 1581 1479 species;
1616 1406 1794 1460 unius
1842 1409 2036 1459 autem

381 1500 745 1567 substantias,
802 1504 857 1554 et
900 1502 1077 1554 unius
1127 1497 1474 1569 potestatis;
1510 1496 1648 1566 quia
1678 1511 1831 1548 unus
1867 1500 2035 1558 Deus,

382 1605 447 1642 ex
482 1605 595 1659 quo
628 1593 683 1643 et
713 1589 932 1659 gradus
970 1588 1067 1643 isti
1098 1593 1153 1642 et
1198 1587 1393 1641 formae
1427 1590 1483 1640 et
1513 1584 1775 1655 species;
1812 1605 1839 1631 ι)
1872 1587 2039 1636 vocat

378 1680 603 1743 statum,
646 1679 797 1748 quod
848 1677 1207 1741 scholastici,
1242 1682 1299 1730 et
1344 1674 1740 1746 ipse’quoque
1770 1673 2038 1727 substan-

377 1768 557 1831 tiam;
597 1765 853 1835 gradum,
902 1769 1054 1835 quod
1107 1765 1190 1817 illi
1234 1764 1511 1818 notionem
1559 1762 1820 1833 formam,
1881 1762 2033 1831 quod

2148 601 2264 665 det,
2290 601 2347 655 in
2384 602 2573 673 primo
2607 602 2773 673 signo
2807 602 3069 674 originis,
3101 604 3238 674 quia
3267 622 3298 658 a
3330 620 3390 658 se
3419 620 3547 659 eam
3584 603 3795 659 habet:

2144 690 2328 745 Filius
2361 690 2419 743 in
2453 692 2708 745 secundo
2742 690 2908 762 signo
2940 692 3207 763 originis,
3256 693 3395 764 quia
3444 693 3517 747 ab
3551 709 3667 747 uno
3701 710 3801 763 per

2148 778 2582 848 generationem
2635 781 3133 835 communicatum
3190 799 3221 836 a
3268 782 3489 847 Patre;
3547 782 3799 853 Spiritus

2150 872 2389 922 sanctus
2435 868 2491 922 in
2525 868 2695 923 tertio
2735 870 2922 940 signo,
2957 870 3095 940 quia
3128 887 3160 924 a
3184 871 3414 925 duobus
3463 886 3565 942 per
3611 871 3799 941 spira-

2148 955 2364 1011 tioncm
2400 957 2665 1012 eamdem
2700 975 2942 1013 numero
2973 958 3289 1014 essentiam
3341 960 3573 1032 accipit.
3611 965 3799 1030 Atque

2149 1044 2259 1099 hoc
2306 1051 2397 1099 est
2443 1048 2598 1116 quod
2651 1046 2780 1102 aliis
2829 1048 3020 1103 verbis
3074 1053 3277 1120 postea
3314 1055 3516 1105 auctor
3545 1048 3796 1103 extulit:

2150 1157 2177 1183 ((
2212 1134 2293 1187 Ex
2322 1151 2438 1189 uno
2472 1135 2637 1190 Patre
2667 1136 2883 1206 omnia,
2917 1154 3043 1207 quae
3075 1140 3134 1191 in
3168 1138 3283 1193 Deo
3324 1154 3425 1209 per
3454 1137 3801 1193 substantiae

2149 1223 2458 1292 unitatem,
2480 1223 2615 1279 etin
2649 1225 2871 1281 unitate
2893 1225 3150 1282 Trinitas
3183 1229 3356 1282 unius
3389 1227 3798 1282 substantiae.»

2148 1312 2351 1367 Itemzu
2374 1312 2576 1368 Unitas
2593 1315 2651 1368 in
2666 1316 2980 1386 semetipsa
3010 1316 3277 1371 derivans
3305 1317 3650 1371 Trinitatem
3664 1334 3802 1381 ,non

2151 1401 2474 1456 destruitur
2504 1403 2576 1457 ab
2608 1402 2728 1471 illa,
2763 1405 2861 1459 sed
2889 1404 3348 1472 administrans;
3376 1427 3402 1453 ››
3426 1411 3489 1459 ut
3518 1412 3637 1460 tota
3668 1406 3805 1460 sub~

2148 1493 2369 1546 stantia
2401 1492 2476 1545 sit
2508 1492 2658 1546 idem
2704 1494 2854 1563 quod
2908 1511 3026 1548 una
3072 1494 3405 1549 substantia
3453 1494 3708 1548 indivisa
3740 1494 3803 1549 in

2149 1578 2361 1635 tribus.
2395 1580 2656 1651 Denique
2688 1582 2917 1637 videtur
2940 1584 3111 1637 Filius
3144 1584 3215 1638 ab
3248 1589 3480 1639 auctore
3520 1581 3805 1654 appellari

2146 1672 2341 1739 portio,
2377 1671 2515 1741 quia
2566 1688 2670 1725 nec
2721 1672 2908 1740 Pater,
2960 1690 3063 1727 nec
3111 1673 3366 1744 Spiritus
3412 1679 3652 1729 sanctus
3684 1679 3804 1741 est,

2146 1760 2405 1825 tametsi,
2439 1777 2593 1815 unus
2646 1760 2799 1816 Deus
2833 1762 2952 1815 sint
3001 1767 3115 1817 tres
3157 1779 3433 1833 personae,
3468 1770 3525 1818 et
3558 1780 3671 1817 non
3708 1763 3804 1815 Fi-

378 1854 461 1908 illi
494 1857 896 1925 proprietates;
943 1855 1197 1924 speciem,
1227 1853 1380 1923 quod
1413 1851 1495 1905 illi
1527 1850 1763 1905 habendi
1790 1848 2031 1904 modum.
2067 1878 2111 1941 Β
2147 1846 2284 1917 lius,
2345 1849 2443 1919 qui
2492 1853 2684 1918 Pater,
2719 1866 2822 1905 nec
2874 1855 3037 1905 Pater
3084 1852 3182 1922 qui
3231 1853 3481 1922 Spiritus
3531 1857 3800 1906 sanctus.

377 1944 594 1998 Deinde
636 1944 781 1997 illud
836 1943 935 1998 lib.
980 1944 1101 1997 adv.
1154 1944 1400 2012 Hermog.
1454 1959 1477 1995 .'

377 2048 515 2087 cum
546 2031 822 2087 delictum
872 2037 929 2087 et
976 2031 1132 2086 ﬁlius
1175 2049 1290 2085 non
1326 2032 1453 2085 fuit.
1488 2051 1516 2079 ››
1562 2047 1630 2083 ex
1660 2030 1778 2084 zelo
1826 2045 2029 2083 secun-

374 2120 515 2176 dum
547 2120 848 2175 scientiam
894 2121 1113 2175 dictum
1158 2126 1247 2175 est
1273 2118 1701 2185 vehementius,
1735 2121 1800 2172 ut
1829 2122 2028 2172 osten-

376 2211 540 2265 deret
596 2211 903 2265 materiam
959 2226 1074 2264 non
1133 2224 1262 2265 esse
1320 2212 1630 2271 sternam;
1682 2206 1879 2262 volens
1928 2222 2031 2277 per

376 2298 485 2353 hoc
535 2298 865 2370 signiﬁcare
918 2299 1223 2363 duntaxat,
1259 2298 1413 2368 quod
1463 2296 1639 2351 habet
1686 2300 1740 2351 S.
1776 2294 2028 2350 Hilarius

376 2387 476 2442 lib.
511 2405 615 2455 ΧΠ,
646 2389 710 2443 de
744 2389 938 2442 Trinil.
974 2387 1163 2442 solum
1218 2391 1449 2441 Patrem
1481 2392 1785 2451 internum,
1817 2384 2030 2439 Filium

378 2480 570 2532 autem
605 2476 684 2530 illi
732 2482 1085 2530 comternum
1119 2491 1266 2541 esse,
1323 2479 1387 2529 ut
1433 2476 1695 2529 omittam
1730 2474 1884 2545 quod
1917 2473 2032 2526 ibi-

377 2566 509 2619 dem
544 2566 613 2618 ad
654 2564 872 2619 similia
905 2565 1096 2630 verba,
1132 2582 1258 2635 quae
1290 2563 1398 2618 sibi
1430 2580 1497 2618 ex
1539 2580 1788 2634 persona
1834 2562 2031 2618 Ariani

378 2654 653 2724 proponit
695 2655 1050 2723 respondeat
1105 2670 1117 2707 :
1170 2653 1287 2707 Hoc
1334 2653 1657 2707 humanum
1701 2668 1937 2706 sensum
1973 2657 2031 2706 et

376 2741 824 2815 intelligentiam
882 2744 1157 2797 excedere
1218 2742 1447 2811 mundi,
1505 2759 1617 2797 non
1678 2741 1786 2796 hoc
1827 2757 2029 2812 capere

378 2832 662 2886 rationem
700 2831 968 2886 humanae
1019 2831 1440 2901 intelligentiae,
1472 2832 1572 2886 sed
1606 2830 1926 2902 prudentia)
1961 2830 2029 2884 ﬁ—

379 2920 525 2975 delis
568 2921 990 2992 professionem
1041 2937 1187 2975 esse.
1231 2922 1496 2991 Seipsum
1546 2926 1740 2974 autem
1780 2918 2030 2991 explicat

378 3010 577 3063 eodem
614 3026 787 3064 sensu
824 3009 976 3065 208
1016 3014 1217 3064 auctor
1268 3008 1367 3064 lib.
1400 3010 1521 3063 adv.
1555 3010 1749 3077 Prima,
1782 3027 1833 3078 c,
1882 3011 1935 3074 5,
1970 3027 2026 3064 n.

374 3099 442 3152 43
472 3090 527 3153 et
559 3115 682 3171 seq.
708 3102 763 3153 et
792 3099 969 3152 totius
1002 3115 1125 3169 cap.
1157 3100 1191 3152 5
1222 3115 1287 3153 ac
1315 3100 1369 3151 7·
1406 3099 1684 3169 Deinceps
1715 3098 1807 3153 his
1838 3098 2030 3153 verbis

376 3188 506 3240 eod.
540 3186 642 3240 lib.
675 3186 798 3241 adv.
831 3188 998 3241 Prax.
1036 3203 1049 3241 :
1086 3209 1113 3236 «
1164 3186 1306 3241 Filio
1358 3191 1415 3242 et
1453 3186 1666 3258 Spiritu
1702 3190 1903 3241 sancto
1938 3203 2027 3241 se-

1524 1963 1552 1991 «
1606 1940 1732 1993 Fuit
1770 1944 2025 2010 tempus,

2142 1940 2283 1993 Cum
2317 1954 2450 1993 vero
2483 1939 2622 1992 dicit
2669 1939 2883 1993 ibidem
2920 1957 2932 1995 :
2971 1944 3188 1995 Patrem
3238 1942 3496 2010 majorem
3544 1956 3674 1996 esse
3708 1941 3802 1994 Fi-

2137 2026 2236 2093 lio,
2289 2025 2533 2099 intelligi
2586 2028 2776 2094 debet,
2812 2046 2926 2083 non
2976 2031 3165 2100 quoad
3217 2030 3487 2085 deitatem
3540 2046 3667 2101 quae
3718 2030 3803 2085 sit

2135 2116 2327 2171 minor
2372 2116 2430 2170 in
2478 2132 2564 2180 eo,
2598 2118 2697 2171 sed
2747 2123 3038 2187 quatenus
3087 2119 3283 2187 (sicuti
3326 2119 3586 2173 indicant
3614 2120 3800 2174 verba

2138 2205 2466 2276 sequentia)
2497 2223 2530 2259 a
2576 2205 2741 2261 Patre
2787 2213 3059 2278 generato
3091 2208 3345 2280 genitus.
3382 2208 3557 2279 Atqui
3602 2226 3799 2279 quan-

2138 2312 2314 2366 quam
2344 2295 2435 2350 hic
2468 2295 2611 2350 satis
2635 2297 2880 2369 obscure
2913 2298 3143 2352 dicatur
3177 2316 3242 2352 :«
3276 2300 3471 2369 Ipsum
3507 2300 3662 2368 quod
3691 2298 3800 2352 Pa-

2136 2388 2226 2438 ter
2256 2388 2308 2438 et
2347 2382 2523 2438 Filius
2549 2385 3056 2449 dicuntur,nonne
3087 2386 3246 2441 aliud
3279 2403 3380 2458 pro
3411 2386 3569 2441 aliud
3602 2384 3743 2441 est?
3770 2409 3799 2436 ››

2139 2472 2381 2544 pulchre
2441 2473 2702 2544 seipsum
2769 2474 3019 2545 explicat
3086 2480 3306 2546 postea,
3375 2475 3456 2529 ita
3522 2478 3586 2529 ut
3657 2492 3800 2529 cum

2139 2560 2505 2616 scholasticis
2554 2561 2613 2615 in
2654 2578 2718 2616 eo
2770 2568 3097 2629 consentat,
3131 2565 3284 2635 quod
3318 2586 3346 2614 «
3378 2563 3529 2618 alius
3562 2564 3801 2618 dicatur

2139 2651 2326 2720 Pater,
2387 2649 2535 2705 alius
2598 2650 2793 2719 Filius,
2854 2651 3005 2707 alius
3054 2653 3307 2723 Spiritus
3366 2658 3626 2719 sanctus,
3690 2653 3801 2707 sed

2137 2756 2253 2796 non
2285 2739 2463 2804 aliud,
2501 2762 2528 2788 »
2576 2756 2641 2795 eo
2672 2741 2827 2811 quod
2878 2758 2990 2796 non
3024 2742 3144 2797 sint
3188 2742 3341 2797 idem
3392 2742 3578 2809 Pater,
3612 2741 3802 2797 Filius

2138 2834 2194 2884 et
2223 2829 2475 2901 Spiritus
2512 2834 2770 2897 sanctus,
2804 2835 2860 2885 et
2898 2835 3093 2885 tamen
3125 2832 3389 2901 ejusdem
3422 2831 3798 2886 srbstantiaa.

2139 2917 2199 2973 Si
2231 2935 2356 2989 quae
2391 2925 2665 2988 praeterea
2693 2924 2836 2973 sunt
2874 2919 2988 2975 alia
3017 2920 3171 2975 dicta
3206 2920 3307 2975 lib.
3339 2921 3459 2973 adv.
3501 2921 3799 2984 Praxean.

2140 3023 2267 3078 quas
2299 3007 2504 3062 durius
2551 3012 2684 3062 ante
2732 3008 3042 3064 obscurius
3082 3008 3238 3065 dicta
3268 3008 3406 3075 sint,
3457 3009 3804 3064 meminerit

2138 3094 2320 3151 lector
2351 3100 2542 3151 totum
2591 3096 2748 3152 hunc
2788 3097 3003 3153 librum
3061 3104 3229 3153 caute
3260 3097 3371 3169 legi
3402 3102 3457 3152 et
3486 3098 3802 3153 commode

2142 3184 2387 3256 intelligi
2422 3186 2650 3239 debere.
2685 3186 2765 3240 Ad
2807 3188 3099 3241 Novatiani
3146 3187 3449 3241 redeamus
3480 3186 3699 3241 librum
3732 3186 3804 3241 de

379 3276 637 3329 cundum
669 3280 725 3330 et
757 3276 993 3329 tertium
1035 3276 1210 3330 sortis
1245 3275 1454 3339 locum,
1493 3244 1624 3329 ‘tam
1658 3276 2029 3330 consortibus
2060 3244 2103 3311 Ο
2144 3244 2435 3330 Τνέηίιᾶιε.
2469 3273 2767 3345 Imprimis
2800 3276 2953 3345 quod
2989 3274 3166 3331 habet
3198 3276 3346 3331 209
3380 3292 3429 3329 c.
3465 3276 3551 3344 11,
3583 3274 3799 3331 divini-

379 3363 720 3419 substantiae
755 3365 981 3431 Patris;
1019 3386 1045 3413 ››
1086 3364 1145 3418 id
1201 3364 1323 3418 vult
1374 3365 1530 3436 quod
1564 3364 1768 3418 dicunt
1800 3364 2029 3419 schola-

378 3454 531 3520 stici,
574 3453 806 3507 duabus
852 3454 1324 3508 emanationibus
1366 3454 1680 3531 productos
1732 3452 1943 3507 Filium
1975 3457 2033 3507 et

378 3542 661 3612 Spiritum
687 3547 957 3598 sanctum
982 3560 1013 3597 a
1032 3548 1199 3598 Patre
1222 3542 1615 3613 improducto;
1644 3546 1745 3596 aut
1770 3563 1797 3591 «
1821 3543 2029 3596 Filium

379 3648 506 3686 esse
537 3633 855 3687 secundam
889 3648 1224 3703 personam,
1256 3636 1312 3687 et
1334 3633 1564 3686 tertiam
1586 3632 1867 3703 Spiritum
1897 3649 2032 3687 san-

379 3723 559 3786 ctum,
594 3742 621 3770 ‹‹
656 3721 830 3775 sicuti
865 3728 1066 3792 postea
1116 3738 1229 3776 non
1281 3724 1460 3775 semel
1502 3720 1781 3790 loquitur.
1815 3720 2031 3774 Verum

380 3824 681 3879 perperam
754 3809 838 3863 illi
888 3809 1123 3880 impigit
1180 3810 1394 3864 ibidem
1459 3809 1807 3875 Rhenanus,
1864 3809 2030 3881 quasi

380 3896 591 3951 Filium
611 3898 959 3969 etSpiritum
980 3904 1249 3953 sanctum
1274 3898 1527 3970 appellet
1546 3899 2030 3970 membra,priora,

379 3992 432 4039 el
462 3987 846 4057 instrumenta,
897 4004 1028 4042 cum
1063 4005 1129 4043 ea
1160 3988 1334 4042 verba
1384 3988 1710 4042 referantur
1756 3987 1825 4042 ad
1872 4004 2036 4059 ange-

382 4075 480 4143 los,
514 4076 720 4132 alienos
749 4094 781 4130 a
810 4077 1120 4132 substantia
1154 4078 1354 4145 Patris,
1403 4076 1503 4147 qui
1555 4081 1751 4131 tamen
1797 4093 2032 4132 monar-

384 4163 573 4219 chiam
612 4166 713 4220 Dei
748 4182 861 4220 non
908 4170 1195 4221 evertunt.
1229 4165 1509 4220 Similiter
1555 4182 1688 4219 cum
1749 4166 2032 4237 Spiritum

385 4257 657 4309 sanctum
690 4255 926 4310 tertium
970 4255 1219 4326 gradum
1260 4254 1421 4319 dicit,
1474 4255 1713 4324 gradum
1758 4254 2037 4327 intelligit

386 4341 693 4413 originem.
744 4344 904 4406 Quod
960 4360 1197 4398 rursum
1247 4342 1349 4397 lib.
1392 4343 1513 4397 adv.
1549 4344 1714 4397 Prax.
1748 4337 2032 4416 προϐολὴν

388 4446 504 4485 non
563 4431 752 4487 solum
809 4432 1051 4502 Spiritui
1104 4435 1326 4497 sancto,
1386 4432 1485 4486 sed
1548 4433 1721 4486 etiam
1777 4432 1915 4487 Filio
1967 4450 2037 4489 ex

2143 3372 2255 3419 tate
2281 3364 2549 3419 sermonis
2580 3365 2640 3417 in
2673 3366 2792 3434 ipsa
2820 3367 3162 3420 concretione
3191 3366 3472 3436 permisla,
3506 3364 3616 3419 etsi
3658 3364 3802 3436 quid

2141 3452 2255 3507 tale
2287 3452 2616 3507 inveniatur
2647 3453 2771 3522 jam
2823 3454 2976 3508 dicto
3006 3453 3106 3508 lib.
3141 3456 3264 3509 adv.
3304 3456 3582 3521 Praxean,
3618 3453 3801 3508 intel-

2142 3542 2243 3613 ligi
2276 3542 2481 3596 debere
2512 3542 2583 3596 de
2614 3559 2715 3613 per
2784 3541 2994 3597 istione
3040 3543 3293 3610 unionis,
3341 3560 3457 3598 non
3497 3559 3629 3598 vero
3665 3560 3801 3615 per-

2143 3631 2417 3685 mistione
2450 3635 2791 3685 naturarum
2841 3632 3047 3685 divina:
3079 3636 3131 3687 et
3172 3632 3465 3699 humanae,
3500 3632 3577 3686 ibi
3610 3633 3802 3687 adno—

2142 3720 2398 3785 tavimus
2429 3737 2485 3773 n.
2517 3720 2607 3784 56,
2641 3719 2697 3775 id
2739 3722 3186 3791 comprobantes
3235 3737 3301 3775 ex
3356 3720 3488 3777 aliis
3521 3721 3803 3793 pluribus

2141 3809 2270 3878 ejus
2316 3808 2447 3862 libri
2496 3808 2660 3863 locis.
2716 3809 2812 3863 Est
2862 3809 3005 3864 ﬁdes
3054 3814 3208 3864 recta
3259 3810 3441 3880 (juxta
3495 3811 3800 3865 Athanasii

2142 3897 2503 3969 Symbolum)
2530 3902 2592 3952 ut
2622 3898 2928 3953 credamus
2952 3906 3005 3953 et
3036 3899 3422 3954 conﬁteamur
3452 3900 3607 3969 quod
3638 3916 3803 3956 unus

2143 3986 2221 4042 sit
2272 3986 2559 4055 Christus,
2594 4004 2708 4041 non
2756 3987 3133 4043 conversione
3190 3987 3508 4042 divinitatis
3552 3988 3610 4043 in
3665 4005 3805 4043 car-

2144 4090 2300 4141 nem,
2336 4075 2436 4130 sed
2468 4076 2869 4145 assumptione
2895 4075 3279 4131 humanitatis
3312 4076 3370 4130 in
3404 4077 3610 4147 Deum,
3638 4094 3805 4133 unus

2145 4162 2384 4217 omnino
2436 4180 2549 4218 non
2606 4164 2948 4218 confusione
2998 4166 3363 4231 substantiae,
3419 4165 3517 4219 sed
3571 4165 3808 4221 unitate

2145 4268 2426 4323 personae.
2461 4252 2680 4307 Deinde
2707 4252 2847 4307 illud
2882 4253 3099 4309 ibidem
3126 4270 3138 4309 :
3164 4256 3296 4309 Ante
3313 4268 3465 4324 quem
3489 4253 3635 4307 nihil
3651 4270 3809 4325 prx-

2142 4343 2225 4397 ter
2254 4342 2490 4409 Patrem,
2525 4342 2729 4395 eodem
2772 4341 3071 4397 intellectu
3113 4342 3537 4413 accipiendum,
3571 4359 3684 4410 quo
3744 4344 3807 4398 id

2145 4431 2301 4501 quod
2326 4447 2504 4500 supra
2534 4430 2885 4486 adduximus
2914 4448 2982 4486 ex
3010 4430 3225 4486 Tertul.
3254 4431 3490 4486 lib.adv.
3514 4432 3805 4502 Hermog.,

388 4517 553 4572 Patre
584 4518 873 4583 attribuit,
901 4518 1128 4573 malunt
1160 4519 1237 4572 ita
1268 4518 1629 4589 distinguere
1657 4520 1753 4575 SS.
1776 4520 2035 4577 Hilarius
2136 4522 2307 4592 juxta
2335 4519 2487 4589 quod
2519 4520 2928 4574 adnotavimus
2961 4521 3031 4575 ad
3073 4521 3337 4576 eomdem
3389 4520 3491 4575 lib.
3535 4537 3662 4591 cap.
3705 4522 3809 4591 31,

390 4622 455 4661 ac
491 4610 737 4680 August.
772 4607 871 4662 lib.
906 4607 969 4661 de
1001 4608 1193 4661 Trinil.
1227 4612 1284 4661 et
1322 4606 1419 4661 alii
1447 4611 1636 4662 Patres
1667 4610 2039 4679 posteriores,
2067 4615 2115 4680 Β
2146 4626 2308 4664 num.
2357 4609 2481 4664 441.
2527 4612 2643 4663 Nec
2692 4609 2845 4663 210
2894 4607 3062 4664 aliter
3109 4626 3286 4680 quam
3327 4609 3453 4680 jam
3512 4609 3807 4677 diximus,

387 4700 453 4750 ut
508 4697 941 4767 generationem
1010 4694 1174 4763 Filio,
1227 4696 1658 4764 processionem
1708 4698 2037 4753 attribuant

388 4783 629 4853 Spiritui
689 4789 909 4838 sancto.
972 4783 1133 4848 Quod
1181 4783 1398 4838 ibidem
1443 4801 1569 4839 eam
1623 4785 2040 4855 interpretatur

382 4874 750 4944 prolationem
779 4874 867 4927 rei
919 4873 1155 4927 alterius
1184 4889 1255 4927 ex
1306 4874 1499 4944 altera,
1534 4873 1809 4947 intelligit
1837 4893 2040 4947 perso-

389 4978 495 5016 nas
525 4960 759 5016 realiter
802 4978 915 5016 non
949 4961 1342 5016 essentialitor
1392 4963 1738 5033 disjunctas,
1773 4966 2041 5037 sequitur

388 5050 542 5105 enim
581 5066 593 5104 :
626 5072 654 5099 «
688 5049 835 5114 Quia
882 5049 1173 5121 prolatum
1221 5050 1475 5107 dicimus
1525 5053 1734 5109 Filium
1769 5072 1802 5109 a
1848 5060 2038 5122 Patre,

389 5140 491 5193 sed
527 5155 639 5193 non
674 5144 1033 5210 separatum.
1070 5161 1097 5189 »
1131 5141 1445 5196 Commode
1482 5142 1654 5196 etiam
1688 5150 1827 5197 sunt
1855 5144 2037 5200 inter-

395 5229 687 5298 pretanda:
722 5230 1147 5299 propositiones
1200 5230 1359 5284 illae:
1421 5252 1439 5279 α
1502 5232 1705 5285 Omnis
1746 5233 1907 5303 origo
1938 5250 2038 5303 pa-

392 5332 526 5370 rcns
561 5320 668 5385 est,
703 5322 760 5371 et
790 5334 963 5373 omne
995 5318 1151 5388 quod
1186 5334 1253 5373 ex
1288 5317 1513 5390 origine
1564 5320 1873 5391 profertur,
1907 5339 2039 5393 pro-

389 5404 587 5476 genies
644 5410 765 5473 est;
810 5427 837 5455 ››
895 5406 1037 5461 item
1099 5422 1112 5460 :
1174 5406 1435 5461 Trinitas
1486 5423 1588 5477 per
1641 5424 1932 5465 connexos
1985 5416 2041 5466 et

389 5498 689 5550 consertos
746 5496 963 5568 gradus
1020 5512 1052 5550 a
1110 5499 1277 5550 Patre
1319 5497 1649 5551 decurrens.
1686 5519 1715 5546 »
1744 5498 1874 5555 Jam
1904 5517 2038 5556 vero

389 5585 469 5641 ibi
507 5601 517 5638 :
555 5608 583 5635 «
617 5588 787 5640 Pater
824 5590 915 5639 est
948 5588 1067 5639 tota
1096 5584 1447 5649 substantia,
1483 5585 1663 5642 Filius
1718 5605 1849 5645 vero
1890 5590 2040 5646 deri-

386 5674 539 5731 vatio
590 5675 770 5730 totius
819 5679 875 5729 et
925 5674 1161 5745 portio;
1205 5677 1394 5729 totum
1443 5674 1653 5747 accipit
1710 5694 1813 5748 pro
1872 5679 2040 5751 pleno

391 5780 493 5820 seu
525 5762 909 5836 plenitudine,
936 5779 1050 5819 non
1084 5761 1253 5820 aliter
1272 5767 1445 5836 atque
1476 5762 1811 5822 scholastici
1843 5770 2041 5825 docto-

2146 4698 2300 4769 quod
2333 4697 2548 4753 ibidem
2592 4700 2865 4753 minorem
2904 4701 3067 4753 Patre
3098 4698 3240 4753 dicit
3265 4703 3325 4753 ut
3357 4697 3586 4754 Filium.
3619 4702 3811 4755 Cautc

2146 4789 2321 4842 etiam
2379 4786 2549 4842 debet
2594 4785 2705 4858 legi
2753 4786 2921 4855 illud,
2961 4787 3149 4857 quodo
3179 4787 3445 4842 videatur
3474 4804 3587 4843 non
3619 4787 3808 4844 aliam

2147 4879 2419 4932 unitatem
2448 4878 2631 4931 Patris
2660 4882 2712 4932 et
2741 4878 2873 4931 Filii
2922 4876 3291 4947 interpretari
3341 4894 3517 4949 quam
3557 4879 3811 4933 societa-

2148 4971 2217 5021 tis
2245 4966 2610 5031 concordiam,
2643 4966 2891 5021 all‘erens
2924 4982 3222 5037 perperam
3283 4966 3354 5021 ad
3406 4984 3570 5021 aeunc
3600 4965 3811 5023 locum

2147 5060 2173 5110 Ι
2202 5058 2331 5112 Cor.
2366 5074 2449 5125 in,
2484 5072 2585 5126 pro
2618 5072 2727 5110 sua
2769 5055 3096 5122 sententia;
3148 5056 3286 5127 quia
3334 5055 3620 5111 catholica
3652 5057 3815 5113 ﬁdes

2148 5152 2206 5201 et
2236 5146 2549 5217 Scripturae
2595 5145 2772 5199 etiam
2804 5144 3106 5201 veritatem
3156 5145 3421 5201 essentize
3471 5151 3820 5217 agnoscunt

2150 5235 2206 5289 in
2242 5236 2410 5290 Patre
2442 5240 2495 5289 et
2530 5233 2694 5299 Filio,
2736 5234 2999 5305 Denique
3039 5234 3191 5305 quod
3239 5235 3308 5289 de
3339 5234 3558 5304 Spiritu
3595 5241 3815 5291 sancto

2149 5340 2265 5379 non
2284 5322 2549 5377 videatur
2568 5322 2898 5377 consentire
2920 5322 3216 5378 catholicae
3236 5323 3471 5378 Patrum
3496 5322 3817 5379 traditioni

2150 5430 2216 5466 ex
2266 5412 2547 5483 Scriptus,
2604 5412 2819 5466 factum
2862 5417 3163 5483 putamus,
3195 5428 3308 5467 non
3360 5413 3517 5483 quod
3558 5420 3820 5483 negaret

2150 5500 2431 5571 Spiritum
2491 5504 2760 5554 sanctum
2808 5500 3089 5572 aequalem
3132 5501 3282 5557 Patri
3339 5506 3395 5557 et
3452 5501 3633 5571 Filio;
3696 5504 3819 5559 sed

2148 5591 2412 5645 nondum
2461 5606 2520 5645 re
2559 5590 2819 5657 deﬁnita,
2849 5590 3158 5646 obscurius
3189 5589 3375 5647 solent
3406 5589 3563 5663 loqui
3597 5595 3819 5650 Patres

2147 5684 2372 5735 veteres
2404 5680 2475 5735 ob
2520 5679 2772 5734 materia:
2803 5696 3097 5735 summam
3130 5680 3569 5750 obscuritatem,
3599 5678 3683 5735 ita
3712 5688 3818 5739 la-

2151 5785 2286 5826 men
2319 5773 2383 5826 ut
2413 5769 2788 5830 commodum
2809 5768 3057 5840 aliquem
3089 5784 3328 5826 sensum
3362 5769 3680 5842 patiantur.
