4072 6190
243 373 342 433 257

1369 368 1959 431 PROVERBIALES
2005 369 2433 434 FORMULJE.

3487 378 3609 439 258

1472 675 2329 764 PROVEHBIALES

892 867 1830 1001 FOBMULE'

1942 866 2275 999 ΟΤΟ
2389 868 2927 1000 OPERE

511 1096 667 1156 HOC
708 1096 1334 1158 TEllTULLlANlGO
1380 1096 1845 1169 CONTENT/E,
1896 1095 2292 1157 BREVIBUS
2342 1096 2691 1157 SCHOLllS
2737 1098 3277 1175 ILLUSTBA'I‘E,

990 1278 1364 1324 AUCTORIBUS
1403 1279 1594 1324 ΒΕΑΤο
1636 1276 1920 1323 ΒΗΕΝᾹΝΟ
1965 1278 2042 1321 ΕΤ
2086 1278 2231 1322 AND.
2278 1278 2435 1324 IIOYO
2480 1277 2799 1323 BRUGENSI.

220 1577 260 1634 Ι.
298 1577 428 1633 Abiit
446 1580 595 1649 jam,
625 1584 676 1631 et
705 1574 904 1631 reverti
933 1575 1108 1645 debet,
1132 1578 1274 1630 tom.
1307 1574 1484 1649 I,lib.
1521 1574 1585 1629 de
1616 1574 1833 1643 Testim,
1866 1578 1922 1644 Α
1954 1572 2244 1643 meliaque
2272 1576 2612 1630 eorumdem
2647 1578 3027 1646 gestantium,
3062 1578 3138 1634 sit
3170 1580 3500 1649 conjuncta,
3534 1586 3601 1638 ut

617 1648 854 1714 Animae,
888 1664 1013 1719 cap.
1048 1639 1102 1716 li,
1131 1665 1295 1702 num.
1318 1648 1408 1701 22.

274 1755 551 1810 Proverbii
582 1754 784 1823 hujus,
817 1754 971 1825 quod
1005 1754 1279 1810 Teutonis
1313 1752 1611 1824 Gallisque
1659 1752 1837 1807 etiam

218 1845 488 1913 usitatum,
523 1861 702 1898 usum
745 1844 868 1914 ipse
918 1843 1139 1898 Tertul.
1193 1843 1493 1897 fusissime
1539 1841 1833 1912 explicat;

218 1939 282 2000 ut,
310 1932 515 1988 abiisse
547 1932 873 1999 hominem,
908 1932 1005 2001 sit,
1038 1948 1068 1986 e
1100 1947 1340 2003 corpore
1370 1930 1689 1985 excessisse
1713 1929 1836 1985 ani—

217 2038 368 2085 mam,
400 2027 579 2093 atque
610 2022 690 2075 ita
722 2022 875 2076 inter
904 2020 1061 2075 vivos
1094 2036 1222 2075 esse
1252 2020 1515 2075 desiisse.
1539 2020 1629 2074 Sic
1659 2018 1837 2074 Graeci

215 2112 281 2164 uti
311 2111 394 2166 his
442 2110 643 2165 verbis
677 2110 889 2179 solent,
945 2103 1218 2182 οἴχεσθαι,
1252 2108 1617 2182 κατοῖχεσθαι,
1670 2106 1835 2179 ἀπέρ-

212 2210 394 2270 lueet,
454 2197 832 2271 ὑπο-τίνεσθαι,
866 2199 974 2254 hoc
1033 2201 1123 2254 est
1180 2198 1327 2253 mori
1379 2214 1392 2251 :
1454 2215 1582 2268 quae
1640 2198 1837 2252 omnia

211 2288 399 2341 abitum
422 2304 856 2358 excessumque
879 2287 1307 2358 significantJn
1324 2286 1833 2357 dictiunculajam,

206 2393 306 2446 quae
336 2377 574 2448 longum
608 2376 866 2447 spatium
897 2376 1112 2441 innuit,
1144 2380 1267 2431 tota
1307 2376 1599 2431 Proverbii
1634 2375 1717 2430 vis
1750 2376 1834 2429 vi-

208 2466 350 2519 detur
377 2466 723 2521 consistere.
759 2466 946 2520 Tanta
974 2465 1062 2519 vis
1094 2448 1202 2519 fuit
1232 2464 1504 2520 veritatis
1535 2465 1604 2519 de
1638 2480 1836 2519 resur-

204 2555 425 2609 rectione
454 2558 513 2609 et
534 2554 983 2608 immortalitate
1003 2554 1305 2619 animae,ut
1335 2570 1400 2608 ea
1432 2569 1500 2607 ex
1526 2553 1834 2607 hominum

205 2642 406 2707 animis,
440 2660 512 2698 ne
574 2643 633 2697 in
666 2643 845 2697 tantis
876 2643 1114 2713 quidem
1155 2659 1439 2697 venarum
1490 2641 1831 2713 Opinionum

202 2732 451 2798 tenebris,
485 2750 520 2787 a
573 2732 898 2803 majoribus
946 2732 1125 2786 veluti
1182 2748 1281 2802 per
1331 2748 1542 2785 manus
1594 2731 1830 2798 tradita,

204 2824 425 2892 poluerit
479 2822 679 2887 evelli,
712 2822 812 2877 sed
847 2822 978 2877 trito
1031 2821 1363 2892 usitatoque
1414 2821 1713 2892 proverbio
1758 2821 1834 2875 sit

202 2911 571 2977 frequentata,
608 2912 677 2966 de
708 2912 780 2966 iis
811 2912 907 2982 qui
933 2912 1290 2981 jamdudum
1323 2914 1520 2965 essent
1551 2909 1828 2976 defuncti,

1950 1679 2065 1716 non
2117 1662 2297 1725 laudi,
2352 1665 2453 1719 sed
2515 1664 2652 1719 vitio
2700 1670 2902 1720 vertat.
2950 1667 3095 1723 Huic
3155 1669 3537 1741 subjungitur
3581 1690 3595 1727 :

1946 1752 2133 1820 Digito
2165 1752 2459 1822 destinare,
2492 1753 2635 1807 Nutu
2669 1754 2904 1810 tradere.
2942 1760 3017 1810 De
3049 1757 3265 1826 quibus
3296 1757 3468 1815 infra.

1946 1868 1998 1922 4.
2032 1868 2185 1923 Acies
2214 1869 2505 1924 machazrze
2546 1872 2778 1943 exserta,
2810 1875 2947 1924 tom.
2988 1872 3046 1940 V,
3080 1871 3180 1926 lib.
3232 1873 3297 1928 de
3325 1874 3593 1943 Pudicit.,

2515 1956 2642 2012 cap.
2680 1942 2764 2009 14,
2800 1959 2856 1995 n.
2893 1944 3014 1997 115.

2017 2051 2157 2100 Cum
2187 2046 2356 2116 quasi
2392 2046 2573 2117 plenae
2596 2048 2773 2117 juris,
2809 2048 3172 2104 auctoritatis
3202 2054 3259 2104 et
3290 2053 3597 2122 potestatis

1946 2136 2187 2191 habena:
2219 2134 2606 2191 effunduntur
2648 2136 2706 2190 in
2739 2142 2939 2206 aperta
2971 2139 3396 2211 objurgatione.
3429 2142 3594 2208 Apud

1944 2223 2182 2295 Virgil.:
2218 2226 2356 2279 Ense
2388 2226 2603 2280 incluso
2634 2226 2766 2280 ibat.
2803 2226 2905 2281 Cui
2941 2229 3297 2283 contrarium
3333 2235 3419 2283 est
3451 2230 3595 2287 illud

1945 2314 2057 2367 Cic.
2094 2331 2133 2383 1,
2167 2312 2225 2367 in
2260 2314 2422 2368 Catil.
2455 2337 2481 2363 ‹‹
2514 2316 2586 2368 At
2617 2332 2723 2369 nos
2754 2316 3104 2387 vigesimum
3130 2317 3254 2386 jam
3288 2318 3440 2373 diem
3489 2337 3595 2390 pa-

1944 2402 2128 2457 timur
2169 2402 2479 2457 hebescere
2511 2404 2688 2457 aciem
2723 2405 2933 2458 horum
2986 2406 3367 2462 auctoritatis.
3404 2408 3591 2464 Habe-

1945 2507 2079 2544 mus
2127 2490 2282 2544 enim
2329 2491 2461 2545 Sen.
2498 2491 2693 2558 Cons.,
2725 2497 3129 2549 verumtamen
3188 2494 3484 2550 inclusum
3532 2496 3591 2551 in

1944 2578 2181 2645 tabulis,
2216 2584 2494 2650 tanquam
2527 2580 2791 2651 gladium
2823 2581 2880 2635 in
2915 2583 3120 2653 vagina
3152 2585 3539 2641 reconditum.
3563 2607 3586 2637 ι)

1943 2667 2037 2720 Sic
2072 2667 2125 2720 in
2161 2667 2306 2738 Apio
2341 2686 2352 2719 ε
2391 2673 2597 2723 Dentes
2629 2670 2843 2725 exserti
2879 2673 2947 2724 ad
2982 2670 3226 2726 vulnera
3275 2673 3593 2744 inﬂigenda

1942 2755 2093 2810 acuti
2127 2759 2184 2810 et
2214 2762 2610 2828 erumpentes.

2025 2881 2077 2935 5.
2112 2881 2265 2936 Nihil
2294 2881 2363 2936 ad
2394 2881 2845 2950 Andromacham,
2877 2884 3035 2951 ibid.,
3070 2901 3195 2957 cap.
3229 2887 3282 2953 8,
3320 2905 3376 2943 n.
3408 2889 3498 2944 65.

201 2970 346 3070 quasi
378 2970 957 3073 przesumerent,‘hoc
987 3006 1077 3056 est
1106 3002 1505 3073 praaciperent,
1538 3006 1593 3055 et
1623 2970 1831 3055 antici;
1862 2970 1910 3034 B
2009 2995 2280 3051 Alludere
2311 2997 2539 3053 videtur
2570 2998 2640 3052 ad
2672 2998 2881 3053 veteris
2912 2998 3162 3069 alicujus
3197 3000 3397 3072 tragici
3431 3003 3590 3059 fabu-

200 3097 379 3159 parent
433 3091 701 3156 animis,
761 3106 1067 3161 corporum
1129 3090 1654 3156 resurrectionem,
1713 3090 1835 3145 sive

200 3181 509 3234 animorum
567 3180 669 3251 qui
701 3183 1092 3243 excesserant,
1126 3179 1197 3233 ad
1253 3194 1361 3232 sua
1393 3194 1636 3250 corpora
1686 3178 1835 3232 redi-

200 3274 328 3333 tum,
393 3267 767 3341 ἀναστροφὴν,
837 3266 1151 3335 ἀνάστασιν,
1224 3268 1331 3324 hoc
1399 3270 1506 3336 est,
1595 3269 1832 3332 Reverti,

196 3352 613 3433 ἐπαναστρέφειν,
646 3356 682 3423 ἢ
716 3350 993 3411 ἀναϐιοῦν.

197 3462 241 3514 2.
277 3464 572 3536 Abruptum
623 3463 1033 3533 amplissimum
1081 3463 1271 3536 salire,
1327 3465 1470 3536 tom.
1504 3461 1603 3528 III,
1637 3460 1741 3516 lib.
1775 3478 1831 3533 ν,

499 3536 628 3590 adv.
663 3539 864 3601 Marc.,
898 3551 1022 3605 cap.
1062 3535 1147 3603 14,
1182 3550 1341 3588 num.
1375 3534 1501 3587 231.

254 3640 442 3709 Salire,
484 3659 593 3713 pro
652 3640 947 3696 transilire
977 3639 1064 3695 vel
1115 3642 1267 3694 saltu
1307 3638 1729 3694 transmittere.
1763 3638 1834 3693 Ut

198 3730 261 3783 sit
287 3732 659 3799 omnino,aut
688 3731 863 3784 verba
896 3729 1101 3783 saltem
1132 3728 1835 3797 intermediapraatermit-

195 3824 314 3872 tere.
352 3821 437 3875 Ab
493 3820 569 3875 iis
622 3824 929 3889 sumptum
984 3818 1082 3889 qui
1136 3816 1366 3872 malunt
1415 3817 1831 3888 compendium

196 3907 361 3963 facere
408 3909 669 3973 itineris,
701 3907 879 3973 saltu,
912 3924 1090 3977 quam
1144 3906 1521 3977 dispendium
1573 3923 1831 3960 commo-

195 3994 330 4051 diore
359 3996 785 4053 ambulatione.
821 3995 967 4061 Sic,«
1003 3995 1320 4049 Maximum
1355 4009 1627 4065 campum
1660 3993 1832 4049 levis-

195 4084 323 4140 simo
372 4087 529 4141 saltu
584 4085 933 4153 transvolas,
970 4107 996 4133 ››
1055 4083 1311 4156 Scaliger
1357 4084 1429 4138 ad
1479 4083 1829 4139 Cardanum.

195 4171 434 4242 Explicat
486 4190 552 4228 se
602 4190 735 4227 mox
784 4172 1227 4228 Tertullianus:
1271 4194 1299 4221 «
1334 4171 1621 4228 Ademisti
1670 4175 1834 4226 tanta.

192 4259 249 4315 da
295 4262 641 4333 Scripturis,
675 4284 703 4311 ››
755 4261 864 4316 hoc
912 4265 1024 4327 est,
1070 4259 1441 4327 intercidisti,
1498 4260 1747 4330 rejecisti
1777 4264 1835 4314 et

1941 3083 2325 3150 lam,nomine
2354 3086 2752 3141 Andromaclw
2784 3086 3222 3156 inscriptam.Et
3251 3105 3319 3143 ex
3349 3090 3587 3145 Tertull.

1941 3173 2214 3244 colligere
2237 3175 2499 3240 est,nihil
2528 3174 2682 3229 aliud
2710 3175 2897 3229 isthoc
2926 3177 3226 3246 proverbio
3250 3178 3591 3250 significari,

1942 3279 2119 3333 quam
2153 3262 2312 3318 hisce
2347 3279 2360 3319 :
2397 3264 2550 3321 Nihil
2585 3265 2653 3318 ad
2690 3281 2943 3330 versum,
2978 3264 3122 3318 nihil
3167 3266 3235 3320 ad
3272 3268 3590 3337 Bacchum,

1941 3347 2092 3404 οὐδὲν
2152 3351 2285 3423 πρὸς
2342 3349 2487 3419 ἔπος,
2541 3349 2957 3426 ἀπροσδιόνυσα,
2992 3354 3100 3407 hoc
3159 3360 3267 3425 est,
3318 3356 3507 3412 aliena
3560 3375 3594 3414 Β.

1942 3456 2022 3495 re.
2056 3441 2199 3495 Nam
2230 3442 2533 3497 haereticos
2566 3459 2699 3496 eum
2750 3441 3141 3497 histrionibus
3174 3450 3490 3515 comparat.
3525 3446 3593 3502 Hi

1941 3529 2282 3597 allegoricos
2339 3534 2537 3601 gestus
2596 3531 3109 3585 accommodantes
3170 3533 3435 3599 canticis,
3478 3534 3595 3590 alia

1942 3616 2111 3688 longe
2143 3634 2174 3670 a
2203 3619 2476 3687 praesenti
2506 3622 2563 3672 et
2615 3618 2814 3673 fabula
2845 3623 2899 3673 et
2928 3636 3103 3673 scena
3142 3622 3477 3691 exprimunt
3506 3622 3596 3693 (ut

1940 3706 2204 3759 videatur
2223 3706 2294 3760 ad
2323 3723 2508 3777 graeca
2533 3708 2834 3777 proverbia
2855 3708 3202 3777 respexisse,
3236 3707 3386 3770 ἐκτὸς
3418 3714 3591 3784 ’χοροῦ

1941 3792 2246 3867 ὀρχεῖσθαι,
2278 3794 2365 3849 vel
2390 3796 2459 3849 ad
2482 3794 2543 3847 τὸ
2573 3794 2926 3869 ἀπορχεῖσοαι
2962 3798 3050 3851 21
3068 3800 3107 3850 Ι
3140 3799 3326 3869 (extra
3348 3800 3591 3855 chorum

1942 3884 2177 3950 saltare,
2204 3888 2259 3939 et
2289 3884 2600 3953 desaltare)
2631 3904 2643 3949 ;
2678 3884 3045 3951 illi,hzeretici
3080 3887 3324 3953 scilicet,
3356 3890 3593 3944 easdem

1941 3972 2250 4044 parabolas
2299 3990 2411 4043 quo
2464 3973 2668 4028 volunt
2718 3974 3007 4041 tribuunt,
3041 3992 3156 4029 non
3212 3992 3325 4048 quo
3377 3977 3595 4033 habent

1942 4061 2246 4133 aptissima
2273 4062 2614 4117 excludunt.

1940 4178 1993 4232 6.
2030 4177 2107 4231 Ad
2135 4194 2375 4232 scamma
2416 4177 2740 4303 producereé
2765 4180 3011 4303 tomh‘ll,
3045 4178 3147 4233 lib.
3180 4179 3250 4233 ad
3297 4179 3591 4252 Martyres,

2548 4267 2673 4303 can.
2749 4291 2761 4303 .
2795 4267 2854 4303 n.
2898 4271 2919 4303 ι
2964 4292 2975 4303 .

2548 4267 2673 4320 cap.
2707 4267 2761 4315 ό,
2795 4267 2854 4305 n.
2887 4267 2975 4305 44.

191 4350 479 4422 abrupisti,
514 4355 580 4406 ut
611 4350 835 4405 lacunas
869 4350 924 4403 in
958 4349 1241 4404 librorum
1266 4353 1535 4404 contextu
1594 4365 1822 4418 perma-
1856 4340 1898 4406 C
2007 4359 2341 4410 Rasmmus.
2378 4360 2559 4411 Locus
2592 4357 2928 4411 certaminis
2958 4356 3018 4410 in
3050 4373 3165 4428 quo
3198 4357 3585 4429 congrediun-

190 4454 297 4508 gnaa
345 4444 597 4496 exstent.
657 4439 775 4495 Lib.
836 4456 893 4506 v,
937 4439 1065 4493 adv.
1129 4439 1449 4494 eumdem:
1511 4460 1537 4487 ‹‹
1570 4438 1829 4500 Quantas

189 4529 357 4585 foveas
388 4532 448 4586 in
484 4530 739 4602 epistola
786 4529 1009 4599 fecerit,
1044 4528 1358 4584 auferendo
1393 4544 1523 4599 quae
1554 4527 1761 4582 voluit.
1800 4549 1828 4576 »

190 4615 329 4691 Virg.
362 4620 534 4675 libro.
570 4635 629 4672 1v
662 4634 675 4673 :

324 4726 411 4773 His
440 4726 685 4774 medium
717 4722 872 4771 dictis
908 4735 1209 4771 sermonem
1241 4722 1529 4784 abrumpit.

188 4828 228 4882 3.
260 4834 386 4887 Acie
414 4832 614 4902 ﬁgere,
644 4836 789 4886 tom.
824 4831 868 4899 Ι,
903 4829 1004 4883 lib.
1060 4828 1125 4882 de
1172 4829 1347 4895 Pall.,
1398 4845 1526 4900 cap.
1556 4829 1609 4899 4,
1643 4845 1702 4882 n.
1735 4827 1825 4881 84.

250 4941 340 4993 Est
370 4944 562 5010 acute,
597 4938 837 4994 intentis
868 4941 924 4993 et
963 4935 1132 5008 quasi
1167 4934 1365 4989 deﬁxis
1395 4936 1453 4989 in
1486 4953 1607 4991 rem
1640 4936 1827 4992 oculis

188 5023 405 5100 intueri,
438 5028 621 5089 ἀτενὲς
659 5026 811 5101 ὀρᾷν.
842 5025 1048 5099 Virgil.
1086 5043 1099 5080 :

799 5133 991 5183 Oculos
1022 5131 1297 5182 horrenda
1329 5131 1385 5179 in
1416 5131 1623 5194 virgine
1671 5132 1827 5182 ﬁxus.

246 5250 312 5305 Ut
340 5252 440 5322 qui
494 5251 752 5307 vestibus
787 5267 819 5304 a
871 5252 1093 5304 naturae
1143 5246 1543 5302 moderatione
1593 5246 1823 5315 alienis,

188 5336 568 5411 hominesque
614 5346 982 5394 transversos
1014 5338 1084 5391 de
1135 5343 1290 5392 recto
1324 5342 1481 5391 statu
1516 5336 1824 5408 agentibus

184 5425 382 5495 induti,
417 5428 615 5501 palam
667 5427 1113 5499 conspiciendos
1162 5443 1245 5492 se,
1279 5432 1381 5480 aut
1433 5425 1627 5496 potius
1674 5427 1825 5481 deri-

188 5516 391 5571 llPTE'JOS
455 5519 736 5589 przehent,
772 5516 1038 5571 omnium
1071 5514 1268 5569 oculos
1303 5514 1359 5567 iu
1394 5531 1455 5568 se
1492 5518 1825 5570 convertere

181 5604 307 5660 velle
350 5607 687 5661 videantur.
749 5605 819 5660 Ut
867 5611 1061 5659 tamen
1116 5604 1454 5671 huiusmodi
1516 5604 1822 5674 inspectio,

184 5694 287 5749 sive
334 5696 644 5767 spectatio,
673 5711 849 5767 quam
900 5696 1158 5763 captant,
1193 5708 1325 5748 cum
1366 5692 1575 5763 probro
1606 5696 1815 5748 contu-

1938 4446 2036 4497 tur
2065 4442 2297 4497 athleta;
2345 4441 2570 4515 σκάμμα
2619 4444 2835 4500 Graecis
2867 4444 3101 4512 dicitur,
3137 4445 3289 4516 quod
3343 4445 3392 4501 is
3438 4446 3595 4502 fossa

1940 4533 2095 4604 cingi
2156 4533 2389 4600 soleret,
2422 4533 2566 4608 παρὰ
2621 4534 2683 4587 τὸ
2744 4536 3018 4589 σκάπτειν.
3053 4535 3197 4591 Hinc
3254 4537 3592 4603 proverbia-

1938 4621 2070 4676 liter
2118 4621 2339 4677 dictum
2393 4628 2455 4677 Ι).
2508 4624 2740 4678 Hieron.
2794 4625 2863 4678 de
2897 4633 3183 4679 scammate
3218 4630 3275 4678 et
3309 4624 3432 4680 loco
3465 4641 3581 4680 cer-

1937 4711 2179 4767 taminis
2227 4713 2460 4783 egredi;
2512 4730 2615 4783 pro
2664 4730 2730 4768 eo
2781 4716 2939 4783 quod
2991 4718 3080 4769 est
3127 4731 3139 4768 :
3195 4719 3240 4767 A
3291 4715 3591 4785 proposito

1938 4801 2183 4872 digredi,
2220 4801 2340 4855 sive
2369 4799 2554 4856 lineas
2583 4802 2898 4857 transilire.
2933 4802 3025 4856 Sic
3056 4802 3210 4857 enim
3245 4804 3397 4873 apud
3432 4802 3590 4859 illum

1938 4889 2273 4961 legendum,
2321 4890 2674 4945 scribentem
2727 4892 3010 4946 adversus
3059 4908 3287 4946 errores
3345 4893 3591 4949 Joannis

1938 4979 2233 5034 Hieros.ad
2267 4979 2884 5034 Pammachium.Cum
2920 4996 3056 5049 ergo
3090 4980 3202 5035 ista
3231 4987 3586 5052 quaerantur,

1936 5068 2148 5139 inquit,
2181 5084 2283 5121 cur
2311 5072 2398 5135 tu,
2432 5066 2669 5122 omissis
2703 5082 2880 5137 super
2908 5068 3125 5139 quibus
3158 5084 3355 5140 pugna
3386 5074 3494 5135 est,
3521 5071 3591 5125 de

1937 5160 2231 5212 scammate
2262 5161 2318 5210 et
2350 5157 2473 5210 loco
2506 5155 2843 5210 certaminis
2876 5158 3203 5227 egrediens,
3237 5158 3293 5211 in
3329 5159 3589 5230 peregri-

1936 5247 2030 5301 nis
2077 5249 2132 5299 et
2180 5244 2348 5315 longe
2397 5244 2605 5299 alienis
2655 5245 3156 5316 disputationibus
3206 5248 3591 5304 immoraris?

1938 5336 2107 5389 Porro
2140 5334 2399 5403 seipsum
2454 5334 2710 5404 exponit,
2743 5351 2875 5388 cum
2930 5335 3091 5389 addit
3126 5353 3137 5390 :
3174 5338 3239 5391 Et
3269 5338 3381 5392 loco
3413 5342 3590 5393 certa-

1934 5425 2126 5477 minis.
2162 5427 2253 5487 lat,
2284 5423 2439 5475 enim
2473 5423 2625 5477 idem
2658 5422 2831 5490 valet,
2857 5426 3012 5493 quod
3044 5424 3103 5479 Id
3131 5435 3226 5481 est.
3260 5430 3385 5480 Non
3418 5427 3589 5482 omit-

1938 5513 2174 5568 tendum
2208 5511 2375 5566 valde
2409 5511 2712 5582 signanter
2744 5512 2902 5584 loqui
2946 5513 3188 5569 Tertull.
3221 5514 3365 5570 Nam
3397 5514 3586 5570 athle-

1932 5612 2005 5656 tae
2034 5606 2091 5657 et
2142 5600 2493 5671 gladiatores
2544 5601 2783 5670 produci
2833 5602 3194 5657 dicunturin
3235 5602 3584 5673 spectaculis

1935 5692 2005 5748 ab
2040 5689 2183 5761 ipsis
2235 5688 2584 5746 munerariis
2631 5690 2729 5760 qui
2786 5688 2954 5745 ludos
3002 5691 3202 5746 edunt.
3256 5691 3348 5744 Sic
3400 5704 3577 5744 mox:
