4072 6190
423 328 543 386 259

1487 321 1593 382 EX
1637 319 2191 384 APOLOGETICO
2230 323 2773 389 TERTULLIANI

3712 335 3829 395 260

430 482 452 513 ι
488 464 563 515 Ut
591 460 662 514 ad
694 458 949 514 stadium
994 455 1303 512 tribunalis
1335 456 1483 511 bene
1512 454 1808 511 exercitati
1846 453 2074 509 incom-
2102 467 2156 533 Α
2188 457 2403 528 quibus
2458 463 2807 520 substractis
2869 469 3166 533 corruant,
3197 469 3256 521 et
3310 466 3427 522 ﬂde
3482 466 3828 541 fortunaque

425 550 615 604 modis
666 548 942 602 omnibus
990 546 1403 617 producamur.
1438 567 1463 594 ››
1500 549 1577 598 Ex
1624 543 1915 598 sententia
1945 543 2085 597 Ter-

424 639 553 693 tull.
586 642 675 691 est
727 638 779 690 in
844 636 1164 699 theatrum,
1199 650 1461 699 arenam,
1515 632 1707 687 locum
1768 632 2075 703 publicum

426 726 760 783 certaminis
821 726 1131 787 adducere,
1189 722 1519 777 ostentandi
1582 720 2077 792 periclitandique

428 823 635 881 artem,
687 815 858 880 vires,
911 813 1119 883 gratia,
1166 818 1222 867 et
1275 810 1576 883 prmmium
1638 810 1759 865 sive
1822 802 2076 882 βραϐεῖον

428 904 749 972 auferendi,
785 904 839 956 in
874 919 1108 957 arenam
1144 902 1515 955 descendere.
1539 898 1757 953 Paulus
1791 898 2073 969 Leopard.

425 996 527 1049 lib.
564 1012 580 1049 ι
610 993 869 1059 Miscell.,
905 1008 1032 1062 cap.
1064 989 1319 1055 22,vocis
1351 988 1746 1061 significatum
1778 986 2026 1058 explicat
2061 1003 2074 1041 :

426 1090 480 1138 ct
536 1099 775 1137 scamma
825 1079 1045 1134 Erasmi
1102 1083 1159 1134 et
1215 1078 1365 1133 Caelii
1430 1077 1663 1132 refutat.
1701 1077 1760 1130 Β.
1802 1076 2071 1130 Ambros.

424 1172 523 1227 lib.
558 1190 573 1226 1
610 1172 799 1243 0fﬁc.,
835 1192 861 1217 ‹‹
896 1169 1099 1224 Adhuc
1130 1168 1360 1223 athletae
1410 1165 1471 1220 in
1510 1173 1821 1222 scammate
1850 1169 2009 1233 sunt,
2044 1187 2070 1214 »

423 1262 595 1316 etiam
649 1257 1103 1332 proverbialiter,
1155 1257 1323 1328 quasi
1364 1257 1564 1310 dicat:
1614 1257 1953 1309 Etiamnum
2004 1254 2075 1309 de

421 1351 657 1422 praemio
689 1352 967 1411 certatur,
1001 1352 1056 1402 et
1088 1344 1283 1418 palma
1309 1345 1485 1400 dubia
1515 1348 1623 1399 est.

421 1478 477 1530 7.
510 1476 597 1529 Ad
628 1472 768 1544 quod
814 1472 1085 1535 venimus,
1141 1470 1238 1524 hoc
1280 1485 1424 1544 age,_
1454 1468 1731 1544 tomLIII,
1763 1466 1865 1522 lib.
1902 1484 1955 1522 IV
1984 1466 2075 1521 ad-

842 1559 977 1597 vers.
1013 1547 1205 1610 Mam,
1237 1557 1362 1612 cap.
1391 1542 1446 1607 7,
1484 1558 1540 1594 n.
1566 1540 1656 1594 65.

498 1658 555 1706 In
586 1651 768 1707 sacris
802 1648 1074 1720 imperari
1110 1647 1347 1703 solitum
1386 1644 1811 1715 silentium,bis
1841 1644 2071 1700 verbis:

422 1746 623 1795 Favete
672 1740 911 1811 linguis,
946 1742 1004 1792 et
1052 1741 1265 1805 Graece,
1301 1740 1439 1808 Σῖγα
1486 1739 1589 1796 πᾶς
1640 1730 1771 1787 ἵστω
1822 1730 1983 1799 λεὼς,
2016 1738 2075 1788 et

422 1832 621 1885 eadem
657 1831 726 1884 de
781 1845 955 1882 causa
1006 1826 1243 1881 clamari
1278 1825 1514 1880 solitum
1551 1842 1563 1879 :
1600 1826 1705 1879 Hoc
1734 1839 1853 1892 age.
1894 1823 2072 1894 quue
2104 1842 2151 1906 Β

424 1919 772 1975 Plutarchus
824 1918 881 1970 in
934 1921 1124 1969 Numa
1173 1915 1363 1969 dicere
1413 1914 1640 1968 videtur
1672 1930 1685 1967 :
1719 1912 1791 1963 ὧν
1836 1908 1993 1985 ἴχνος
2022 1930 2073 1963 τι

431 2009 593 2079 μέχρι
650 2010 740 2058 νῦν
799 2002 1175 2070 διασώζοντες,
1210 2003 1334 2055 ὅταν
1386 1998 1568 2075 ἅρχων
1619 2000 1755 2073 πρὸς
1801 1997 2004 2074 ὄρνισιν
2037 1998 2072 2066 ἢ

425 2095 629 2158 θυσίαις
690 2086 959 2167 empta-9,
1025 2092 1224 2165 βοῶσιν
1284 2087 1357 2143 ὧν
1419 2087 1529 2163 ἄγε.
1589 2094 1794 2145 Muret.
1857 2088 2073 2145 Variar.

428 2187 582 2241 Lect.
618 2202 686 2238 xv
719 2183 817 2237 lib.
857 2181 1231 2236 Proverbium
1287 2180 1467 2252 igitur
1513 2180 1645 2241 erit.
1676 2196 1792 2249 quo
1839 2181 1909 2232 ad
1953 2194 2076 2232 rem

424 2276 760 2329 institutam
810 2276 1095 2326 attentum
1149 2269 1404 2340 aliquem
1451 2270 1885 2339 essejubemus
1919 2273 1983 2321 ut
2016 2267 2074 2320 in

426 2382 551 2418 eam
603 2379 775 2416 unam
829 2366 949 2414 tota
1001 2370 1191 2414 mente
1246 2359 1568 2423 incumbat,
1604 2362 1667 2411 ut
1722 2374 1827 2411 nec
1886 2355 2076 2411 verbis

426 2453 584 2507 aliud
620 2456 882 2521 usurpet,
916 2466 1017 2503 nec
1048 2448 1106 2503 in
1140 2448 1337 2502 animo
1372 2463 1569 2501 secum
1601 2446 1835 2517 cogitet.

428 2562 483 2614 8.
519 2561 599 2614 Ex
655 2574 766 2615 aere
822 2556 1118 2621 collatitio,
1168 2560 1310 2608 tom.
1359 2555 1456 2619 Ill,
1509 2552 1609 2607 lib.
1660 2554 1785 2607 adu.
1840 2552 2072 2619 Valent.,

998 2645 1123 2698 cap.
1160 2630 1247 2690 12,
1282 2644 1338 2680 n.
1376 2627 1496 2679 136.

502 2738 1195 2804 Rnemsvsﬂuanquam
1228 2732 1323 2787 hic
1355 2731 1634 2803 symbolae
1664 2736 1719 2785 et
1750 2730 2074 2785 collationis

428 2830 494 2882 fit
550 2827 767 2881 mentio
824 2829 983 2892 (nam
1044 2822 1310 2891 Tertull.,
1368 2824 1686 2890 conferunt,
1745 2820 1955 2891 inquit,
2014 2820 2073 2872 in

424 2918 690 2984 medium,
723 2920 781 2969 et
831 2930 985 2980 mox,
1019 2928 1191 2966 unum
1243 2926 1424 2966 omnes
1474 2911 1673 2964 bonum
1701 2908 2071 2978 conferebant.

432 3006 573 3060 Item
630 3005 879 3057 lrenazus
914 3018 925 3055 :
964 3002 1468 3070 Unumquemque,
1529 2999 1741 3069 inquit,
1804 3014 1869 3051 eo
1919 2996 2073 3067 quod

427 3094 680 3148 habebat
711 3092 768 3145 in
802 3107 863 3145 se
895 3090 1182 3160 optimum
1234 3088 1837 3156 ﬂorentissimumque
1880 3086 2072 3139 confe-

2192 547 2334 603 ﬁant
2365 557 2649 621 expertes.
2684 553 2901 609 Divites
2934 555 2992 609 in
3025 572 3134 610 aare
3184 554 3394 622 alieno,
3428 555 3510 611 uti
3562 558 3831 615 Horatius

2189 637 2333 692 dixit
2363 656 2373 693 ε
2411 640 2540 695 Meo
2572 659 2702 697 sum
2739 660 2962 714 pauper
2991 645 3049 697 in
3080 662 3208 699 aere.

2348 730 2402 782 9.
2438 732 2625 802 /E30pi
2652 731 2937 799 graculus.
2971 734 3132 800 Ibid.,
3167 750 3294 805 cap.
3328 735 3414 801 12,
3448 752 3505 789 n.
3541 735 3658 790 139.

2259 820 2593 875 Rasmnus.
2624 821 2703 876 De
2736 822 2841 878 hoc
2871 828 3059 879 exstat
3084 823 3379 895 Apologus
3410 824 3564 880 inter
3601 842 3699 881 eos
3730 826 3829 897 qui

2186 908 2378 979 {ﬁsopo
2407 908 2578 981 vulgo
2615 909 2974 967 tribuuntur.
3008 911 3171 968 Unde
3202 913 3413 968 Graecis
3459 918 3659 968 natum
3691 931 3827 986 pro-

2185 996 2449 1051 verbium
2486 1014 2497 1051 :
2535 996 2815 1059 Αἷσώπιος
2866 998 3111 1071 κολοιός,
3152 1001 3209 1055 id
3242 1007 3349 1072 est,
3382 1004 3664 1074 Esopicus
3702 1020 3829 1074 gra-

2185 1086 2360 1141 culus.
2401 1085 2557 1142 Dicto
2590 1087 2829 1142 solitum
2878 1089 2933 1142 in
2968 1105 3064 1145 eos
3097 1089 3193 1161 qui
3235 1088 3425 1146 aliena
3454 1107 3555 1162 pro
3586 1092 3711 1148 suis
3743 1109 3831 1148 os-

2185 1174 2450 1232 tendant.
2485 1176 2682 1232 Horat.
2716 1177 2886 1248 epist.
2920 1178 2953 1232 3
2985 1178 3085 1233 lib.
3120 1196 3136 1233 ι
3172 1196 3184 1233 :

2308 1282 2442 1349 Quid
2463 1283 2589 1330 mihi
2620 1283 2799 1332 Celsus
2830 1284 2978 1348 agit?
2996 1286 3591 1349 monitus,multumque
3612 1301 3831 1349 monen-

2311 1345 2544 1415 Erivatas
2578 1345 2884 1415 utquaaraf
2901 1361 3048 1409 opes.
3082 1352 3133 1396 et
3162 1345 3380 1411 tangere
3410 1345 3541 1415 vitet
3601 1348 3772 1415 "[dus

2308 1407 2532 1476 _S_crip-ta.,
2565 1407 2833 1470 pala'tiuus
2865 1407 3222 1476 quaecumque
3254 1407 3455 1476 recepit
3483 1407 3692 1476 Apollo.

2305 1470 2397 1534 Ne,
2430 1471 2472 1518 si
2504 1471 2637 1518 forte
2674 1486 2800 1519 suas
2830 1470 3517 1534 repetitum—venerit'olim

2307 1532 2439 1580 Grex
2470 1534 2646 1581 avium
2681 1532 2908 1595 plumas,
2943 1540 3155 1584 moveat
3184 1537 3456 1586 cornicula
3485 1538 3649 1586 risum

2307 1594 2532 1643 Furtivis
2563 1594 2766 1645 nudata
2796 1598 3085 1646 coloribus.

2253 1694 2475 1747 Gabriae
2539 1692 2847 1767 μυθολόγου
2901 1696 2963 1748 τὸ
3015 1693 3302 1767 ἐπιμύθιον
3367 1699 3439 1754 ad
3471 1700 3829 1755 sententiam

2184 1782 2423 1837 Tertull.
2461 1789 2549 1838 est
2581 1783 2749 1855 plane
2780 1788 3312 1842 accommodatum.

2328 1883 2559 1979 :i'lpo'rp
2572 1887 2671 1979 ἕξις
2696 1894 2970 1979 πτεροῖςιν
3002 1890 3125 1979 fuit?
3137 1889 3376 1979 teqptvoc

2328 1958 2505 2038 ξξύχεῖ
2534 1956 2754 2038 κολοεὸς
2786 1956 2984 2038 (ipse;th
3021 1956 3360 2038 tiﬁépqﬁguw

2332 2028 2550 2108 llptiitov
2672 2028 2845 2105 δῶροῆ
2871 2034 2913 2108 ζὴ
2949 2028 3191 2108 χελιδὼρ
3222 2028 3453 2108 ἦρπᾳκε.

2329 2100 2459 2179 Μεθ’
2487 2100 2551 2179 ἥν
2587 2100 2820 2179 ἅπανιιξες
2835 2100 2990 2179 sitat":
3009 2125 3074 2178 γυ
3084 2104 3231 2179 {meo
3248 2100 3460 2179 Eﬁpéon:

2328 2173 2670 2244 Ἐπιμύθιοψ
2704 2175 2773 2228 Τὸ
2804 2173 2854 2244 ἐξ
2887 2173 3318 2248 ἐράνόυάάλλοέ
3348 2173 3649 2232 διάλύεται.

2258 2281 2418 2346 Quod
2453 2280 2536 2335 sic
2567 2281 2851 2337 vertimus
2884 2299 2897 2337 :

2311 2388 2443 2453 Qum
2468 2388 2638 2450 jactat
2666 2388 2855 2453 alienis
2886 2389 3083 2438 amicta
3112 2389 3366 2453 plumulis

2309 2449 2566 2498 Praestare
2600 2451 2841 2500 volucres
2874 2456 3093 2501 caeteras
3115 2449 3426 2511 cornicula;

2310 2512 2549 2576 ljirundo
2580 2514 2808 2575 primum
2841 2514 3037 2576 deripit
3072 2529 3268 2563 munus
3300 2528 3477 2570 suum.

2308 2574 2508 2623 Exinde
2538 2574 2773 2639 reliquae,
2806 2581 2860 2625 et
2890 2574 3034 2626 nuda
3061 2579 3278 2627 tandem
3308 2578 3560 2626 cernitur.

2184 2671 2271 2725 10.
2306 2673 2380 2727 De
2408 2675 2593 2743 Αἰδορὶ
2618 2682 2777 2745 puteo
2802 2674 3019 2741 Asinus,
3067 2678 3211 2729 tom.
3244 2673 3340 2737 ΙΙΙ,
3379 2673 3479 2728 lib.
3512 2690 3569 2728 IV
3609 2674 3836 2730 advers.

2641 2747 2828 2811 Marc.,
2857 2762 2983 2817 cap.
3017 2747 3107 2814 23,
3142 2764 3198 2801 n.
3228 2746 3355 2800 349.

2255 2831 2325 2886 Ut
2356 2832 2789 2889 subaudiantur
2830 2834 3006 2888 verba
3035 2851 3047 2888 :
3076 2834 3223 2889 Modo
3251 2835 3423 2900 venis,
3455 2833 3612 2889 modo
3651 2851 3834 2906 appa-

2182 2922 2367 2975 ruisti.
2426 2923 2487 2975 In
2538 2938 2668 2976 eum
2720 2922 2817 2993 qui
2868 2922 3105 2977 aliunde
3153 2923 3506 2994 incognitus,
3549 2921 3841 2992 nullaque

2183 3010 2515 3065 celebritate
2550 3010 2807 3064 nominis
2840 3010 3175 3081 praeclarus,
3208 3014 3265 3065 et
3295 3011 3461 3082 quasi
3503 3026 3570 3065 ex
3618 3011 3842 3081 angulo

2183 3100 2356 3153 modo
2387 3100 2655 3165 advenit;
2694 3100 2793 3169 qui
2826 3099 3016 3166 latuit,
3048 3099 3189 3165 sive,
3224 3104 3289 3154 ut
3318 3100 3490 3154 verbo
3518 3100 3841 3155 Horatiano

429 3190 643 3246 renteS,
679 3180 1047 3269 collationem
1107 3177 1331 3269 ξβοίεεϐ·
1368 3177 1619 3269 Πξλλτευω
1670 3191 1803 3228 mox
1982 3189 2070 3227 86·
2104 3204 2146 3269 C
2185 3188 2546 3252 utar,fefellit
2577 3188 3119 3259 hactenus,quique
3149 3190 3344 3243 subito
3379 3205 3658 3260 magnum
3693 3190 3843 3259 quid

427 3269 602 3325 cundi
634 3268 868 3329 Christi,
902 3283 1071 3336 quem
1106 3265 1363 3319 Sotcrem
1411 3266 1633 3332 dicunt,
1667 3280 1732 3317 ex
1764 3260 2073 3317 collatione

426 3357 752 3429 composita
812 3354 1158 3424 fabricatio),
1226 3353 1635 3419 nihilominus,
1698 3351 1932 3422 quando
1984 3348 2071 3404 vel

425 3445 781 3517 exemplaria
811 3449 1149 3498 constanter
1180 3442 1389 3496 habent
1425 3460 1436 3496 :
1470 3458 1583 3497 gere
1610 3440 2070 3508 collatitio,video

426 3553 541 3591 non
568 3540 688 3590 tam
711 3533 976 3588 collatitio
999 3532 1109 3603 legi
1143 3548 1328 3602 posse,
1351 3532 1504 3602 quod
1538 3531 1813 3585 omnibus
1835 3528 2071 3583 obvium

428 3633 724 3695 est,quam
750 3622 1212 3691 collocatitio,pro
1243 3637 1353 3674 aere
1386 3619 1721 3673 mutuatitio
1754 3623 1809 3672 et
1840 3617 2068 3678 alieno;

429 3715 583 3786 quod
642 3712 699 3766 in
760 3728 941 3764 unum
1000 3712 1363 3765 conferentes
1428 3708 1562 3763 boni
1622 3708 1751 3777 viri,
1802 3711 1859 3761 et
1916 3705 2070 3776 apud

429 3803 681 3857 amicum
744 3799 1118 3870 negotiationi
1180 3800 1470 3853 intentum
1506 3797 1657 3851 212
1701 3794 2072 3861 collocantes,

430 3891 513 3945 sic
540 3889 708 3944 illum
742 3904 922 3959 quum
954 3893 1185 3955 ornant,
1219 3892 1343 3940 tum
1377 3887 1678 3956 adjuvant,
1712 3883 1874 3953 prius
1906 3882 1978 3936 ab
2007 3897 2073 3935 eo

430 3985 720 4036 caventes.
756 3977 916 4033 Unde
971 3977 1236 4030 fortassis
1268 3976 1439 4045 vulgo
1469 3974 1738 4027 Afrorum
1793 3973 2072 4026 usitatum

428 4069 484 4123 id
519 4074 631 4124 tem
646 4068 801 4139 poris
832 4065 1224 4137 proverbium,
1261 4069 1322 4117 ut
1349 4079 1462 4119 azre
1490 4061 1818 4117 collocatitio
1850 4059 2073 4130 aliquid

430 4158 553 4214 lieri
586 4157 1039 4215 disceretur.aut
1069 4154 1232 4207 dives
1264 4152 1560 4223 quispiam
1586 4150 2076 4217 essejactaretur,

431 4247 532 4319 qui
579 4244 831 4318 propriis
871 4244 1081 4314 Opibus
1131 4258 1247 4295 non
1298 4240 1558 4312 polleret,
1590 4239 1691 4293 sed
1741 4239 2075 4292 commoda-

429 4336 575 4391 titiis
606 4339 662 4389 et
694 4333 923 4387 alienis.
959 4332 1109 4386 Sane
1162 4330 1315 4400 apud
1368 4330 1648 4384 lrenmum
1680 4326 1794 4381 alio
1843 4325 1966 4381 loco
2008 4326 2079 4380 de

432 4424 540 4479 hoc
592 4424 716 4493 ipso
765 4422 963 4476 Sotere
1010 4421 1226 4491 legitur
1276 4436 1288 4474 :
1339 4418 1400 4472 In
1449 4434 1582 4471 eum
1631 4415 2077 4484 disponentibus

432 4513 589 4568 velut
616 4513 813 4567 florem
859 4526 1052 4577 suum,
1088 4512 1151 4563 ut
1198 4508 1613 4571 collocatitium,
1646 4505 1722 4560 sit
1752 4504 1843 4558 hic
1898 4505 2078 4575 depo-

2184 3282 2241 3332 et
2273 3277 2615 3348 praeclarum
2664 3278 2881 3332 audeat
2903 3278 3149 3348 jactare,
3180 3276 3299 3333 imo
3339 3278 3751 3332 auctoritatem
3788 3284 3847 3332 et

2182 3365 2607 3435 gratiam,cum
2642 3366 2795 3420 fama
2826 3366 2937 3421 sibi
2963 3366 3280 3421 vindicare.
3315 3366 3504 3429 Quum
3536 3365 3846 3437 Apologus

2180 3454 2334 3507 inter
2362 3454 2661 3525 .Esopicos
2694 3454 2789 3509 hic
2820 3470 2935 3509 non
2986 3458 3190 3522 exstet,
3224 3454 3390 3509 futile
3420 3458 3575 3510 esset
3608 3453 3841 3525 aliquid

2184 3542 2275 3596 hic
2306 3558 2373 3596 ex
2404 3543 2741 3611 conjectura
2770 3544 2998 3607 afferre,
3032 3544 3185 3598 unde
3214 3559 3417 3598 eorum
3464 3543 3541 3597 sit
3594 3559 3846 3613 prover-

2182 3631 2367 3696 bium,
2398 3631 2681 3702 quidquid
2733 3630 2829 3686 alii
2891 3637 3186 3703 nugentur
3235 3629 3357 3703 περὶ
3403 3636 3501 3698 τῆς
3551 3633 3648 3683 τοῦ
3704 3626 3842 3684 ὄνου

2182 3738 2286 3791 παρ
2296 3716 2563 3791 ακύψεως.

2184 3827 2335 3882 218
2372 3827 2455 3880 11.
2490 3826 2669 3895 Agina
2712 3826 2913 3893 media,
2948 3842 3044 3881 seu
3073 3827 3250 3897 aginae
3296 3826 3616 3897 zequilibrio
3663 3828 3849 3897 ferri,

2253 3903 2395 3952 tom.
2433 3898 2670 3969 IlI,,lib.
2715 3898 2928 3953 advers.
2962 3900 3236 3968 Hermog.,
3289 3916 3415 3969 cap.
3449 3899 3539 3964 41,
3573 3916 3633 3954 n.
3684 3901 3843 3967 142',

2256 3974 2312 4024 et
2340 3974 2481 4024 tom.
2516 3968 2582 4033 V,
2620 3968 2716 4022 lib.
2750 3970 2817 4023 de
2845 3969 3063 4037 Pudin,
3095 3987 3222 4042 cap.
3252 3969 3305 4037 9,
3339 3968 3396 4024 ἡ.
3426 3971 3517 4024 73.

2258 4059 2319 4112 In
2351 4058 2452 4112 lib.
2484 4058 2548 4111 de
2576 4058 2815 4113 Pudicz’t.
2850 4058 2967 4113 Non
3018 4061 3167 4114 enim
3196 4059 3519 4114 admittetur
3560 4059 3853 4131 exemplo-

2190 4163 2313 4200 rum
2362 4146 2697 4215 adeequatio,
2730 4147 2852 4201 licet
2900 4149 2959 4201 in
3004 4149 3170 4218 agina
3218 4149 3752 4218 congruentissima,
3806 4148 3860 4202 si

2184 4236 2353 4307 fuerit
2400 4234 2579 4289 saluti
2626 4238 3034 4291 nocentissima.
3088 4237 3170 4301 Si,
3228 4242 3291 4291 ut
3340 4237 3421 4290 ait
3470 4236 3739 4290 Rhenan.
3782 4253 3858 4290 ex

2187 4325 2374 4393 Festo,
2416 4325 2584 4394 agina
2634 4330 2724 4379 est
2769 4324 3031 4379 foramen
3081 4324 3227 4379 illud
3281 4325 3339 4379 in
3392 4342 3506 4395 quo
3558 4326 3864 4380 inseritur

2189 4429 2402 4484 scapus
2449 4413 2703 4478 trutinae,
2737 4413 2846 4468 hoc
2893 4418 3003 4479 est,
3033 4415 3088 4468 in
3119 4430 3233 4484 quo
3285 4414 3477 4486 agitur
3506 4414 3628 4469 sive
3657 4414 3862 4469 vesti-

2187 4506 2284 4555 tur
2342 4501 2580 4571 trutina,
2640 4507 2697 4556 et
2754 4507 2876 4557 tum
2927 4503 2985 4557 in
3047 4503 3238 4557 media
3296 4504 3465 4574 agina
3522 4502 3869 4557 consistere

431 4602 700 4657 sititium.
735 4600 894 4654 Idem
945 4572 1157 4652 sensus
1187 4598 1316 4665 erit,
1347 4597 1398 4649 si
1442 4596 1714 4649 collatz'tio
1764 4592 1943 4664 legas,
1974 4572 2081 4646 aut
2112 4572 2156 4635 D
2192 4590 2410 4644 trutina
2464 4590 2715 4655 dicatur,
2749 4591 2979 4660 quoties
3025 4591 3237 4646 accidit
3279 4572 3754 4663 aequipondium,
3796 4597 3869 4645 ut

433 4695 588 4746 certe
646 4705 763 4743 non
823 4701 1175 4755 magnopere
1233 4684 1520 4738 diversus.
1577 4682 1861 4753 Equidem
1923 4681 2077 4751 apud

433 4790 653 4836 veteres
704 4774 887 4831 multa
939 4774 1156 4829 fiebant
1202 4789 1307 4827 tere
1352 4773 1586 4833 collato;
1628 4771 1844 4842 quibus
1893 4770 2082 4841 operi-

436 4871 547 4923 bus
594 4866 1066 4921 inscribebantur
1094 4862 1180 4916 his
1236 4867 1384 4916 notas
1420 4877 1432 4915 :
1465 4878 1591 4915 sane
1620 4877 1740 4915 σοι.
1778 4860 1861 4913 Ad
1905 4875 2079 4930 quem

436 4962 669 5011 morem
712 4952 976 5007 fortassis
1027 4950 1121 5005 hic
1170 4950 1422 5021 respexit
1471 4949 1890 5005 Tertullianus.
1925 4948 2083 5018 Stips

437 5041 715 5099 collatitia
762 5058 891 5111 qua:
942 5040 999 5093 in
1049 5056 1371 5111 pauperum
1440 5056 1586 5095 usus
1643 5043 1915 5109 erogatur
1964 5054 1978 5103 ;
2027 5041 2084 5091 et

436 5130 657 5187 collatio
690 5129 809 5184 sive
840 5127 1099 5198 collecta,
1134 5145 1263 5200 quas
1292 5133 1347 5183 et
1379 5128 1641 5193 indictio,
1678 5125 2085 5198 pensitationis

438 5217 790 5290 pecuniariae
849 5233 1036 5289 genus
1085 5222 1193 5285 est,
1256 5225 1313 5271 et
1368 5210 1679 5288 σύμϐολον,
1737 5214 1966 5269 collatio
2026 5215 2085 5269 in

438 5323 613 5362 cmnaa
647 5314 995 5379 apparatum
1058 5308 1177 5361 sive
1237 5306 1593 5377 pecuniaria,
1627 5304 1747 5359 sive
1784 5302 2084 5375 penuaria.

440 5396 526 5452 Un
542 5396 602 5451 ie
632 5395 792 5451 Cinna
824 5397 1093 5451 collutitia
1124 5395 1414 5450 sodalium
1447 5398 1548 5449 aut
1580 5392 2085 5448 contubernalium

440 5485 784 5552 accubatio,
855 5485 955 5538 ubi
1023 5501 1161 5539 suas
1232 5484 1482 5555 quisque
1549 5482 1801 5536 afferunt
1862 5481 2088 5553 epulas,

441 5571 671 5650 ἔρανος;
707 5574 1076 5647 proverbium
1124 5572 1183 5626 in
1237 5588 1336 5627 eos
1384 5570 1686 5627 conveniet
1729 5572 1829 5641 qui
1879 5587 1981 5642 per
2029 5586 2091 5625 se

441 5664 590 5723 nihil
646 5662 862 5731 valent,
904 5664 1003 5719 sed
1064 5660 1169 5716 toti
1220 5660 1429 5718 alienis
1487 5659 1605 5715 nixi
1659 5666 1799 5715 sunt
1853 5660 2089 5731 epinus,

2193 4684 2400 4733 neutra
2434 4695 2568 4749 pars
2600 4679 3157 4752 propendeatzidcm
3192 4680 3301 4735 erit
3318 4697 3449 4735 cum
3470 4697 3612 4735 ansa
3636 4682 3870 4751 (quan-

2192 4774 2321 4824 tum
2375 4770 2442 4824 ad
2497 4771 2784 4841 proverbii
2836 4771 3053 4841 usum),
3088 4788 3213 4841 qua:
3263 4776 3353 4825 est
3402 4764 3571 4838 λαϐή,
3613 4771 3667 4824 in
3729 4788 3864 4842 quo

2191 4874 2430 4914 examen
2480 4860 2748 4926 vertitur,
2781 4860 2901 4915 sive
2932 4859 2991 4913 in
3040 4860 3211 4929 cujus
3263 4858 3590 4915 meditullio
3622 4858 3876 4931 lingula

2192 4950 2555 5015 obversatur,
2591 4949 2778 5004 ethuc
2802 4948 2939 5003 illuc
2966 4954 3155 5015 nutat,
3190 4949 3327 5003 dum
3350 4948 3619 5004 lancibus
3648 4966 3872 5020 aequa-

2193 5038 2267 5091 tis
2319 5038 2671 5108 respondeat
2730 5054 2955 5093 summo
3017 5040 3256 5109 puncto,
3299 5038 3407 5092 hoc
3464 5042 3575 5103 est,
3636 5043 3874 5094 neutro

2194 5125 2458 5190 inclinet,
2493 5126 2593 5181 sed
2647 5143 2810 5198 isquo
2842 5132 3138 5182 momento
3187 5125 3503 5181 discrimen
3534 5127 3878 5197 partiatur.

2198 5214 2350 5269 Usus
2382 5215 2669 5286 proverbii
2719 5231 2847 5269 esse
2880 5214 3085 5286 poterit
3116 5215 3177 5269 in
3226 5230 3324 5270 eos
3357 5216 3454 5286 qui
3499 5219 3877 5271 neutrarum

2197 5304 2451 5375 partium
2487 5308 2646 5367 sunt,
2681 5304 2765 5357 sic
2796 5309 2860 5357 ut
2891 5320 3078 5374 neque
3109 5304 3237 5368 hos,
3274 5320 3461 5374 neque
3500 5303 3630 5358 illos
3663 5305 3884 5360 offen-

2198 5392 2359 5445 dant.
2398 5393 2456 5445 In
2489 5408 2586 5446 eos
2619 5394 2717 5463 qui
2771 5393 3016 5447 virtutes
3065 5392 3523 5463 amplectuntur,
3556 5408 3682 5463 qua:
3736 5410 3887 5449 me-

2199 5479 2544 5535 diocricatcs
2576 5486 2714 5535 sunt
2744 5483 3011 5552 quaedam
3044 5481 3195 5536 inter
3224 5485 3480 5537 extrema
3510 5481 3649 5535 vitia
3680 5498 3893 5539 cons-

2199 5569 2407 5623 titutis.
2444 5569 2505 5622 In
2548 5570 2781 5638 judices
2836 5570 3114 5641 integros,
3154 5573 3211 5626 et
3259 5568 3498 5626 similia.
3532 5570 3893 5629 Videantur

2200 5662 2413 5712 Annot.
2450 5657 2707 5714 Pamelii.
