4072 6190
269 309 375 369 261

1448 316 2047 384 PROVERBIALES
2089 322 2528 389 FORMULE.

3572 349 3694 409 262

310 445 389 500 12.
422 445 748 503 Alexandro
788 448 1276 553 sublimioratgm.
1312 455 1353 521 Ι,
1386 451 1606 524 Apolog.
1640 470 1766 526 cap.
1804 454 1890 511 11.
1959 457 2014 524 Α
2044 462 2304 516 montem
2333 462 2526 519 Athon
2558 463 2834 539 incolant,
2854 470 3121 540 viperinis
3146 476 3421 534 carnibus
3451 479 3687 553 aliquod

984 538 1043 575 n.
1090 523 1214 577 173.

342 625 401 679 In
441 623 579 679 elati
634 625 969 699 excelsique
1016 627 1197 683 animi
1243 629 1534 688 homines.
1571 633 1931 688 Decantatis-

266 713 417 767 sima
447 714 631 768 animi
667 715 729 769 in
769 716 1091 771 Alexandro
1140 717 1350 789 Magno
1400 718 1669 787 altitudo,
1706 738 1834 793 quze
1865 722 1925 777 in

266 801 438 857 dictis
477 804 644 873 iuxta
675 821 743 859 ac
774 804 943 860 factis
993 805 1224 862 enituit.
1258 807 1363 870 Qui
1414 807 1560 862 nihil
1614 810 1724 864 sibi
1768 811 1925 880 quod

266 893 390 963 ipse
430 893 761 962 perﬁceret,
813 910 846 949 a
893 898 1054 965 patre
1106 894 1377 967 relinqui,
1433 914 1579 968 puer
1633 897 1925 967 doluerit;

263 982 366 1049 qui
396 981 457 1034 in
486 980 779 1053 Olympiis
833 983 1087 1038 stadium
1118 984 1447 1052 decurrere,
1482 986 1595 1041 nisi
1637 1004 1771 1042 cum
1822 1005 1928 1043 an-

260 1071 581 1140 tagcnistis
602 1072 864 1143 regibus,
884 1073 1195 1141 recusarit;
1220 1074 1319 1145 qui
1344 1075 1651 1130 asiaticum
1678 1093 1923 1148 regnum

260 1159 565 1229 dispertiri
596 1176 731 1215 cum
764 1160 963 1225 Dario,
994 1162 1169 1217 rebus
1200 1162 1469 1234 integris,
1505 1163 1787 1233 noluerit;
1821 1166 1925 1237 qui

258 1265 450 1319 quum
484 1249 559 1304 ab
591 1252 933 1320 Anaxagora
982 1250 1437 1308 innumerabiles
1487 1269 1615 1309 esse
1670 1256 1924 1311 mundos

257 1337 551 1405 audisset,
586 1337 983 1410 illacrymarit,
1016 1339 1117 1411 qui
1169 1341 1385 1396 nedum
1428 1342 1605 1397 unius
1646 1343 1921 1401 dominus

256 1432 417 1481 esset
450 1426 660 1482 factus.

360 1535 451 1589 13.
482 1535 759 1591 Amazona
791 1534 1076 1603 audacior,
1112 1539 1252 1591 tom.
1286 1537 1382 1601 IIl,
1416 1536 1518 1592 lib.
1552 1554 1569 1593 1
1600 1538 1816 1594 advers.

764 1607 951 1675 illam,
984 1624 1112 1679 cap.
1150 1610 1201 1674 1,
1236 1627 1293 1664 n.
1332 1610 1416 1663 14.

330 1695 677 1763 Amazones,
710 1694 796 1751 vel
828 1712 1138 1766 amazome,
1171 1696 1470 1769 singulare
1510 1698 1775 1753 omnium
1810 1716 1913 1755 saa-

255 1782 531 1837 culcrum
580 1784 898 1855 exemplar,
930 1786 1123 1856 inquit
1168 1786 1386 1841 Justin.
1425 1785 1525 1842 lib.
1559 1805 1621 1842 u.
1655 1790 1913 1853 Quarum

257 1872 522 1926 audacias
570 1872 701 1943 plus
749 1890 925 1943 quam
972 1874 1161 1930 virilis
1212 1875 1383 1947 plena
1431 1876 1710 1941 facinora,
1744 1878 1915 1946 bella,

258 1959 663 2030 expeditiones
686 1968 1241 2019 commemorantur.
1265 1966 1337 2019 At
1364 1965 1639 2036 quoniam
1674 1968 1919 2023 audacia

256 2047 323 2102 in
356 2048 633 2103 muliebri
674 2066 815 2105 sexu
857 2067 992 2106 cum
1022 2052 1390 2122 impudentia
1439 2054 1784 2127 plerumque
1831 2060 1921 2111 est

255 2138 596 2207 conjuncta,
629 2139 1000 2208 proverbium
1028 2141 1085 2194 in
1118 2158 1217 2197 eos
1248 2144 1568 2211 conveniet,
1594 2145 1694 2216 qui
1724 2144 1916 2217 impu-

256 2226 470 2279 denter
500 2232 639 2281 sunt
671 2228 922 2283 audaces
948 2232 1004 2284 et
1023 2230 1343 2286 temerarii.
1368 2231 1691 2288 Videantur
1713 2236 1913 2289 Adnct.

256 2313 525 2368 Pamelii.

334 2420 419 2473 14.
454 2421 820 2498 Ariesjuuos
842 2426 1208 2498 _temperatur,
1234 2440 1338 2497 quo
1367 2436 1666 2498 quassatur
1692 2445 1839 2497 caro,

376 2498 521 2546 tom.
558 2493 653 2557 III,
688 2492 787 2549 lib.
821 2494 885 2549 de
914 2492 1117 2549 resurr.
1151 2492 1333 2563 carm,
1366 2492 1493 2570 cap.
1527 2500 1582 2565 5,
1616 2518 1672 2554 n.
1708 2502 1794 2555 43.

327 2598 515 2662 Aries,
536 2599 701 2653 trabs
726 2600 965 2655 funibus
989 2606 1174 2666 tensa,
1200 2620 1510 2675 suspensa,
1533 2606 1704 2676 cujus
1737 2612 1916 2679 caput

250 2688 411 2741 ferro
443 2688 713 2753 vestitur,
747 2694 812 2742 ut
840 2689 1247 2759 durissimam,
1281 2694 1481 2748 arietis
1512 2694 1720 2763 instar,
1754 2697 1913 2751 fron-

248 2779 373 2830 tem
406 2774 675 2831 videatur
703 2777 938 2848 habere,
976 2784 1034 2834 et
1082 2797 1245 2836 more
1288 2782 1465 2837 etiam
1518 2784 1716 2840 arietis
1765 2790 1913 2840 retro

250 2864 514 2929 ducitur,
552 2870 616 2919 ut
645 2866 868 2936 majore
899 2867 1122 2937 impetu
1165 2868 1352 2929 feriat.
1386 2872 1745 2943 subruatque
1779 2891 1913 2928 mu-

248 2970 371 3008 ros.
410 2953 557 3008 Hinc
584 2955 829 3009 verbum
877 2958 1200 3027 temperari,
1234 2960 1383 3030 quod
1437 2961 1495 3016 in
1544 2968 1828 3033 apparatu
1859 2968 1916 3019 et

244 3042 569 3097 libratione
621 3043 681 3096 in
729 3044 883 3099 ictus
936 3045 1251 3117 destinata,
1291 3053 1414 3103 arte
1464 3067 1611 3121 opus
1660 3057 1813 3106 esset
1860 3056 1917 3107 et

246 3135 416 3184 certa
448 3134 865 3202 temperatura.
899 3133 1217 3207 Subjungit
1248 3136 1640 3193 Tertullianus
1667 3141 1910 3196 verbum

2045 552 2200 603 certe
2249 557 2664 621 argumentum
2723 563 2813 613 est
2863 561 3064 615 veneni
3116 563 3311 621 minus
3358 552 3687 629 efﬁcientis.

2041 635 2347 693 Proverbio
2367 642 2543 711 igitur
2560 644 2672 699 isto
2692 647 3117 715 significabitur
3140 654 3689 722 pestilentissimum

2041 741 2073 779 a
2105 725 2301 782 minus
2336 730 2485 785 malo
2517 732 2586 786 ad
2621 735 2945 804 nequitiam
2980 739 3227 795 edoceri.

2042 831 2126 884 17.
2159 834 2420 892 AttalicasD
2457 837 2691 909 divitiae,
2723 843 2967 969 tombg’,
3001 844 3100 900 lib.
3134 847 3199 902 de
3225 851 3405 921 Jejun.
3440 870 3564 927 cap.
3602 860 3690 927 15,

2774 931 2831 969 n.
2942 959 2951 967 .

2774 931 2831 969 IL
2863 931 2951 969 υό.

2108 1009 2166 1063 Si
2233 1012 2480 1071 Attalicas
2554 1016 2800 1088 legatur,
2859 1022 3003 1077 nihil
3080 1026 3477 1099 difﬁcultatis;
3540 1039 3687 1091 nota:

2034 1098 2222 1191 Attali,
2276 1102 2429 1173 regis
2478 1107 2838 1178 Pergameni,
2890 1111 3119 1183 divitis,
3151 1132 3295 1186 quas
3351 1098 3485 1191 pop.
3506 1122 3689 1182 'Rom.

2034 1202 2103 1241 ex
2132 1187 2457 1247 hereditate
2488 1194 2720 1250 adierit.
2756 1197 2834 1252 De
2866 1216 2980 1270 quo
3012 1202 3206 1259 Horat.
3241 1205 3298 1261 in
3332 1187 3471 1265 (ldis
3510 1228 3522 1265 :

2342 1316 2457 1382 μοι]
2492 1330 2624 1382 opes
2661 1332 2835 1382 neque
2864 1323 3035 1375 Attali

2340 1376 2565 1440 Ignotus
2596 1376 2769 1432 hazreé
2802 1387 2999 1448 regiam
3034 1392 3310 1452 occupavi.

2030 1489 2100 1543 Et
2127 1491 2383 1548 Attalicis
2413 1496 2869 1556 conditionibus.
2905 1502 2975 1556 Ut
3007 1505 3329 1577 magnificae
3373 1514 3429 1564 et
3477 1528 3685 1584 super-

2027 1595 2290 1636 vacanea:
2322 1582 2432 1637 illa:
2466 1585 2680 1643 divitiae
2721 1594 2895 1660 atque
2928 1592 3166 1663 delicize,
3202 1598 3336 1667 pani
3386 1582 3685 1672 opponan-

2027 1671 2156 1735 tur;
2209 1670 2317 1726 hoc
2374 1678 2465 1727 est
2516 1675 2959 1746 simplicissimo
2991 1681 3191 1738 victui.
3227 1686 3328 1741 Sin
3377 1670 3689 1777 Attellanae,

2025 1765 2347 1828 personatus
2380 1761 2490 1816 illas
2523 1763 2579 1817 in
2615 1765 2774 1820 cultu
2809 1772 2865 1823 et
2904 1770 3163 1827 vestibus
3192 1773 3435 1832 lautitiae
3465 1761 3690 1836 intelli:

2024 1852 2255 1943 geritur.
2309 1850 2455 1905 Nam
2505 1853 2804 1910 Altellanis
2851 1858 2943 1927 (ex
2991 1862 3173 1916 Atella
3205 1863 3534 1936 Campania;
3580 1888 3686 1943 cp-

2031 1935 2189 2006 pido)
2211 1936 2600 1995 histrionibus
2631 1943 3049 2014 celeberrimis,
3075 1948 3180 2005 hoc
3206 1954 3308 2022 jus
3338 1935 3682 2016 concessum

2029 2029 2170 2092 erat,
2206 2030 2269 2080 ut
2301 2028 2611 2083 Personam
2647 2032 2704 2085 in
2735 2050 2908 2089 scena
2938 2037 3225 2108 deponere
3256 2060 3370 2098 non
3403 2062 3687 2118 cogeren-

2027 2116 2144 2198 tur.
2196 2114 2358 2171 Unde
2411 2118 2616 2173 fabulae
2678 2131 3003 2193 personata:
3058 2145 3160 2198 pro
3217 2114 3511 2190 Attellamfs
3569 2152 3685 2192 κατ’

2027 2194 2247 2276 ἔξοχην.
2282 2206 2515 2261 Dicetur
2558 2208 2613 2262 in
2650 2212 2927 2267 vestitum
2977 2232 3495 2291 supervacaneum,
3528 2232 3584 2281 et
3614 2230 3685 2283 ad

2026 2292 2229 2349 luxum
2263 2298 2835 2372 ostentationemque
2865 2313 3289 2376 comparatum.

2027 2400 2112 2454 18.
2144 2401 2184 2455 A
2215 2405 2343 2468 toga
2371 2403 2440 2458 ad
2466 2406 2727 2495 pallium,
2755 2413 2895 2464 tom.
2928 2411 2970 2495 In,
3002 2411 3207 2495 ΙΙΙ).ρξ
3235 2418 3434 2491 Pallio,
3469 2438 3597 2495 cap.
3623 2425 3683 2493 5,

2468 2493 2523 2530 n.
2556 2478 2646 2544 94,
2680 2485 2737 2534 et
2768 2499 2896 2553 cap.
2928 2485 2981 2553 6,
3017 2502 3073 2539 n.
3111 2487 3231 2542 116.

2097 2580 2433 2639 RHENANUS.
2486 2587 2732 2641 Pallium
2764 2589 3089 2648 Graecorum
3141 2600 3263 2651 erat
3314 2602 3370 2653 et
3418 2602 3683 2671 philoso-

2025 2668 2297 2739 phorum.
2330 2672 2446 2727 Hoc
2491 2675 2666 2730 etiam
2703 2677 2966 2745 Romani,
3001 2690 3128 2750 toga
3177 2668 3682 2758 rejecta,_amicie-

2024 2759 2257 2813 bantur.
2293 2760 2437 2814 Hinc
2468 2761 2611 2817 illud
2663 2766 3007 2824 admirantis
3055 2771 3211 2843 vulgi
3265 2776 3576 2835 dicterium
3609 2784 3679 2839 de

2024 2847 2452 2918 potentioribus
2481 2851 2551 2905 ad
2575 2851 2956 2909 Christianam
2992 2858 3327 2930 religionem
3359 2869 3681 2939 transgres-

2025 2934 2127 2997 sis,
2158 2937 2198 2990 A
2249 2940 2374 3004 toga
2421 2940 2494 2992 ad
2548 2940 2805 3009 pallium.
2845 2944 3007 3000 Unde
3062 2953 3256 3004 motus
3316 2934 3559 3010 Tertull:
3614 2963 3678 3013 ut

2025 3024 2306 3079 scriberet
2342 3042 2443 3096 pro
2484 3027 2664 3098 pallio
2716 3028 2952 3086 librum.
2986 3035 3280 3093 Ammian.
3314 3039 3569 3098 Marcell.
3605 3047 3675 3102 de

2022 3111 2257 3167 Juliano
2320 3122 2567 3186 Aug.:-
2620 3117 2878 3188 Namque
2932 3121 2989 3176 in
3049 3141 3210 3195 pace,
3273 3126 3485 3201 inquit,
3546 3134 3676 3204 ejus

244 3192 821 3291 quassatur..Virgil.:
849 3244 875 3271 ‹‹
910 3192 1232 3280 Pulsabant
1264 3226 1439 3281 ariete
1473 3192 1912 3296 muros,
1943 3192 1985 3258 Ο
2024 3217 2360 3296 meris”?
2393 3204 2659 3296 “3W”?
2690 3212 2814 3261 erat
2860 3214 3012 3265 recte
3050 3192 3436 3274 hascicntigus
3471 3192 3676 3277 ’δίάῖηῇ

245 3309 435 3363 ariete
496 3309 696 3363 crebro
745 3310 953 3380 janua,
1000 3312 1225 3369 Arietat
1280 3314 1337 3369 in
1388 3320 1659 3386 portas.»
1692 3317 1910 3387 Cicero,

246 3419 276 3446 ι(
312 3396 483 3451 Aries
543 3412 780 3453 murum
839 3402 1268 3471 percusserit.»
1301 3404 1741 3461 Proverbialiter
1800 3407 1913 3463 dici

246 3488 491 3556 poterit,
524 3502 627 3556 pro
671 3503 737 3542 eo
783 3491 937 3560 quod
970 3491 1226 3546 validum
1279 3500 1689 3564 argumentum
1740 3497 1912 3553 nobis

245 3575 552 3644 objicitur,
589 3576 744 3646 quod
794 3578 1035 3633 difﬁcile
1086 3580 1162 3634 sit
1210 3580 1549 3639 dissolvere.
1596 3589 1813 3656 Aperta
1858 3586 1912 3640 vi

245 3679 692 3734 oppugnamur.
714 3664 785 3719 Ut
815 3666 1027 3723 arietes
1059 3673 1114 3723 et
1144 3670 1402 3726 cuniculi
1434 3672 1494 3727 in
1526 3676 1911 3747 argumentis,

246 3750 409 3804 inter
440 3765 505 3805 se
535 3758 930 3823 opponantur.

248 3857 411 3911 214
458 3856 546 3910 15.
578 3858 817 3914 Aristide
853 3861 1283 3990 justiorhtgom.
1319 3866 1362 3931 Ι,
1394 3866 1613 3937 Apolog.
1661 3884 1786 3939 cap.
1824 3870 1914 3941 11,

976 3950 1032 3987 n.
1188 3977 1200 3989 .

976 3950 1032 3987 D.
1078 3950 1200 3989 115.

324 4018 473 4072 Tam
508 4017 754 4075 celebris
798 4021 951 4092 apud
984 4022 1235 4091 Grmcos,
1267 4029 1324 4081 et
1370 4027 1693 4098 praesertim
1734 4028 1914 4083 Athe-

245 4107 515 4173 nienses,
539 4107 777 4178 justitia
804 4116 860 4163 et
888 4112 1132 4182 azquitas
1167 4115 1447 4185 Aristidis,
1476 4121 1538 4170 ut
1566 4120 1662 4169 τοῦ
1693 4116 1913 4171 Amalec

244 4201 716 4267 cognomentum
769 4200 1067 4255 meruerit.
1104 4203 1291 4259 Tanta
1324 4221 1439 4259 non
1487 4205 1683 4277 legum
1717 4208 1910 4276 modo,

244 4284 355 4337 sed
388 4284 538 4354 aequi
582 4285 720 4341 boni
752 4288 931 4344 etiam
984 4290 1096 4345 fuit
1143 4291 1202 4345 in
1256 4292 1493 4349 homine
1523 4296 1911 4368 observantia,

246 4378 316 4427 ut
352 4372 464 4427 hoc
508 4373 631 4428 solo
680 4376 916 4431 nomine
947 4378 1005 4433 in
1038 4380 1309 4435 exsilium
1370 4384 1441 4437 ab
1500 4384 1785 4457 improbis
1838 4387 1916 4441 sit

245 4462 503 4530 ejectus,
523 4467 579 4515 et
601 4461 852 4521 diversis
886 4466 1101 4523 studiis
1126 4484 1259 4523 cum
1283 4469 1676 4529 Themistocle
1706 4478 1909 4547 Remp.

244 4550 319 4603 ad
338 4549 713 4606 ministrarit.

324 4656 412 4709 16.
449 4656 669 4735 Aspisa
701 4659 890 4735 vipera
920 4676 1188 4717 venenum
1227 4668 1532 4730 mutuatur,
1567 4670 1706 4722 tom.
1744 4668 1838 4735 ΙΙΙ,

561 4728 662 4784 lib.
698 4728 765 4784 iii
793 4733 914 4786 adv.
950 4737 1149 4801 Μαῖα,
1183 4751 1310 4807 cap.
1339 4738 1393 4804 8,
1428 4755 1485 4793 n.
1516 4728 1605 4793 53.

324 4836 409 4888 De
441 4834 633 4904 aspide
672 4836 757 4891 sic
804 4835 951 4892 Plin.
984 4838 1086 4894 lib.
1114 4858 1236 4912 νιιι,
1267 4859 1393 4914 cap.
1423 4844 1494 4898 23
1528 4862 1541 4901 :
1576 4844 1735 4901 Colla
1762 4847 1913 4917 aspi—

248 4921 381 4975 dum
414 4922 812 4979 intumescere
847 4925 1006 4981 nullo
1051 4928 1203 4985 ictus
1236 4932 1492 4988 remedio
1522 4939 1911 5007 praeterquam

247 5011 300 5065 si
363 5010 675 5067 confestim
732 5020 928 5084 partes
988 5023 1269 5075 contactae
1326 5026 1909 5093 amputentur:tam

252 5106 728 5169 presentaneum
786 5103 1011 5161 scilicet
1066 5113 1157 5163 est
1214 5125 1524 5166 venenum.
1570 5113 1645 5167 De
1704 5113 1910 5185 vipera,

250 5188 456 5242 eodem
509 5189 611 5245 lib.
644 5207 774 5262 cap.
808 5193 877 5245 29
910 5209 922 5247 :
955 5197 1302 5268 Serpentum
1344 5200 1554 5270 vipera,
1587 5200 1711 5256 sola
1756 5206 1912 5258 terra

251 5275 473 5331 dicitur
501 5281 695 5346 condi,
728 5285 950 5336 caeteras
982 5285 1259 5341 arborum
1296 5293 1395 5343 aut
1424 5306 1695 5345 saxorum
1730 5291 1907 5347 cavis.

250 5364 359 5417 Sed
392 5366 634 5422 Aristot.
671 5370 771 5423 lib.
804 5387 859 5437 ν,
888 5371 953 5427 de
980 5374 1193 5430 Natura
1223 5378 1468 5432 animat.
1501 5386 1705 5435 contra
1730 5381 1911 5435 tradit

252 5455 505 5521 viperam
559 5459 671 5512 sub
728 5461 909 5529 petris
971 5479 1099 5518 sese
1157 5467 1426 5532 condere,
1478 5468 1733 5540 reliquas
1789 5486 1911 5525 ser-

255 5550 457 5613 pentes
518 5548 576 5600 in
636 5552 791 5603 terra
849 5550 1004 5621 abdi,
1056 5570 1262 5609 omnes
1320 5573 1589 5613 secessus
1647 5565 1909 5629 tempore

255 5646 477 5690 veneno
525 5634 679 5691 orba:
729 5636 1053 5696 dormiunt.
1108 5642 1235 5700 Lib.
1266 5661 1367 5716 vn,
1414 5661 1540 5718 cap.
1574 5649 1627 5715 2,
1680 5646 1761 5703 ait
1806 5647 1908 5719 qui

2024 3290 2227 3359 randa,
2259 3291 2415 3346 velut
2445 3293 2515 3347 ad
2545 3295 2785 3361 pallium
2817 3314 2947 3353 mox
2981 3304 3289 3360 reversuri.
3322 3329 3350 3355 ››

2061 3397 2647 3490 19.Δϐκσυξηιή“ρςᾶῖεο
2696 3402 2753 3456 in
2777 3405 3050 3490 'eamdem
3096 3410 3357 3490 deductus
3401 3416 3635 3490 foveam,

2165 3475 2307 3523 tom.
2344 3469 2436 3538 ΙΙΙ,
2471 3470 2572 3525 lib.
2600 3490 2682 3542 ιιι,
2716 3476 2840 3530 adv.
2880 3481 3080 3545 Marc.,
3115 3498 3241 3553 cap.
3266 3485 3318 3551 7,
3353 3469 3411 3540 n:
3442 3469 3530 3542 44.

2092 3575 2469 3630 Proverbium
2491 3578 2576 3632 vel
2614 3579 2725 3651 ipsi
2756 3584 3042 3640 Servatori
3067 3586 3372 3657 usitatum,
3397 3591 3531 3649 Luc.
3556 3612 3673 3665 xvr,

2023 3663 2252 3735 quoties
2287 3664 2558 3721 indoctus
2591 3668 2889 3725 indoctum
2922 3672 3127 3730 docere
3158 3683 3422 3743 conatur,
3451 3682 3540 3737 vel
3572 3663 3678 3739 im-

2024 3753 2281 3824 prudens
2331 3752 2689 3824 imprudenti
2718 3758 2855 3812 dare
2895 3762 3232 3834 consilium,
3265 3772 3437 3838 atque
3485 3770 3567 3827 ita
3616 3773 3675 3828 in

2023 3842 2258 3896 eosdem
2291 3857 2538 3910 errores,
2574 3848 2673 3899 aut
2710 3862 2918 3916 pravas
2966 3852 3271 3921 opiniones
3302 3873 3500 3912 secum
3532 3876 3676 3930 prae-

2023 3928 2245 4000 cipitat.
2272 3931 2421 3987 215
2446 3932 2790 3989 Tertullian.
2812 3935 2895 3991 sic
2918 3938 3356 4014 interpretatur,
3378 3946 3449 4002 ab
3471 3928 3675 4007 eodem

2021 4020 2307 4076 rationem
2339 4038 2601 4077 errorum
2635 4028 2691 4078 et
2722 4026 3001 4082 ducatum
3036 4034 3316 4089 mutuari.

2019 4127 2109 4180 20.
2146 4126 2323 4181 Caecus
2362 4129 2421 4182 in
2465 4133 2683 4210 petram
2738 4131 2984 4210 oﬂendil,
3020 4140 3159 4210 tom.
3195 4137 3290 4209 III,
3325 4139 3423 4195 lib.
3460 4159 3514 4210 ν,
3547 4144 3669 4201 adv.

2501 4200 2690 4269 Mam,
2726 4200 2852 4274 cap.
2886 4206 2940 4271 7,
2971 4200 3031 4259 ἠ.
3068 4209 3189 4263 119.

2093 4303 2493 4360 Tertullianus
2538 4306 2847 4379 allegorice
2896 4311 2966 4366 de
3013 4312 3326 4381 Marcione,
3362 4318 3484 4387 qui,
3517 4336 3665 4377 erro~

2024 4408 2151 4446 rum
2208 4393 2488 4463 pravitate
2532 4400 2872 4465 excaecatus,
2908 4399 3059 4455 male
3108 4401 3177 4457 de
3228 4402 3456 4460 Christo
3487 4408 3676 4479 (petra

2024 4480 2295 4551 spiritali)
2354 4482 2612 4538 sentiret.
2674 4489 2798 4540 Non
2858 4488 3127 4545 absimile
3168 4510 3181 4549 :
3230 4493 3559 4567 Impingere
3614 4498 3674 4554 in

1943 4564 1989 4629 D
2019 4568 2350 4639 scopulum,
2384 4569 2484 4625 lib.
2528 4575 2597 4627 de
2647 4575 2930 4641 Trinitate,
2968 4593 3091 4647 cap.
3126 4581 3195 4634 28
3231 4597 3244 4636 :
3288 4564 3505 4639 Duobus
3554 4587 3677 4642 istis

2027 4657 2180 4727 locis,
2215 4659 2540 4728 quibusdam
2581 4663 2785 4733 effossis
2831 4665 3136 4722 luminibus
3166 4670 3409 4737 orbatus,
3443 4677 3584 4728 totus
3614 4678 3676 4730 in

2022 4746 2279 4801 doctrinae
2336 4765 2449 4804 sua:
2504 4754 2746 4806 caecitate
2800 4764 3111 4825 superatus.
3170 4757 3558 4831 Usurpabitur
3613 4765 3671 4821 in

2023 4851 2156 4889 eum
2190 4852 2364 4907 quem
2390 4837 2721 4909 opinionem
2756 4844 3107 4912 perversitas
3139 4847 3210 4901 ad
3239 4849 3496 4907 absurda
3526 4870 3678 4925 quai-

2024 4925 2379 4996 praecipitem
2407 4927 2546 4997 agit.

2056 5032 2146 5086 21.
2182 5030 2409 5107 Εᾶῗάϐνίξ
2444 5035 2711 5102 cominus,
2743 5039 2881 5091 tom.
2919 5038 3017 5107 Ill,
3067 5038 3167 5095 lib.
3202 5059 3241 5096 II
3292 5043 3413 5100 adv.
3459 5052 3635 5105 Marc.

2197 5121 2316 5175 cap.
2351 5105 2477 5169 ult.,
2510 5108 2714 5177 n.205,
2748 5114 2804 5163 et
2834 5108 2936 5163 lib.
2972 5105 3032 5181 1i,
3066 5128 3192 5184 cap.
3220 5116 3274 5182 5,
3310 5133 3365 5169 n.
3404 5118 3489 5173 14,

2092 5209 2369 5266 Cominus
2436 5213 2657 5279 credere,
2727 5217 2972 5271 cominus
3027 5216 3329 5287 dimicare,
3406 5221 3675 5295 συστάδην

2026 5294 2313 5369 μάχεσθαι,
2360 5298 2447 5351 καὶ
2504 5298 2751 5375 ἐγγύθενς
2803 5304 2897 5356 cui
2946 5308 3330 5379 contrarium,
3363 5309 3669 5387 πόῤῥωοεν,

2022 5382 2109 5437 διὰ
2141 5382 2379 5459 δορᾶτων
2435 5387 2469 5455 ἢ
2523 5388 2717 5463 βέλων.
2751 5391 3126 5450 Translalum
3180 5414 3212 5452 a
3261 5382 3523 5473 bello,vin
3557 5382 3672 5474 quo

2022 5492 2176 5529 nunc
2208 5477 2461 5531 conserti
2510 5485 2773 5551 pugnant
2821 5482 3051 5553 gladiis,
3089 5489 3147 5539 et
3194 5504 3520 5555 conserere,
3554 5490 3673 5545 sive

2019 5566 2278 5617 conferre
2303 5581 2516 5622 manus
2540 5568 2839 5638 dicuntur,
2872 5589 3027 5627 nunc
3053 5575 3340 5631 machinis
3363 5582 3463 5630 aut
3492 5576 3669 5633 etiam

2020 5652 2271 5710 amentis
2303 5657 2505 5727 procul
2539 5658 2651 5716 tela
2682 5659 2737 5715 in
2772 5659 3003 5718 hostem
3038 5668 3393 5733 torquentes.
3427 5663 3670 5723 Utemur
