4072 6190
424 317 547 380 283

1493 315 1598 377 EX
1637 313 2182 379 APOLOGETIGO
2222 314 2758 380 TERTULLIANI

3712 317 3829 377 264

423 467 510 518 eo,
545 466 678 506 cum
727 449 1059 522 significare
1087 449 1446 505 voluerimus
1493 465 1601 505 nos
1648 465 1771 505 rem
1822 448 2065 521 propius
2094 458 2148 524 Α
2253 451 2314 505 Id
2346 455 2483 507 est:

422 555 527 596 seu
569 541 640 594 de
692 540 1020 611 prepinquo
1053 539 1196 595 velle
1247 539 1591 611 expendere,
1625 539 1864 608 agitare,
1896 554 2072 609 argu-

423 635 620 685 menta
659 646 727 684 ex
773 629 850 684 rei
903 629 1091 700 ipsius
1140 633 1369 695 natura,
1405 645 1519 683 non
1569 628 1932 683 extrinsecus
1979 643 2071 682 as-

419 724 676 790 sumpta,
711 720 782 773 ad
835 718 1252 772 inﬁrmandam
1302 716 1553 788 alicujus
1603 717 1955 772 sententiam
1987 716 2070 772 af-

419 808 589 862 ferre.

469 915 558 969 22.
594 916 668 969 De
695 913 943 968 calcaria
971 912 1041 966 ad
1069 913 1474 979 carbonariam,
1509 914 1651 966 tom.
1688 910 1784 976 ΙΙΙ,
1817 908 1918 965 lib.
1951 909 2016 963 de

792 986 965 1039 Carne
1000 985 1222 1050 Christi,
1259 1002 1386 1055 cap.
1416 985 1472 1051 6,
1507 1001 1565 1038 n.
1596 984 1686 1038 52.

489 1075 821 1129 RIIENANUS.
859 1074 1110 1128 Calcaria
1159 1072 1400 1128 taberna
1447 1076 1552 1140 est,
1590 1071 1688 1127 ubi
1720 1069 1844 1127 calx
1884 1086 2071 1125 asser-

414 1169 583 1217 vatur
631 1168 731 1217 aut
776 1162 1065 1217 venditur.
1099 1162 1189 1217 Sic
1215 1163 1555 1217 carbonaria
1609 1178 1642 1216 a
1689 1159 2066 1215 carbonibus.

416 1251 568 1306 Usus
623 1253 752 1316 erit,
795 1269 977 1323 quum
1031 1267 1120 1306 res
1171 1251 1409 1306 sordida
1455 1255 1557 1306 aut
1609 1247 1875 1316 molesta,
1908 1265 2070 1320 aeque

411 1341 647 1396 sordida
678 1345 778 1395 aut
827 1341 1073 1396 molesta
1120 1344 1404 1395 mutatur.
1435 1341 1506 1394 Et
1537 1339 1775 1411 elegans
1833 1353 2065 1409 prover-

409 1429 573 1484 bium
607 1434 716 1499 est,
751 1431 979 1500 quoties
1011 1431 1081 1484 de
1127 1429 1356 1501 impuro
1398 1429 1522 1484 loco
1554 1429 1624 1484 ad
1659 1426 1840 1482 nihilo
1873 1426 2068 1499 purio-

410 1535 534 1573 rem
567 1536 674 1574 nos
707 1519 1054 1590 recipimus;
1103 1535 1232 1572 cum
1289 1534 1356 1572 ex
1414 1534 1531 1572 uno
1591 1515 1744 1570 malo
1792 1515 1852 1570 in
1908 1514 2063 1569 aliud

410 1608 706 1663 diversum
759 1609 1094 1662 incidimus.
1130 1610 1447 1678 Postquam
1482 1605 1881 1660 Tertullianus
1913 1604 2065 1659 Mar-

411 1698 594 1752 cionis
628 1697 1031 1768 respondisset
1074 1696 1492 1768 impurissimis
1538 1694 1759 1761 haeresi,
1794 1694 1860 1749 ad
1892 1691 2064 1764 Apel-

406 1785 480 1841 lis
511 1804 682 1862 azque.
706 1788 921 1856 impuri
955 1786 1412 1840 confutationem
1465 1801 1590 1840 sese
1639 1783 1906 1853 accingit.
1940 1782 2064 1837 Non

412 1875 724 1931 absimile:
762 1877 799 1929 Ε
833 1875 1023 1946 Scylla
1055 1875 1110 1928 in
1145 1874 1530 1945 Charybdim;
1566 1888 1594 1926 e
1628 1873 1785 1926 fumo
1818 1871 1875 1924 in
1908 1875 2069 1925 ﬂam-

409 1981 588 2018 mam.
619 1964 743 2018 Nisi
785 1966 934 2034 quod
988 1962 1083 2018 illo
1118 1962 1424 2018 Proverbio
1459 1962 1726 2032 quaedam
1777 1958 2066 2014 malorum

408 2053 736 2122 diversitas,
771 2053 939 2123 quasi
993 2051 1382 2123 repugnantia
1432 2049 1748 2122 signiﬁcari
1783 2049 2064 2118 videatur,

408 2143 492 2196 uti
529 2141 655 2196 calx
683 2147 737 2195 et
767 2142 1068 2208 carbones,
1093 2141 1316 2195 ratione
1340 2138 1770 2193 contrariorum
1803 2137 2062 2192 colorum

407 2237 758 2301 repugnant.
795 2232 1227 2301 Sumptumque
1258 2234 1346 2284 est
1383 2230 1452 2282 ab
1487 2228 1579 2297 iis,
1615 2228 1831 2299 quibus
1864 2228 2061 2281 sordes

406 2320 640 2385 odiosa),
677 2336 858 2388 neque
893 2319 1056 2374 facile
1083 2318 1357 2374 vestitum
1393 2316 1777 2371 contaminari
1814 2316 1925 2369 sibi
1961 2333 2058 2386 pa-

405 2409 657 2472 tiuntur,
691 2409 843 2478 quod
881 2407 1060 2478 fuligo
1095 2414 1410 2478 utrumque
1442 2406 1643 2460 efﬁcit.

404 2515 492 2568 23.
531 2515 746 2585 Campis
777 2516 889 2568 suis
920 2513 1244 2584 diffundere,
1277 2519 1419 2569 tom.
1451 2514 1512 2580 V,
1545 2511 1644 2566 lib.
1678 2511 1741 2566 de
1769 2512 2054 2578 Trinitale,

1009 2602 1136 2656 cap.
1169 2587 1222 2654 6,
1264 2603 1320 2640 n.
1358 2587 1448 2639 26.

475 2674 624 2742 Haec,
676 2673 828 2728 inter
874 2691 933 2728 se
985 2675 1226 2744 opponit
1275 2673 1632 2729 Novatianus
1684 2688 1696 2726 :
1748 2673 1898 2725 Intra
1946 2677 2058 2728 hac

400 2765 641 2834 corporis
675 2765 850 2817 nostri
893 2765 1223 2818 lineamenta
1277 2763 1495 2818 modum
1548 2764 1642 2814 aut
1688 2761 1924 2829 ﬁguram
1958 2762 2054 2814 di-

400 2855 548 2908 vinae
575 2853 879 2924 maiestatis
913 2851 1226 2919 includere;
1259 2854 1307 2906 et
1346 2854 1461 2906 suis
1494 2851 1650 2904 illam
1679 2851 2056 2906 interminata

398 2942 804 3012 magnitudinis
834 2943 1040 3012 campis
1087 2943 1206 2996 sine
1238 2941 1353 2995 ullo
1402 2940 1510 3010 ﬁne
1541 2938 1877 3011 cli/fundere.
1907 2942 2054 2994 Nota

399 3039 536 3086 sunt
569 3031 846 3102 patientia
876 3048 1110 3101 mquora
1133 3046 1475 3101 camporum
1509 3033 1566 3084 et
1597 3027 2050 3098 immensitates,

397 3120 457 3174 in
492 3121 723 3191 propria
753 3120 910 3173 vocis
943 3119 1386 3188 signiﬁcatione.
1419 3118 1489 3172 Et
1520 3116 1662 3171 illud
1696 3115 1897 3188 Virgil.
1927 3135 1940 3172 :

802 3226 1016 3285 Equites
1046 3226 1319 3285 Messapus
1349 3225 1403 3271 in
1439 3224 1617 3279 armis,

554 3288 614 3335 Et
644 3301 763 3335 cum
795 3287 953 3336 fratre
988 3289 1166 3345 Coras,
1197 3287 1313 3335 latis
1345 3285 1633 3350 ili/fundite
1657 3286 1868 3348 campis.

398 3393 545 3446 Κατᾶ
567 3395 664 3462 τὴν
702 3391 1004 3466 μεταφορὰν
1039 3393 1196 3448 haec:
1234 3393 1547 3448 Rhetorum
1580 3393 1810 3465 campi:
1846 3394 1908 3449 In
1940 3392 2047 3448 ali-

399 3499 512 3552 quo
547 3500 750 3554 campo
780 3484 1076 3537 Oratorem
1111 3482 1323 3537 versari
1360 3499 1372 3536 :
1416 3487 1493 3536 Ex
1543 3483 1759 3552 ingenti
1791 3484 2044 3554 quodam

398 3573 806 3642 immensoque
857 3589 1060 3642 campo
1104 3571 1162 3626 in
1192 3572 1466 3643 exiguum
1498 3587 1704 3644 gyrum
1755 3577 2042 3627 oratorem

398 3661 772 3732 compellere;
808 3665 862 3715 et
896 3677 907 3713 :
942 3661 1072 3714 ΙΙωο
1121 3659 1477 3715 latissimum
1508 3661 1738 3715 dicendi
1769 3677 2044 3730 campum

399 3750 613 3804 rhetori
649 3752 800 3804 ειιθ
837 3749 1026 3804 solent
1055 3750 1296 3818 aperire.
1335 3750 1406 3803 Ex
1441 3750 1656 3820 quibus
1687 3753 1744 3803 et
1785 3749 1961 3818 hujus
1992 3757 2045 3804 et

397 3839 696 3910 sequentis
728 3838 1014 3909 proverbii
1051 3855 1192 3892 usus
1231 3842 1401 3907 patet.

431 3947 519 4000 24.
555 3946 789 4016 Campus
821 3948 976 4016 [usus
1006 3948 1057 4000 el
1088 3943 1532 4068 latuiZanerilur,
1562 3941 1724 4010 Ibid.,
1758 3958 1884 4013 cap.
1915 3942 2007 4011 28,

1105 4032 1162 4068 n.
1317 4055 1330 4068 .

1105 4032 1162 4069 n.
1209 4032 1330 4069 lZl.

467 4106 568 4161 Cui
603 4105 981 4171 contrarium,
1007 4121 1122 4159 non
1155 4102 1369 4157 habere
1400 4101 1545 4157 satis
1577 4119 1857 4174 magnum
1889 4119 2043 4158 cam-

394 4212 532 4267 pum
569 4195 625 4249 in
661 4212 774 4266 quo
805 4198 1089 4264 versetur,
1116 4192 1270 4264 apud
1302 4191 1660 4247 Ciceronem.
1687 4192 2042 4247 Novatianus

395 4284 568 4338 etiam
603 4283 740 4338 alibi
776 4284 975 4338 eodem
1011 4283 1157 4336 libro
1185 4299 1198 4336 :
1229 4304 1250 4330 (ι
1282 4283 1412 4334 Haec
1443 4277 1695 4334 breviter
1723 4279 1844 4335 sint
1874 4280 2042 4336 nobis

394 4373 550 4426 dicta
581 4377 636 4425 et
667 4372 916 4426 strictim
949 4370 1155 4440 posita,
1189 4372 1244 4423 et
1290 4384 1401 4422 non
1438 4365 1613 4438 longe.
1645 4366 2044 4435 disputatione

392 4464 676 4530 porrecta.
713 4461 911 4513 Latius
960 4460 1116 4514 enim
1169 4460 1486 4529 potuerunt
1530 4455 1766 4527 porrigi,
1800 4461 1856 4511 et
1904 4474 2039 4528 pro-

393 4549 661 4618 pensiore
690 4549 1090 4618 disputatione
1123 4546 1386 4618 produci.
1418 4567 1444 4594 »

392 4655 481 4707 25.
519 4654 733 4724 Capitis
771 4655 1071 4726 supercilio
1111 4654 1277 4723 loqui,
1311 4658 1460 4726 tom.
1487 4651 1581 4726 ΙΙΙ,
1614 4651 1715 4708 lib.
1758 4651 1879 4707 adv.
1914 4655 2037 4709 Her.

890 4743 1029 4796 mog.
1065 4742 1192 4796 cap.
1223 4726 1313 4792 27,
1348 4742 1404 4778 n.
1436 4724 1530 4779 9|.

465 4814 526 4869 In
565 4817 879 4886 superciliis
928 4819 1163 4869 notatur
1195 4813 1398 4882 fastus,
1432 4829 1547 4883 qua
1579 4816 1744 4884 parte
1791 4817 1892 4868 aut
1938 4829 2041 4869 ne-

391 4919 603 4976 gamus
651 4912 752 4958 aut
805 4902 1105 4956 anuimus.
1160 4901 1324 4956 Haud
1385 4901 1561 4955 dubie
1611 4905 1916 4956 mutuatus
1967 4902 2041 4956 ab

395 4993 640 5047 llomero
663 4991 805 5046 illud
828 4995 915 5046 est
940 4988 1179 5046 Tertull.
1202 4989 1388 5046 Illiad.
1407 5008 1458 5044 α.
1480 4989 1680 5045 Thetis
1702 4990 1772 5044 ad
1795 4989 1994 5046 Jovem
2025 5005 2037 5045 :

535 5105 612 5166 Νη
625 5098 813 5171 μερτὲς
845 5093 908 5165 δή
948 5117 1043 5171 μοι
1078 5095 1348 5171 ᾧᾼπὸσχεο,
1372 5095 1459 5149 καὶ
1489 5091 1838 5148 κατάνευσον.

521 5172 668 5218 Hand
697 5168 997 5219 dubitanda
1025 5168 1154 5216 mihi
1185 5168 1431 5231 promitte
1462 5173 1620 5231 atque
1655 5180 1856 5216 annue.

390 5270 725 5338 Respondet
753 5269 988 5338 Jupiter
1018 5283 1030 5321 :

490 5368 537 5425 δ’
569 5373 665 5446 ἆγε
694 5394 777 5426 τοι
809 5368 1021 5445 κεφαλῇ
1052 5368 1468 5446 κατανξύσομαΑι,
1497 5362 1635 5443 ὄφρα
1667 5364 1924 5446 πεποίθῃς
1952 5385 1964 5436 ;

393 5448 568 5500 Τοῦτο
599 5439 700 5518 is;
735 5444 784 5514 ἐξ
817 5439 1006 5515 ἐμέθεν
1032 5461 1094 5511 γε
1124 5442 1237 5511 μετ’
1271 5439 1580 5494 ἀθάνάτοιάέ
1617 5439 1868 5526 μέγιστον

394 5517 454 5526 -ι
728 5515 739 5526 ς
821 5516 831 5526 ι
913 5513 924 5526 ἢ
986 5515 997 5526 \
1144 5512 1161 5526 κ
1250 5511 1258 5525 Ι
1555 5508 1567 5526 3
1586 5507 1608 5524 ’κ
1671 5510 1683 5524 ἢ
1846 5507 1864 5526 ‘i

393 5507 644 5590 Τὲῑεμωῤ·
673 5507 746 5567 ὀὐ
908 5507 1477 5590 ἐμὸνξπάλινάγρετογ,
1516 5507 1626 5563 οὐδ’
1660 5507 1964 5590 ἀέπσιτηλὸν,

395 5579 524 5644 Οὐδ³
556 5579 910 5659 ἀὲελεύτὴτόν
939 5579 999 5658 ’γ’
1018 5583 1137 5659 -ὅ-τι
1167 5604 1254 5659 nev
1283 5579 1500 5659 λείψαλῇ
1527 5580 1857 5659 κατανεύσω.

395 5663 487 5731 Ἦ,
516 5658 606 5714 καὶ
636 5653 912 5734 κυανέῂσιν
946 5653 1028 5714 ἔπ’
1060 5655 1252 5733 ὀφρύσι
1281 5653 1428 5710 νεῦσε
1459 5653 1724 5730 Κρονίων.

2184 557 2471 608 Annntaho
2499 556 2598 605 tibi
2624 555 2814 618 capite,
2849 557 2907 604 ut
2948 554 3084 618 bene
3114 554 3217 603 ﬂda
3245 555 3516 618 quiescas;

2181 623 2290 670 Hoc
2318 621 2360 669 si
2391 619 2605 682 quidem
2637 617 2890 678 magnum
2917 622 2996 667 est
3025 617 3674 682 discum’immortalibus
3695 633 3726 669 a
3747 634 3827 670 me

2178 680 2462 742 Judinium,
2494 696 2666 744 neque
2697 682 2839 729 enim
2870 680 3168 728 revocabile
3199 681 3289 740 mi,
3323 695 3497 743 neque
3529 681 3709 739 fallax,

2179 747 2438 808 Quodque
2468 743 2762 808 tibi’capite
2793 744 3087 808 annutabo,
3120 756 3302 808 neque,
3325 743 3718 807 imperfectum.

2181 810 2328 858 Dicta
2353 805 2958 871 superciliis’Saturnius
2987 805 3180 855 annuit
3208 806 3354 854 atris.

2252 914 2413 969 Unde
2446 912 2689 982 Plinius,
2722 911 2821 967 lib.
2850 929 2889 979 1,
2922 911 3093 983 epist.
3127 911 3195 966 ad
3243 911 3524 968 Octavium
3576 915 3778 986 Rufum
3809 935 3826 970 :

2119 979 2136 994 ’
2177 1004 2320 1058 Vide
2375 1005 2435 1058 in
2479 1019 2594 1074 quo
2648 979 2740 1057 me
2791 979 3025 1072 fastigio
3080 1001 3406 1067 collocaris,
3441 1019 3623 1074 quum
3654 979 3826 1058 Imihi

2176 1095 2332 1150 idem
2391 1093 2728 1166 potestatis,
2788 1093 3062 1165 idemque
3118 1092 3281 1165 regni
3342 1095 3609 1162 dederis,
3669 1096 3824 1169 quod

2178 1185 2466 1240 Homerus
2494 1183 2644 1238 Jovi.

2177 1309 2286 1381 Υἱῷ
2317 1306 2362 1362 δ’
2387 1305 2570 1381 ἕτερον
2603 1308 2696 1382 μὲν
2727 1301 2895 1361 ἔδωκε
2924 1308 3123 1382 πατὴρ,
3155 1304 3335 1382 ἕτερον
3366 1305 3413 1362 δ’
3446 1306 3742 1365 ἂνὲνευσεν.

2177 1380 2349 1431 Unum
2381 1380 2644 1430 concessit
2671 1385 2795 1430 voto
2825 1384 2994 1443 pater,
3026 1380 3216 1430 abnuit
3245 1380 3434 1431 unum.

2176 1489 2322 1544 Nam
2354 1504 2459 1559 ego
2481 1503 2716 1558 quoque
2746 1485 2924 1541 simili
2957 1491 3102 1541 nutu
3137 1503 3202 1541 ac
3235 1491 3444 1542 renutu
3478 1488 3832 1558 respondere

2175 1584 2308 1633 voto
2337 1583 2438 1631 tuo
2470 1593 2732 1647 possum.
2763 1579 2885 1630 Huc
2917 1575 3205 1648 pertinere
3236 1593 3352 1631 non
3387 1580 3608 1632 temere
3639 1576 3835 1632 existi-

2177 1683 2327 1722 mem
2364 1682 2376 1722 :
2409 1666 2746 1720 Censorium
2780 1665 3158 1735 supercilium,
3190 1665 3360 1736 quasi
3393 1666 3492 1736 qui
3535 1666 3831 1736 supercilio

2175 1756 2300 1812 solo
2351 1755 2439 1810 vel
2491 1756 2749 1820 damnet,
2785 1753 2871 1808 vel
2926 1755 3153 1825 probet,
3206 1756 3358 1826 quod
3410 1754 3508 1810 alii
3559 1755 3830 1810 tetricum

2098 1841 2144 1905 Β
2176 1846 2536 1900 severitatem
2568 1844 3047 1913 interpretantur.

2175 1955 2264 2008 26.
2298 1952 2670 2008 Calharticum
2699 1949 2849 2018 dare,
2888 1954 3046 2077 torri.1
3061 1951 3110 2076 ἔ,
3143 1950 3244 2006 lib.
3276 1950 3344 2006 de
3373 1951 3576 2021 Pallio,
3609 1967 3744 2023 cap.
3777 1950 3836 2021 5,

2887 2039 2944 2076 n.
3096 2065 3109 2077 .

2887 2039 2944 2076 Π.
2987 2039 3109 2078 111.

2246 2111 2575 2186 Καθαρτικὸν
2634 2108 2669 2177 ἢ
2727 2110 3087 2183 καθαρτήριον
3148 2110 3472 2186 φάρμακον,
3531 2107 3567 2177 ἢ
3623 2108 3836 2184 κάθαρ-

2173 2223 2276 2269 σις,
2311 2201 2801 2258 medicamentum
2835 2199 3239 2265 ventrifluum,
3273 2199 3393 2255 sive
3434 2200 3588 2270 quod
3631 2199 3835 2256 alvum

2172 2293 2388 2361 deiicit.
2422 2291 2565 2345 Hinc
2601 2285 2878 2356 ὑπήλατον
2912 2288 3134 2343 dictum
3167 2288 3526 2360 Hippocrati.
3561 2288 3837 2359 Explicat

2170 2398 2231 2435 se
2262 2378 2502 2434 Tertull.
2525 2395 2537 2433 :
2564 2377 2822 2432 Sermone
2847 2393 2931 2433 me
2957 2378 3191 2433 suasisti
3216 2375 3583 2432 medicamine
3609 2378 3838 2448 sapien-

2167 2471 2374 2526 tissimo
2404 2484 2423 2523 :
2455 2483 2522 2522 ex
2551 2481 2738 2538 graeco
2772 2465 3001 2520 senario
3039 2481 3053 2520 :

2343 2574 2506 2647 Λόγῳ
2541 2573 2596 2644 μ’
2626 2568 2840 2631 ἔπεισας
2871 2567 3143 2647 φαρμάκῳ
3173 2570 3495 2647 σοφωτάτῳ.

2167 2684 2470 2754 Καθαιροῦν
2519 2685 2610 2736 est
2658 2679 2908 2734 lustrare
2940 2683 2998 2734 et
3027 2678 3286 2750 expiare,
3317 2679 3388 2734 ad
3423 2679 3574 2749 quod
3611 2677 3838 2734 alludit

2165 2774 2358 2828 Horat.
2392 2769 2494 2825 lib.
2529 2787 2567 2834 1,
2603 2768 2772 2839 epist.
2807 2768 2856 2834 1,
2889 2767 3138 2839 loquens
3170 2768 3242 2823 de
3271 2766 3428 2822 vitiis
3461 2767 3643 2822 animi
3684 2783 3698 2821 :

2225 2889 2362 2936 Sunt
2389 2886 2552 2935 verba
2583 2888 2636 2933 et
2662 2897 2839 2940 voces,
2871 2883 3068 2946 quibus
3099 2882 3243 2946 hunc
3272 2882 3441 2932 lenire
3476 2881 3726 2933 dolorem

2224 2951 2424 3010 Possis,
2453 2953 2506 2999 et
2533 2947 2702 2997 morbi
2738 2944 2989 3010 magnam
3018 2944 3286 3010 depellere
3315 2949 3540 3009 partem.

2161 3050 2268 3103 Et:

2226 3193 2238 3204 .
2305 3190 2318 3204 .
2389 3192 2400 3205 .
2468 3189 2482 3202 .
2554 3191 2567 3202 .
2603 3156 2731 3202 sunt
2759 3157 2902 3200 certa
2936 3149 3168 3214 piacula.
3201 3163 3321 3214 quas
3350 3153 3403 3214 te

2075 3208 2118 3274 C
2216 3219 2316 3267 Ter
2343 3231 2475 3280 pure
2504 3217 2642 3266 lecto
2676 3208 2966 3278 potuerunt
2995 3208 3237 3264 recreare
3268 3212 3465 3262 libello.

2228 3331 2349 3381 Huc
2380 3323 2651 3397 pertinet,
2682 3322 2950 3378 Elleboro
2982 3337 3247 3392 purgare,
3279 3324 3336 3378 et
3364 3318 3604 3376 similia.

2225 3452 2316 3506 27.
2353 3450 2550 3505 Catone
2579 3448 2970 3519 sapientiora
3005 3446 3248 3519 gravior,
3284 3451 3422 3500 tom.
3459 3445 3482 3498 Ι
3514 3444 3745 3516 Apolog.

2723 3535 2852 3589 cap.
2889 3518 2976 3586 11,
3019 3534 3076 3572 n.
3115 3516 3236 3571 173.

2226 3611 2429 3665 Catum
2464 3608 2664 3664 Sabini
2716 3611 2954 3662 acutum
3007 3606 3301 3675 dixerunt,
3337 3605 3492 3659 unde
3540 3603 3831 3660 Catonum

2155 3717 2388 3757 nomen.
2423 3699 2610 3768 Hujus
2651 3703 2846 3751 autem
2883 3696 3128 3764 Catonis,
3162 3693 3316 3765 apud
3361 3691 3602 3748 Tertull.
3633 3693 3836 3763 primi

2154 3799 2207 3845 et
2235 3787 2515 3856 Censorii,
2544 3785 2798 3856 elogium
2845 3783 3023 3838 habes
3057 3782 3213 3854 apud
3247 3780 3505 3836 Plinium
3545 3781 3671 3847 lib.,
3709 3799 3833 3849 νη,

2155 3898 2279 3953 cap.
2311 3881 2411 3944 27;
2445 3879 2595 3934 217
2649 3881 2706 3930 et
2755 3875 2911 3946 apud
2962 3873 3219 3930 Ciceron.
3251 3873 3353 3928 lib.
3388 3871 3455 3926 de
3502 3872 3675 3926 Amic.
3714 3872 3838 3927 ubi

2154 3971 2225 4025 de
2258 3971 2463 4025 Catone
2511 3964 2721 4021 Laelius
2755 3982 2767 4019 :
2802 3966 2915 4018 Aut
2963 3962 3120 4018 enim
3173 3978 3366 4028 nemo,
3400 3963 3502 4016 aut
3546 3959 3594 4014 si
3647 3960 3838 4031 quis-

2154 4075 2354 4132 quam,
2388 4055 2485 4111 ille
2536 4053 2771 4126 sapiens
2822 4051 2947 4107 fuit.
2997 4053 3067 4106 Et
3117 4051 3175 4104 in
3213 4049 3316 4104 lib.
3349 4048 3416 4104 de
3462 4047 3674 4104 Senoct.
3714 4049 3838 4121 qui

2152 4149 2374 4204 Catonis
2402 4145 2582 4215 hujus
2614 4142 2851 4198 nomine
2881 4138 3246 4196 inscribitur.

2194 4254 2284 4308 28.
2321 4253 2563 4308 Caucaso
2591 4248 2901 4317 abruptior,
2916 4250 3075 4371 1tom.
3106 4243 3294 4370 1lélib.
3330 4244 3374 4314 Ι,
3407 4243 3529 4298 adv.
3563 4246 3780 4312 Nam,

2757 4336 2881 4371 can.
2955 4363 2968 4371 .
3011 4336 3070 4371 [ι.
3180 4358 3192 4370 .

2757 4336 2881 4390 cap.
2916 4336 2968 4387 1,
3011 4336 3070 4373 n.
3106 4336 3192 4370 1:).

2223 4411 2540 4478 Caucasus,
2583 4424 2751 4462 mons
2797 4406 3046 4478 Scythiae
3097 4401 3488 4472 vastissimus,
3521 4401 3720 4473 cujus,
3761 4407 3844 4459 ut

2152 4501 2233 4557 ait
2279 4499 2426 4555 Plin.
2462 4498 2561 4552 lib.
2593 4514 2671 4565 v1,
2707 4512 2834 4566 cap.
2866 4497 2922 4560 5,
2947 4495 3092 4565 juga
3122 4492 3180 4548 in
3213 4490 3475 4548 colchica
3523 4491 3692 4546 Ponti
3734 4508 3850 4548 re-

2072 4569 2115 4631 D
2149 4591 2320 4662 gione
2353 4589 2422 4642 ad
2459 4586 2726 4658 Riphaeos
2756 4587 2984 4639 montes
3015 4587 3382 4654 torquentur,
3415 4579 3595 4635 altero
3625 4579 3845 4637 latere

2149 4678 2207 4731 in
2240 4675 2530 4732 Euxinum
2563 4679 2620 4730 et
2667 4671 2915 4728 Maeotim
2953 4672 3185 4739 devexa,
3220 4667 3402 4725 altero
3434 4668 3489 4723 in
3526 4668 3843 4739 Caspium

2149 4772 2206 4822 et
2261 4764 2617 4836 Hyrcanium
2679 4778 2872 4831 mare,
2929 4759 3108 4814 variis
3176 4756 3516 4814 nominibus
3572 4757 3841 4816 anma.

2148 4852 2403 4920 zEneid.,
2440 4851 2508 4906 IV
2539 4868 2552 4906 :

2557 4948 2713 4996 Duris
2745 4945 2932 5008 genuit
2958 4949 3010 4994 te
3039 4943 3284 4993 cautibus
3321 4943 3551 4992 horrens

2309 5013 2581 5072 Caucasus,
2616 5012 3000 5073 Hyrcanaeque,
3032 5013 3132 5057 etc.

2219 5120 2444 5185 Quibus
2475 5117 2666 5174 verbis
2696 5117 2989 5186 abruptum
3029 5112 3370 5186 explicatur.
3404 5112 3466 5166 In
3499 5110 3852 5172 hominem

2150 5215 2464 5283 agrestem,
2488 5212 2544 5262 et
2565 5207 2802 5272 durum,
2829 5202 3256 5258 intractabilem
3280 5206 3337 5256 et
3358 5199 3815 5272 inhospitalem
3833 5246 3852 5260 .

2147 5319 2237 5371 29.
2272 5314 2566 5372 Cerebrum
2597 5310 2681 5364 vel
2727 5298 2822 5364 cor
2870 5325 2981 5364 non
3031 5308 3248 5375 habere,
3279 5311 3420 5363 tom.
3455 5307 3553 5371 ΙΙΙ,
3586 5304 3694 5360 lib.
3743 5326 3852 5378 1v,

2521 5383 2661 5438 adv.
2700 5385 2897 5447 Marc.,
2929 5397 3056 5451 cap.
3091 5382 3176 5445 10,
3211 5396 3268 5432 n.
3305 5380 3425 5432 118.

2220 5475 2283 5528 In
2297 5472 2547 5528 hominis
2561 5467 3394 5540 cerebro,spirituumvitalium
3409 5470 3675 5538 receptae
3689 5469 3827 5527 ulo
3839 5515 3860 5540 ,

2149 5579 2423 5634 suprema
2455 5565 2512 5616 et
2557 5559 2726 5630 quasi
2762 5560 2922 5628 regia
2954 5557 3197 5614 rationis
3229 5560 3517 5627 potestas;
3552 5555 3610 5609 in
3642 5561 3864 5618 cordo

2146 5655 2307 5706 totus
2339 5651 2463 5722 ipse
2497 5648 2621 5704 vitae
2652 5649 2781 5704 fons
2812 5652 2868 5703 et
2899 5645 3199 5719 sapientiae
3232 5645 3422 5700 sedes.
3447 5642 3592 5699 Hinc
3613 5659 3871 5706 vecop.
