4072 6190
216 298 317 358 265

1367 296 1971 360 PROVERBIALES
2028 300 2453 364 FORMULIE.

3502 318 3625 377 266

214 428 302 484 des
330 431 388 482 et
433 424 705 498 insipidi,
762 424 984 481 cerebro
1042 424 1304 498 cordeque
1349 426 1517 482 vacui
1561 426 1862 505 dicuntur.
1892 432 1945 497 Α
1976 430 2136 488 disse
2165 431 2511 490 dicebantur
2551 434 2957 511 οὐρανοπετεῖς.
3008 442 3161 499 Illud
3209 448 3511 516 sumptum
3542 447 3636 503 vi-

213 520 383 586 Atque
414 515 558 570 adeo
592 513 724 585 ipsa
757 513 1023 585 corporis
1073 513 1235 580 vitia,
1290 514 1339 569 si
1397 513 1481 569 vel
1528 516 1746 569 cerebro
1778 516 1864 571 vel

210 606 345 663 cordi
374 604 494 660 sint
526 603 1041 671 afﬁnita,mentem
1067 620 1301 675 quoque
1324 606 1382 658 et
1400 602 1686 659 actionem
1709 603 1866 659 labe-

212 696 434 749 factant.
460 696 649 748 Notus
670 691 865 763 .‘Esopi
890 691 1175 765 apologus
1208 693 1277 747 de
1302 690 1469 763 vulpe
1494 697 1667 763 caput
1692 693 1862 749 larvas

204 784 537 848 admirante,
572 785 637 834 Ὠ
670 778 757 833 οἵα
806 779 1056 857 κεφαλὴ,
1104 782 1194 834 καὶ
1247 778 1538 856 ἐγιέφαλον
1594 780 1692 834 οὐκ
1722 778 1857 857 ἔχει·

204 871 320 945 πρὸς
350 874 469 932 τοῖς
500 869 637 923 κατὰ
663 870 761 937 τήν
795 870 984 943 ψυχὴν
1021 867 1362 943 ἀλογίστοις.
1400 870 1439 927 0
1462 872 1622 941 quale
1652 878 1863 944 caput!

208 972 248 1020 el
266 962 554 1018 cerebrum
582 961 873 1017 nonhabel.

206 1089 278 1143 30.
314 1086 480 1142 Cervi
508 1088 565 1141 in
589 1086 815 1157 prmlio,
872 1088 1017 1140 tom.
1075 1084 1143 1151 II,
1196 1083 1299 1140 lib.
1343 1085 1409 1141 de
1438 1084 1632 1142 Coron.
1665 1087 1859 1155 milit.,

806 1171 937 1229 cap.
972 1157 1025 1224 1,
1071 1172 1130 1211 ιι.
1167 1157 1251 1210 18.

254 1269 595 1321 RHENANUS.
647 1262 1076 1320 Proverbialem
1131 1262 1382 1335 ﬁguram
1433 1263 1606 1336 sapit,
1647 1268 1857 1321 natum

199 1360 250 1412 ut
275 1358 551 1427 apparet,
576 1369 645 1408 ex
674 1353 774 1408 illo
804 1352 1067 1409 Chabriae
1092 1353 1667 1425 apophtegmate,qui
1687 1355 1856 1426 dixit,

200 1442 732 1500 Formidabiliorem
789 1458 919 1497 esse
965 1458 1254 1497 cervorum
1308 1442 1631 1499 exercitum
1703 1445 1852 1500 duce

198 1533 370 1602 leone,
406 1547 583 1602 quam
615 1529 853 1586 leonum
885 1531 1032 1586 duce
1064 1547 1235 1587 cervo.
1271 1532 1534 1587 Meminit
1565 1532 1855 1589 Plut.Cer-

202 1639 281 1678 vus
311 1626 405 1677 est
446 1620 698 1693 simplex
730 1624 787 1675 et
832 1624 979 1675 notas
1030 1620 1361 1676 timiditatis
1412 1620 1651 1693 animal,
1686 1623 1857 1695 cujus

203 1726 360 1768 omne
393 1712 457 1765 in
488 1710 629 1783 fuga
662 1710 1024 1782 praesidium,
1068 1726 1200 1765 cum
1244 1710 1321 1765 sit
1352 1710 1850 1782 pernicissimum.

198 1801 324 1857 Hinc
357 1800 589 1856 Cervini
615 1799 726 1855 viri
757 1799 1040 1855 dicuntur
1072 1816 1205 1854 cum
1242 1799 1391 1871 fugae
1428 1800 1617 1872 magis
1673 1818 1850 1874 quam
1883 1809 1930 1874 Β
2030 1824 2284 1882 Videtur
2314 1828 2559 1887 innuero
2580 1833 2625 1887 T

198 1891 408 1946 viribus
464 1890 676 1955 ﬁdunt,
739 1890 957 1962 quippe
1010 1888 1376 1946 formidolosi
1424 1894 1582 1945 sunt.
1632 1890 1855 1955 Quibus

199 1981 431 2047 Mavors,
456 1985 521 2034 ut
551 1978 635 2034 ait
664 1978 869 2051 Virgil.
894 1979 997 2035 lib.
1029 1995 1093 2049 ιι,
1118 1983 1363 2035 ventosa
1392 1979 1453 2034 in
1476 1979 1679 2052 lingua
1701 1982 1857 2055 pedi-

203 2070 420 2141 basque
460 2068 792 2141 fugacibus.
826 2069 894 2124 Et
927 2068 1081 2140 apud
1112 2068 1305 2138 Hom.,
1333 2068 1497 2125 Iliad.
1521 2088 1573 2141 α,
1597 2070 1856 2127 Achilles

203 2157 629 2231 Agamemnoni
660 2157 1040 2215 timiditatem
1088 2158 1149 2213 in
1181 2158 1595 2230 congressibus
1625 2160 1855 2232 praelio-

204 2264 315 2303 rum
344 2247 668 2319 exprobrat
700 2264 712 2303 :

237 2347 559 2429 Οἷνοϐαρὲς,
591 2353 749 2440 κρνὸς
778 2350 983 2443 ὄμματ’
1014 2349 1183 2443 ἔχων,
1209 2350 1436 2443 κραδίην
1468 2356 1515 2409 τ’
1548 2353 1771 2443 ἐλάφοιο
1802 2375 1816 2427 ;

269 2427 453 2495 Ebrie,
482 2428 771 2483 cervinum
806 2443 899 2482 cor
929 2427 1159 2500 habens,
1202 2427 1491 2500 oeulosque
1537 2427 1783 2487 caninas.

206 2543 285 2600 BI.
316 2543 685 2617 Chrysippus,
715 2543 786 2599 ad
813 2544 1133 2615 elleborum,
1186 2548 1331 2601 tom.
1364 2546 1460 2615 ΙΙΙ,
1485 2546 1586 2603 lib.
1618 2547 1682 2604 de
1720 2547 1859 2603 Ani-

737 2632 852 2685 ma,
890 2634 1016 2689 cap.
1051 2619 1107 2686 6,
1139 2634 1200 2673 ιι.
1232 2619 1321 2673 89.

201 2724 586 2797 Chrysippus,
618 2723 911 2780 Cleanthis
966 2723 1316 2796 discipulus,
1349 2724 1523 2782 homo
1572 2726 1855 2784 acerrimo

199 2814 457 2888 ingenio,
491 2815 563 2870 de
594 2830 711 2886 quo
737 2812 1089 2882 versiculus,

400 2938 484 3022 ps},
514 2936 713 3022 yci-tpjv
743 2936 1086 3022 Χρύσιππος,
1121 2936 1218 3022 ob}
1250 2936 1375 3022 ἂν
1414 2936 1624 2997 Στοά...

296 3013 424 3067 Nisi
452 3010 591 3082 fuat
612 3010 965 3082 Chrysippus,
997 3010 1146 3067 haud
1164 3015 1286 3083 fuat
1315 3013 1462 3068 Stoa.

263 3126 467 3183 Refert
489 3125 617 3183 Val.
646 3127 797 3183 Max.
821 3127 924 3182 lib.
946 3144 1071 3195 xm,
1104 3144 1231 3201 cap.
1254 3130 1309 3199 7,
1341 3128 1697 3186 Carneadem
1721 3147 1855 3187 cum

202 3215 504 3289 Chrysippo
533 3216 998 3289 disputaturum,
1033 3218 1270 3274 elleboro
1318 3234 1380 3274 se
1431 3224 1562 3276 ante
1604 3237 1857 3293 purgare

194 3304 461 3375 solitum,
499 3307 571 3362 ad
598 3306 1047 3379 exprimendum
1104 3307 1407 3380 ingenium
1460 3326 1633 3367 suum
1667 3315 1855 3367 atten-

195 3397 331 3463 tius,
391 3400 456 3452 et
516 3394 680 3452 illius
738 3395 1124 3453 refellendum
1183 3398 1399 3455 acrius.
1441 3400 1599 3455 Idem
1629 3402 1695 3457 A.
1732 3400 1852 3457 Gel.

191 3482 287 3541 lib.
340 3500 493 3557 xvu,
552 3501 683 3558 cap.
744 3486 830 3556 15,
894 3488 1220 3544 Carneades
1269 3489 1654 3546 Academicus
1703 3490 1852 3548 scri-

193 3578 399 3646 pturus
432 3575 722 3632 adversus
781 3576 959 3632 Stoici
1014 3578 1263 3634 Zenonis
1311 3578 1514 3648 libros,
1549 3581 1854 3652 superiora

194 3664 448 3735 corporis
500 3664 737 3721 elleboro
791 3665 1037 3722 candido
1084 3668 1376 3741 purgavit.
1442 3672 1511 3724 Et
1567 3686 1693 3742 cap.
1748 3670 1851 3726 ubi

191 3753 417 3810 ellebori
468 3753 823 3810 efﬁcientem
876 3759 936 3811 et
981 3756 1194 3828 duplex
1243 3773 1431 3830 genus
1479 3759 1746 3832 explicat.
1782 3762 1852 3817 Et

192 3839 333 3897 Plin.
369 3843 481 3898 lib.
516 3859 645 3913 ΧΠ,
679 3860 728 3899 c.
762 3844 817 3915 5,
844 3843 1003 3901 idem
1033 3846 1316 3903 Carneadi
1346 3847 1695 3918 attribuit,et
1714 3852 1848 3907 clleo

192 3930 306 3986 bori
332 3936 620 3988 naturam
660 3932 961 4006 describit,
992 3935 1229 3992 Tertull.
1261 3936 1374 4008 ipsi
1411 3938 1714 4012 Chrysippo
1744 3940 1847 3996 tri-

190 4017 364 4077 buere
399 4020 642 4079 videtur
667 4026 967 4080 sententias
990 4026 1140 4082 218
1171 4042 1299 4081 suas
1326 4044 1441 4085 non
1468 4030 1845 4103 intelligendo,

188 4110 531 4166 valetudinis
558 4113 929 4181 corruptelam
955 4116 1247 4186 suspicari.
1280 4118 1443 4181 Quod
1474 4117 1739 4176 Valerius
1776 4122 1847 4177 de

192 4196 499 4272 Chrysippo
530 4200 735 4257 eodem
765 4203 955 4275 capite
984 4204 1187 4260 scribit
1228 4221 1241 4260 :
1284 4206 1464 4278 Cujus
1493 4209 1757 4265 studium
1786 4209 1846 4265 in

188 4290 524 4345 tractandis
553 4289 773 4363 ingenii
805 4292 898 4348 sui
938 4296 1337 4352 monumentis
1374 4300 1604 4354 tantum
1656 4299 1850 4372 operis

186 4375 534 4450 laborisque
560 4380 943 4449 sustinuit,ut
973 4384 1045 4439 ad
1077 4400 1145 4439 ea
1174 4401 1300 4457 quas
1331 4386 1588 4459 scripsit,
1616 4390 1850 4461 penitus

185 4466 623 4536 cognoscenda,
674 4466 849 4539 longa
894 4469 1012 4525 vita
1054 4470 1131 4527 sit
1179 4488 1346 4543 opus.
1398 4474 1468 4529 Et
1506 4478 1570 4530 ut
1600 4475 1717 4533 Cic.
1778 4479 1851 4535 de

186 4554 386 4609 eodem
423 4571 439 4609 :
480 4556 780 4625 Quaedam,
812 4557 1027 4632 inquit,
1060 4562 1441 4635 proponebat,
1466 4580 1593 4637 quae
1625 4584 1697 4624 ne
1725 4567 1852 4641 ipse
1885 4577 1932 4643 Ι)

185 4643 427 4714 quidem
468 4646 664 4717 potuit
711 4647 1050 4706 dissolvere.
1106 4654 1180 4708 At
1228 4652 1525 4710 Lucianus
1559 4656 1858 4715 fabulatur

186 4731 239 4786 in
270 4733 485 4791 Verar.
520 4735 749 4793 Narrat.
800 4738 903 4794 lib.
936 4757 979 4795 ιι
1021 4756 1035 4795 :
1086 4741 1211 4797 Non
1262 4742 1502 4800 licuisse
1552 4746 1859 4821 Chrysippo

187 4819 239 4876 in
270 4822 593 4879 beatorum
618 4825 878 4883 insulam
903 4828 1265 4903 immigrare,
1289 4833 1403 4889 nisi
1436 4840 1712 4907 quartum
1730 4840 1859 4910 jam

189 4916 429 4984 sumpto
462 4913 723 4970 elleboro.
778 4915 1062 4975 Alludens
1114 4921 1250 4991 huc,
1296 4925 1447 4994 quod
1497 4929 1586 4981 ter
1630 4927 1689 4982 in
1745 4929 1863 4986 vita

187 4998 410 5057 bibisse
464 5009 854 5066 memoratur.
900 5006 1046 5064 Hinc
1085 5011 1385 5068 elleborum
1416 5013 1635 5084 bibere,
1670 5017 1861 5088 edere,

187 5103 365 5159 eoque
399 5107 470 5146 se
506 5107 757 5164 purgare
796 5095 1100 5169 jubentur,
1136 5100 1238 5171 qui
1286 5103 1502 5161 mentis
1534 5106 1861 5181 capitisque

187 5178 323 5235 vitia
355 5180 482 5235 sibi
516 5180 697 5238 levari
728 5182 928 5242 velint.

302 5292 391 5345 De
442 5290 583 5347 calo
626 5294 963 5364 supervenit,
1015 5298 1160 5423 tqu.
1210 5298 1254 5369 Ι,
1307 5299 1563 5375 Apolog.,
1613 5318 1740 5376 cap.
1776 5306 1864 5375 10,

920 5384 979 5422 n.
1137 5410 1150 5423 .

920 5384 979 5422 Il.
1024 5384 1150 5425 102.

249 5466 597 5524 Videantur
644 5472 1051 5533 adnotationes
1088 5477 1351 5535 Pamelii.
1410 5480 1673 5554 Explicat
1726 5485 1863 5542 Ter-

186 5554 485 5614 tullianus
529 5558 585 5614 in
616 5559 871 5635 ignotos,
902 5570 959 5624 et
1004 5567 1093 5624 vel
1142 5585 1212 5626 ex
1244 5569 1544 5644 inopinato
1576 5589 1865 5647 apparen-

184 5650 305 5719 tes;
343 5647 459 5721 qui
495 5653 557 5706 et
584 5652 802 5713 caelites
832 5659 890 5713 et
919 5657 1062 5717 calo
1092 5659 1341 5733 delapsi,
1367 5660 1454 5720 vel
1483 5679 1515 5720 ο
1538 5663 1683 5721 coelo
1715 5666 1864 5724 ceci-

537 5778 791 5841 PA‘I‘ROL.
845 5785 888 5843 Ι.

1976 521 2098 576 deri
2132 526 2323 593 potest
2354 540 2386 579 a
2418 526 2608 582 scenis
2659 530 2922 601 tragicis,
2977 534 3034 588 in
3089 534 3306 605 quibus
3358 536 3495 606 fere,
3526 537 3630 590 ἀπὸ

1971 616 2071 678 τῆς
2105 619 2360 686 μηχανῆς
2387 613 2525 675 θεός.
2563 616 2661 671 Est
2688 620 2845 675 enim
2882 623 3153 679 machina
3185 641 3365 696 supra
3394 641 3630 681 scenam

1971 698 2157 766 locus,
2194 703 2346 757 unde
2378 720 2445 758 ex
2477 704 2796 776 improviso
2839 711 2982 767 deus
3026 712 3239 785 aliquis
3290 714 3631 786 apparebat.

1971 806 2055 861 33.
2109 809 2183 863 De
2230 810 2375 865 Caelo
2424 812 2481 865 in
2529 828 2769 893 camuri}L
2824 818 3095 893 tom‘.“lI,
3156 820 3257 875 lib.
3310 820 3376 875 de
3430 821 3627 893 Spect.,

2541 900 2670 956 cap.
2703 887 2795 953 25,
2837 906 2895 943 n.
2932 890 3053 945 189.

2042 986 2288 1045 Tertull.
2321 990 2395 1043 De
2424 991 2675 1048 Ecclesia
2705 996 2806 1049 Dei
2834 1013 2853 1049 :
2886 980 2929 1047 (ξ
2957 998 3018 1053 In
3042 999 3285 1058 .diaboli
3319 1000 3627 1056 ecclesiam

1969 1076 2223 1131 tendere.
2260 1099 2288 1125 »
2340 1078 2408 1132 Et
2450 1077 2552 1134 lib.
2602 1081 2667 1137 de
2714 1086 2915 1141 Coron.
2984 1087 3160 1143 milzt.
3198 1104 3211 1144 :
3247 1111 3273 1139 ‹‹
3307 1090 3388 1146 De
3419 1090 3629 1146 castris

1968 1164 2027 1219 in
2061 1170 2250 1221 castra
2276 1169 2650 1226 tenebrarum
2684 1190 2895 1230 nomen
2929 1176 3169 1233 deferre.
3207 1201 3235 1229 »
3266 1180 3624 1253 Elegantiam

1968 1254 2259 1310 affectavit
2285 1258 2525 1313 Tertull.
2560 1256 2619 1313 ἐκ
2647 1267 2747 1329 τῆς
2782 1264 3187 1337 παρονομασίας
3222 1284 3235 1323 :
3270 1272 3336 1325 ut
3377 1271 3455 1325 sit
3505 1270 3626 1325 luci

1967 1344 2261 1412 tenebras,
2314 1346 2440 1401 vitae
2496 1354 2744 1407 mortem
2793 1355 3082 1424 praeferre.
3134 1362 3277 1414 Cum
3324 1360 3395 1415 ab
3452 1360 3633 1418 hone-

1968 1432 2219 1489 tissimis
2248 1435 2585 1494 actionibus
2609 1442 2961 1513 studiisque,
2987 1446 3056 1499 ad
3084 1446 3323 1519 ﬂagitia,
3345 1451 3416 1505 ad
3447 1468 3626 1510 vanas

1964 1524 2288 1595 turpesque
2322 1528 2766 1587 exercitationes
2798 1532 3182 1592 deﬂectimus.

1965 1646 2053 1701 34.
2108 1646 2273 1706 Coena
2318 1651 2523 1735 wsti‘va.
2559 1663 2681 1724 post
2744 1673 2986 1735 assurnp,
3053 1663 3198 1735 tom.
3250 1663 3348 1735 III,
3402 1664 3503 1722 lib.
3564 1668 3629 1724 de

2415 1725 2636 1791 Anima,
2668 1744 2794 1799 cap.
2835 1725 3019 1801 32,1‘1.
3051 1733 3178 1787 387.

2629 1833 2980 1893 ertullianus
3003 1839 3062 1894 in
3091 1842 3261 1896 cam-is
3289 1845 3499 1901 aestivis
3511 1852 3629 1919 post

1967 1931 2170 1985 assum,
2205 1916 2314 1973 hoc
2343 1924 2453 1989 est,
2487 1937 2690 1978 carnes
2723 1940 2908 1996 assas,
2943 1926 3089 1982 nihil
3130 1935 3406 2001 praeterea
3436 1916 3626 1993 fercu-

1965 2003 2156 2061 lorum
2185 2006 2486 2079 importari
2521 2010 2781 2082 solitum,
2822 2013 2905 2070 ita
2953 2020 3018 2070 ut
3075 2017 3209 2075 ﬁnis
3251 2036 3423 2077 omnes
3454 2025 3629 2082 fuerit

1966 2111 2187 2151 assum.
2248 2096 2338 2152 Uti
2396 2100 2777 2172 Empedocles
2835 2103 2893 2159 in
2954 2106 3181 2162 ardenti
3232 2113 3407 2167 JEtna
3450 2114 3628 2186 probe

1968 2200 2160 2251 assus,
2191 2185 2252 2240 in
2279 2186 2512 2244 nullum
2544 2189 2697 2247 aliad
2730 2209 2943 2266 corpus
2993 2200 3083 2253 est
3132 2203 3418 2269 mutatus,
3453 2185 3629 2276 atque

1966 2272 2096 2330 ideo
2126 2275 2261 2332 ﬁnis
2291 2277 2401 2333 fuit
2430 2284 3012 2343 metensomatoseos.
3046 2288 3195 2352 Quid
3228 2291 3277 2346 si
3329 2292 3443 2348 huc
3476 2272 3623 2352 allu-

1969 2365 2115 2419 dat?
2144 2365 2380 2436 Graecis,
2403 2369 2504 2440 qui
2527 2386 2633 2425 ova
2663 2389 2797 2429 cum
2828 2376 3020 2433 turdis
3041 2381 3097 2432 et
3125 2378 3405 2450 leporinis
3429 2386 3619 2440 carni-

1968 2452 2080 2509 bus
2110 2470 2176 2510 ac
2207 2456 2447 2513 mellitis
2480 2458 2766 2531 placentis
2797 2466 3089 2523 secundas
3120 2484 3353 2526 mensas
3383 2473 3622 2547 dabant,

1969 2557 2097 2599 mos
2128 2544 2238 2600 iste
2268 2546 2398 2613 fuit,
2425 2553 2489 2603 ut
2518 2548 2578 2605 in
2611 2551 2727 2608 ﬁne
2758 2570 2931 2611 coena:
2960 2555 3195 2630 linguas
3216 2559 3350 2633 igne
3370 2544 3623 2621 torridas

1969 2636 2102 2703 post
2131 2650 2432 2692 sermones
2462 2639 2853 2711 degustaedas
2884 2645 3109 2702 darent.
3144 2650 3353 2720 Quare,
3385 2652 3623 2709 finitum

1969 2720 2189 2790 aliquid
2221 2740 2370 2794 esse,
2404 2726 2551 2782 nihil
2583 2745 2711 2786 esse
2751 2732 2984 2807 reliqui,
3015 2741 3318 2808 proverbio
3364 2742 3623 2815 signica-

1968 2810 2147 2868 bitur.

1967 2917 2057 2972 35.
2091 2920 2164 2976 De
2209 2921 2371 2978 Cario
2426 2939 2522 2979 suo
2565 2925 2779 3055 luderg,
3033 2934 3077 3002 Ι,
3138 2933 3239 2991 lib.
3290 2936 3356 2994 de
3403 2941 3617 3009 Pallio,

2574 3014 2698 3059 can.
2773 3046 2787 3059 .
2836 3019 2891 3057 n.
3001 3044 3012 3058 .

2574 3014 2698 3071 cap.
2732 3014 2787 3070 δ,
2836 3019 2891 3057 n.
2926 3014 3012 3059 49.

2036 3098 2087 3189 ut.
2116 3097 2540 3160 Chamaeleonte
2568 3108 2844 3182 tractum,
2878 3112 2977 3183 qui
3009 3117 3128 3171 toto
3160 3132 3398 3189 corpore
3427 3120 3621 3179 reddit

1887 3187 1929 3256 C
1968 3187 2219 3246 colorem
2250 3208 2661 3268 quemcunque
2702 3199 3034 3269 proximum
3085 3187 3363 3279 attigerit,
3414 3214 3622 3281 praeter

1967 3279 2211 3335 rubrum
2243 3284 2301 3336 et
2328 3281 2554 3342 album.
2588 3286 2788 3359 Itaque
2818 3290 3092 3364 adagium
3137 3300 3296 3367 patet
3333 3298 3389 3353 in
3416 3279 3622 3357 homi-

1967 3383 2101 3424 nem
2148 3370 2541 3444 versipellem,
2600 3376 2918 3436 instantem
2979 3399 3044 3438 ac
3094 3401 3199 3456 pro
3240 3390 3501 3461 tempore
3558 3391 3619 3447 in

1964 3475 2197 3516 omnem
2227 3461 2498 3521 habitum
2530 3481 2659 3523 sese
2679 3471 3019 3530 vertentem.
3042 3474 3142 3531 Cui
3175 3474 3389 3547 simile,
3416 3480 3616 3538 Proteo

1961 3549 2320 3607 mutabilior.

1957 3656 2051 3714 36.
2084 3658 2270 3715 Crasso
2292 3663 2341 3714 et
2372 3659 2563 3719 Crasso
2591 3666 2882 3796 copiosiigg,
2905 3672 3048 3727 tom.
3085 3674 3106 3728 Ι
3136 3673 3357 3747 Apolog.
3383 3693 3510 3750 cap.
3546 3679 3607 3735 11

2669 3754 2727 3793 n.
2872 3782 2884 3796 .

2669 3754 2727 3793 n.
2762 3754 2884 3797 1⁷13.

2027 3837 2225 3905 Croesi,
2261 3838 2546 3913 Lydorum
2579 3845 2751 3917 regis,
2785 3847 3085 3919 opulentia
3116 3854 3270 3924 apud
3302 3856 3530 3911 Graecos
3552 3856 3613 3913 in

1957 3926 2329 3997 proverbium
2391 3930 2553 4000 abiit,
2587 3934 2687 4004 qui
2746 3935 2889 4006 Cyro
2938 3942 3130 3995 Persae
3174 3941 3393 3997 bellum
3426 3945 3613 4001 facere

1958 4032 2157 4071 ausus.
2191 4017 2266 4073 M.
2307 4024 2512 4077 Crasso
2543 4024 2700 4094 apud
2730 4028 2974 4083 Roman.
3026 4029 3227 4086 Livitis
3258 4048 3614 4104 cognomen-

1956 4108 2083 4183 tum
2117 4107 2268 4162 219
2315 4110 2579 4167 additum
2628 4113 2728 4184 qui
2781 4114 2840 4171 in
2892 4118 3049 4190 agris
3097 4120 3222 4176 suis
3280 4123 3615 4179 sestertium

1957 4182 2134 4251 vicies
2183 4197 2340 4253 mille
2386 4202 2679 4271 possedit,
2734 4208 2790 4260 et
2834 4208 3131 4265 neminem
3177 4227 3306 4266 esse
3351 4211 3588 4269 divitem

1958 4285 2074 4342 nisi
2106 4286 2207 4358 qui
2241 4289 2556 4347 exercitum
2590 4292 2742 4350 alere
2781 4297 2968 4367 possit
3014 4299 3139 4355 suis
3184 4300 3493 4374 fructibus,
3527 4274 3616 4359 di:

1958 4374 2114 4431 xisse
2145 4383 2432 4434 memorat
2467 4380 2648 4437 Cicer.
2690 4382 2748 4438 in
2783 4386 3060 4444 Paradox.

1958 4501 2047 4556 37.
2083 4501 2273 4559 Cubito
2311 4504 2546 4579 pellere,
2578 4510 2721 4563 tom.
2754 4510 2985 4590 III,_lib.
3018 4513 3090 4569 de
3118 4514 3340 4589 Anima,
3369 4532 3495 4590 cap.
3529 4517 3620 4588 55,

2039 4680 2095 4735 Si
2127 4681 2266 4754 quid
2307 4698 2613 4756 perperam
2660 4687 2882 4745 dictum
2922 4695 3023 4746 aut
3069 4691 3401 4766 improbius
3432 4712 3625 4769 repre-

1969 4770 2308 4841 hendimus,
2344 4773 2403 4829 in
2452 4772 2606 4831 latus
2654 4778 2928 4849 proximi,
2959 4783 3128 4853 cujus
3164 4784 3319 4841 dicta
3348 4802 3463 4841 non
3495 4802 3627 4857 pro-

1970 4861 2196 4929 bamus,
2242 4861 2507 4921 cubitum
2557 4864 2853 4937 impellere
2900 4869 3183 4944 solemus,
3229 4879 3286 4930 et
3332 4875 3536 4947 procul
3596 4892 3631 4930 a

1971 4951 2159 5023 nobis,
2193 4951 2363 5022 quasi
2412 4952 2814 5025 abhorrentes,
2866 4959 3271 5020 detestationis
3302 4981 3498 5034 causa,
3533 4982 3629 5021 ar-

1972 5057 2119 5099 cere.
2162 5041 2360 5098 Horat.
2394 5040 2495 5098 lib.
2533 5044 2574 5111 Ι,
2615 5045 2786 5116 epist.
2818 5048 2854 5102 6
2885 5065 2898 5102 :

2095 5150 2395 5223 biero-amur
2420 5164 2657 5223 gervum,
2687 5155 2780 5218 qui
2810 5154 2976 5209 dictet
3004 5162 3246 5223 nomine,
3276 5162 3474 5214 limum

2096 5214 2195 5272 Qui
2224 5213 2392 5264 fodiat
2420 5213 2583 5265 latus.

1974 5310 2259 5385 Intelligit
2288 5329 2523 5369 servum
2555 5331 2589 5370 a
2619 5319 2924 5392 memoria,
2959 5322 3079 5381 sive
3108 5326 3628 5384 nomenclatorem.

1976 5400 2084 5458 Ubi
2117 5402 2313 5491 fodere
2350 5402 2506 5491 latus
2564 5409 2652 5461 est
2701 5423 2879 5466 manu
2930 5413 3016 5469 vel
3063 5433 3346 5491 pungere,
3374 5416 3465 5473 vel
3498 5421 3633 5473 tun-

1975 5486 2131 5555 dere,
2166 5488 2319 5559 quod
2350 5489 2417 5545 ﬁt
2450 5495 2748 5565 monendi,
2799 5486 3175 5575 suggerendi,
3206 5486 3265 5561 et
3295 5486 3635 5576 impellendi

1977 5576 2185 5649 gratia.
2220 5577 2342 5635 Erit
2371 5578 2551 5653 igitur
2577 5589 2877 5657 aspernari
2929 5597 2987 5649 et
3042 5609 3317 5667 respuere
3364 5590 3636 5648 homines

1976 5672 2098 5725 tam
2131 5682 2310 5741 prava
2335 5671 2611 5744 opinione
2642 5674 2918 5740 imbutos.

3258 5812 3291 5866 ‘J
