4072 6190
446 319 565 381 267

1518 319 1624 380 EX
1667 318 2195 381 TERTULLIANI
2240 319 2786 384 APOLOGETICO

3740 328 3859 390 268

443 455 534 511 38.
569 453 752 512 Cuneo
778 452 1093 521 extrudere,
1124 456 1276 534 tum.
1325 452 1570 534 III,_1‘.‘b.
1623 472 1664 522 1,
1723 453 1852 511 adv.
1901 452 2092 525 Mam,
2122 455 2179 522 Α
2208 454 2701 513 demonstratium
2758 458 3051 515 titillstur.
3079 478 3108 511 ι
3165 458 3266 516 Est
3322 460 3600 533 potentis,
3650 459 3854 534 digitis

1012 541 1140 596 cap.
1171 525 1262 596 21,
1304 542 1363 580 n.
1398 526 1520 580 150.

516 637 631 691 Hoc
659 648 832 690 cuneo
862 634 1108 688 veritatis
1150 634 1327 688 omnis
1359 632 1672 688 extruditar
1702 632 1943 690 haeresis.
1981 635 2095 689 Cu-

442 741 596 791 neus,
630 725 881 779 ferreum
912 722 999 777 vel
1033 721 1293 793 ligneum
1346 721 1813 778 instrumentum
1859 738 1995 793 quo,
2029 723 2096 775 ut

444 815 526 869 ait
564 812 862 883 Virgilius,
897 811 1278 868 scindebatur
1319 811 1500 867 fissile
1546 810 1809 882 lignum;
1842 828 1876 865 a
1922 811 2095 881 cujus

444 904 634 959 forma
670 918 874 957 cuneus
926 902 985 955 in
1036 900 1158 955 acie
1208 900 1431 971 pedites
1478 900 1749 966 conferti,
1778 899 2092 972 quijuncti

444 1009 580 1049 cum
640 992 783 1057 acie,
834 990 1023 1061 primo
1066 990 1396 1060 angustius,
1438 990 1649 1045 deinde
1678 988 1854 1044 latius
1894 1005 2093 1059 proce-

444 1082 611 1149 dunt,
644 1085 702 1136 et
741 1078 1209 1135 adversariorum
1260 1078 1492 1133 ordines
1536 1086 1839 1149 rumpunt,
1869 1078 2007 1147 quia
2059 1095 2093 1133 a

440 1170 711 1242 pluribus
756 1168 816 1223 in
868 1183 1049 1222 unum
1100 1166 1296 1222 locum
1337 1166 1453 1222 tela
1496 1168 1833 1222 mittuntur.
1868 1166 2090 1232 Quibus

439 1259 755 1329 opponitur
801 1257 1118 1325 ordinario,
1166 1272 1336 1326 quem
1389 1256 1646 1310 forﬁcem
1696 1261 1923 1323 vocant,
1964 1272 2088 1324 qua

435 1347 781 1404 lectissimis
825 1345 1119 1401 militibus
1166 1345 1468 1414 confertis,
1501 1345 1558 1398 in
1612 1348 1657 1399 V
1707 1345 1912 1399 littera
1967 1346 2089 1399 for-

436 1453 593 1493 mam
628 1436 1019 1506 componitur,
1065 1440 1124 1489 et
1162 1434 1331 1489 illum
1363 1449 1599 1489 cuneum
1644 1435 1877 1504 excipit,
1912 1439 2088 1504 atque

432 1542 500 1580 ex
530 1528 775 1595 utraque
805 1530 966 1595 parte
997 1522 1315 1577 concludit.
1362 1524 1484 1587 Quo
1534 1523 1706 1588 facto,
1738 1522 1919 1576 aciem
1972 1538 2086 1577 non

432 1618 623 1685 potest
654 1627 983 1684 erumpere.
1018 1616 1097 1666 Ex
1132 1613 1324 1682 priore
1371 1611 1701 1682 signiﬁcato
1751 1614 1890 1667 sunt
1936 1609 2037 1665 illa
2068 1628 2081 1665 :

432 1704 577 1758 Malo
612 1704 784 1757 modo
818 1701 1010 1757 malus
1031 1703 1382 1771 quarendus
1412 1716 1615 1756 cuneus
1644 1717 1663 1755 :
1695 1717 1730 1756 a
1754 1701 2084 1756 sectoribus

430 1793 730 1862 roborum,
763 1807 889 1862 pro,
930 1791 1145 1846 Malum
1196 1791 1350 1847 malo
1401 1790 1733 1856 retundere,
1767 1794 1824 1845 et
1852 1788 2083 1845 clavum

326 1942 329 1943 ,
429 1842 597 1937 eis};
614 1842 968 1951 gaias?“
988 1842 2082 1951 3.1;aitaiastaauieam};
2112 1842 2160 1906 Β

427 1971 493 2025 In
525 1968 907 2041 sequentibus
936 1968 1137 2024 ludere
1166 1968 1402 2024 videtur
1430 1967 1611 2026 altero
1659 1967 2008 2040 signiﬁcato.

425 2076 520 2134 39.
561 2075 741 2132 Cuneo
771 2090 1080 2145 occurrere,
1114 2080 1256 2202 ton;
1290 2074 1518 2203 Illhéib.
1554 2075 1620 2130 de
1652 2077 1871 2131 Resurr.
1900 2090 2080 2146 eam,

1042 2164 1169 2203 can.
1243 2190 1255 2203 .
1285 2164 1343 2203 n.
1453 2188 1466 2202 .

1042 2164 1169 2219 cap.
1201 2164 1255 2213 κ,
1285 2164 1343 2203 n.
1377 2164 1466 2203 se.

491 2240 807 2309 Sumptum
835 2254 869 2294 a
898 2253 959 2293 re
992 2236 1255 2292 militari.
1286 2236 1493 2307 Virgil.
1529 2252 1542 2291 :

482 2371 706 2435 Agmina
733 2370 1029 2435 densentur
1063 2369 1274 2435 cuneis,
1307 2405 1320 2418 .
1360 2406 1372 2418 .
1407 2406 1421 2419 .
1466 2406 1479 2417 .
1512 2370 1580 2418 Et
1608 2381 1795 2435 omnes

483 2432 624 2484 Dant
650 2448 876 2491 curtum,
908 2433 1183 2495 densaque
1211 2432 1277 2480 ad
1309 2445 1489 2481 muros
1520 2432 1657 2481 mole
1688 2432 1953 2481 feruntur.
1991 2432 2073 2491 Et,

482 2498 597 2555 Qua
622 2496 818 2559 globus
847 2495 936 2544 ille
968 2496 1139 2545 virum
1172 2495 1525 2545 densissimus
1556 2497 1729 2557 urget.

492 2632 730 2703 Eritque
776 2628 975 2687 valida
1021 2630 1395 2704 confertaque
1446 2629 1699 2702 alicujus
1748 2629 2076 2687 rationibus

422 2724 770 2796 argumenta
802 2735 1114 2793 opponere,

420 2831 508 2886 40.
545 2830 792 2900 Cuneum
818 2830 1061 2900 primum
1090 2828 1484 2899 congressionis
1521 2831 1726 2895 armat,
1776 2830 1922 2883 tom.
1973 2828 2071 2898 III,

757 2899 857 2957 lib.
893 2900 1015 2956 adv.
1054 2900 1283 2969 Valent,
1315 2916 1442 2973 cap.
1475 2900 1530 2967 3,
1563 2918 1621 2954 n.
1651 2900 1740 2955 24.

488 2989 590 3045 Cui
639 2988 944 3061 sbbjungit
988 2988 1404 3045 Tertullianus.
1439 3010 1469 3039 «
1522 2988 1880 3044 Detectorem
1937 3004 2073 3043 con-

414 3077 672 3134 scientia
704 3076 939 3133 illorum
973 3077 1221 3149 primam
1273 3078 1425 3133 hanc
1463 3078 1765 3134 victoriam
1801 3077 2072 3149 auspica—

416 3184 569 3223 mur.
599 3189 626 3216 ››
656 3166 747 3221 Sic
795 3170 1225 3235 antecursores,
1256 3167 1483 3237 equites
1536 3166 1843 3239 pramissi,
1876 3165 2068 3222 solent
2096 3209 2138 3276 Ο

420 3256 675 3276 J-L-_-_-
714 3254 953 3276 L-_LSI-_
993 3254 1183 3276 --..!_-
1239 3255 1482 3276 2_-!J1A_
1545 3259 1592 3276 ,ι
1627 3270 1935 3276 _-__--____.
1996 3256 2063 3276 tu.

414 3256 680 3327 detegere
714 3254 955 3310 hostiles
987 3254 1206 3327 copias,
1239 3255 1504 3322 insidias,
1539 3259 1597 3311 et
1626 3270 1964 3311 numerum.
1996 3256 2066 3311 Et

414 3343 607 3419 prima
636 3343 1073 3415 victoria,quasi
1098 3360 1268 3400 omen
1292 3348 1379 3400 est
1401 3343 1847 3417 pugna.0rnnia
1869 3350 2066 3400 trans-

412 3431 531 3488 lata
589 3449 623 3488 a
669 3431 942 3488 conﬂictu
994 3433 1203 3488 martio
1245 3433 1447 3505 pralii,
1480 3434 1551 3489 ad
1584 3433 2065 3504 disputationem,

416 3522 569 3592 quod
600 3524 691 3577 est
721 3524 1012 3577 certamen
1044 3521 1418 3577 litterarium.

488 3626 575 3681 41.
608 3627 963 3684 Demosthene
1007 3628 1370 3754 eleguentzilg'é
1413 3632 1555 3685 tom.
1591 3627 1633 3698 Ι,
1676 3629 1899 3700 Apolog.
1935 3645 2064 3701 cap.

1130 3741 1146 3754 .
1178 3717 1236 3754 n.
1376 3742 1389 3754 .

1126 3736 1146 3771 ,
1178 3717 1236 3755 n.
1270 3717 1389 3755 11.5.

492 3785 651 3841 Nihil
708 3786 1120 3843 Demosthenis
1170 3790 1421 3845 oratoria
1466 3788 1522 3845 vi
1589 3788 1825 3857 clarius,
1878 3789 2070 3862 inquit

418 3874 611 3932 Valer.
665 3877 816 3945 Max,
865 3876 966 3933 lib.
1013 3895 1090 3946 IV,
1141 3895 1267 3949 cap.
1314 3878 1369 3944 5,
1410 3882 1467 3933 et
1512 3895 1636 3950 cap.
1668 3879 1720 3946 7,
1757 3878 1855 3934 lib.
1892 3896 1992 3933 vm
2052 3894 2066 3934 :

419 3966 860 4033 Demosthenes,
894 3968 1065 4039 cujus
1095 3967 1270 4035 220,
1304 3971 1761 4024 commemorato
1810 3967 2065 4037 nomine,

414 4055 679 4111 maxima
709 4055 1053 4127 eloquentia
1086 4057 1515 4113 consummatio
1548 4057 1840 4113 audientis
1870 4058 2066 4113 animo

409 4144 692 4201 oboritur.
752 4144 1028 4210 Quinctil.
1087 4145 1188 4202 lib.
1249 4161 1307 4201 ix
1354 4146 1619 4216 ejusdem
1648 4151 2070 4201 commemorat

407 4233 689 4306 elogium.

405 4340 492 4397 42.
525 4341 702 4411 Digiti
728 4347 869 4395 nutu
902 4338 1076 4411 loqui,
1118 4344 1262 4413 tom.
1316 4340 1565 4413 III,Alib.
1618 4340 1741 4395 adv.
1789 4342 2064 4413 Hermog.,

999 4429 1125 4484 cap.
1166 4412 1256 4483 27,
1290 4429 1348 4468 n.
1380 4411 1468 4467 9|.

475 4498 537 4554 In
574 4498 810 4573 Apolog.
837 4500 973 4556 Cum
1003 4500 1307 4570 digitorum
1338 4502 1737 4572 supputatoriis
1764 4502 2059 4573 gesticulis.

399 4586 617 4644 Priscis
644 4589 864 4645 usitata
895 4590 1255 4661 supputandi
1287 4590 1455 4658 ratio,
1489 4606 1616 4661 qua
1649 4591 1825 4646 ﬁebat
1854 4591 2061 4664 digito-
2096 4580 2138 4643 Ι)

396 4692 529 4732 rum
561 4677 738 4734 ﬂexu.
772 4680 839 4733 A.
886 4678 1094 4734 Vener.
1127 4681 1283 4735 Beda
1325 4678 1557 4750 loquela
1584 4679 2055 4752 digitorum,sive

394 4781 496 4838 per
524 4772 759 4840 gestum
781 4767 1645 4839 digitorum,dicitur.Alexand.
1673 4770 1745 4825 ab
1766 4769 2050 4826 Alexand.

393 4854 495 4911 lib.
524 4872 704 4928 I,oap.
733 4856 795 4910 14
818 4873 831 4910 :
858 4879 885 4905 ‹‹
914 4856 1146 4912 Veteres
1170 4862 1341 4929 gestu
1368 4873 1598 4925 manus,
1620 4859 1791 4914 modo
1814 4860 2047 4929 dextra,

393 4945 568 5000 modo
600 4945 874 5013 sinistra,
908 4949 965 4999 et
1012 4945 1333 5016 digitorum
1382 4947 1758 5019 depressione
1806 4951 1907 5003 aut
1936 4947 2049 5003 cir-

391 5033 796 5099 cumﬂexionc,
831 5050 982 5104 sape
1011 5050 1197 5090 annos
1246 5036 1717 5102 dinumerarunt,
1759 5061 1783 5089 ι
1819 5043 1928 5092 etc.
1960 5038 2045 5093 Ad

390 5138 566 5193 quem
598 5137 817 5177 morem
851 5120 1061 5178 alludit
1108 5124 1351 5180 Tertull.
1402 5142 1535 5181 cum
1578 5125 1744 5181 addit
1777 5144 1791 5182 :
1829 5147 1850 5176 α
1885 5126 2043 5182 Nutu

388 5211 852 5277 accommodato;
869 5210 1044 5267 altius
1069 5212 1363 5284 tollens,et
1383 5216 1550 5285 quasi
1575 5220 1725 5270 retro
1749 5215 2036 5285 jactansa

390 5298 802 5371 Usurpaturin
826 5301 1124 5357 hominem
1158 5304 1292 5374 plus
1324 5305 1507 5359 nimio
1541 5303 1651 5359 sibi
1685 5309 2039 5375 sumentem,

382 5390 440 5441 et
467 5403 571 5458 pro
604 5387 887 5444 arbitratu
923 5406 1049 5459 suo,
1082 5393 1232 5459 quod
1270 5392 1452 5460 lubet,
1482 5398 1858 5448 statuentem.

381 5492 470 5547 43.
503 5493 685 5563 ι)ίοίίο
714 5494 1010 5561 destinare,
1043 5503 1183 5552 tom.
1320 5498 1421 5553 lib.
1477 5498 1541 5551 de
1580 5499 1783 5567 Pallio,
1818 5513 1945 5569 cap.
1978 5498 2032 5568 2,

1129 5585 1185 5622 n.

1129 5585 1185 5623 Π.

455 5654 848 5713 Tertullianus
876 5654 975 5711 lib.
1010 5658 1073 5711 de
1110 5658 1325 5713 Veland.
1371 5659 1509 5729 Virg.
1548 5675 1559 5713 :
1601 5679 1627 5711 α
1656 5658 1800 5713 Dum
1832 5659 2029 5729 digitis

2205 542 2471 600 denotari
2503 549 2559 601 ct
2588 547 2928 603 monstrari.
2962 547 3157 605 Horat.
3192 547 3296 604 0d.
3325 548 3377 617 3,
3412 548 3513 606 lib.
3547 566 3603 605 ιν
3634 566 3647 606 :

2452 652 2604 719 Quod
2633 658 2903 719 monstror
2937 654 3104 719 digito
3132 657 3594 719 pratereuntium,

2449 715 2702 765 Romana
2736 716 2929 767 ﬁdicen
2960 715 3108 781 lira.

2274 811 2342 866 Et
2369 811 2470 867 lib.
2501 813 2605 885 Ep.
2647 814 2752 871 Od.
2797 816 2852 882 4,
2902 815 3149 888 explicat
3179 819 3449 874 nostrum
3481 817 3854 890 proverbium

2202 916 2269 956 ex
2306 901 2547 959 Tertull.
2583 904 2895 961 sententia.

2479 1019 2710 1069 Videsne
2741 1033 2947 1070 sacram
2976 1022 3228 1071 metiente
3258 1025 3308 1072 te
3339 1024 3482 1073 viam

2482 1082 2609 1147 gum
2641 1083 2723 1131 bis
2751 1088 2830 1132 ter
2860 1082 3107 1147 ulnarum
3138 1088 3277 1147 toga,

2479 1144 2544 1193 Ut
2571 1158 2667 1194 ora
2693 1150 2863 1194 vertat
2892 1150 2947 1195 et
2975 1145 3079 1195 huc
3107 1144 3351 1197 euntium

2477 1207 2769 1257 Liberrima
2799 1208 3097 1272 indignatio
3118 1212 3142 1258 ‘I

2198 1311 2286 1364 44.
2347 1312 2622 1370 Dimicare
2685 1315 2755 1369 ad
2801 1324 3029 1382 certum,
3087 1320 3229 1371 tom.
3282 1315 3380 1382 III,
3440 1315 3543 1372 lib.
3604 1333 3666 1373 in
3724 1316 3849 1372 adv.

2694 1385 2884 1458 Mam,
2916 1403 3043 1459 cap.
3080 1387 3137 1458 5,
3169 1405 3228 1442 n.
3264 1387 3349 1442 14.

2264 1471 2461 1528 Solent
2488 1473 2841 1545 gladiatores
2870 1479 2928 1530 et
2952 1475 3181 1548 pugiles
3215 1477 3369 1532 inter
3403 1492 3466 1533 se
3496 1490 3853 1547 congressu-

2195 1559 2265 1628 ri,
2301 1567 2615 1633 antequam
2646 1564 2714 1618 ad
2742 1581 2953 1619 manus
2976 1565 3243 1635 ictusque
3272 1567 3528 1634 veniant,
3551 1565 3851 1636 quoddam

2194 1649 2363 1719 quasi
2412 1652 2679 1722 praludii
2728 1651 3024 1723 specimen
3075 1655 3267 1725 edere,
3313 1658 3391 1719 et,
3424 1658 3487 1708 ut
3535 1654 3599 1709 Β.
3634 1652 3851 1709 Paulus

2193 1737 2297 1805 ait,
2328 1755 2519 1795 aerem
2550 1740 2875 1798 verberare.
2909 1741 3117 1814 Virgil.
3149 1741 3254 1797 lib.
3280 1758 3314 1798 v
3348 1767 3362 1797 :

2313 1845 2451 1911 Talis
2481 1847 2652 1911 prima
2680 1848 2840 1898 Dares
2869 1851 3030 1911 caput
3056 1849 3221 1899 altum
3252 1849 3307 1897 in
3339 1848 3526 1911 praelia
3565 1848 3720 1911 tollit,

2313 1908 2947 1985 getenditque‘humeros
2972 1908 3467 1985 latos,_alte_rna_que
3492 1912 3661 1975 jactat

2314 1969 2541 2021 Brachia
2569 1969 2918 2037 protendens,
2953 1978 3006 2025 et
3035 1969 3278 2026 verberat
3306 1969 3510 2025 ictibus
3529 1989 3707 2025 auras.

2260 2067 2408 2123 Tum
2441 2071 2775 2141 postmodo,

2249 2174 2663 2240 Immiscentque
2685 2192 2877 2229 manus
2897 2180 3146 2231 manibus
3174 2194 3520 2246 pugnamque
3552 2182 3849 2233 lacessunt.

2257 2278 2325 2330 Et
2353 2274 2456 2331 lib.
2486 2292 2567 2331 XII
2601 2292 2617 2332 :

2712 2366 3016 2429 Ventosque
3072 2368 3314 2419 laccessit

2246 2424 2462 2487 Ictibus,
2493 2430 2546 2477 et
2576 2441 2763 2490 sparsa
2790 2430 2857 2478 ad
2887 2424 3122 2494 pugnam
3150 2431 3390 2495 proludit
3419 2444 3603 2482 arena.

2253 2524 2448 2581 Potest
2476 2529 2534 2581 et
2572 2525 2754 2582 videri
2798 2532 3106 2599 sumptum
3156 2545 3191 2585 a
3235 2529 3660 2600 jaculatoribus
3716 2532 3845 2603 qui,

2182 2628 2452 2684 scopum,
2482 2614 2555 2669 ad
2583 2631 2758 2687 quem
2789 2615 3111 2685 oolliment,
3158 2617 3271 2673 sibi
3320 2623 3678 2690 proponunt.
3715 2621 3846 2677 Huc

2181 2701 2433 2773 pertinet
2460 2707 2523 2758 B.
2556 2703 2720 2759 Pauli
2753 2704 2921 2773 illud,
2979 2709 3006 2760 Ι
3053 2707 3183 2763 Cor.
3244 2723 3303 2762 xx
3351 2723 3364 2761 :
3398 2710 3518 2777 Ego
3549 2710 3734 2781 igitur
3761 2712 3848 2767 sic

2181 2807 2365 2857 curro,
2401 2808 2511 2848 non
2536 2794 2695 2863 quasi
2742 2797 2799 2849 in
2848 2796 3167 2865 incertum;
3196 2798 3276 2852 sic
3301 2812 3505 2869 pugno,
3539 2814 3647 2853 rion
3680 2800 3850 2870 quasi

2180 2897 2363 2937 aerem
2393 2882 2708 2938 verberans.

2181 2988 2267 3042 45.
2292 2989 2573 3046 Dimicare
2618 2992 2891 3059 cominus,
2924 2990 3074 3075 Ibid.
3118 2991 3263 3048 Vide
3314 2991 3523 3049 Cedere
3563 2996 3843 3064 cominus,

2864 3079 3158 3135 superius.

2179 3168 2267 3222 46.
2300 3168 2687 3239 Bpieitarisma
2730 3172 2856 3240 post
2901 3171 3169 3241 fabulam,
3221 3174 3367 3226 tom.
3415 3170 3509 3238 III,
3568 3170 3672 3226 lib.
3705 3170 3842 3228 adv.

2633 3241 2867 3309 Valent,
2900 3259 3007 3315 cap
3039 3243 3127 3311 33,
3161 3259 3220 3297 n.
3253 3243 3378 3297 367.

2246 3331 2578 3384 Rneawus.
2611 3333 2754 3384 Cum
2787 3331 2994 3386 tabula
3042 3331 3501 3387 recensebantur
3547 3330 3688 3386 olim
3722 3349 3843 3404 pu-

2176 3414 2345 3487 blice,
2378 3420 2447 3471 ad
2505 3417 2924 3475 demulcendos
2972 3424 3370 3492 spectatorum
3422 3420 3673 3491 animos,
3731 3421 3842 3493 qui

2175 3504 2525 3577 tadilonga
2587 3507 2942 3564 narrationis
2990 3509 3117 3579 jam
3176 3508 3535 3580 languebant
3592 3509 3649 3563 in
3695 3509 3844 3579 ﬁne,

2176 3593 2521 3665 priusquam
2550 3596 3007 3668 dimitterentur,
3022 3596 3371 3652 citharadus
3394 3596 3608 3669 aliquis
3633 3599 3842 3668 prodi-

2176 3682 2294 3738 bat.
2317 3683 2516 3739 Solent
2535 3690 2591 3739 et
2610 3690 2746 3740 ante
2776 3689 2832 3741 et
2862 3690 2994 3757 post
3015 3687 3242 3757 justam
3273 3685 3530 3742 fabulam
3558 3687 3841 3757 quadam

2176 3772 2303 3827 cani
2328 3772 2387 3827 in
2410 3774 2552 3828 odeo
2576 3790 2610 3829 a
2630 3790 2689 3829 re
2704 3773 2995 3841 aliena,ad
3019 3775 3355 3830 auditorum
3371 3775 3602 3831 fastidia
3623 3775 3859 3848 dispel-

2174 3861 2348 3916 lenda
2377 3862 2682 3917 duntaxat.
2717 3864 2871 3919 224
2911 3864 3075 3919 Unde
3122 3863 3222 3919 illa
3266 3864 3634 3936 prooemium,
3668 3866 3857 3935 quasi

2177 3950 2511 4019 praesntio,
2541 3949 2646 4023 πρὸ
2676 3953 2775 4014 τῆς
2809 3948 2971 4023 οἷ’μου
3005 3956 3140 4007 ante
3177 3956 3415 4007 cantum
3451 3952 3858 4020 ordinarium,

2178 4039 2333 4107 quod
2366 4039 2625 4095 rhetores
2648 4056 2750 4111 per
2769 4038 3211 4097 translationem
3235 4058 3353 4097 sua
3374 4040 3653 4097 orationis
3674 4058 3859 4097 exor-

2175 4125 2330 4181 dium
2360 4128 2652 4183 dixerunt.
2686 4130 2748 4182 In
2781 4129 2968 4199 possi,
3016 4130 3311 4201 prologue,
3346 4136 3406 4185 et
3449 4134 3676 4201 contra,
3718 4130 3860 4202 cpi-

2176 4215 2373 4287 logus.
2400 4216 2462 4271 In
2508 4216 2787 4272 tibiarum
2840 4218 3190 4290 incentione,
3224 4218 3552 4290 proaulion.
3598 4219 3855 4276 Poterit.

2175 4306 2289 4362 dici
2322 4308 2695 4363 corollarium
2727 4309 2859 4364 vani
2892 4309 3145 4382 alicujus
3176 4311 3370 4383 coepti,
3404 4315 3507 4367 aut
3536 4326 3859 4368 commen-

2175 4399 2303 4451 tum
2335 4396 2624 4452 additum.

2174 4502 2262 4558 47.
2295 4505 2462 4559 Favos
2487 4506 2610 4576 post
2651 4505 2787 4575 fella
2830 4514 3068 4576 gustare,
3120 4510 3259 4562 tom.
3314 4506 3383 4575 II,
3436 4506 3540 4562 lib.
3590 4506 3655 4562 de
3704 4510 3853 4565 Cor.

2673 4578 2794 4632 mit.
2829 4594 2956 4650 cap.
2994 4580 3082 4645 14,
3117 4595 3175 4634 n.
3209 4579 3332 4633 196.

2236 4673 2574 4729 ﬁngamus.
2611 4674 2903 4731 Proverbii
2936 4676 3193 4748 speciem
3225 4676 3422 4745 habet,
3456 4678 3528 4732 de
3557 4693 3621 4733 eo
3653 4677 3851 4749 vulgo

2164 4760 2275 4815 dici
2299 4762 2538 4817 solitum
2569 4764 2693 4835 qui,
2725 4763 2986 4820 toleratis
3016 4766 3297 4833 adversis,
3332 4765 3650 4821 latioribus
3694 4769 3849 4822 tan-

2160 4849 2293 4904 dem
2325 4851 2501 4908 rebus
2551 4853 2789 4923 potitur.
2838 4853 2960 4909 Huc
3008 4854 3233 4910 faciunt
3281 4854 3377 4909 illa
3427 4872 3440 4909 :
3494 4876 3520 4903 «
3569 4858 3648 4907 Ex
3682 4859 3853 4910 tem-

2159 4945 2381 5010 pestate
2412 4941 2470 4995 in
2499 4946 2756 5013 portum,
2779 4942 2915 4998 Post
2946 4959 3188 5015 agonem
3220 4960 3454 4999 corona.
3476 4965 3504 4991 »
3524 4941 3803 5013 Vulgare
3828 4961 3844 4998 :

2158 5050 2185 5078 ‹‹
2214 5029 2300 5083 Ab
2331 5036 2455 5086 atro
2479 5048 2626 5102 pane
2648 5032 2719 5086 ad
2746 5032 3060 5087 candidum
3088 5050 3101 5100 ;
3134 5032 3383 5088 Virtutis
3407 5032 3637 5088 radices
3659 5048 3850 5089 ama-

2153 5134 2252 5184 ra,
2286 5120 2513 5175 fructus
2544 5120 2903 5176 suavissimi.
2933 5142 2962 5170 ››

2151 5223 2239 5277 48.
2291 5224 2554 5280 Fibulam
2617 5225 2813 5281 laxare
2867 5242 2965 5281 seu
3039 5228 3317 5295 relaxare,
3363 5231 3505 5282 tom.
3568 5227 3646 5293 II,
3705 5228 3840 5285 lib.

2472 5296 2535 5351 de
2568 5299 2695 5353 Cor.
2728 5298 2925 5365 mitit.,
2956 5314 3084 5370 cap.
3111 5301 3200 5368 11,
3236 5317 3293 5355 n.
3330 5300 3453 5356 144.

2219 5392 2552 5449 Rusxaxus.
2611 5394 3059 5451 Proverbialiter
3108 5397 3355 5469 dictum,
3416 5413 3519 5468 pro
3580 5396 3843 5467 aperire

2144 5479 2481 5551 fenestram,
2506 5487 2565 5539 et
2594 5500 2799 5539 ansam
2829 5485 2968 5541 dare
2999 5485 3264 5553 delictis;
3300 5503 3427 5558 qua
3450 5489 3507 5541 et
3527 5485 3655 5556 ipsa
3675 5501 3847 5556 pro-

2139 5573 2324 5627 verbii
2356 5574 2598 5631 schema
2637 5575 2875 5633 habent.
2928 5577 3072 5633 Huic
3116 5579 3433 5650 opponitur
3456 5577 3612 5648 quod
3643 5575 3841 5635 idem

2138 5660 2240 5717 lib.
2268 5662 2332 5719 de
2358 5664 2702 5737 Monogamia
2742 5666 2887 5722 dixit
2938 5684 2949 5723 :
2999 5668 3254 5723 Fibulam
3292 5670 3597 5739 imponere,
3637 5669 3835 5736 quod
