4072 6190
122 5948 161 5959 ιν.

110 5968 329 5999 *Ἣῲειι
344 5988 361 5999 Α
380 5996 385 5999 Α
450 5966 453 5967 ν

466 284 469 287 ’
495 323 611 387 971

1582 312 1684 373 EX
1731 306 2263 372 TERTULLIANI
2306 306 2853 369 APOLOGETICO

3234 14 4032 150 ῃ

3486 112 3489 119 Ι
3594 112 3611 120 Α
4028 102 4031 107 '

3830 130 3883 149 ...ι-

3486 102 3569 119 In",
3594 102 4031 120 ‘—,

3830 130 3883 149 ...Ι-

3763 319 3866 375 272

499 459 614 525 est,
645 467 775 512 esse
804 449 1131 526 principem
1162 451 1219 505 et
1250 450 1547 505 auctorem
1582 444 1837 516 alicujus
1867 444 2038 501 sectis
2065 441 2160 510 ;et
2183 442 2242 512 Α
2270 454 2405 496 nem
2438 440 2687 498 Satanas
2713 457 2829 498 non
2862 440 3056 498 solum
3081 440 3142 498 in
3170 457 3342 500 omne
3370 458 3562 516 genus
3591 446 3870 521 malorum,

499 547 700 605 Horat.
732 543 797 599 de
824 542 1087 607 Pecunia,
1122 537 1291 611 epist.
1322 538 1345 593 1
1389 554 1401 591 :

623 673 810 723 Totum
842 670 1003 733 digna
1033 665 1181 729 sequi
1206 663 1406 728 potius,
1437 674 1599 725 quam
1631 659 1825 709 ducere
1853 658 2059 707 funem.

571 791 681 847 Sed
732 787 873 860 quid
926 786 1047 841 haec
1095 785 1166 839 ad
1216 780 1645 838 contentionem
1704 782 1761 834 et
1818 772 2154 833 certamen?

502 882 575 938 ad
607 878 963 952 pertinacem
1008 873 1353 945 opinionum
1402 866 1843 925 defensionem?
1886 864 2158 920 Alludere

500 971 681 1043 igitur
714 967 943 1023 videtur
992 964 1061 1019 ad
1095 961 1253 1018 aliud
1303 960 1471 1015 lusus
1520 974 1727 1030 genus,
1762 957 1820 1011 in
1864 971 1977 1027 quo
2009 953 2157 1009 forte

499 1064 693 1132 funem
726 1055 984 1111 medium
1037 1057 1285 1121 utraque
1318 1066 1453 1121 pars
1500 1050 1557 1103 in
1609 1047 1840 1102 diversa
1883 1043 2155 1101 obnitens

501 1165 568 1205 ac
598 1164 661 1203 se
710 1143 1046 1218 pertrahere
1097 1140 1411 1205 nitebatur,
1446 1141 1501 1192 et
1553 1137 1753 1193 alteris
1790 1138 2153 1205 extorquere.

499 1239 624 1303 Qua
678 1235 739 1289 in
792 1250 853 1289 re
902 1231 1271 1304 propositum
1319 1233 1445 1283 erat
1492 1226 1743 1281 victoriae
1798 1221 2153 1296 praemium:

500 1324 655 1398 quod
687 1339 801 1378 non
832 1321 1037 1393 paucis
1088 1319 1230 1374 locis
1267 1334 1299 1373 a
1326 1316 1520 1389 pueris
1572 1316 1915 1371 observatur
1959 1309 2153 1379 hodie,

500 1430 675 1486 quem
705 1414 897 1482 funem
927 1407 1325 1465 contentionis
1357 1405 1447 1462 vel
1481 1404 1921 1460 contentiosum
1955 1417 1989 1456 a
2018 1416 2155 1472 par-

498 1503 650 1559 tium
680 1499 1053 1556 contentione
1105 1501 1191 1567 (ut
1221 1495 1429 1568 Kyfbal
1478 1492 1735 1563 Flandri)
1768 1492 1827 1546 in
1856 1491 1991 1547 lusu
2024 1486 2156 1561 pilas

500 1589 822 1664 palmaria,
856 1604 988 1642 cum
1036 1585 1261 1641 luditur
1290 1584 1537 1638 datatim
1583 1579 1840 1653 appellat
1886 1575 2155 1645 Tertull.,

503 1682 605 1755 qui
637 1680 834 1737 addit:
867 1680 1005 1734 Pari
1032 1679 1160 1734 hinc
1193 1676 1320 1732 inde
1346 1677 1478 1731 nisu
1508 1676 1815 1741 ﬂuctuante
1832 1669 2153 1734 ;fortasse:

502 1772 884 1828 ﬂuctuantem
918 1768 1028 1823 sub
1062 1768 1281 1822 funem.

497 1879 587 1933 57.
615 1880 767 1932 Fune
795 1873 1129 1930 contentiosa
1159 1873 1305 1927 diem
1335 1870 1405 1924 ad
1454 1884 1726 1940 vesperam
1757 1865 2149 1940 ducere,__tom.

569 1950 616 2017 Ι,
648 1949 749 2004 lib.
778 1947 899 2001 adv.
928 1947 1076 2011 Jud.,
1112 1945 1322 2017 cap.71,
1358 1959 1414 1996 n.
1452 1933 1603 2017 iet
1633 1945 1777 1995 tom.
1826 1937 1919 2006 III,
1954 1936 2054 1993 lib.
2087 1933 2154 1991 de

571 2014 791 2076 Resurr.
826 2020 1033 2085 carnis,
1070 2032 1196 2087 cap.
1230 2015 1319 2080 34,
1355 2032 1411 2069 n.
1444 2014 1569 2066 251i.

575 2128 665 2183 Vel
694 2129 755 2182 in
784 2140 1062 2198 vesperam
1095 2123 1333 2178 trahere.
1361 2121 1461 2174 Cui
1496 2118 1659 2174 addit
1708 2113 1950 2172 Tertull.
1981 2114 2152 2169 alter-

498 2218 589 2273 nis
640 2217 872 2282 vicibus,
923 2219 988 2269 ut
1034 2227 1259 2284 supra:
1296 2211 1434 2264 Pari
1480 2210 1608 2263 hinc
1651 2206 1775 2262 inde
1822 2204 1968 2260 nisu.
2019 2202 2142 2261 Cic.

501 2306 674 2379 epist.
722 2306 776 2373 2,
829 2302 930 2359 lib.
985 2319 1003 2358 ι
1053 2301 1251 2357 Famil.
1304 2316 1316 2354 :
1374 2299 1490 2353 Hac
1516 2295 1910 2353 controversia
1964 2306 2154 2364 usque

505 2396 577 2453 ad
610 2399 839 2451 noctem
891 2394 1106 2459 ducta;
1141 2395 1198 2446 et
1247 2388 1418 2461 epist.
1451 2391 1506 2459 2,
1554 2387 1654 2441 lib.
1691 2402 1767 2450 1v,
1819 2383 1889 2438 ad
1934 2382 2100 2439 Attio.
2137 2396 2150 2437 :

502 2488 647 2543 Cum
679 2486 750 2540 ad
800 2483 1066 2539 Clodium
1116 2484 1354 2536 ventum
1387 2482 1494 2549 est,
1528 2478 1688 2548 cupit
1734 2474 1918 2541 diem:
1939 2490 2155 2530 consu-

501 2592 681 2632 mere.
736 2574 1007 2629 Plinius:
1048 2571 1342 2625 Actionem
1397 2584 1613 2632 meam,
1672 2569 1735 2620 ut
1787 2563 1988 2636 praelia
2043 2578 2157 2618 nox

504 2664 765 2732 dirimit;
799 2666 855 2719 et
888 2680 899 2717 :
935 2661 1089 2716 Dixit
1138 2660 1196 2714 in
1243 2662 1494 2723 noctem,
1529 2661 1703 2725 atque
1751 2654 1926 2708 etiam
1973 2651 2157 2708 illatis

503 2754 783 2810 lucernis.
816 2753 985 2823 Apud
1031 2754 1277 2804 Roman.
1312 2763 1444 2802 cum
1501 2746 1640 2817 quid
1693 2742 1933 2813 differri,
1964 2742 2057 2797 vel
2096 2740 2157 2796 in

503 2844 659 2899 diem
710 2840 940 2895 diffindi
990 2839 1205 2893 vellent
1252 2837 1687 2895 intercessores.
1719 2831 1962 2887 dicendo
2003 2829 2157 2885 diem

505 2931 821 3000 ducebant,
852 2946 923 2984 ne
952 2928 1090 2999 quid
1144 2943 1211 2982 eo
1263 2926 1354 2981 die
1404 2925 1532 2996 ipso
1565 2940 1598 2979 a
1628 2926 1839 2978 senatu
1883 2921 2157 2977 decerne-

504 3025 668 3078 retur
726 3038 739 3075 :
800 3019 1264 3088 dicebanturque
1320 3015 1477 3069 diem
1531 3011 1866 3078 extrahere,
1925 3015 2158 3082 tempus

504 3111 738 3167 trahere
786 3113 842 3165 et
890 3106 1181 3179 prolatare
1224 3103 1702 3173 consultationes,
1732 3101 1885 3173 apud
1934 3099 2155 3156 Salust.

503 3202 711 3269 Itaque
759 3195 1189 3268 significabitur
1219 3192 1612 3248 contentionis
1661 3191 1950 3245 diuturna)
1978 3187 2153 3261 perti-
2185 3199 2229 3269 ρ

508 3286 694 3343 nacia.
732 3288 793 3341 In
827 3285 928 3340 lib.
959 3285 1025 3339 de
1052 3287 1274 3339 Resurr.
1307 3298 1494 3349 carm,
1527 3281 1865 3335 contentiosa
1893 3281 2030 3349 fune
2056 3276 2156 3333 de—

504 3377 719 3443 ducere,
752 3378 862 3445 est,
897 3372 1261 3442 argumentis
1306 3370 1546 3443 prolixis
1594 3367 2000 3441 perplexisque
2029 3381 2156 3422 rem

506 3466 751 3539 agitare.

502 3572 593 3628 58.
625 3574 827 3626 Funem
873 3569 1270 3626 contentiosum
1327 3564 1548 3620 alterno
1607 3564 1775 3619 ductu
1828 3564 1893 3619 in
1936 3562 2157 3618 diversa

566 3643 896 3768 distzeéidere,
963 3646 1105 3696 tom.
1178 3644 1243 3709 V,
1314 3638 1414 3692 lib.
1480 3638 1545 3692 de
1607 3637 1831 3706 Pudic.,
1900 3651 2029 3708 cap.
2096 3637 2152 3705 2,

570 3733 629 3771 n.
741 3757 753 3770 .

561 3825 778 3877 Praeter
807 3836 872 3876 ea
907 3835 1033 3890 quae
1084 3834 1265 3889 supra
1290 3816 1469 3871 allata
1502 3820 1658 3883 sunt,
1694 3814 1802 3870 hoc
1845 3812 2151 3885 proverbio

488 3911 834 3975 admoneor,
864 3909 1189 3964 Ductarium
1220 3909 1410 3977 funem
1435 3905 1571 3974 dici,
1593 3904 1690 3975 qui
1727 3921 1827 3974 per
1856 3902 2151 3959 orbiculos

350 4013 367 4027 '
483 3999 759 4056 trochleis
788 3999 939 4071 (quis
973 4001 1061 4053 est
1117 3995 1391 4050 machina
1422 3993 1783 4059 tractatoria,
1818 4007 1952 4047 cum
2002 4006 2149 4047 aereo

484 4091 640 4148 224
674 4088 937 4161 ligneove
988 4085 1247 4142 orbiculo
1282 4084 1380 4155 qui
1416 4084 1636 4138 circum
1692 4082 1990 4137 axiculum
2022 4096 2147 4136 ver-

482 4184 667 4249 satur,
700 4178 821 4233 sive
871 4175 1061 4231 rotula
1092 4174 1300 4230 striata
1351 4188 1529 4242 quam
1582 4170 1795 4225 Caterol
1847 4173 1906 4225 et
1958 4168 2149 4239 Mouﬂe

481 4268 667 4339 Belgae
722 4265 1045 4337 appellant)
1076 4263 1389 4333 trajicitur.
1425 4262 1548 4324 Qua
1599 4258 1872 4315 machina
1921 4257 2150 4313 utimur

480 4357 541 4413 in
596 4356 894 4421 oneribus,
931 4353 1210 4419 fascibus,
1263 4352 1450 4406 saccis
1500 4348 1905 4404 frumentariis
1952 4348 2011 4402 in
2062 4348 2147 4403 al-

475 4450 606 4502 tum
639 4444 998 4510 attollendis,
1033 4448 1089 4497 et
1122 4459 1223 4514 per
1256 4442 1542 4495 fenestras
1590 4437 2000 4494 immittendis.
2035 4435 2146 4504 Qui

478 4533 640 4589 funis
672 4533 890 4588 dicitur
920 4536 1125 4587 contra
1153 4529 1404 4585 demitti.
1437 4527 1596 4599 Virg.
1639 4544 1652 4582 :

761 4656 1061 4706 Demissum
1093 4654 1225 4718 lapsi
1257 4668 1352 4717 per
1379 4654 1578 4717 funem.

550 4777 771 4833 Al'terno
802 4772 991 4840 ductu,
1035 4774 1102 4826 ut
1136 4755 1333 4841 supra,
1368 4767 1605 4823 Alternis
1647 4766 1874 4836 vicibus,
1901 4767 2032 4839 pari
2056 4767 2141 4823 ni-

478 4881 543 4921 su
570 4864 699 4919 hinc
729 4863 877 4917 inde.
916 4863 1190 4933 Idemque
1234 4857 1597 4931 signiﬁcabit
1631 4872 1643 4911 :
1679 4856 1965 4928 Utrinque
2014 4872 2139 4912 ma-

477 4970 594 5026 gna
624 4968 758 5008 cum
792 4949 1113 5022 pertinacia
1144 4966 1267 5004 rem
1302 4947 1660 5020 disputando
1694 4945 1937 5019 agitare.

470 5062 561 5118 59.
595 5062 802 5116 Funem
852 5059 1072 5127 longum
1127 5056 1425 5123 attrahere,
1480 5060 1623 5111 tom.
1658 5053 1731 5120 ΙΙ,
1780 5053 1884 5109 lib.
1936 5056 2015 5109 De
2041 5067 2133 5109 ve-

854 5129 1005 5186 land.
1046 5130 1219 5201 Virg.,
1253 5145 1380 5200 cap.
1419 5128 1503 5192 14,
1539 5145 1596 5181 n.
1632 5127 1755 5182 115.

542 5220 756 5277 Notum
789 5223 878 5275 est
929 5217 1071 5273 illud
1122 5219 1181 5273 B.
1238 5215 1503 5287 Gregorii
1552 5215 1857 5271 litoralibus
1888 5233 1907 5270 :
1939 5237 1966 5264 ‹‹
2003 5213 2129 5271 Ori-

477 5314 577 5367 tur
605 5327 674 5366 ex
702 5308 1075 5380 suggestione
1125 5306 1421 5378 cogitatio,
1472 5321 1540 5359 ex
1587 5304 1935 5375 cogitatione
1965 5304 2131 5360 affec-

469 5400 577 5473 tio,
612 5415 682 5456 ex
725 5397 1025 5454 affectione
1075 5395 1403 5464 delectatio,
1438 5409 1506 5450 ex
1555 5393 1940 5450 delectatione
1988 5410 2129 5450 con-

471 5506 709 5560 sensus,
741 5493 888 5554 etc.,
922 5502 1111 5557 usque
1144 5488 1211 5540 ad
1242 5490 1460 5540 certam
1494 5483 1955 5539 damnationem.
1991 5486 2125 5549 Qua:

466 5585 561 5640 est
589 5581 762 5654 longa
793 5575 896 5634 illa
924 5580 981 5631 et
1014 5575 1305 5632 horrenda
1357 5577 1730 5645 peccatorum
1759 5578 1981 5632 catena.
2016 5573 2125 5641 Qui

464 5670 642 5731 funes
669 5674 845 5744 atque
897 5667 1230 5742 compedes,
1266 5663 1481 5738 quibus
1512 5662 1898 5721 constrictum
1930 5663 2122 5721 homi-

2183 1823 2232 1890 B

2174 4575 2222 4643 D

2266 530 2367 586 sed
2422 530 2598 586 etiam
2658 529 2717 586 in
2775 531 3115 588 Tartaream
3176 533 3453 605 abyssum
3483 534 3803 608 praecipitat.
3848 559 3874 588 »

2264 620 2432 691 Apud
2466 619 2742 692 profanos
2783 625 3050 678 auctores
3080 637 3094 677 :
3128 620 3345 677 Catena
3391 624 3759 696 negotiorum,
3786 630 3873 682 Ca-

2263 708 2445 764 tenati
2478 708 2730 766 labores.
2763 710 2933 767 Pind.
2990 708 3277 788 Δυσφόρων
3318 712 3556 786 σχοινίον
3608 717 3874 789 μεριμνῶν.

2262 814 2353 873 60.
2406 815 2595 873 Glacie
2637 818 2926 890 fragilior,
2975 823 3119 876 tom.
3170 818 3270 887 ΙΙΙ,
3324 819 3424 876 lib.
3472 837 3493 876 1
3537 822 3661 877 adv.
3709 821 3874 892 Mare,

2812 906 2941 962 cap.
2976 892 3030 960 1,
3072 907 3236 947 num.
3273 892 3361 947 14.

2335 994 2505 1066 Aliis,
2537 998 2674 1053 Gelu
2718 998 3001 1068 fragilior.
3035 1002 3113 1055 De
3164 997 3396 1054 homine
3441 996 3787 1056 inconstante
3826 1006 3875 1058 et

2264 1084 2587 1158 fcedifrago.
2622 1087 2767 1143 Nam
2813 1087 3009 1160 frigile
3038 1087 3360 1161 opponitur
3407 1087 3571 1144 ﬁrmo
3600 1096 3650 1145 et
3676 1088 3873 1146 stabili.

2263 1174 2619 1247 Fragilitatis
2684 1176 2744 1231 in
2810 1175 2996 1250 glacie
3061 1192 3240 1233 causa
3304 1181 3417 1243 est,
3481 1176 3742 1249 partium,
3791 1194 3874 1234 ex-

2265 1266 2420 1408 (δῖ-διο
2448 1262 2661 1332 calore,
2694 1267 2847 1338 quod
2904 1266 3300 1340 conjungendi
3346 1265 3639 1325 vinculum
3668 1270 3766 1337 est,
3795 1283 3876 1323 ra-

2266 1370 2296 1408 r
2319 1357 2428 1409 tas.

2262 1470 2371 1546 61._
2405 1468 2589 1546 Gradu
2635 1471 2838 1541 cedere,
2989 1471 3173 1546 gradu
3200 1470 3422 1546 cedere,
3471 1472 3582 1528 sive
3614 1472 3878 1546 paulisper

2336 1540 2610 1611 decedere,
2667 1540 2829 1599 tom.
2862 1543 2960 1611 Ill,
2990 1540 3125 1600 'lib.
3179 1542 3244 1599 de
3299 1545 3503 1601 Praesc.
3559 1540 3675 1599 adv.
3731 1540 3876 1611 ham,

2337 1629 2463 1686 cap.
2511 1615 2566 1684 9,
2622 1631 2680 1670 n.
2727 1616 2818 1683 64,
2870 1620 2928 1671 et
2971 1614 3075 1673 lib.
3123 1630 3186 1700 γ,
3237 1619 3364 1671 adv.
3413 1614 3599 1699 Marc,
3644 1631 3762 1686 cap.
3801 1617 3876 1682 16,

2338 1700 2398 1740 n.
2454 1686 2593 1759 256,7
2645 1702 2711 1743 ao
2767 1693 2910 1743 tom.
2969 1686 3042 1757 V,
3099 1685 3202 1743 11b.
3258 1686 3327 1744 de
3382 1689 3596 1757 Padus,
3664 1702 3781 1759 cap.
3828 1687 3876 1756 7,

2337 1773 2503 1814 num.
2534 1758 2625 1812 53.

2333 1874 2548 1930 Omnes
2579 1874 2935 1947 metaphora
2968 1873 3041 1931 ab
3073 1874 3309 1931 athletis
3340 1878 3587 1949 sumptae
3610 1875 3726 1947 jam
3760 1890 3877 1931 con-

2260 1965 2685 2038 gredientibus,
2717 1966 2839 2021 sive
2887 1965 3161 2039 gradum,
3194 1966 3425 2038 pedem,
3478 1982 3712 2021 manum
3756 1982 3877 2021 con-

2261 2054 2684 2127 gredientibus.
2719 2054 2844 2111 Lib.
2874 2054 2940 2112 de
2985 2056 3301 2128 Przscript.
3336 2055 3460 2112 adv.
3493 2055 3625 2111 hair.
3658 2071 3671 2110 :
3708 2075 3728 2107 ι
3761 2053 3880 2113 Cedo

2258 2161 2409 2201 nunc
2436 2148 2623 2218 sponte
2649 2144 2718 2202 de
2760 2145 2939 2217 gradu
2968 2146 3089 2202 ista.
3126 2168 3148 2196 ι
3198 2145 3363 2211 Quod
3395 2150 3503 2215 est,
3536 2145 3655 2202 Non
3686 2142 3880 2217 impul-

2262 2250 2500 2305 sus,nec
2531 2234 2898 2307 argumentis
2928 2234 3174 2306 evictus,
3208 2234 3278 2290 de
3302 2234 3439 2306 jure
3464 2250 3590 2290 meo
3618 2232 3877 2290 concedo:

2263 2322 2374 2380 hoc
2404 2324 2557 2380 dono
2587 2324 2944 2393 adversario,
2969 2325 3125 2396 quod
3158 2323 3472 2381 defendere
3502 2323 3643 2380 mihi
3672 2323 3742 2380 sit
3769 2336 3881 2395 pro-

2264 2413 2431 2481 clive,
2462 2417 2521 2470 et
2548 2414 2621 2471 ad
2654 2414 2944 2471 firmiores
2976 2413 3231 2471 rationes
3258 2430 3515 2471 recurro.

2262 2521 2353 2579 62.
2404 2520 2588 2578 Gradu
2634 2522 2819 2580 eodem
2862 2537 3172 2589 occurrere,
3220 2526 3365 2578 tom.
3415 2520 3513 2591 ΙΙΙ,
3562 2520 3658 2576 lib.
3686 2536 3738 2577 tv
3775 2515 3881 2575 adv.

2727 2594 2919 2664 Marc.,
2947 2610 3075 2667 cap.
3106 2593 3196 2665 29,
3230 2610 3290 2649 n.
3324 2594 3455 2651 492.

2338 2700 2651 2773 Sumptum
2684 2717 2719 2756 a
2745 2699 3194 2773 gladiatoribus,
3229 2701 3330 2774 qui
3362 2717 3499 2757 cum
3547 2696 3886 2772 antagonista

2266 2789 2619 2846 decertaturi
2674 2788 2925 2863 gradum
2984 2788 3198 2863 ﬁgunt,
3258 2794 3317 2845 et
3374 2789 3526 2846 ictus
3583 2783 3883 2844 declinandi

2267 2895 2447 2936 causa
2493 2880 2786 2951 cedentes,
2820 2878 3035 2935 iterum
3090 2879 3439 2951 procedunt,
3468 2882 3526 2935 et
3551 2878 3742 2935 eodem
3770 2890 3883 2948 gra-

2266 2968 2344 3024 du
2373 2968 2729 3037 consistunt,
2763 2968 2993 3025 obviam
3023 2971 3230 3025 euntes
3259 2969 3614 3027 renituntur.
3647 2965 3778 3033 Erit,
3801 2978 3882 3019 eo-

2266 3057 2401 3113 dem
2432 3061 2778 3131 argumento
2811 3061 2868 3114 et
2893 3056 3007 3114 telo
3037 3058 3144 3114 uti.

2265 3174 2355 3229 63.
2415 3172 2607 3246 Gradu
2659 3172 2979 3246 excludere,
3003 3173 3299 3245 expellere,
3346 3173 3416 3230 de
3468 3171 3640 3246 gradu
3684 3169 3881 3246 pellere,

2335 3248 2479 3317 tom.
2510 3243 2633 3317 ΔΙΙΙ,
2681 3244 2785 3301 lib.
2835 3245 2900 3301 de
2943 3240 3153 3316 Aniin”
3186 3240 3313 3317 cap.
3346 3247 3401 3317 6,
3438 3240 3496 3301 η’.
3539 3246 3643 3317 82;
3673 3240 3883 3317 et_lib.i

2336 3316 2467 3371 Adv.
2501 3315 2692 3387 Mam,
2737 3332 2864 3389 cap.
2896 3317 2985 3388 13,
3017 3334 3073 3373 n.
3105 3318 3199 3385 71,
3233 3315 3299 3373 ac
3348 3316 3459 3374 lib.
3490 3333 3548 3373 IV
3573 3315 3691 3373 adv.
3719 3315 3884 3380 llam,

2335 3398 2463 3460 cap.
2494 3388 2549 3455 9,
2585 3404 2644 3444 n.
2678 3389 2802 3444 104.

2335 3503 2507 3560 Libro
2534 3502 2602 3559 de
2629 3503 2837 3560 Anima
2865 3521 2885 3558 :
2915 3525 2945 3555 «
2976 3502 3149 3576 Hujus
3177 3503 3526 3574 deﬁnitionis
3551 3501 3775 3574 gradum
3800 3514 3883 3555 ea:-

2261 3591 2510 3664 clusero;
2540 3613 2570 3644 »
2606 3591 2715 3649 hoc
2740 3596 2851 3661 est,
2884 3592 3207 3649 Ostendero
3256 3592 3655 3650 deﬁnitionem
3685 3586 3885 3647 consis-

2260 3685 2384 3738 tere
2414 3698 2535 3738 non
2577 3698 2773 3755 posse,
2808 3698 2998 3754 neque
3050 3696 3198 3751 rem,
3228 3680 3635 3739 deﬁnitionem
3682 3693 3805 3736 cum
3831 3690 3888 3731 ea

2261 3774 2414 3827 retro
2444 3787 2794 3841 commeare,
2827 3772 2983 3844 quod
3015 3775 3106 3827 est
3134 3769 3343 3827 vitium
3373 3771 3436 3827 in
3468 3770 3549 3829 rei
3579 3765 3883 3826 deﬁnienda

2260 3860 2487 3917 ratione
2517 3860 2887 3931 primarium.
2921 3882 2950 3911 «
2984 3862 3127 3917 Cum
3160 3865 3275 3917 Deo
3310 3859 3420 3916 hoc
3465 3860 3648 3934 gradu
3679 3852 3886 3929 expelli-

2260 3966 2415 4019 mus,
2452 3972 2473 4000 ι
2509 3950 2622 4006 hoc
2651 3954 2762 4021 est,
2794 3965 2927 4005 cum
2963 3954 3075 4006 Deo
3108 3950 3257 4005 hanc
3290 3953 3665 4021 potestatem,
3697 3958 3881 4019 praero-

2257 4040 2536 4112 gativam,
2569 4040 2684 4095 vim
2721 4040 2870 4098 225
2907 4038 3142 4095 creandi
3188 4038 3529 4096 adimimus.
3562 4061 3591 4089 ‹‹
3622 4038 3698 4094 Te
3726 4032 3885 4109 gradu

2258 4129 2493 4201 pellam,
2531 4152 2553 4180 ι
2590 4128 2701 4185 hoc
2749 4132 2859 4196 est,
2891 4127 3233 4184 convincam
3264 4132 3321 4184 te
3369 4128 3527 4197 falsi,
3561 4131 3618 4185 et
3653 4130 3776 4182 tuas
3802 4136 3880 4177 ra-

2255 4217 2445 4274 tiones
2502 4216 2834 4273 infirmabo.
2902 4217 3031 4272 Haec
3083 4215 3283 4273 omnia
3339 4235 3375 4273 a
3433 4212 3885 4274 colluctatoribus

2258 4312 2518 4379 sumpta,
2551 4306 2893 4379 significant
2938 4305 3342 4363 adversarium
3395 4306 3715 4372 confutare,
3745 4304 3797 4360 et
3832 4298 3883 4354 in

2256 4395 2577 4454 certamine
2606 4395 3024 4469 disputationis
3056 4411 3354 4467 superare.

2252 4505 2342 4559 64.
2394 4504 2472 4559 De
2518 4501 2694 4576 gradu
2724 4501 2911 4571 defici,
2959 4509 3058 4576 aut
3105 4502 3332 4576 moveri,
3389 4505 3536 4576 tom.
3571 4502 3667 4574 ΙΙΙ,
3711 4498 3805 4555 lib.
3832 4493 3887 4550 de

2608 4575 2831 4631 Resurr.
2862 4575 3075 4644 carnis,
3105 4589 3236 4646 cap.
3265 4574 3321 4645 2,
3355 4591 3414 4630 n.
3450 4575 3539 4633 18.

2325 4682 2493 4755 Apud
2527 4681 2709 4738 Cicer.
2740 4681 2890 4752 Ofﬂc.
2925 4681 3027 4738 lib.
3060 4697 3099 4753 ι,
3134 4681 3209 4738 De
3236 4680 3413 4753 gradu
3443 4681 3644 4756 dejici,
3673 4680 3757 4735 est
3774 4672 3884 4730 ani-

2253 4787 2348 4827 mo
2378 4768 2761 4838 consternari,
2795 4774 2854 4826 et
2903 4768 3064 4825 velut
3094 4787 3128 4825 a
3158 4774 3315 4826 statu
3349 4770 3565 4826 mentis
3590 4761 3880 4831 demoveri,

2251 4876 2359 4918 nec
2390 4860 2695 4933 praesentis
2745 4858 2928 4915 animi
2977 4859 3065 4915 uti
3113 4858 3377 4916 consilio.
3419 4863 3546 4916 Huc
3595 4853 3881 4932 pertinent,

2247 4950 2461 5007 Moveri
2496 4949 2643 5019 loco,
2674 4948 2988 5006 Deturbari
3036 4949 3246 5022 gradu.
3278 4948 3381 5005 Cui
3414 4946 3711 5006 contraria
3742 4962 3754 5000 :
3786 4943 3884 4998 Re-

2245 5040 2383 5113 poni
2431 5039 2492 5094 in
2545 5039 2820 5111 gradum,
2851 5042 2910 5095 et
2954 5037 3203 5094 Restitui
3254 5036 3315 5093 in
3370 5037 3590 5095 locum.
3638 5029 3884 5097 Tertulla

2241 5130 2490 5201 Dejectus
2535 5127 2627 5184 vel
2657 5128 2825 5185 Motus
2872 5126 2937 5183 de
2962 5126 3146 5199 gradu
3194 5128 3312 5200 ejus
3341 5129 3482 5199 spei,
3513 5127 3622 5183 hoc
3662 5126 3767 5194 est,
3795 5116 3882 5191 qui

2237 5217 2358 5288 jam
2390 5232 2558 5289 spem
2585 5217 2820 5288 abjecit,
2871 5215 2931 5271 in
2964 5232 3083 5288 qua
3114 5216 3498 5286 innitebatur,
3533 5213 3739 5272 alienis
3766 5223 3882 5283 per-

2238 5306 2619 5362 suasionibus
2652 5306 2955 5362 inductus.

2235 5415 2324 5469 65.
2370 5412 2610 5469 Gradum
2636 5412 2810 5469 aliam
2839 5414 3164 5481 inire,tom.
3191 5414 3290 5484 III,
3322 5412 3424 5470 lib.
3459 5430 3513 5471 ιν
3542 5410 3664 5468 adv.
3695 5411 3879 5473 Marc.»

2840 5501 2968 5558 cap.
2996 5488 3054 5556 6,
3095 5504 3153 5542 n.
3186 5488 3277 5543 52.

2304 5576 2405 5632 Est
2432 5573 2551 5631 alia
2581 5574 2821 5649 aggredi
2867 5575 2986 5644 via,
3017 5579 3075 5633 et
3107 5592 3323 5633 novum
3374 5574 3522 5632 inire
3570 5574 3879 5644 certamen,

2230 5663 2319 5723 vel
2352 5664 2564 5722 saltem
2595 5680 2745 5724 novo
2797 5664 2993 5737 modo,
3025 5664 3139 5736 vel,
3170 5681 3233 5724 re
3264 5681 3385 5724 una
3406 5667 3530 5740 jam
3562 5657 3831 5735 improba
