4072 6190
218 363 310 421 273
1351 357 1953 417 PllOVERBlALES
2001 358 2427 441 FOBNLULJE.

3468 360 3585 417 274

208 498 252 548 et
295 488 626 559 labefactata,
678 487 751 543 ad
808 486 1047 545 alterius
1104 490 1465 546 eversionem
1527 503 1654 546 sese
1709 505 1809 546 ac-
1839 491 2258 561 Aobstruunt,
2316 490 2378 547 in
2442 489 2651 546 ultima
2720 490 3131 563 congressione
3188 492 3629 562 prosternere-7

215 583 424 653 cingere.

205 691 274 743 66.
302 686 511 742 Gradum
558 689 835 758 conferre,
870 690 1013 742 tom.
1048 686 1088 754 l,
1124 686 1226 743 lib.
1278 686 1379 742 adv
1407 686 1559 754 Jud.,
1593 704 1720 758 cap.
1758 688 1813 757 2,

261 778 307 815 n.
359 762 405 824 6,
452 763 505 812 et
559 774 688 830 cap.
739 762 795 828 7,
841 777 899 814 n.
958 761 1069 828 27;
1120 764 1176 816 et
1217 760 1316 815 lib.
1367 777 1430 815 in
1480 759 1602 814 adv.
1653 759 1813 815 Marc.

257 848 362 902 cap.
390 830 441 896 2,
473 846 526 884 n.
562 831 617 884 4.

256 936 493 993 Militaris
526 936 762 1008 phrasis
798 953 810 992 :
848 942 915 993 ut
941 937 1064 1007 illa,
1098 939 1317 995 Collato
1350 940 1496 1012 pede
1526 937 1812 1011 praeliari;

200 1028 418 1084 conferre
448 1043 691 1082 manum
722 1026 808 1082 vel
839 1027 1080 1098 pedem;
1114 1028 1377 1085 conferre
1408 1030 1655 1101 gradum
1680 1045 1813 1084 cum

196 1118 350 1172 hoste.
380 1114 747 1191 Κατάρχεσθαι
778 1116 879 1185 τῆς
915 1118 1124 1193 μάχης.
1159 1118 1467 1191 Auspicari
1514 1122 1812 1175 certamen

195 1205 570 1278 disputationis
613 1224 632 1260 :
678 1207 769 1261 Ad
826 1224 949 1264 rem
997 1208 1272 1280 proprius
1339 1210 1633 1275 accedere,
1694 1208 1811 1265 Hoc

189 1294 309 1371 ἐγγὺς
339 1293 525 1366 ἰόντες,
561 1295 831 1352 cominus
864 1298 1188 1369 congressi.

189 1402 259 1459 67.
287 1402 513 1457 Gradum
565 1402 827 1473 dirigere,
878 1407 1021 1458 tom.
1072 1406 1171 1473 III,
1203 1404 1305 1460 lib.
1351 1421 1427 1475 1v,
1462 1405 1586 1461 adv.
1638 1406 1801 1465 Marc.

716 1492 845 1546 cap.
880 1475 971 1543 97,
1005 1492 1064 1530 n.
1106 1478 1232 1531 601.

238 1564 323 1619 Est
349 1562 543 1635 aliquo
577 1564 789 1619 referre
820 1566 929 1619 vim
959 1564 1198 1637 ingenii,
1232 1567 1303 1622 ad
1337 1566 1557 1636 aliquid
1590 1582 1800 1639 expen-

180 1653 393 1709 dendum
421 1671 481 1710 se
514 1669 884 1725 comparare.

179 1769 247 1824 68.
275 1768 491 1824 Crudum
526 1770 720 1840 ﬁgere,
742 1774 883 1825 tom.
918 1769 1121 1843 II,lib.
1146 1773 1222 1827 De
1241 1771 1455 1828 veland.
1486 1773 1630 1840 Virg.
1665 1788 1793 1843 cap,

234 1843 278 1908 1,
305 1859 368 1916 n.
403 1843 510 1916 88;
568 1846 623 1897 et
663 1847 803 1916 tom.
839 1843 934 1912 III,
970 1842 1073 1899 lib.
1110 1862 1163 1898 ιν
1192 1845 1313 1900 adv.
1347 1850 1541 1907 Marc.,
1578 1860 1703 1916 cap.
1737 1842 1771 1898 2

1930 598 2087 637 mus.
2122 604 2146 630 ι)

1924 700 2014 754 72.
2050 699 2293 755 Gradum
2324 701 2625 767 sustinere,
2660 702 2800 825 tqm.
2835 695 3067 824 11;,31ib.
3102 715 3121 751 ι
3155 696 3367 753 advers.
3390 697 3579 767 Manu,

2533 789 2659 825 can.
2738 812 2750 825 .
2793 788 2851 825 n.
2963 813 2974 824 .

2533 789 2659 843 cap.
2701 788 2750 838 1,
2793 788 2851 825 n.
2884 788 2974 824 Ζό.

1998 870 2103 936 Qui
2128 874 2563 943 oppugnantur,
2588 869 2866 924 dicuntur
2896 867 3013 922 vim
3045 870 3101 922 et
3131 866 3577 939 impressionem

1925 958 2200 1029 hostilem
2247 961 2560 1031 sustinere,
2604 959 2724 1015 sive
2776 959 3039 1014 sufferre.
3072 956 3216 1012 Hinc
3246 956 3579 1028 proverbia-

1924 1048 2057 1105 liter
2086 1068 2213 1122 pro,
2246 1050 2547 1123 Suscipere
2582 1048 2833 1119 alicujus
2874 1048 2955 1103 rei
3006 1046 3427 1114 defensionem,
3462 1044 3581 1100 sive

1923 1139 2234 1196 sustinere.
2258 1138 2658 1195 Tertullianus
2695 1138 2778 1193 sic
2807 1135 3106 1193 transtulit
3132 1137 3202 1191 ad
3236 1135 3578 1191 litterariam

1923 1228 2381 1302 disputationem
2419 1247 2431 1285 :
2463 1251 2491 1279 «
2526 1229 2690 1285 Alius
2718 1226 2952 1283 libellus
2984 1226 3141 1283 hunc
3171 1226 3418 1298 gradum
3449 1241 3581 1281 sus-

1919 1319 2132 1375 tinebit
2163 1320 2443 1375 adversus
2475 1318 2799 1374 haereticos.
2835 1339 2863 1367 »

1916 1438 2007 1493 73.
2040 1436 2282 1494 Gradum
2338 1453 2514 1491 unum
2571 1436 2849 1501 insistere,
2901 1436 3044 1489 tom.
3098 1432 3194 1501 ΙΙΙ,
3243 1430 3345 1487 lib.
3386 1431 3575 1502 Scorp.

2335 1509 2458 1563 adv.
2495 1507 2677 1563 Gnost.
2733 1524 2856 1578 cap.
2893 1506 2945 1575 8,
2980 1522 3037 1559 n.
3060 1505 3149 1558 52.

1981 1625 2157 1681 Addit
2198 1624 2618 1691 Tertullianus,
2653 1626 2709 1678 et
2757 1621 3005 1693 explicat
3035 1638 3095 1676 se
3129 1637 3141 1675 :
3177 1639 3200 1667 ε
3236 1620 3297 1674 In
3326 1618 3435 1674 hoc
3480 1634 3571 1674 so-

1908 1714 2032 1770 lum
2066 1730 2467 1787 provocamus.
2522 1733 2546 1765 ν
2594 1714 2873 1777 Insistere,
2905 1716 2960 1767 et
3012 1710 3225 1765 referre
3256 1708 3484 1780 pedem,
3518 1711 3575 1762 et

1905 1791 2139 1876 longius
2163 1805 2489 1875 procedere,
2531 1800 2821 1858 contraria
2853 1803 3008 1855 sunt.
3036 1798 3229 1853 Cicero
3266 1814 3278 1852 :
3314 1798 3572 1852 Insistere

238 1876 376 1988 3.1.8
402 1876 641 1981 libo;
1098 1876 1796 1988 ggp‘f“'{b,‘";'fi’52;°;*’
1829 1876 1875 1939 Β
1904 1881 1965 1949 ln
1998 1894 2195 1988 aliquo
2223 1897 2378 1988 statu
2432 1897 2522 1948 est
2565 1889 2937 1988 commorari.
2972 1887 3241 1988 groverb.
3292 1887 3363 1941 ab
3381 1884 3564 1988 .in‘sti-

236 1984 421 2059 adisers.
477 1987 781 2059 Praxeam.
824 2002 959 2059 cap.
1002 1988 1055 2057 8,
1110 1984 1185 2043 οἶ
1216 1989 1308 2055 56,
1352 1992 1408 2043 et
1460 2004 1587 2059 cap.
1629 1991 1684 2043 2.
1738 2006 1795 2044 n.

239 2056 357 2125 135;
388 2062 532 2113 tom.
565 2061 632 2126 V,
664 2057 768 2114 lib.
797 2058 863 2113 de
889 2056 1069 2130 Jejun.
1102 2076 1230 2132 cap.
1264 2061 1354 2128 11,
1387 2077 1443 2115 n.
1475 2056 1565 2114 71'.

1908 1988 2035 2040 tuta
2066 1981 2464 2055 disputatione
2496 1999 2611 2037 non
2645 1980 2865 2054 egredi,
2900 1984 2953 2035 et
2992 1978 3052 2033 in
3106 1976 3285 2033 unius
3315 1974 3396 2032 rei
3445 1974 3564 2029 dis-

1911 2072 2289 2146 quisitionem
2321 2072 2680 2127 incumbere.

234 2176 551 2230 BHENANUs-
582 2172 914 2230 Translatio
962 2176 1033 2231 ab
1088 2175 1326 2231 athletis
1378 2176 1437 2230 in
1487 2174 1802 2231 certamine
1909 2191 1998 2245 74.
2036 2190 2242 2245 Gradus
2274 2189 2364 2245 hic
2384 2190 2574 2257 stabit,
2605 2190 2746 2243 tom.
2805 2186 2901 2251 III,
2951 2184 3053 2239 lib.
3087 2183 3152 2239 de
3182 2182 3401 2251 Anima,
3435 2197 3563 2253 cap.

186 2263 884 2334 congredientibus,sermo
908 2264 1644 2336 proverbialis.Consistere
1666 2282 1799 2320 cum

185 2352 495 2420 constantia,
526 2358 589 2409 et
609 2354 763 2424 apud
787 2352 1029 2409 Tertull.
1057 2359 1143 2410 tot
1164 2353 1306 2410 locis
1336 2359 1425 2410 est
1450 2354 1800 2409 sententiam

192 2441 342 2496 semel
368 2446 714 2514 conceptam
760 2442 968 2499 acriter
997 2444 1327 2512 defendere,
1363 2445 1420 2499 in
1463 2460 1646 2515 eaque
1677 2460 1804 2516 pcr-

183 2530 354 2587 sistere
382 2551 396 2588 :
426 2538 530 2589 aut
565 2548 828 2604 premere
859 2539 1279 2606 argumentum
1312 2551 1507 2601 suum,
1532 2540 1594 2589 ut
1621 2534 1807 2606 loqui-

2656 2278 2713 2315 n.
2746 2258 2834 2312 83.

1986 2360 2381 2416 Tertullianus
2414 2376 2427 2414 :
2462 2381 2489 2409 κ
2523 2358 2633 2413 Sed
2666 2373 2771 2412 nec
2804 2355 2898 2411 hic
2922 2354 3135 2426 gradus
3166 2352 3418 2421 stabit,»
3456 2350 3566 2406 hoc

1916 2456 2050 2508 est:
2094 2451 2223 2506 Haec
2272 2449 2441 2516 ratio,
2492 2448 2613 2503 haec
2663 2445 2948 2514 deﬁnitio,
2997 2444 3106 2499 hoc
3155 2445 3569 2515 argumentum

1916 2542 2154 2596 ﬁrmum
2206 2556 2319 2594 non
2378 2536 2487 2593 erit
2539 2551 2727 2608 neque
2776 2534 3096 2600 consistet;
3154 2531 3320 2588 facile
3360 2529 3575 2603 poterit

186 2624 262 2674 tur
285 2622 465 2677 Cicero
510 2639 526 2677 :
576 2622 665 2677 vel
715 2622 773 2677 in
807 2622 985 2678 unius
1014 2625 1097 2678 rei
1129 2623 1391 2694 diligenti
1419 2623 1809 2696 pensitatione
1918 2630 2101 2686 refelli
2134 2635 2189 2684 et.
2237 2626 2524 2683 infirmari
2560 2645 2572 2682 :
2614 2625 2939 2693 Afﬁrmate,
2984 2623 3092 2679 hoc
3123 2640 3227 2695 ego
3260 2623 3576 2678 defenden-

178 2708 463 2778 immorari,
498 2715 564 2767 et
593 2711 774 2767 nullis
806 2712 891 2767 uti
922 2713 1368 2770 excursionibus
1398 2732 1431 2769 ο.
1460 2730 1521 2769 re
1552 2713 1780 2770 alienis.

1921 2722 2063 2776 dum
2096 2720 2375 2774 adversus
2422 2733 2629 2771 omnes
2675 2716 2929 2770 rationes
2990 2713 3354 2785 suscipiam;
3402 2712 3579 2782 hujus

185 2816 253 2871 49.
285 2816 512 2873 Gradum
547 2818 611 2872 in
642 2818 759 2874 acie
788 2820 974 2889 ﬁgere,
1003 2823 1148 2876 tom.
1180 2819 1250 2887 V,
1304 2818 1385 2875 lib
1434 2820 1500 2875 de
1545 2825 1704 2889 Fuga
1750 2821 1812 2875 in
1922 2807 2289 2883 pronuntiati
2313 2806 2620 2862 veritatem
2654 2803 3054 2876 propugnabo.

600 2894 866 2962 persecat.
902 2909 1031 2963 cap.
1065 2893 1151 2961 11,
1185 2908 1243 2946 n.
1275 2891 1364 2946 80.

236 2978 384 3050 Apud
404 2978 726 3052 Virgilium
756 2980 1056 3053 frequens,
1104 2984 1281 3053 State,
1314 2981 1441 3049 viri,
1492 2981 1815 3037 adhortan-

180 3066 241 3122 tis
269 3077 327 3124 ut
353 3086 417 3125 ex
454 3071 603 3143 fuga
646 3070 879 3141 sistant,
912 3071 1067 3127 unde
1103 3070 1263 3127 Jovis
1294 3069 1547 3127 Statoris
1581 3088 1814 3130 nomen.

183 3156 239 3211 Et
261 3160 472 3215 JEneid.
508 3159 621 3215 lib.
645 3177 683 3215 x
714 3176 731 3215 :

273 3282 546 3400 ἕνὲῗὶξίἓθ
586 3284 815 3347 pedibus
841 3298 859 3333 :
888 3284 1034 3335 ferro
1065 3285 1366 3349 rumpenda
1392 3300 1490 3350 per
1516 3286 1696 3337 hostes

177 3462 500 3519 Proverbia].
537 3462 910 3535 argumentis
942 3464 1409 3522 adversariorum
1443 3482 1558 3522 non
1621 3482 1814 3521 move-

178 3550 234 3615 ri,
266 3552 645 3623 pertinaciter
675 3552 734 3608 in
787 3553 1083 3609 sententia
1114 3554 1446 3625 persistere,
1481 3572 1651 3611 suam
1682 3572 1819 3610 cau-

180 3654 282 3696 sam
311 3642 521 3698 acriter
554 3641 889 3700 defendere.
922 3642 1047 3698 Lib.
1075 3642 1141 3699 de
1169 3644 1361 3715 Jejun.
1395 3662 1413 3700 :
1444 3644 1598 3701 State
1619 3646 1679 3699 in
1719 3646 1822 3701 ista

179 3728 343 3796 gradu,
376 3733 426 3785 si
453 3732 705 3802 potestis.

180 3833 250 3890 70.
295 3835 532 3892 Gradum
590 3840 1021 3964 movere,1§om.
1181 3836 1285 3893 lib.
1341 3838 1406 3895 de
1452 3841 1659 3912 Jejun.,
1695 3857 1821 3914 cap.

908 3951 922 3964 .
956 3926 1036 3964 m.
1142 3950 1156 3964 .

907 3951 922 3978 ,
956 3926 1036 3965 m.
1066 3926 1156 3966 ιδ.

236 3995 627 4053 Tertullianus
658 3996 743 4053 sic
785 3996 1205 4070 interpretatur
1259 4018 1272 4057 :
1324 4022 1353 4051 ε(
1399 4000 1655 4058 Movistis
1686 4018 1822 4075 gra-

179 4084 297 4140 dum
336 4087 675 4143 excedenda
726 4088 880 4145 220
933 4088 1330 4161 traditionem,
1362 4106 1497 4146 cum
1538 4109 1663 4162 quae
1707 4108 1822 4147 non

180 4179 294 4229 sunt
321 4177 678 4246 constituta,
712 4176 916 4234 obitis.
944 4198 973 4228 ››
995 4178 1098 4233 Est
1129 4178 1313 4250 igitur
1340 4180 1610 4236 recedere
1639 4182 1710 4236 ab
1740 4180 1826 4236 in-

178 4264 374 4336 stituto,
407 4268 534 4322 sive
586 4284 620 4322 a
668 4266 1008 4339 praescripta
1059 4284 1289 4335 norma,
1321 4270 1524 4326 cedere
1549 4271 1827 4327 adversa-

178 4352 249 4409 rio
280 4356 519 4412 victum.
570 4355 771 4428 Vigil.,
798 4355 901 4412 lib.
928 4373 969 4411 ιι
1005 4372 1018 4411 :

279 4462 553 4526 astroque
587 4461 783 4526 pedem
814 4476 937 4512 cum
966 4476 1098 4513 voce
1128 4466 1401 4527 repressit.

180 4586 524 4665 71.“C_radum
577 4589 856 4665 obstruere
898 4593 1039 4645 tom.
1091 4590 1135 4665 Ι,
1179 4591 1403 4665 Apolog.
1452 4609 1581 4665 cap.

236 4660 563 4738 £2«1_;‘_tom.
625 4661 992 4738 II,__l_ib.___De
1033 4662 1266 4738 vetanti.
1326 4660 1495 4735 Virg.,
1524 4660 1677 4738 icap.
1711 4660 1828 4722 '13,

238 4748 290 4785 n.
328 4735 471 4801 120;
507 4740 659 4789 tom.
705 4734 798 4800 III,
857 4731 960 4789 lib.
1010 4734 1075 4789 de
1116 4731 1433 4804 Praescripﬂ
1482 4731 1828 4795 'advfhaer.’

242 4806 485 4932 (iaspis/:45,
518 4823 582 4861 n.
612 4805 722 4875 99;
773 4809 830 4861 et
858 4804 961 4862 lib.
994 4806 1061 4861 de
1087 4811 1312 4864 Resurr.
1343 4824 1526 4879 carm,
1578 4827 1705 4883 cap.
1738 4812 1830 4882 48,

236 4989 633 5065 αΗυηοῇεἱιυι·
651 4993 899 5064 gradum
920 4993 1299 5065 potissimum
1320 4997 1829 5067 obstruimus,non

182 5078 516 5138 admittendi
550 5099 651 5138 eos
682 5083 753 5138 ad
785 5082 967 5139 ullam
1006 5084 1077 5140 de
1120 5086 1442 5159 Scripturis
1472 5089 1829 5161 disputatio-

178 5182 329 5239 nem;
359 5193 389 5221 »
420 5171 538 5227 hoc
573 5174 663 5226 est
709 5189 721 5227 :
774 5172 889 5227 Hoc
938 5173 1194 5245 primum
1247 5177 1603 5250 opponimus
1634 5196 1667 5235 a
1697 5197 1831 5236 con-

178 5272 363 5327 gressu
396 5276 794 5318 removemus.
831 5261 896 5316 In
925 5262 1150 5335 Apolog.
1186 5280 1198 5321 :
1233 5288 1261 5316 «
1296 5266 1592 5325 Provocati
1637 5271 1707 5325 ad
1742 5287 1829 5326 sa-

180 5347 554 5407 criﬁcandum
606 5351 969 5408 obstruimus
1017 5355 1266 5426 gradum
1311 5358 1567 5430 perﬁdiae
1600 5359 1697 5431 (al.
1729 5376 1826 5433 pro

179 5436 282 5507 ﬁde)
307 5440 700 5498 Conscientiae
732 5447 943 5497 nostris
977 5460 990 5512 ;
1035 5463 1062 5495 ιι
1100 5445 1209 5502 hoc
1238 5452 1346 5515 est,
1380 5450 1826 5520 Antevertimus,

180 5540 239 5579 ne
266 5531 513 5599 perﬁdia
545 5530 767 5601 irrepat
797 5532 1095 5590 mentibus
1153 5538 1391 5595 nostris.
1433 5540 1670 5597 Cicero:
1713 5541 1827 5596 Ob-

181 5619 385 5673 struere
433 5618 705 5692 perfugia
748 5619 1167 5691 improborum.
1198 5647 1218 5674 ι
1256 5626 1377 5683 Lib.
1424 5628 1489 5683 de
1516 5631 1825 5686 Recurrect.

183 5716 346 5776 carm,
386 5712 455 5764 ut
486 5728 518 5758 α
556 5707 711 5778 quod
761 5707 1074 5766 adversarii
1124 5712 1182 5767 in
1231 5714 1423 5785 prima
1461 5719 1661 5774 statim
1703 5720 1827 5777 acie

1924 2926 2012 2980 75.
2046 2924 2128 2979 Ad
2153 2922 2384 2996 gradum
2419 2924 2743 2996 praesentem
2772 2934 3083 2996 occurrere,
3115 2921 3263 2996 tom;
3290 2918 3392 2989 III,
3424 2916 3524 2971 lib.
3560 2931 3579 2969 ι

2209 2990 2433 3051 Advers.
2465 2995 2752 3060 Marciam,
2786 3008 2913 3063 cap.
2950 2991 3037 3058 12,
3070 3006 3127 3044 n.
3164 2990 3289 3044 125.

1999 3114 2241 3170 Cicero:
2276 3109 2548 3168 Consiliis
2600 3107 2852 3179 alicujus
2897 3120 3181 3163 occurrere
3225 3105 3385 3173 atque
3431 3099 3579 3156 obsi-

1927 3206 2086 3260 stere.
2129 3199 2491 3257 Tertulliano
2541 3201 2630 3254 est
2677 3199 3091 3268 argumentum
3149 3209 3253 3265 pro
3300 3208 3361 3247 re
3418 3193 3578 3259 nata,

1930 3293 2165 3349 eludere
2196 3305 2476 3361 responso
2508 3290 2565 3344 et
2593 3284 2888 3342 contraria
2917 3284 3161 3340 ratione.

1927 3412 2017 3465 76.
2075 3414 2151 3465 De
2205 3406 2380 3480 gradu
2427 3406 2607 3480 primo
2646 3401 2975 3480 praeludere,
3009 3404 3151 3480 tom.
3203 3398 3299 3468 III,
3359 3396 3462 3453 lib.
3522 3410 3586 3451 III

2371 3472 2492 3532 adv.
2527 3472 2691 3531 Marc.
2726 3492 2852 3545 cap.
2885 3475 2941 3543 5,
2970 3490 3027 3526 n.
3060 3472 3145 3526 14.

2003 3574 2672 3650 Adjungit,Tertullian.
2709 3591 2721 3629 :
2756 3594 2783 3623 κ
2818 3572 3023 3628 Adhuc
3055 3573 3112 3626 et
3159 3567 3329 3641 quasi
3359 3567 3430 3622 de
3462 3564 3590 3623 lon-

1932 3669 2174 3743 ginquo,
2204 3690 2233 3717 »
2268 3666 2361 3723 cui
2408 3664 2608 3722 statim
2655 3662 2993 3735 oppositum
3047 3658 3358 3730 subjungit
3390 3673 3404 3711 :
3447 3678 3468 3706 ι
3503 3655 3593 3710 Ad

1933 3762 2149 3816 certum
2194 3761 2252 3812 et
2296 3754 2565 3811 cominus
2617 3751 2916 3821 dimicare,
2958 3771 2987 3801 »
3042 3766 3168 3820 qua
3202 3763 3383 3819 supra
3412 3743 3593 3816 expli-

1933 3852 2067 3906 cata
2097 3847 2211 3902 huc
2254 3844 2494 3900 faciunt.
2549 3840 2749 3897 Solent
2792 3838 3170 3912 gladiatores,
3202 3834 3595 3905 antejustum

1934 3954 2069 3995 cum
2110 3932 2479 4007 antagonista
2523 3935 2839 4000 certamen,
2892 3926 3254 3984 ostentandae
3311 3922 3453 3979 artis
3538 3926 3597 3978 et

1937 4025 2264 4085 oblectandi
2321 4021 2669 4096 spectatoris
2717 4036 2895 4076 causa
2952 4016 3293 4090 praeludere,
3330 4017 3393 4070 ut
3436 4012 3593 4085 apud

1933 4114 2247 4186 Virgilium
2278 4116 2519 4168 Acestes
2554 4127 2567 4166 :

2062 4222 2349 4271 Ostentans
2379 4222 2549 4269 artem
2580 4218 2798 4281 pariter,
2844 4226 3135 4277 arcumque
3166 4213 3469 4260 sonantem.

1934 4322 2037 4377 Est
2065 4320 2250 4392 igitur
2282 4318 2432 4374 levia
2462 4320 2518 4372 et
2551 4316 2721 4389 quasi
2756 4314 2987 4369 ludicra
3018 4311 3224 4368 afferre
3256 4315 3600 4381 argumenta

1937 4416 1993 4467 et
2022 4410 2172 4467 227
2208 4406 2613 4471 imbecilliora,
2638 4403 3164 4475 initio,antequam
3192 4400 3389 4472 ipsum
3421 4397 3604 4454 robur

1938 4496 2851 4572 argumentorum_depromatur.

1631 4594 1822 4695 ἕλιξ
1862 4630 1908 4695 D
1935 4618 2027 4672 77.
2059 4618 2123 4673 In
2153 4614 2329 4685 gradu
2360 4629 2491 4681 esse,
2525 4616 2668 4667 tom.
2695 4608 2900 4695 V.
2932 4608 2997 4665 de
3042 4608 3315 4677 Pudicit.,
3350 4622 3477 4677 cap.
3514 4605 3602 4659 1ον

2686 4700 2747 4737 n.
2779 4682 2868 4736 83.

2011 4779 2078 4832 In
2122 4792 2237 4831 uno
2298 4774 2646 4845 argumento
2692 4770 2985 4826 insistere.
3031 4768 3134 4824 Cui
3190 4765 3434 4839 opponit
3466 4766 3601 4821 Ter-

1938 4864 2071 4923 tull.
2121 4879 2378 4937 pergere.
2432 4862 2594 4928 Quod
2668 4859 3039 4932 interpretari
3109 4871 3448 4931 possumus,
3524 4854 3603 4910 Ex

1939 4954 2381 5027 sumptionibus
2412 4952 2533 5008 sive
2556 4950 2951 5024 pronuntiatis
2981 4946 3443 5020 complexionem
3476 4944 3598 4999 edi-

1939 5060 2088 5116 cere,
2116 5048 2173 5100 et
2201 5044 2272 5100 ad
2335 5041 2418 5098 rei
2466 5040 2780 5113 probandae
2835 5054 3132 5094 summam
3182 5036 3502 5109 pervenire.
3535 5034 3598 5087 In

1936 5134 2114 5207 gradu
2145 5137 2303 5189 totus
2333 5146 2466 5198 esse,
2512 5128 2609 5184 ille
2640 5128 2753 5184 dici
2786 5132 2997 5200 potest,
3032 5128 3132 5199 qui
3164 5124 3437 5199 proponit
3467 5121 3597 5194 qui-

1938 5226 2093 5296 dem,
2145 5224 2243 5279 sed
2291 5220 2442 5277 nihil
2488 5218 2805 5275 concludit.
2861 5218 2968 5284 Qui
3017 5220 3215 5285 sorite,
3263 5215 3383 5273 sive
3423 5230 3598 5286 argu-

1939 5314 2300 5370 mentatione
2331 5308 2581 5368 acervali
2614 5313 2787 5364 utens
2818 5308 3007 5364 initiis
3063 5308 3438 5378 immoratur,
3472 5304 3600 5361 lon-

1938 5420 2127 5477 geque
2159 5402 2324 5458 abest
2356 5403 2426 5458 ab
2458 5404 2716 5457 extremo
2752 5397 3169 5455 conclusionis.

2033 5519 2123 5573 78.
2156 5520 2220 5574 In
2256 5517 2435 5587 gradu
2464 5515 2746 5584 deducere,
2782 5515 2941 5584 ibid.,
2994 5531 3121 5587 cap.
3165 5514 3257 5581 21,
3283 5530 3340 5567 n.
3376 5512 3497 5566 183.

2007 5635 2096 5689 Ad
2155 5650 2366 5690 novam
2426 5631 2509 5688 rei
2563 5630 3032 5703 disquisitionem
3075 5647 3137 5686 sc
3212 5639 3588 5696 comparare;

1937 5739 2058 5780 una
2086 5722 2392 5796 explicata,
2419 5721 2490 5777 ad
2525 5720 2681 5777 aliud
2713 5720 3006 5792 progredi.
