4072 6190
411 319 527 380 275

1487 318 1590 377 EX
1631 317 2156 428 TERTOULLIANI
2200 315 2745 376 APOLOGETICO

3678 319 3781 378 276

411 453 507 527 79]
546 455 607 508 In
637 451 880 525 gradum
908 468 1150 522 rursum,
1177 454 1323 527 tom.
1358 452 1463 527 ΙΙΙ,
1496 452 1594 509 lib.
1630 470 1649 508 ι
1697 453 1819 510 adv.
1873 452 2063 519 Mam,
2091 452 2148 519 Α
2176 454 2299 506 tato
2326 450 2541 507 animo.
2572 450 2641 506 Et
2674 467 2686 504 :
2727 447 2930 506 Calida
2977 446 3240 518 consilia,
3276 450 3383 519 est,
3415 448 3710 520 pracipitia
3735 455 3786 506 et

1012 542 1137 597 cap.
1166 524 1220 591 9,
1253 542 1310 579 ιι.
1347 525 1470 579 155.

487 632 629 687 Cum
691 631 762 686 ab
805 631 1075 687 instituto
1119 649 1223 703 per
1252 630 1702 703 digressionem,
1743 630 1862 687 sive
1915 623 2069 683 ἔκϐα-

417 739 520 787 σιν,
556 722 778 792 abrepti
829 721 1180 792 abductique
1225 721 1478 793 longius,
1532 722 1735 776 eodem
1787 722 1941 776 unde
1984 720 2071 775 di-

416 809 699 865 vertimus
731 810 1116 882 regredimur,
1151 813 1205 865 et
1249 810 1514 866 eamdem
1562 826 1682 866 rem
1735 810 1925 866 denuo
1953 809 2074 881 agi-

417 901 616 954 tamus
649 899 1170 971 expendimusque.

418 1013 509 1070 80.
541 1016 603 1071 In
635 1015 814 1085 gradu
845 1017 962 1086 ipso
987 1031 1309 1088 provocare,
1351 1020 1494 1072 tom.
1530 1017 1627 1088 III,
1663 1016 1765 1073 lib.
1801 1034 1834 1072 v
1866 1016 2076 1072 advers'

922 1088 1115 1157 Marc,
1147 1105 1275 1160 cap.
1313 1091 1363 1159 1,
1397 1106 1453 1144 ιι.
1492 1090 1577 1143 12.

492 1197 802 1264 Sumptum
830 1210 863 1248 a
895 1194 1344 1265 provocantibus
1381 1196 1451 1250 ad
1484 1211 1765 1267 pugnam,
1801 1196 1901 1266 qui
1945 1211 2080 1250 cum

423 1283 672 1353 gradum
706 1283 1048 1350 institerint,
1073 1284 1470 1338 adversarium
1505 1285 1891 1355 opperiuntur
1911 1290 1966 1340 et
1992 1286 2082 1339 in-

423 1374 648 1426 tentato
681 1375 795 1426 telo
828 1371 1144 1428 lacessunt.
1179 1373 1483 1444 Signiﬁcat
1525 1374 1744 1444 itaque,
1793 1380 1970 1445 caput
2000 1375 2082 1430 rei

429 1462 692 1531 aggredi,
726 1465 783 1515 et
813 1477 934 1516 rem
994 1461 1168 1516 altius
1215 1479 1328 1516 non
1372 1467 1628 1532 repetere
1678 1478 1862 1533 neque
1911 1462 2082 1533 longe

431 1550 852 1614 arcessere,sed
886 1567 953 1605 ea
985 1567 1163 1621 super
1195 1551 1409 1620 quibus
1443 1567 1637 1622 pugna
1668 1558 1777 1615 est,
1811 1551 1976 1607 initio
2002 1553 2085 1606 in-

433 1638 680 1708 quirere,
739 1639 809 1694 ab
861 1655 1181 1710 eorumque
1221 1639 1599 1710 inquisitione
1640 1657 1754 1695 non
1796 1642 2083 1697 recedere.

437 1754 525 1810 8|.
562 1755 802 1811 Habem's
831 1756 1039 1827 eﬂusis,
1072 1755 1318 1830 tomrv,
1351 1757 1524 1830 Epist.
1559 1756 1624 1811 de
1653 1758 1788 1813 cibis
1817 1757 2085 1830 Judaicis,

1049 1844 1176 1899 cap.
1211 1829 1266 1897 4,
1309 1844 1366 1882 ιι.
1403 1829 1487 1882 14.

522 1936 771 1991 Habenss
802 1936 926 1992 lora
955 1941 1112 2003 sunt,
1146 1953 1272 2008 quae
1320 1938 1481 1992 freno
1534 1937 1810 2008 utrinque
1855 1935 2100 2008 alligan-

451 2029 550 2080 tur
581 2027 650 2080 ad
683 2042 897 2097 equum
933 2028 1272 2098 regendum.
1327 2026 1471 2082 Hinc
1529 2025 1638 2081 illa
1697 2027 2048 2098 metaphora
2083 2044 2096 2083 :

450 2115 808 2172 Laxissimas
836 2115 1074 2172 habenas
1113 2117 1250 2172 dare
1295 2115 1584 2171 amicitias.
1629 2115 1745 2171 Cic.
1794 2116 2100 2188 Virgilius,

445 2203 546 2260 lib.
576 2221 612 2260 v
645 2222 659 2262 :

1223 2311 1644 2376 Spumantiaque
1671 2311 1820 2362 addit

508 2375 679 2424 Frena
735 2375 877 2425 feris.
934 2374 1288 2438 manibusque
1350 2374 1799 2425 omnes—effundit
1853 2374 2097 2425 habenas.

444 2438 687 2500 (Proprie
718 2439 812 2488 lib.
844 2441 953 2498 xu.)

911 2500 1064 2549 Nullo
1095 2499 1401 2549 discrimine
1434 2500 1632 2550 caedem

443 2560 694 2622 Suscitat,
713 2563 1021 2626 irarumque
1049 2576 1234 2612 omnes
1260 2562 1489 2612 effundit
1515 2562 2099 2626 habena:.(Translate.)

445 2689 513 2741 Et
543 2687 746 2743 Orator
777 2687 993 2742 dicitur
1047 2687 1108 2742 in
1173 2688 1538 2758 peroratione
1572 2692 1726 2743 totos
1755 2687 2100 2759 eloquentiae

448 2775 673 2846 aperire
702 2777 911 2846 fontes,
944 2781 1000 2832 et
1039 2792 1244 2832 omnes
1276 2777 1592 2832 affectuum
1627 2777 1885 2832 habenas
1915 2778 2098 2832 effun-

448 2864 603 2920 dere.
632 2865 1002 2921 Contrarium
1035 2870 1123 2921 est
1155 2882 1167 2920 :
1202 2866 1445 2936 Injicere
1475 2866 1755 2932 habenas,
1789 2866 2103 2938 pro,Com-

445 2969 702 3024 pascere,
754 2958 811 3009 et
864 2954 1153 3026 impetum
1203 2956 1429 3010 sistere.
1489 2955 1742 3010 Habenas
1802 2956 2101 3026 e/fundere,

448 3044 607 3110 dare,
641 3044 857 3112 laxare,
899 3045 1111 3100 Graecis
1151 3040 1336 3097 δοῦναι
1373 3041 1848 3118 χαλινοὺς,πᾶσαν
1892 3042 2100 3118 ἀφιέναι

447 3131 481 3199 ἢ
514 3131 650 3201 ὅλην
687 3132 901 3203 ἀφιέναι
932 3135 1029 3200 τὴν
1063 3131 1242 3201 ἡνίαν,
1286 3152 1410 3204 pro,
1464 3134 1724 3188 Nimium
1777 3135 2102 3204 indulgere,

447 3221 817 3292 nimiamque
848 3223 1184 3292 permittere
1234 3223 1587 3276 libertatem.
1633 3224 1864 3276 Haben-is
1896 3223 2098 3292 effusis,
2131 3207 2173 3274 C

442 3314 532 3364 est
583 3309 986 3379 licentissime,
1037 3310 1333 3364 liberrime
1373 3315 1429 3363 et
1472 3310 2096 3380 intemperantissime,

436 3397 527 3452 vel
560 3398 894 3454 immodice.
939 3401 1095 3452 Idem
1146 3398 1529 3464 Novatianus,
1563 3398 1664 3452 lib.
1698 3399 1762 3453 de
1808 3399 2095 3454 Trinitate.

440 3508 469 3536 ‹‹
502 3486 887 3558 Indulgentiae
936 3503 1054 3541 suae
1113 3487 1280 3540 sinus
1319 3485 1514 3557 largos
1564 3487 1861 3556 profudit;
1911 3509 1938 3536 »
1993 3491 2095 3542 et:

441 3596 470 3624 «
503 3576 620 3629 Sub
643 3575 786 3644 jugo
817 3575 974 3630 enim
1007 3573 1295 3629 naturalis
1331 3574 1477 3646 legis
1501 3574 1777 3629 omnibus
1808 3575 1955 3630 data
1987 3575 2102 3631 alia

444 3663 615 3735 quasi
647 3663 826 3718 frenis
858 3667 1123 3718 revocata
1153 3663 1552 3734 retrahuntur,
1604 3663 1717 3719 alia
1756 3665 1925 3735 quasi
1952 3665 2100 3719 eilu—

446 3752 530 3808 sis
563 3751 808 3806 habenis
839 3754 1088 3808 excitata
1121 3750 1525 3823 impelluntur.
1562 3776 1583 3804 ι

443 3860 532 3915 82.
589 3859 927 3916 Hamaxobio
985 3859 1319 3928 instabilior,
1375 3862 1516 3914 tom.
1570 3859 1666 3928 ΙΙΙ,
1724 3859 1824 3915 lib.
1879 3877 1917 3928 ι,
1976 3860 2100 3918 adv.

957 3931 1123 3986 Marc.
1158 3946 1284 4000 cap.
1318 3930 1369 3998 1,
1404 3949 1460 3985 ιι.
1498 3932 1583 3986 12.

516 4038 849 4094 Videantur
881 4037 1090 4094 Adnot.
1143 4036 1408 4094 Pamelii.
1455 4038 1762 4095 Historicis
1812 4043 1868 4094 et
1915 4040 2102 4112 poetis

444 4128 720 4185 celebrati
771 4128 1138 4198 Ilamaxobii,
1194 4126 1281 4182 vel
1337 4127 1752 4198 Ilamaxobitae,
1808 4130 2102 4186 Sarmatiae

444 4235 607 4290 gens.
644 4219 800 4283 Quos
831 4218 915 4274 sic
944 4216 1221 4273 describit
1252 4217 1448 4272 Horat.
1483 4217 1587 4272 lib.
1623 4236 1707 4290 ιιι,
1741 4219 1844 4274 Od.
1877 4220 1947 4273 24
1981 4238 1993 4274 :

691 4335 1028 4396 Campestres
1059 4332 1247 4382 melius
1279 4332 1508 4396 Scythas,

694 4394 930 4454 Quorum
961 4396 1200 4458 plaustra
1229 4394 1396 4458 vagas
1425 4397 1525 4445 rite
1558 4394 1778 4443 trahunt
1810 4395 2014 4454 domos,

695 4461 911 4518 Vivunt,
944 4463 996 4508 et
1024 4459 1179 4522 rigidi
1210 4459 1369 4522 Getae,

698 4522 975 4571 Immeteta
1003 4519 1196 4584 quibus
1224 4521 1414 4584 jugera
1447 4519 1640 4568 liberas

701 4585 918 4648 Fruges,
953 4583 1289 4648 et’CereremA
1313 4583 1510 4648 ferunt,

699 4645 1044 4697 Nec‘cultura
1071 4646 1245 4708 placet
1278 4645 1490 4707 longior
1518 4656 1719 4692 annua.

457 4752 607 4809 228
642 4763 787 4825 uirgo
829 4769 944 4809 non
994 4752 1164 4807 modo
1215 4750 1272 4804 in
1323 4765 1456 4804 cum
1509 4748 1756 4818 dicetur,
1791 4750 1890 4822 qui
1943 4752 2112 4808 sedes

455 4841 705 4898 subinde
737 4846 944 4913 mutat,
995 4845 1051 4896 et
1082 4838 1339 4894 fabulam
1374 4839 1764 4911 undecunque
1806 4841 2112 4897 motoriam

453 4931 573 5004 agit
606 4950 618 4988 :
651 4933 752 4991 sed
785 4932 885 5004 qui
929 4928 1181 4987 versatili
1215 4932 1304 4984 est
1350 4927 1530 4985 animi
1578 4930 1869 4986 sententia
1915 4930 2115 4987 incon-

456 5030 642 5081 stans.

460 5128 550 5184 83.
610 5129 796 5185 Hieme
851 5126 1137 5199 frigidior,
1192 5130 1329 5181 tom.
1394 5126 1485 5194 III,
1521 5126 1621 5183 lib.
1683 5143 1701 5182 ι
1757 5127 1880 5184 adv.
1913 5131 2118 5198 Mart,

1086 5215 1213 5270 cap.
1249 5199 1298 5264 1,
1334 5215 1391 5253 ιι.
1429 5199 1512 5253 14.

537 5307 748 5376 Verba,
791 5309 1037 5380 judicia,
1071 5308 1340 5364 homines
1389 5308 1600 5380 frigere
1645 5309 1917 5366 dicuntur
1962 5309 2124 5365 Cice-

473 5397 638 5467 roni;
670 5402 726 5453 et
775 5414 788 5452 :
841 5399 906 5456 In
938 5415 997 5454 re
1031 5397 1414 5471 frigidissima
1462 5397 1667 5468 calere,
1717 5400 1777 5454 in
1825 5399 2127 5456 ferventis-

479 5487 635 5546 sima
663 5488 895 5561 frigere,
915 5488 1156 5559 opponit
1188 5485 1668 5558 metaphoricﬁis;
1703 5496 1758 5543 et
1790 5505 1802 5544 :
1835 5488 2127 5544 Lentusin

485 5577 755 5648 dicendo,
786 5582 843 5634 et
871 5593 1018 5650 pene
1046 5575 1319 5649 frigidus,
1350 5575 1420 5630 de
1449 5575 1686 5632 homine
1714 5575 2132 5647 insulso,tardi

2136 4568 2184 4635 D

2183 538 2506 595 temeraria.

2181 647 2269 702 84.
2301 646 2750 718 Hypobrychi-u-m
2782 644 3175 718 irrespirabile,
3209 648 3347 718 tom.
3374 645 3442 712 ΙΙ,
3476 642 3570 698 lib.
3603 643 3660 698 de
3684 643 3792 700 Ido-

2664 719 2782 784 lol.,
2817 715 2943 788 cap.
2982 715 3109 772 ult..
3143 734 3199 770 ιι.
3235 717 3353 770 170.

2260 825 2580 882 Videantur
2626 827 2898 880 Adnotat.
2946 822 3185 879 Pamelii
3252 840 3264 878 :
3332 814 3698 893 'l‘noﬁpéxtov,
3741 820 3796 872 τὸ

2191 912 2292 968 ὑπὸ
2322 919 2427 968 τῶν
2477 915 2732 986 κυμάτων
2761 911 3190 984 καλυπτόμενον,
3220 911 3373 983 quod
3421 909 3681 966 ﬂuctibus
3725 912 3804 964 est

2189 1004 2503 1061 obtectum.
2538 1004 2770 1060 Homer.
2801 1003 2995 1074 Odyss.
3030 1017 3044 1058 :

2437 1119 2534 1174 Τὸν
2570 1116 2616 1173 δ’
2648 1112 2940 1194 ὑπόϐρυχα
2971 1119 3100 1186 Θῆκε
3139 1113 3312 1170 πολὺν
3346 1112 3561 1190 χρόνον,

2193 1237 2295 1294 ubi
2339 1230 2627 1311 ὑπόϐρυχα
2676 1242 2826 1310 poet.
2879 1252 2981 1308 pro
3023 1228 3382 1308 ὑποϐρύχιον,
3413 1232 3502 1285 τὸν
3546 1225 3807 1284 καταδεδυ-

2191 1325 2324 1381 κότα
2376 1324 2451 1390 εἰς
2504 1326 2565 1379 τὸ
2615 1322 2781 1400 ὕδωρ,
2833 1326 2932 1397 qui
2985 1326 3093 1381 sub
3144 1341 3298 1396 aqua
3328 1322 3524 1378 subiit.
3562 1322 3680 1376 Ilaec
3711 1320 3811 1374 fere

2193 1416 2355 1472 Paul.
2393 1421 2584 1488 LeOp.,
2616 1416 2656 1471 1.
2698 1433 2796 1471 νιιι
2847 1415 3105 1480 Miscelt.,
3150 1429 3201 1468 c.
3248 1413 3338 1468 23.
3389 1412 3500 1467 Sed
3546 1428 3666 1466 cum
3696 1408 3817 1462 Ter-

2193 1505 2325 1560 tull.
2360 1506 2515 1560 dicat
2561 1522 2574 1561 :
2629 1529 2658 1556 ς(
2709 1503 3103 1560 lnenarrabile
3148 1502 3409 1558 excussis
3463 1498 3813 1573 profundum,

2195 1594 2580 1649 inextricuble
2611 1595 2881 1662 impactis
2903 1593 3302 1664 naufragium,
3332 1588 3714 1661 irrespirabile
3735 1586 3817 1639 de-

2195 1684 2415 1739 voratis
2449 1682 2929 1755 hypobrychium,
2954 1704 2982 1731 »
3007 1682 3235 1736 videtur
3265 1681 3458 1736 locum
3489 1676 3821 1750 signiﬁcare,

2200 1772 2386 1827 imum
2419 1772 2642 1828 scilicet
2674 1773 2852 1827 maris
2885 1773 3157 1838 fundum,
3193 1771 3252 1824 in
3306 1784 3480 1840 quem
3525 1772 3579 1822 et
3619 1761 3825 1820 excussi

2125 1833 2173 1898 B
2211 1861 2447 1916 natandi
2478 1861 2730 1933 imperiti
2761 1865 2819 1916 et
2844 1860 3104 1932 impacti,
3130 1833 3235 1915 nec
3267 1833 3486 1913 tabulis
3515 1871 3617 1910 nec
3645 1867 3827 1920 scopu-

2209 1949 2283 2006 lis
2347 1949 2805 2006 adhaerescentes
2880 1950 3236 2004 deferantur.
3306 1942 3662 2034 Signiﬁcabit
3706 1953 3827 2034 ergo

2210 2040 2474 2112 proverb.
2526 2046 2850 2094 extremum
2901 2037 3248 2110 periculum,
3303 2041 3370 2091 ut
3415 2032 3602 2091 omnis
3639 2030 3825 2085 salutis

2210 2128 2664 2200 emergendique
2694 2144 2722 2183 e
2759 2127 2928 2184 malis
2969 2143 3102 2198 spes
3132 2126 3411 2196 adempta
3439 2122 3533 2178 sit.

2209 2246 2297 2300 85.
2329 2249 2399 2301 In
2427 2244 2602 2298 alium
2633 2245 2805 2298 ictum
2833 2242 3195 2311 considerare,
3230 2245 3375 2294 tom.
3409 2238 3502 2306 ΙΙΙ,
3525 2236 3700 2306 Scorp.
3721 2229 3829 2286 adv.

2672 2314 2934 2379 Gnostic.,
2967 2330 3092 2385 cap.
3125 2314 3178 2378 5,
3217 2329 3274 2366 ιι.
3307 2312 3397 2366 35.

2282 2446 2310 2472 ‹‹
2360 2426 2681 2479 Occursum
2730 2425 2818 2477 est
2860 2420 2996 2475 huic
3040 2420 3259 2490 plagas,
3316 2418 3380 2472 in
3441 2414 3613 2471 alium
3668 2409 3832 2464 ictum

2210 2513 2667 2579 consideremus,
2704 2533 2731 2560 »
2754 2515 2861 2565 etc.
2911 2509 3022 2563 Alii
3065 2507 3235 2580 longe
3266 2506 3437 2563 aliter
3466 2499 3832 2571 distinguunt.

2209 2604 2253 2657 A
2306 2601 2727 2674 gladiatoribus
2772 2601 3098 2668 sumptum.
3149 2597 3328 2652 Cicer.
3379 2593 3543 2652 Catil.
3574 2607 3593 2646 ι
3633 2607 3646 2644 :
3690 2583 3832 2650 Quod

2210 2708 2343 2762 ergo
2370 2695 2501 2746 tuas
2533 2688 2862 2760 petitiones,
2904 2687 2984 2741 ita
3031 2686 3326 2756 conjectas
3379 2689 3443 2738 ut
3494 2678 3653 2737 vitari
3685 2687 3835 2748 posse

2212 2797 2326 2837 non
2359 2780 2717 2843 viderentur,
2763 2792 2939 2847 parva
2967 2775 3218 2846 quadam
3249 2770 3656 2833 declinatione,
3687 2769 3756 2831 et,
3781 2763 3836 2815 ut

2212 2870 2398 2935 aiunt,
2432 2882 2672 2939 corpore
2703 2864 2878 2935 effugi
2909 2882 2921 2931 ;
2973 2868 3028 2919 et
3068 2862 3275 2934 Virgil.
3307 2861 3413 2917 lib.
3455 2878 3489 2914 v
3531 2859 3599 2914 de
3630 2850 3832 2924 Pugil.:

2306 2994 2457 3042 Nunc
2485 2991 2600 3051 hos,
2633 3002 2778 3038 nunc
2807 2988 2923 3038 illos
2955 2987 3149 3044 aditus,
3181 2998 3502 3049 omnemque
3534 2980 3760 3045 pererrat

2305 3058 2427 3105 Arte
2458 3055 2650 3111 locum,
2677 3052 2838 3100 variis
2867 3051 3155 3100 assultibus
3185 3051 3364 3098 irritus
3396 3051 3546 3110 urget
3574 3059 3588 3093 :

2303 3118 2546 3167 Ostendit
2573 3119 2810 3164 dextrem
2841 3116 3123 3176 insurgens
3152 3113 3406 3172 Entellus,
3440 3117 3493 3160 et
3519 3111 3618 3176 alte

2304 3180 2521 3235 Extulit,
2551 3180 2640 3227 ille
2669 3179 2832 3226 ictum
2865 3171 3166 3225 veniéntem
3195 3190 3225 3224 a
3253 3171 3452 3224 vertice
3481 3171 3635 3221 velox

2305 3243 2570 3300 Prcevidit,
2601 3241 2867 3304 celerique
2900 3240 3116 3302 elapsus
3147 3252 3372 3301 corpore
3402 3235 3583 3286 cessit.

2206 3361 2281 3412 Ut
2312 3358 2390 3412 sit
2419 3375 2437 3411 :
2469 3373 2587 3411 uno
2618 3360 2967 3427 argumento
3009 3354 3280 3422 retutato,
3321 3351 3480 3407 alius
3527 3337 3848 3404 inﬁrmatio-

2209 3463 2339 3501 nem
2375 3446 2694 3517 inquirere,
2742 3449 2799 3500 et
2829 3445 3116 3500 rationem
3165 3459 3366 3499 secum
3405 3441 3558 3497 inire
3587 3451 3698 3508 qua
3742 3429 3841 3484 im-

2210 3534 2444 3607 probari
2477 3534 2683 3606 possit.

2209 3643 2476 3699 86.1:tro
2525 3641 2806 3711 fallacior,
2854 3643 2998 3695 tom.
3046 3639 3145 3705 III,
3194 3637 3297 3711 lib.
3348 3655 3369 3693 ι
3406 3636 3616 3692 advers.
3667 3627 3846 3688 Marc”

2817 3728 2946 3782 cap.
2987 3712 3039 3779 1,
3072 3727 3130 3765 ιι.
3176 3710 3262 3764 15.

2281 3820 2604 3875 Videantur
2659 3819 2935 3873 Annotat.
2987 3815 3249 3871 Pamelii.
3303 3814 3446 3878 Quis
3506 3807 3577 3868 ab
3635 3803 3853 3864 histrice

2213 3910 2511 3967 animante
2543 3908 2651 3964 hoc
2683 3911 2986 3979 sumptum
3021 3904 3227 3961 dicat?
3261 3905 3435 3960 {strias
3485 3898 3732 3974 regionis
3774 3894 3854 3947 in-

2212 4000 2371 4067 colae,
2424 4016 2538 4054 non
2590 3999 2722 4053 furi
2768 4001 2871 4053 aut
2925 3994 3128 4066 llistri,
3177 3993 3280 4050 sed
3329 3993 3486 4049 Istrii
3536 3990 3799 4046 dicuntur
3839 3995 3852 4033 :

2212 4089 2429 4160 quibus
2461 4089 2593 4160 quis
2623 4086 2916 4143 fallaciam
2970 4085 3211 4153 tribuat,
3259 4099 3374 4138 non
3425 4079 3671 4154 reperio.
3718 4069 3857 4130 Reli-

2214 4194 2399 4250 quum
2425 4182 2514 4233 est
2545 4176 2753 4248 igitur,
2783 4179 2847 4230 ut
2882 4179 3028 4230 Ister
3076 4173 3312 4244 fluvius,
3347 4170 3462 4227 alio
3497 4168 3727 4226 nomine
3755 4161 3852 4250 Da-

2212 4247 2450 4337 nubius,
2485 4247 2621 4320 huic
2643 4264 2947 4337 proverbio
2978 4263 3177 4319 locum
3203 4261 3420 4317 fecerit.
3457 4264 3600 4316 Cum
3632 4247 3854 4312 Tertull.

2214 4354 2495 4411 Marcioni
2527 4359 2612 4410 tot
2644 4353 2850 4409 titulos
2881 4352 3357 4422 honoriﬁcasque
3390 4345 3804 4435 appellationes
3818 4352 3860 4435 .a

2211 4442 2378 4512 locis,
2413 4443 2712 4516 gentibus,
2744 4443 2947 4511 Ponto,
2980 4441 3177 4513 patrias
3208 4439 3437 4506 vicinis,
3483 4444 3542 4494 et
3593 4433 3757 4491 rebus
3785 4433 3862 4483 ei-

2216 4535 2350 4589 dem
2395 4532 2820 4605 peculiaribus,
2877 4531 3167 4602 assignet.
3202 4529 3437 4585 Dicetur
3476 4530 3672 4584 autem
3704 4516 3863 4575 fallax

2220 4623 2366 4678 Ister
2411 4621 2500 4677 vel
2547 4624 2784 4693 propter
2847 4620 3121 4676 sinuosos
3161 4619 3344 4674 ﬂexus
3406 4619 3497 4690 (ut
3547 4605 3865 4676 Maeander),

2224 4713 2377 4768 unde
2425 4731 2458 4768 a
2504 4713 2690 4784 poetis
2748 4716 3001 4767 retortus
3032 4715 3089 4765 et
3130 4709 3404 4765 sinuatus
3458 4708 3693 4773 dicitur,
3727 4695 3863 4756 229

2222 4802 2310 4859 vel
2336 4807 2573 4874 propter
2586 4802 2872 4858 ostiorum
2891 4798 3335 4855 multitudinem
3356 4798 3534 4869 (inter
3556 4810 3682 4868 quas
3700 4799 3868 4847 unum

2225 4895 2314 4948 est
2341 4891 2785 4958 Pseudostoma,
2821 4889 2988 4961 quasi
3037 4887 3253 4944 falsum
3300 4886 3388 4944 vel
3438 4886 3612 4941 fallax
3651 4875 3871 4961 ostium)

2228 4997 2355 5052 qua
2388 4979 2552 5035 fallat
2578 4979 2637 5034 in
2669 4959 2944 5034 instituto
2975 4993 3151 5032 cursu
3203 4975 3568 5047 navigantes,
3610 4969 3698 5026 vel
3728 4959 3874 5038 quod

2230 5070 2426 5126 subita
2465 5069 2849 5126 inundatione
2898 5067 3248 5138 plerumque
3303 5063 3532 5121 accolas
3581 5057 3874 5130 inopinato

2233 5159 2546 5232 opprimat,
2577 5157 2769 5214 Tibul.
2805 5173 2820 5212 :

2544 5265 2725 5314 Fallax
2753 5275 2966 5327 quoque
2997 5263 3165 5312 testis.

2484 5325 2791 5378 Pannonius
2819 5325 2911 5390 qui
2940 5327 3059 5376 Istri
3088 5325 3284 5387 accola,

2235 5429 2433 5484 Auson
2467 5443 2480 5482 :

2426 5555 2488 5604 Et
2514 5554 2715 5604 fontem
2749 5553 2890 5603 latiis
2934 5553 3176 5618 ignotum
3206 5551 3491 5603 annalibus
3520 5545 3700 5599 Histri.

488 5667 826 5741 stupidique
855 5665 1074 5740 ingenii
1104 5682 1118 5735 ;
1151 5668 1215 5721 ut
1261 5663 1508 5734 calidus,
1543 5664 1612 5721 de
1651 5663 1827 5723 alacri
1875 5670 1931 5723 et
1977 5664 2131 5724 exci-
2242 5660 2498 5736 (Aspirat
2525 5663 2800 5734 namque)
2831 5658 3118 5733 ignotum,
3151 5658 3290 5730 quia
3319 5657 3470 5716 fallit
3498 5660 3554 5716 et
3581 5652 3742 5710 latet.
