4072 6190
228 352 315 411 277

1322 334 1921 398 PROVERBIALES
1970 332 2394 393 FORMULE.

3447 325 3570 386 2'18

224 482 292 537 87.
321 477 760 549 Jugumexcutere
778 493 798 539 ;
822 475 889 549 et
923 488 936 528 :
970 472 1310 549 Cervicema
1330 473 1482 549 jugq
1500 483 1803 549 excusare,
1831 466 1887 535 Α
1918 488 1946 516 ‹‹
1979 467 2261 522 Auctores
2278 481 2346 521 ex
2377 466 2624 533 utroque
2654 460 2833 516 latere
2857 472 3136 530 magnum
3158 456 3415 512 habuere
3440 470 3565 511 cer-

277 541 391 607 tem:
413 548 465 619 ν,
494 546 588 602 lib.
622 545 687 601 de
712 544 932 616 Pudic.,
966 562 1091 617 cap.
1129 545 1217 613 10,
1252 541 1341 614 12,
1365 560 1422 598 n.
1452 542 1516 596 81
1556 546 1613 596 et
1638 541 1728 595 95.

273 659 466 730 Jugum,
495 653 639 723 quod
673 654 849 708 boves
895 653 1151 707 induunt
1199 667 1331 707 cum
1381 648 1627 705 trahunt
1673 663 1800 703 ara-

220 754 336 805 trum
382 743 456 800 vel
500 759 754 798 currum.
816 740 998 796 Cicer.
1035 764 1063 791 «
1108 746 1290 796 Boum
1347 738 1595 795 cervices
1652 739 1799 791 natae

216 839 269 896 ad
314 838 551 905 iugum.»
609 830 1053 903 Metaphoricfos
1104 830 1442 886 servitutem
1494 830 1595 882 aut
1649 841 1801 881 onus

215 941 346 1000 grave
368 920 659 995 signiﬁcat.
691 920 838 976 Hinc
874 919 976 975 illa
1008 936 1020 974 :
1055 940 1084 970 «
1109 919 1226 973 Sub
1250 919 1463 990 jugum
1497 916 1798 971 mittere.»

210 1015 380 1086 iugum
407 1010 643 1083 dejicere
674 1027 708 1065 a
739 1008 1081 1076 cervicibus,
1115 1012 1204 1064 est
1246 1006 1494 1063 liberare
1544 1004 1800 1062 violenta

214 1101 569 1171 dominatione,
603 1099 763 1173 gravi
796 1112 970 1155 onere
1001 1096 1320 1154 servitutis.
1345 1096 1608 1153 Contrar.
1643 1096 1795 1169 apud

206 1191 362 1264 Virgil.
394 1207 465 1245 xu
494 1208 506 1246 :

297 1322 350 1372 Ni
369 1322 561 1371 frenum
593 1320 851 1383 accipere,
889 1324 943 1370 et
974 1319 1102 1369 victi
1131 1332 1316 1383 parere
1349 1318 1603 1370 fatentur.

204 1450 393 1509 Tertull.
424 1450 518 1506 lib.
550 1450 617 1506 de
644 1450 778 1506 Idol.
815 1468 828 1506 :
865 1472 893 1501 «
929 1448 1243 1505 Vinculum
1276 1453 1334 1507 et
1374 1451 1586 1522 jugum
1619 1449 1791 1505 nobis

202 1539 424 1597 relaxavit
456 1556 469 1596 :
498 1561 525 1589 »
559 1543 620 1595 et
649 1536 752 1593 lib.
787 1538 851 1594 de
883 1538 1077 1595 Pudic.
1111 1556 1123 1594 :
1165 1561 1193 1589 ε(
1222 1539 1475 1610 Operum
1525 1540 1670 1611 juga
1702 1554 1790 1594 re-

199 1631 314 1702 jecta
338 1633 478 1695 sunt,
511 1644 629 1684 non
662 1627 1136 1700 disciplinarum.
1159 1650 1189 1679 ››

196 1736 261 1792 88.
294 1737 478 1794 Lamiae
520 1738 722 1802 turres,
769 1740 916 1790 tom.
969 1736 1067 1802 ΙΙΙ,
1123 1735 1227 1791 lib.
1273 1737 1486 1791 advers.
1548 1735 1784 1804 Valent,

742 1824 870 1879 cap.
901 1808 957 1873 2,
990 1825 1046 1862 n.
1081 1808 1172 1863 23.

250 1897 307 1953 De
333 1896 501 1951 lamiis
531 1894 719 1951 multa
750 1895 1076 1951 Politianus
1108 1896 1167 1949 in
1199 1895 1543 1951 Praefatione
1570 1895 1629 1950 in
1660 1895 1791 1951 Dia-

197 1985 299 2040 lect.
339 1990 389 2040 et
431 1984 816 2040 Brassicanus
853 1985 983 2055 ejus
1010 1989 1477 2054 lcommentator,
1508 1985 1786 2041 Hadrian.

199 2073 383 2141 Junius,
413 2072 616 2145 adagio
646 2073 736 2143 34,
767 2077 919 2130 cent.
951 2075 1024 2142 2;
1057 2079 1114 2130 et
1141 2076 1275 2131 Cael.
1326 2074 1604 2147 Rhodrig.
1650 2090 1701 2131 c.
1731 2076 1787 2147 5,

195 2162 373 2233 1.1m,
403 2162 497 2217 ubi
549 2164 625 2218 de
670 2162 923 2234 Menippi
955 2163 1109 2236 Lycii
1139 2164 1347 2232 amica,
1378 2163 1436 2218 in
1479 2164 1789 2237 conjugem

192 2252 388 2323 jamjam
431 2252 795 2322 asciscenda,
827 2256 960 2325 post
990 2252 1178 2309 multa
1226 2253 1307 2309 ait
1336 2256 1576 2326 quidam
1612 2252 1789 2326 philo-

194 2342 412 2412 sophus:
446 2341 605 2397 Bella
651 2341 773 2397 haec
822 2358 1040 2415 sponsa
1090 2360 1208 2398 una
1256 2346 1347 2399 est
1388 2344 1496 2396 τῶν
1547 2340 1789 2414 Ἐμπον-

195 2432 292 2496 «In,
319 2428 371 2492 ἃς
404 2428 605 2503 λαμῖας
634 2450 693 2484 τε
730 2428 821 2484 καὶ
857 2426 1236 2505 μορμολυκίας
1286 2431 1338 2485 οἱ
1382 2427 1588 2485 πυλλοὶ
1636 2432 1794 2484 νοοῦ-

192 2518 406 2589 σινεῖναι,
454 2519 566 2576 hoc
598 2523 730 2576 est:
776 2537 845 2576 ex
890 2522 1167 2590 Empusis,
1214 2537 1353 2592 quas
1399 2530 1450 2578 et
1498 2522 1698 2577 lamias
1744 2525 1795 2575 et

190 2608 531 2681 mormolycias
559 2610 814 2681 plerique
837 2618 1055 2681 putant.
1090 2612 1281 2667 Turres
1310 2618 1506 2667 autem
1538 2626 1796 2666 comme-

189 2698 609 2755 morat.Tertull.
644 2699 800 2771 quod
826 2698 1123 2771 ingentem
1151 2716 1391 2772 specum
1416 2701 1486 2755 ad
1511 2699 1673 2771 rupis
1703 2716 1795 2754 ra-

190 2784 314 2840 dices
341 2786 629 2843 insedisse
678 2787 1015 2844 fabulantur
1045 2790 1300 2844 Lamiam
1328 2788 1385 2844 in
1418 2788 1624 2861 Libyae
1654 2787 1798 2844 locis

190 2875 431 2945 reginam.
478 2877 720 2932 Dicetur
768 2876 950 2950 igitur
978 2878 1049 2934 de
1081 2879 1257 2935 rebus
1288 2879 1347 2933 in
1397 2878 1651 2950 speciem
1683 2877 1797 2933 for-

189 2962 621 3035 midahilibus,in
655 2966 873 3039 quibus
906 2966 1053 3023 nihil
1084 2967 1227 3024 insit
1255 2966 1519 3040 periculi.
1550 2966 1801 3024 Nomina

188 3053 240 3107 ad
268 3056 522 3113 terrorem
561 3054 820 3126 inventa,
852 3056 1062 3113 fabulas
1094 3056 1300 3113 aniles.

186 3158 254 3214 89.
289 3162 466 3219 Latere
498 3163 603 3220 hoc
630 3163 895 3235 defendit,
944 3168 1089 3221 tom.
1123 3164 1221 3231 Ill,
1254 3164 1357 3220 lib.
1388 3164 1454 3221 de
1494 3166 1798 3222 Resurrect.

645 3252 824 3305 carm,
856 3253 983 3308 cap.
1014 3240 1071 3303 2,
1104 3254 1163 3292 n.
1193 3237 1285 3292 21.

238 3339 289 3394 In
317 3340 455 3410 acie,
484 3341 600 3398 hoc
650 3346 758 3414 est,
790 3342 1047 3400 exercitu
1079 3344 1151 3399 ad
1202 3359 1464 3417 pugnam
1504 3342 1803 3415 procincto

186 3425 281 3482 hac
307 3428 458 3486 fuere
490 3449 503 3487 :
542 3430 729 3503 frons,
763 3435 1018 3505 tergum,
1049 3433 1162 3489 duo
1211 3433 1413 3503 latera,
1448 3450 1574 3503 quae
1614 3436 1671 3488 et
1700 3430 1803 3487 alea

186 3521 227 3569 et
250 3533 449 3575 cornua
481 3520 853 3577 dicebantur.
886 3522 1128 3578 Tectum
1160 3521 1337 3591 latus,
1371 3522 1440 3578 de
1468 3522 1541 3577 iis
1572 3521 1674 3593 qui
1705 3538 1805 3577 ar-

186 3604 274 3661 mis
302 3615 349 3662 et
394 3608 674 3680 praesidio
728 3609 944 3667 muniti
986 3615 1163 3679 sunt;
1197 3614 1462 3683 apertum
1494 3611 1565 3666 de
1600 3610 1673 3667 iis
1704 3609 1805 3682 qui

185 3693 404 3762 periculo
433 3697 711 3771 expositi.
744 3699 977 3756 Terent.
1010 3701 1245 3757 Hauton.
1280 3716 1294 3756 :

286 3829 594 3896 Triumpho,
624 3832 668 3882 si
695 3832 824 3883 licet
850 3847 936 3885 me
956 3833 1119 3885 latere
1150 3838 1291 3886 tecto
1320 3835 1607 3885 abscedere
1640 3847 1653 3885 :

185 3959 268 4017 hoc
293 3965 487 4035 est,sic
522 3970 593 4023 ut
623 3967 772 4023 nihil
795 3967 940 4025 mihi
973 3985 1269 4025 accersam
1299 3967 1803 4042 periculi.Csesar.,

183 4046 260 4105 lib.
288 4069 324 4108 ιι
354 4055 497 4111 Bell.
536 4055 659 4111 Gal.
694 4072 707 4110 :
744 4058 878 4121 Quae
923 4074 1016 4114 res
1047 4063 1105 4113 et
1135 4057 1315 4113 latius
1363 4072 1551 4113 unum
1582 4060 1805 4112 castro-

184 4153 287 4195 rum
314 4143 454 4215 ripis
488 4144 762 4201 ﬂuminis
794 4147 1214 4216 muniebat,et:
1249 4146 1415 4203 Totis
1447 4147 1563 4202 fere
1592 4145 1805 4201 castris

183 4242 207 4281 α
228 4228 422 4303 fronte,
453 4239 515 4289 et
547 4251 584 4290 a
612 4234 857 4292 sinistra
905 4240 1072 4308 parte
1119 4237 1376 4303 nudatis,
1410 4240 1466 4291 et
1498 4253 1510 4290 :
1545 4236 1803 4300 Quorum

182 4327 515 4411 parsraperto
547 4322 727 4380 latere
758 4323 1016 4397 legiones
1046 4324 1486 4382 circumvenire.
1517 4325 1804 4394 Nennius,

181 4410 225 4461 in
248 4410 605 4469 Misoellades
633 4413 706 4485 (si
736 4414 844 4470 rite
875 4415 1138 4487 memini)
1164 4419 1220 4470 et
1246 4431 1380 4471 eum
1413 4418 1652 4471 secutus
1683 4415 1806 4469 Mu-

180 4500 263 4551 ret.
301 4499 357 4555 in
404 4502 647 4559 Terent.
682 4519 717 4558 a
744 4502 1172 4575 gladiatoribus
1220 4508 1527 4576 sumptum
1575 4502 1801 4571 volunt,

1912 559 2131 611 tamen.
2167 576 2189 605 »
2218 552 2461 609 Tertull.
2501 568 2513 607 :
2549 574 2576 601 «
2610 550 2690 605 Ex
2720 552 2965 617 utroque
2999 545 3176 601 latere
3216 560 3323 600 nos
3354 544 3566 601 veritas

1911 644 1972 700 in
2002 645 2178 700 istam
2206 640 2504 698 concludit
2547 638 2923 703 sententiam,
2961 658 2991 686 »
3023 635 3082 690 id
3114 638 3205 691 est
3237 650 3249 689 :
3285 633 3568 703 Utrinque

1910 738 1967 790 et
1994 750 2063 790 ex
2095 733 2366 803 utrinque
2397 728 2731 802 argumenti
2763 731 2943 799 parte.

1908 840 1997 898 91.
2042 844 2270 914 Quoquo
2301 840 2470 894 latere
2498 837 2661 914 velis,
2683 838 2826 914 tom.
2848 832 2959 914 _Ii_l-,
2993 831 3095 887 lib.
3130 847 3185 885 1v
3214 829 3336 885 adv.
3370 830 3559 902 Mam,

2473 881 2740 981 οὶᾘῗὲᾱξ
2750 881 2826 961 ἶιῗ
2845 881 2973 959 alii

1978 1020 2137 1075 Idem
2171 1034 2303 1074 cum
2336 1016 2637 1088 superiore,
2655 1029 2724 1070 ea:
2753 1020 2981 1083 utroque
3010 1011 3202 1079 latere,
3231 1007 3387 1082 quod
3418 1008 3563 1063 Ter-

1905 1110 2036 1167 tull.
2087 1108 2389 1166 declarat:
2441 1106 2695 1162 «Habes
2744 1104 3088 1176 nuptiarum
3138 1116 3371 1173 quoque
3416 1096 3562 1155 velis

1902 1199 2085 1256 latere
2116 1200 2607 1271 prospectorem,»
2643 1194 2753 1251 hoc
2784 1196 3311 1263 est,quamcunque
3331 1186 3391 1245 in
3423 1199 3559 1259 par-

1903 1293 2021 1345 tem
2055 1295 2108 1344 te
2136 1291 2351 1343 vertas.

1900 1396 1989 1452 92.
2033 1397 2146 1465 Quo
2201 1396 2456 1464 laterum,
2491 1395 2633 1448 tom.
2666 1389 2885 1515 Vazlib.
2938 1387 3002 1444 de
3046 1387 3251 1458 Jejun.,
3284 1400 3412 1456 cap.
3458 1382 3548 1452 11,

2626 1480 2686 1515 11.
2795 1504 2808 1515 .

2626 1480 2686 1519 n.
2729 1480 2808 1518 ΙΖ.

1976 1557 2111 1613 Utra
2139 1559 2301 1629 parte
2333 1552 2663 1627 argumenti
2689 1576 2703 1619 ;
2738 1568 2856 1623 qua
2885 1548 3312 1619 ratione,quam
3336 1544 3397 1600 in
3420 1559 3550 1615 par-

1895 1653 2015 1704 tem
2036 1648 2063 1703 ?
2094 1648 2163 1703 Et
2191 1646 2287 1701 hic
2319 1645 2506 1700 utitur
2536 1642 2709 1698 verbo
2757 1640 3160 1709 conﬁrmatum,
3195 1641 3260 1691 ut
3288 1635 3359 1690 ad
3392 1632 3548 1688 latus

1896 1741 2139 1805 tectum,
2170 1736 2230 1790 in
2263 1734 2517 1791 exercitu
2548 1730 2637 1787 vel
2670 1729 3014 1802 gladiatore,
3044 1727 3345 1782 referatur.

1816 1848 1862 1913 Β
1892 1843 1982 1898 93.
2025 1844 2228 1899 Leones
2256 1843 2316 1896 in
2344 1855 2475 1913 pace
2497 1838 2654 1913 ,jvide
2682 1852 2849 1913 supra
2862 1854 2881 1889 :
2894 1834 3049 1913 Cervi
3078 1836 3139 1889 in
3163 1831 3542 1913 pi'glioJom.

2145 1915 2215 1985 ll,
2251 1904 2354 1968 lib:
2386 1912 2451 1967 de
2482 1911 2605 1967 Cor.
2641 1904 2829 1975 milit.,
2864 1924 2988 1977 cap.
3022 1907 3074 1977 1,
3108 1922 3166 1959 n.
3202 1904 3288 1959 18.

1968 2020 2247 2078 Convenit
2294 2020 2351 2074 in
2384 2034 2483 2074 eos
2513 2017 2613 2088 qui
2667 2018 3018 2088 praepostere
3050 2028 3113 2068 se
3141 2012 3355 2083 gerunt
3396 2023 3409 2063 :
3444 2004 3548 2061 ubi

1899 2127 1992 2167 res
2022 2108 2281 2182 postulat
2310 2106 2613 2163 audaciam
2646 2108 2703 2160 et
2728 2099 3114 2168 virtutem,ibi
3145 2097 3376 2166 timidi;
3402 2095 3551 2151 fero-

1899 2199 2125 2265 ces,ubi
2157 2197 2303 2253 nihil
2337 2196 2630 2252 ferocitate
2662 2191 3029 2266 Opus.Livius
3057 2206 3070 2247 :
3096 2190 3159 2246 In
3190 2188 3307 2244 otio
3327 2183 3552 2242 tumul-

1901 2289 2076 2355 tuosi,
2123 2288 2185 2343 in
2234 2286 2387 2343 bello
2433 2301 2664 2358 segnes.
2712 2281 2991 2355 Synesius
3025 2297 3038 2336 :
3069 2278 3159 2332 Ἐν
3214 2276 3305 2349 μὲν
3357 2273 3548 2348 εἰρήνῃ

1902 2379 2137 2453 θρασεῖς,
2170 2374 2219 2429 ἐν
2282 2371 2339 2428 δὶ
2394 2371 2628 2445 πολέμῳ
2687 2367 2881 2425 δειλοί·
2917 2372 2980 2425 In
3032 2382 3171 2441 pace
3226 2368 3460 2440 feroces,
3494 2364 3557 2417 in

1906 2468 2043 2523 bello
2071 2464 2433 2537 formidolosi.

1902 2577 1993 2631 94.
2034 2579 2099 2631 In
2132 2574 2323 2629 limine
2351 2585 2654 2696 occurrergz,
2686 2574 2837 2695 tor;é
2861 2567 2932 2638 V,
2960 2566 3062 2622 lib.
3095 2564 3162 2620 de
3192 2563 3555 2633 Monog.,cap.

2628 2685 2644 2696 .
2676 2659 2734 2696 n.
2843 2682 2856 2695 .

2626 2685 2644 2711 ,
2676 2659 2734 2697 n.
2764 2659 2856 2695 az.

1977 2756 2039 2811 In
2069 2754 2199 2827 ipso
2230 2751 2422 2824 operis
2452 2747 2987 2822 disputationisque
3016 2746 3288 2818 ingressu
3322 2756 3450 2798 sese
3471 2738 3556 2795 oi—

1906 2844 2076 2900 ferre.

1906 2969 1996 3026 95.
2037 2970 2111 3026 De
2139 2967 2329 3025 limine
2380 2960 2979 3090 oﬂ'endereétomééll,
3012 2959 3114 3016 lib.
3151 2956 3279 3014 adv.
3318 2955 3552 3023 Valent,

2510 3053 2637 3090 can.
2711 3078 2724 3090 .
2751 3052 2810 3090 n.
2919 3075 2933 3088 .

2510 3053 2637 3109 cap.
2670 3052 2724 3103 δ,
2751 3052 2810 3090 n.
2842 3052 2933 3088 zz.

1980 3150 2317 3206 RHENANUS.
2334 3143 2709 3201 Proverbium
2732 3144 2802 3198 de
2830 3140 2926 3197 his
2957 3138 3055 3211 qui
3079 3135 3246 3193 initio
3267 3134 3556 3206 rei,quam

1829 3220 1873 3289 (ἶ
1910 3238 2197 3311 agendam
2227 3236 2626 3306 susceperant,
2659 3234 2922 3302 peccant.
2954 3226 3156 3281 Simile
3183 3223 3269 3281 illi
3301 3237 3315 3279 :
3352 3243 3377 3275 α
3408 3224 3559 3278 Can-

1912 3326 2137 3383 therius
2167 3325 2226 3379 in
2257 3327 2478 3397 porta.»
2512 3321 2659 3377 Cum
2688 3319 2798 3375 hoc
2828 3316 3184 3374 conveniunt
3206 3329 3267 3367 :«
3300 3312 3365 3369 In
3391 3312 3562 3383 portu

1911 3416 2239 3488 impingere
2273 3429 2287 3468 ε
2321 3417 2385 3468 In
2418 3411 2621 3467 limine
2652 3409 2917 3465 deficere.
2952 3428 2982 3457 »
3010 3403 3217 3476 Virgil.
3248 3420 3262 3459 :

2161 3521 2263 3570 Cur
2290 3519 2568 3570 indecores
2597 3519 2650 3567 in
2680 3516 2861 3567 limine
2895 3514 3066 3578 primo

2164 3584 2446 3634 Deﬁcimus

1913 3700 2042 3757 pro,
2074 3684 2131 3737 in
2161 3682 2290 3754 ipso
2334 3679 2528 3753 operis
2557 3677 2892 3750 negotiique
2941 3672 3197 3744 suscepti
3238 3668 3560 3743 primordio

1914 3772 2265 3846 peccare.Ab
2297 3770 2369 3826 iis
2399 3768 2772 3833 translatum,
2795 3765 2895 3837 qui
2928 3781 2996 3820 ex
3022 3763 3244 3819 sedibus
3272 3758 3560 3832 egressori

1913 3863 1975 3918 in
2006 3861 2206 3917 limine
2229 3860 2435 3932 pedem
2463 3853 3117 3913 oﬂ'endunt.0ffendisse
3138 3854 3333 3906 autem
3354 3848 3558 3912 limen,

1914 3950 2190 4007 laciniam
2223 3949 2293 4004 ad
2325 3948 2385 4003 id
2417 3946 2754 4015 adhaesisse,
2786 3942 2873 3999 vel
2914 3940 3253 4013 prolapsum
3286 3935 3564 3993 cecidisse

1914 4044 2145 4097 ostenta
2173 4038 2334 4093 fuere
2382 4035 2750 4106 inauspicata
2778 4036 2835 4088 et
2881 4029 3021 4087 mali
3069 4026 3304 4097 ominis,
3337 4024 3561 4096 passim

1914 4129 2069 4202 apud
2100 4132 2323 4201 poetas.
2352 4124 2594 4182 Ovidius
2625 4140 2640 4179 :

2164 4242 2368 4293 Dicitur
2397 4240 2603 4292 offenso
2633 4238 2985 4305 procubuisse
3014 4235 3168 4300 pede.

1912 4363 2003 4418 96.
2036 4361 2234 4417 Linea:
2278 4376 2465 4430 agere,
2496 4360 2638 4414 tom.
2692 4353 2919 4481 128,01ib.
2966 4351 3031 4407 de
3059 4350 3279 4419 Anima,
3309 4361 3436 4418 cap.
3470 4343 3560 4414 43,

2626 4446 2685 4481 n.
2827 4466 2841 4481 ο

2626 4446 2685 4483 n.
2716 4446 2841 4481 ιιδυ.

1990 4545 2018 4575 ‹‹
2052 4521 2301 4578 Humani
2330 4519 2420 4576 vel
2452 4517 2702 4574 maxime
2731 4514 2883 4571 initii
2915 4530 2981 4570 ac
3010 4510 3353 4568 ﬁnislineas
3373 4508 3565 4582 quoti-

183 4586 364 4684 qtiibue
381 4590 431 4645 si
451 4591 657 4684 minus
680 4592 914 4684 plagam
933 4590 1243 4646 ἀντιπάλών
1268 4593 1499 4684 possint
1519 4593 1802 4684 inﬂigere.
1835 4593 1880 4658 D
1912 4613 2005 4670 die
2036 4628 2226 4684 agere.
2262 4632 2290 4662 »
2322 4607 2625 4666 Proverbia
2655 4624 2689 4661 a
2734 4604 2908 4661 lineis
2956 4604 3150 4671 ducta,
3186 4617 3313 4672 quas
3357 4614 3561 4655 conse-

182 4677 296 4769 satis
321 4676 721 4736 honoriﬁcum
753 4686 861 4751 est,
892 4681 1071 4738 latere
1103 4687 1275 4749 tecto,
1308 4682 1365 4737 id
1402 4686 1512 4751 est,
1545 4682 1806 4754 integros

184 4760 483 4839 illesosque
514 4768 1064 4827 abire.Dicebantur
1092 4776 1371 4843 pristerea
1395 4786 1407 4827 :
1433 4772 1611 4828 Latus
1641 4788 1805 4843 aper-

182 4855 283 4909 tum
314 4858 597 4930 praebere,
627 4876 765 4916 cum
798 4860 981 4917 ictum
1028 4878 1143 4918 non
1190 4860 1571 4930 declinarent,
1604 4862 1706 4918 sed
1736 4860 1807 4916 li-

182 4944 296 4998 ctori
328 4949 625 5020 mortique
656 4966 720 5006 se
760 4951 942 5022 gratis
972 4950 1313 5022 objicerent.
1341 4952 1534 5007 Latere
1578 4951 1677 5007 hoc
1722 4950 1812 5007 de-

179 5028 514 5127 ffndi_igitur
534 5039 746 5107 est,his
770 5039 1101 5112 iisdemque
1124 5039 1507 5112 argumentis,
1541 5041 1695 5097 230
1716 5057 1810 5095 ra-

180 5120 1020 5219 tionibus,probationibusque
1038 5128 1401 5186 constabiliri
1428 5155 1441 5198 ;
1475 5146 1588 5201 quo
1609 5130 1811 5199 verbo,

180 5214 245 5263 uti
270 5217 323 5268 et
352 5214 627 5287 militari,
663 5218 896 5287 muniri,
928 5219 1131 5275 eodem
1160 5218 1286 5275 loco
1317 5219 1504 5274 utitur
1534 5220 1665 5275 Ter.

179 5312 251 5368 90.
285 5318 363 5375 Ex
392 5322 577 5380 latere
622 5330 874 5396 utroque,
924 5329 1067 5381 tom.
1094 5324 1164 5395 V,
1196 5324 1299 5381 lib.
1332 5324 1399 5381 de
1431 5326 1647 5393 1rinit.,
1681 5341 1810 5397 cap.

769 5398 859 5467 26,
885 5413 1049 5453 num.
1084 5398 1206 5453 112.

232 5494 411 5557 Verba
463 5503 889 5574 iureconsultis
937 5504 1284 5577 frequentia.
1326 5504 1583 5577 Ulpian.,
1615 5503 1715 5559 lib.
1751 5520 1813 5560 ιιι

178 5584 277 5658 Dig.
306 5591 399 5649 tit.
453 5593 529 5650 de
555 5599 834 5668 procurat.
872 5612 885 5653 :
919 5596 995 5654 Ut
1021 5614 1092 5654 ex
1141 5601 1391 5670 utroque
1421 5597 1602 5652 latere
1642 5594 1814 5667 quasi

182 5679 317 5734 actor
342 5680 733 5743 habeatur.Et
762 5684 1009 5756 Justin.,
1033 5684 1135 5742 lib.
1157 5701 1214 5754 v,
1234 5685 1536 5743 CodJuris.
1569 5683 1764 5756 inquit
1796 5698 1810 5739 :

1916 4700 2418 4776 quuntur,partim
2450 4716 2483 4753 a
2504 4694 2844 4771 geometria,
2866 4710 2993 4766 quas
3016 4691 3186 4749 lineis
3208 4690 3406 4747 omnia
3426 4705 3558 4760 per-

1916 4791 2277 4863 ﬂcit,partim
2311 4806 2344 4845 a
2374 4786 2683 4845 curriculis
2711 4789 2769 4841 et
2799 4783 3108 4856 palaestris,
3137 4796 3387 4853 quorum
3421 4795 3559 4851 spa-

1915 4882 2000 4938 tia
2029 4880 2203 4936 certis
2252 4875 2926 4944 lineis'tincludebantur
2957 4890 2970 4929 :
3005 4876 3228 4945 partem
3261 4889 3294 4926 a
3323 4868 3561 4941 pictori-

1916 4972 2051 5037 bus,
2084 4970 2181 5041 qui
2234 4965 2505 5040 penicillo
2554 4966 2730 5021 lineas
2757 4964 2951 5020 ducere
2981 4962 3171 5018 solent
3216 4959 3565 5033 priusquam

1919 5060 2193 5116 umbram
2243 5057 2372 5112 sine
2420 5054 2610 5110 colore
2640 5052 2895 5109 colorare
2942 5050 3251 5121 incipiant,
3282 5047 3571 5104 translata

1922 5152 2082 5205 sunt.
2128 5148 2246 5202 Hoc
2301 5149 2497 5201 autem
2548 5142 2808 5215 primum
2853 5142 2999 5196 231
3054 5138 3297 5195 Tertull.
3360 5139 3573 5193 ducere

1919 5238 2150 5295 videtur
2177 5234 2269 5291 vel
2302 5235 2372 5291 ab
2405 5232 2572 5288 initio
2605 5236 2661 5288 et
2692 5232 2807 5286 ﬁne
2831 5229 3155 5302 spatiorum
3177 5228 3238 5283 in
3262 5232 3573 5296 Dromone,

1919 5327 2009 5383 vel
2043 5343 2076 5380 a
2107 5325 2355 5397 pictura,
2375 5339 2509 5378 cum
2542 5320 2705 5377 addit
2734 5336 2746 5375 :
2785 5342 2806 5369 ι
2840 5322 3073 5375 Manum
3104 5318 3238 5374 ﬁdei
3268 5317 3575 5389 porrigens

1922 5413 2155 5472 facilius
2175 5415 2268 5485 adj
2280 5412 2516 5469 uvandes
2538 5427 2641 5484 per
2665 5408 2954 5481 imagines
2985 5412 3043 5465 et
3072 5406 3405 5480 parabolas,
3423 5406 3579 5462 sicut

1923 5519 2265 5562 sermonum
2295 5502 2378 5558 ita
2406 5506 2462 5557 et
2493 5516 2747 5558 rerum.»
2778 5498 2998 5554 Deinde
3032 5515 3044 5553 :
3079 5521 3107 5548 «
3140 5494 3450 5569 Proposuit
3471 5493 3575 5564 igi-

1921 5597 2020 5651 tur
2065 5592 2197 5657 tibi,
2231 5614 2259 5641 ››
2300 5591 2471 5663 quasi
2517 5589 2589 5646 ob
2646 5587 2845 5645 oculos
2891 5586 3131 5659 subiicit
3176 5586 3236 5641 in
3296 5583 3561 5656 pictura:

1924 5702 1955 5734 ‹‹
1987 5681 2177 5738 Etiam
2208 5696 2310 5753 per
2339 5678 2657 5752 imaginem
2689 5676 2917 5733 mortis.
