4072 6190
232 384 322 442 231
1369 371 1967 434 PROVERBlALES
2014 372 2440 435 FORMULJE.

265 511 363 567 113.
397 508 586 564 Lineas
616 506 836 577 ducere,
866 514 1011 561 tom.
1047 507 1148 572 ΙΙΙ,
1181 504 1283 561 lib.
1319 505 1384 563 de
1410 508 1634 577 Anima,
1666 522 1791 578 cap.

842 580 930 646 36,
966 596 1025 634 η.
1060 580 1183 633 432.

279 689 469 745 Grazcis
526 684 671 765 ἄγειν
732 687 767 755 ἢ
819 684 1044 761 γράφειν
1105 686 1367 761 γραμμήν
1407 729 1419 741 .
1474 686 1545 740 Et
1600 682 1841 740 linearis

223 781 419 852 pictura
448 780 482 845 ἡ
513 777 733 854 γραφίς,
767 777 911 832 Hinc
944 777 1089 832 illud
1128 794 1140 830 :
1175 798 1201 826 ‹‹
1237 776 1462 830 Primas
1491 774 1677 831 lineas
1734 775 1841 829 du-

222 885 344 939 cere,
404 892 428 917 n
489 868 745 939 eleganti
813 867 1155 938 metaphora
1200 885 1233 920 a
1264 866 1608 938 pictoribus,
1643 882 1745 937 pro
1777 880 1843 920 eo

222 959 351 1031 quod
381 962 485 1025 est,
521 959 789 1013 umbram
824 961 1053 1013 tantum
1102 956 1350 1026 alicujus
1408 956 1487 1011 rei
1547 955 1843 1023 exhibere,

220 1052 370 1119 atque
399 1046 590 1102 obiter
622 1048 775 1118 quod
809 1046 1063 1119 intelligi
1093 1045 1295 1118 cupias
1326 1044 1639 1101 delineare.
1674 1044 1846 1100 Ducit

220 1142 266 1192 et
290 1136 497 1208 primas
529 1136 738 1207 lineas,
774 1137 876 1207 qui
910 1135 1225 1192 formulam
1259 1134 1599 1191 exordiendi
1631 1132 1846 1204 negotii

216 1225 531 1298 prescribit.
583 1225 655 1281 Et
703 1226 931 1282 mittere
976 1225 1217 1292 lineam,
1250 1242 1354 1297 pro
1387 1240 1402 1282 :
1435 1228 1577 1279 Rem
1611 1228 1844 1279 tantum

217 1316 564 1387 adumbrare,
598 1318 655 1370 et
685 1313 1039 1386 conjecturis
1070 1314 1430 1387 quibusdam
1482 1313 1845 1385 investigan-

216 1405 327 1459 dam
382 1420 730 1477 proponere.
801 1403 1106 1475 Siquidem
1173 1421 1237 1458 ex
1305 1402 1595 1458 linearum
1665 1403 1845 1457 ductu

208 1494 403 1563 justum
434 1494 616 1550 etiam
664 1493 902 1566 picturae
952 1492 1267 1549 artiﬁcium
1319 1491 1626 1548 discimus.
1684 1491 1846 1547 Unde

214 1582 513 1639 versiculus
550 1600 563 1640 :

282 1718 428 1767 Linea
457 1732 587 1781 qua:
616 1722 850 1768 veterem
878 1718 1036 1781 longe
1064 1717 1299 1767 fateatur
1328 1717 1590 1780 Apellem.

3484 370 3601 433 282

1873 507 1927 574 Α
1958 504 2174 561 Eadem
2208 521 2441 577 semper
2470 505 2740 561 oberrare
2771 505 2980 572 corda;
3012 504 3279 560 eamdem
3327 503 3602 560 incudem

1953 599 2128 650 noctu
2160 595 2380 666 diuque
2408 595 2853 666 tundere.Apud
2885 593 3044 666 Virg.
3081 610 3094 648 :
3127 596 3357 666 Arguta:
3389 591 3610 648 lamina

1950 700 2143 753 serrae,
2178 685 2374 741 innuit
2405 686 2943 757 reciprocationem.
2979 684 3071 740 Sic
3101 683 3352 739 fullones
3409 682 3608 738 dicun-

1951 778 2085 830 tur:
2120 777 2384 844 Arguiari
2410 776 2654 847 pedibus,
2680 775 2788 832 hoc
2820 781 2927 844 est,
2963 774 3185 830 alterno
3216 779 3271 830 et
3308 773 3603 845 reciproco

1954 866 2099 938 pede
2131 865 2431 920 exculcare
2462 871 2518 921 et
2547 866 2740 922 lavare
2771 883 3016 938 pannos.

1993 975 2113 1030 118.
2148 976 2466 1047 Luci/agar},
2500 978 2639 1029 tom.
2673 973 2773 1047 IlI,
2805 972 3005 1047 lihtde
3043 973 3348 1028 Resurrect.
3389 986 3569 1037 carm,

2522 1063 2651 1117 cap.
2686 1045 2773 1114 47,
2810 1062 2866 1100 n.
2902 1046 3027 1099 341.

2024 1134 2307 1208 Lucifuga
2362 1140 2417 1190 et
2471 1136 2792 1206 Lucifugus,
2850 1133 3066 1189 infame
3126 1149 3360 1188 nomen.
3421 1129 3605 1186 Homo

1955 1224 2239 1279 nimirum
2299 1228 2521 1279 naturae
2578 1223 2909 1279 contrarius
2967 1227 3023 1277 et
3053 1225 3443 1294 prteposterus
3476 1219 3606 1275 luce

1956 1314 2195 1382 dormit,
2230 1317 2405 1370 noctu
2438 1312 2661 1386 vigilat,
2694 1328 2866 1386 quem
2893 1310 3277 1384 jureconsulti
3308 1307 3608 1382 appellant

1952 1403 2448 1475 vespertilionem,
2483 1404 2637 1474 quod
2694 1407 2892 1459 exacto
2936 1403 3060 1473 jam
3118 1400 3233 1457 diei
3290 1398 3605 1465 curriculo,

1956 1496 2067 1551 sub
2122 1501 2370 1563 noctem,
2424 1492 2860 1566 vespertilionis
2918 1492 2977 1547 in
3037 1507 3258 1546 morem
3312 1492 3604 1561 prorepat.

1955 1585 2147 1641 Graece
2215 1578 2561 1658 λυχνόϐιος,
2632 1583 2992 1656 quibusdam
3059 1579 3364 1645 tenebrio,
3435 1576 3604 1649 quasi

1956 1692 2163 1731 amans
2218 1675 2615 1730 tenebrarum.
2676 1672 2874 1728 Cicero
2932 1671 2992 1725 in
3051 1670 3212 1726 Catil.
3247 1669 3609 1725 dormientes

1957 1763 2232 1836 appellat,
2266 1779 2398 1819 cum
2432 1761 2810 1834 vigilantibus
2845 1759 3105 1831 opponit.
3164 1758 3385 1814 Tertul.
3443 1756 3600 1811 Luci-

212 1852 430 1921 Plinius,
463 1852 573 1909 lib.
608 1870 771 1919 xxxv,
805 1870 854 1908 c.
887 1852 980 1921 10,
1012 1851 1282 1908 meminit
1329 1851 1619 1906 linearum
1670 1850 1841 1922 Apel-
1881 1885 1929 1950 B
1956 1856 2091 1926 fuga
2144 1854 2576 1924 scripturarum,
2610 1850 2711 1922 qui
2742 1850 2801 1904 in
2834 1865 3070 1905 summa
3100 1848 3453 1919 scriptorum
3487 1846 3602 1901 cla-

212 1942 290 1999 lis.
322 1941 517 1997 Solent
550 1942 709 1997 enim
742 1942 1017 2014 pictores,
1052 1941 1136 1996 uti
1166 1940 1343 1997 etiam
1376 1940 1556 1995 Rhen.
1606 1941 1843 1995 adnota-

213 2033 300 2097 vit,
328 2030 599 2102 penicillo
632 2030 819 2086 lineas
878 2031 1113 2097 ducere,
1173 2029 1513 2101 priusquam
1576 2029 1846 2085 umbram

213 2120 319 2176 sine
344 2120 536 2177 colore
569 2120 828 2176 colorare
858 2120 1166 2192 incipiant.

214 2228 315 2283 114.
345 2229 545 2285 Linea:
576 2235 755 2285 rectas
783 2228 998 2295 ducere,
1029 2232 1173 2282 tom.
1210 2229 1308 2297 III,
1341 2226 1442 2283 lib.
1478 2226 1606 2283 adv.
1642 2228 1845 2297 Herm,

762 2316 890 2373 cap.
933 2301 1024 2371 36,
1058 2318 1118 2356 n.
1152 2299 1276 2355 126.

270 2407 509 2479 Adaptat
544 2408 665 2463 hinc
697 2407 1024 2480 proverbia,
1056 2424 1088 2463 a
1117 2406 1366 2479 pictoris
1394 2410 1516 2463 arte
1575 2406 1845 2475 deducta,

217 2495 570 2569 Hermogeni,
601 2498 703 2569 qui
734 2500 869 2553 ante
906 2496 1177 2552 haeresim
1226 2494 1535 2568 pictoriam
1576 2511 1847 2551 exercue-

214 2591 331 2640 rat:
362 2608 383 2635 ι
417 2586 547 2642 Nisi
581 2586 736 2658 quod
775 2585 825 2641 si
848 2589 967 2641 tam
1001 2590 1188 2642 rectas
1216 2585 1401 2641 lineas
1457 2585 1647 2653 ducis,
1706 2589 1847 2640 Her-

216 2691 491 2748 mogenes,
565 2691 744 2747 quam
803 2675 950 2731 ratio
996 2675 1132 2741 ista,
1165 2676 1351 2747 pictor
1380 2679 1435 2731 te
1465 2674 1702 2730 bardior
1733 2691 1847 2729 non

212 2770 337 2818 est.»
358 2764 584 2821 Referri
607 2769 796 2837 potest
817 2766 889 2820 ad
913 2781 1047 2820 eum
1073 2765 1172 2836 qui
1196 2764 1454 2820 ofﬁcium
1478 2781 1648 2820 suum
1671 2764 1849 2835 probe

215 2853 365 2921 facit;
391 2853 491 2926 qui
527 2853 603 2908 ab
634 2853 960 2909 honestatis
993 2853 1293 2926 praeceptis
1325 2870 1438 2909 non
1472 2852 1848 2924 discedit;qui

212 2955 317 2993 suae
375 2940 525 2995 artis
581 2941 808 3012 peritus
853 2945 960 2998 est.
992 2942 1094 2997 Cui
1127 2948 1456 3014 opponatur
1484 2942 1659 2997 etiam
1694 2959 1707 2998 :
1748 2963 1768 2992 ι
1801 2944 1847 2996 Α

210 3028 361 3083 lineis
392 3030 684 3086 excidere.
718 3053 746 3081 »

240 3136 349 3191 115.
381 3138 749 3193 Limamenta
778 3136 1023 3208 ductare,
1056 3141 1199 3193 tom.
1232 3143 1333 3210 III,
1366 3138 1467 3195 lib.
1509 3138 1574 3194 de
1612 3142 1805 3194 Resur.

826 3226 1005 3279 carm,
1040 3228 1097 3265 n.
1132 3211 1219 3266 35.

265 3295 506 3354 Cicero:
547 3299 800 3370 Aspersa
856 3303 1076 3355 temere
1133 3300 1434 3372 pigmenta
1488 3298 1550 3355 in
1608 3298 1844 3370 tabella,

207 3386 309 3441 oris
361 3387 725 3444 lineamenta
784 3388 1063 3459 efﬁngere
1119 3393 1387 3461 possunt.
1448 3388 1660 3445 Graecis
1709 3391 1849 3445 sunt

209 3475 519 3550 περιγραφαῖ
558 3481 614 3532 et
654 3472 1023 3553 σκιογραφίαι.
1080 3478 1225 3533 Item
1278 3478 1391 3534 Cic.
1450 3479 1511 3532 in
1569 3479 1718 3534 Orat.
1778 3477 1849 3532 ad

211 3568 347 3620 Brut.
379 3585 397 3621 :
429 3567 733 3623 Numerus
766 3567 931 3639 quasi
964 3568 1284 3638 quamdam
1316 3568 1648 3640 palaestram
1672 3572 1729 3623 et
1760 3584 1851 3623 ex-

210 3657 379 3711 trema
409 3656 775 3712 lineamenta
797 3657 1045 3713 orationi
1076 3657 1290 3727 attulit,
1336 3657 1444 3713 hoc
1502 3661 1612 3727 est,
1668 3673 1850 3713 venu-

208 3748 402 3801 statem
436 3747 512 3802 ad
548 3747 1010 3802 ostentationem
1045 3746 1395 3814 adhibitam,
1426 3751 1482 3802 et
1530 3751 1849 3803 extremam

210 3834 358 3903 quasi
385 3836 685 3906 (manum.
724 3835 1135 3903 ,Tertullianus
1168 3854 1181 3893 ε
1218 3836 1537 3909 Exprimere
1564 3836 1850 3907 interpre-

207 3925 367 3993 tatur,
398 3925 582 3980 lineas
611 3924 826 3980 ducere.
864 3927 1002 3981 Rem
1035 3925 1256 3983 scilicet
1290 3925 1504 3982 clarius
1535 3927 1607 3982 ob
1652 3924 1851 3982 oculos

208 4026 518 4084 proponere
551 4019 607 4070 et
640 4015 1068 4071 demonstrare.

253 4122 368 4176 116.
400 4122 442 4177 Α
477 4124 650 4179 lineis
678 4122 889 4189 excide,
923 4126 1065 4179 tom.
1100 4124 1199 4189 IIl,
1226 4122 1328 4179 lib.
1361 4123 1488 4180 adv.
1521 4125 1799 4196 Hermog.,

771 4210 896 4267 cap.
930 4196 1020 4261 39,
1058 4212 1112 4250 n.
1160 4197 1281 4250 137.

266 4280 475 4338 Praeter
498 4283 869 4355 superiorem
912 4283 1455 4355 interpretationem
1490 4283 1563 4339 ab
1622 4282 1856 4339 athletis

210 4368 452 4442 ductam,
518 4372 848 4444 pictoribus
906 4372 1017 4428 hoc
1077 4373 1272 4445 potius
1328 4373 1389 4429 in
1428 4378 1853 4445 Hermogenem

207 4464 364 4515 antea
393 4462 687 4533 pictorem
720 4462 915 4518 refert.
967 4462 1223 4519 Pictores
1281 4480 1536 4535 namque
1592 4480 1626 4518 a
1683 4462 1854 4517 lineis

208 4549 471 4618 penicillo
498 4551 775 4606 deductis
836 4552 1188 4620 excidentes,
1244 4551 1413 4623 ultra
1452 4552 1671 4607 lineam
1732 4551 1854 4624 pic-

1876 3254 1919 3321 C
1957 3224 2049 3321 Et.
2082 3222 2257 3295 paulo
2314 3221 2588 3294 superius
2648 3236 2661 3275 :

1958 1943 2149 2012 ritate,
2183 1947 2239 1997 et
2270 1942 2327 1996 in
2360 1942 2454 2008 iis,
2490 1947 2553 1995 ut
2581 1939 2772 1995 verbis
2801 1938 3045 1993 Tertull.
3079 1942 3233 2006 utar,
3265 1958 3293 1986 «
3343 1953 3467 2007 qua;
3517 1935 3606 1990 vel

1956 2032 2143 2103 ipsius
2185 2031 2324 2087 solis
2358 2031 2518 2085 radio
2553 2030 2786 2101 scriptas
2818 2028 3059 2097 clarent,
3088 2048 3116 2077 »
3153 2026 3514 2097 impingunt,
3551 2028 3609 2080 et

1959 2125 2024 2176 ut
2052 2121 2284 2191 dicitur,
2314 2120 2372 2175 in
2406 2118 2526 2176 sole
2559 2119 2832 2190 caligant.

1958 2228 2080 2284 119.
2113 2229 2424 2284 Lucernam
2452 2227 2681 2283 meridie
2708 2226 3088 2293 circumferre,
3120 2227 3263 2279 tom.
3298 2223 3395 2293 IlI,
3426 2222 3531 2277 lib.
3564 2238 3605 2293 ι,

2384 2301 2508 2355 adv.
2540 2300 2729 2364 Mam,
2762 2314 2889 2369 cap.
2918 2299 2966 2367 1,
2997 2313 3054 2351 ιι.
3090 2296 3175 2351 19.

2028 2388 2477 2447 Proverbialiter
2530 2389 2687 2443 idem
2745 2385 3105 2458 significabit
3163 2384 3355 2456 quod,
3416 2382 3606 2438 lucer-

1959 2496 2095 2533 nam
2130 2478 2405 2534 adbibere
2435 2477 2522 2534 vel
2555 2477 2869 2533 accendere
2901 2475 2960 2529 in
2993 2473 3255 2540 meridie,
3288 2472 3443 2543 quod
3493 2474 3603 2536 est,

1959 2570 2144 2624 facere
2197 2568 2418 2640 aliquid
2479 2584 2589 2623 non
2656 2583 2762 2622 suo
2795 2571 3075 2637 tempore,
3109 2563 3195 2618 vel
3227 2580 3245 2616 :
3274 2562 3333 2616 in
3366 2576 3426 2615 re
3457 2559 3614 2615 clara

1959 2659 2376 2715 obscuritatem
2425 2657 2726 2729 aucupari.
2761 2660 2971 2710 Natum
3006 2671 3040 2709 a
3071 2653 3350 2724 Diogene,
3382 2649 3482 2723 qui
3514 2666 3609 2705 ac-

1959 2765 2135 2805 censa
2164 2748 2405 2804 lucerna
2436 2746 2677 2803 meridie
2702 2744 3000 2800 hominem
3036 2742 3351 2812 quzsrebat.

2028 2856 2153 2913 120.
2182 2854 2509 2912 Luminibus
2537 2854 2742 2925 effossis
2771 2852 3015 2925 orbatus,
3049 2854 3192 2925 tom.
3223 2847 3292 2915 V,
3334 2846 3436 2902 lib.
3470 2845 3534 2901 de

2421 2923 2643 2991 Trinit.,
2675 2941 2802 2996 cap.
2832 2923 2921 2993 28,
2955 2940 3013 2977 n.
3046 2923 3135 2976 27.

2029 3015 2227 3087 Virgil.
2260 3016 2361 3071 lib.
2396 3032 2481 3082 ιιι,
2514 3014 2577 3070 de
2605 3015 2797 3085 Polyp.

2081 3123 2320 3174 Luminis
2350 3121 2525 3172 eﬁ‘ossi
2556 3122 2776 3171 fluidum
2809 3118 2938 3169 lavit
2967 3118 3092 3167 inde
3122 3128 3383 3166 cruorem.

2722 3218 2826 3274 Cui
2873 3217 3070 3272 lumen
3103 3216 3464 3286 ademptum,
3497 3215 3554 3266 et
3588 3226 3600 3264 :

1956 3312 2090 3369 Telo
2117 3313 2316 3369 lumen
2348 3312 2736 3367 terebramus.
2767 3308 2912 3363 Vide
2943 3323 3123 3377 supra
3154 3323 3167 3360 :
3205 3326 3233 3355 «
3291 3304 3487 3359 Cazcus
3545 3300 3606 3355 in

1959 3408 2183 3474 petram
2217 3401 2476 3457 offendit.
2514 3423 2542 3450 »
2572 3398 2856 3471 Adjungit
2882 3395 3241 3451 Novatianus
3272 3408 3372 3465 per
3401 3407 3607 3463 epexe-

1959 3493 2123 3565 gesin
2158 3508 2170 3547 :
2207 3514 2233 3543 ‹‹
2266 3492 2448 3547 Totus
2476 3491 2553 3547 sit
2584 3490 2641 3545 in
2674 3488 2948 3545 doctrinae
2978 3502 3097 3542 sua:
3131 3483 3386 3539 caecitate
3432 3496 3605 3552 supe-

1959 3588 2144 3639 ratus.
2179 3605 2209 3632 »
2269 3583 2340 3638 Ut
2392 3579 2830 3653 proverbialiter
2886 3578 2955 3633 de
3000 3593 3066 3632 eo
3098 3574 3211 3630 dici
3245 3572 3452 3646 possit,
3509 3568 3607 3641 qui

1961 3673 2363 3728 doctrinarum
2411 3670 2499 3726 vel
2547 3686 2810 3725 errorum
2843 3666 3128 3738 pravitate
3156 3667 3471 3720 excaecatus
3496 3665 3607 3730 est,

1962 3766 2018 3817 et
2047 3761 2141 3817 cui
2172 3760 2317 3816 nihil
2348 3777 2501 3816 sanae
2545 3758 2761 3813 mentis
2814 3753 3282 3827 intelligentiaeve
3339 3751 3416 3808 sit
3474 3748 3607 3804 reli-

1963 3868 2169 3924 quum.
2217 3849 2319 3906 Vel
2376 3851 2446 3905 ad
2478 3846 2784 3904 Novatiani
2815 3844 3167 3901 sententiam
3196 3841 3437 3913 propius
3471 3857 3483 3893 :
3516 3838 3613 3895 cui

1962 3941 2108 3997 nihil
2156 3938 2507 4011 subterfugii
2567 3940 2767 4005 restat,
2827 3951 2941 4006 quo
2999 3931 3365 4004 argumentis
3423 3929 3610 3984 victus

1963 4034 2244 4100 recurrat,
2278 4028 2545 4101 nihilque
2577 4042 2777 4084 secum
2809 4027 3000 4097 potest
3029 4021 3341 4094 dispicere,
3374 4036 3488 4090 quo
3521 4034 3608 4074 er-

1963 4137 2152 4177 rorem
2183 4122 2441 4176 tueatur.

1964 4228 2087 4286 121.
2122 4230 2161 4283 A
2193 4229 2405 4284 tamine
2435 4225 2753 4282 exorbitare
2780 4220 3048 4291 caligine,
3081 4222 3227 4274 tom.
3269 4216 3338 4283 V,
3391 4214 3493 4269 lib.
3546 4213 3613 4269 de

2454 4298 2676 4365 Pudic.,
2705 4313 2831 4366 cap.
2864 4295 2917 4359 8,
2951 4310 3009 4348 n.
3041 4292 3130 4345 59.

2034 4390 2118 4445 Ab
2149 4388 2359 4453 orbita,
2411 4387 2565 4458 quod
2624 4389 2713 4439 est
2767 4381 3078 4453 vestigium
3136 4374 3498 4434 decurrentis
3554 4374 3613 4428 in

1964 4479 2057 4535 via
2085 4483 2246 4547 rotas,
2277 4480 2367 4532 est
2389 4475 2632 4530 verbum
2659 4473 2988 4535 exorbitare,
3022 4466 3191 4541 quasi
3223 4483 3256 4522 a
3284 4465 3375 4522 via
3406 4463 3614 4520 deﬂec-

1964 4572 2106 4639 tere,
2140 4585 2254 4640 prce
2285 4580 2545 4622 errorum
2572 4563 2829 4618 caecitate
2857 4575 3052 4615 veram
3085 4556 3434 4622 doctrinam,
3488 4569 3615 4625 quas

205 4636 387 4730 turam
420 4641 788 4711 protendunt
816 4656 1008 4708 suam,
1046 4645 1108 4696 ut
1137 4641 1217 4697 sit
1248 4658 1260 4696 :
1296 4640 1633 4697 exhobitare
1663 4641 1734 4697 ab
1765 4640 1861 4696 in-
1891 4643 1939 4707 D
1971 4636 2099 4730 per?
2127 4636 2191 4712 ge
2265 4655 2441 4724 lucet,
2518 4670 2633 4708 non
2701 4667 2872 4722 posse
2937 4646 3283 4721 perspicere.
3350 4643 3474 4699 Lib.
3545 4644 3621 4697 ad

211 4728 527 4797 stituto,vel
559 4730 761 4800 etiam,
782 4730 854 4787 ab
886 4732 1077 4788 officio
1108 4731 1425 4802 discedere,
1445 4737 1503 4789 et
1532 4731 1653 4788 falli
1683 4735 1858 4802 atque

210 4831 413 4877 errare.

211 4924 353 4983 284
386 4928 515 4983 117.
548 4933 657 4985 Per
686 4928 895 4985 lineam
941 4930 1188 4985 eamdem
1234 4946 1444 4986 serram
1490 4930 1857 4998 reciprocare,

326 5005 477 5056 tom.
511 5004 584 5071 II,
618 5000 722 5055 lib.
755 5001 819 5057 de
853 5002 1050 5058 Coron.
1080 5004 1272 5070 milit.,
1304 5019 1431 5075 cap,
1463 5003 1516 5070 3,
1550 5019 1607 5057 ιι.
1639 5002 1730 5055 28.

272 5106 593 5164 Bhenanus
625 5124 639 5163 :
673 5107 859 5164 Habet
889 5110 1176 5181 proverbii
1217 5109 1474 5183 speciem
1534 5109 1605 5164 de
1661 5107 1860 5164 inutili

208 5196 456 5263 διενειΠο
518 5197 741 5254 labore.
802 5198 1139 5271 Metaphora
1198 5197 1859 5272 sumptaasectoribus

208 5281 501 5356 lignorum
536 5305 548 5342 :
583 5287 685 5359 qui
717 5286 799 5342 sic
830 5288 1051 5344 ducant
1078 5306 1313 5360 serram,
1350 5293 1414 5345 ut
1445 5292 1543 5344 aut
1598 5304 1715 5343 non
1769 5285 1861 5341 di-

210 5374 468 5442 mittant,
506 5381 604 5431 aut
653 5376 713 5430 in
768 5379 970 5433 eadem
1021 5382 1251 5434 tantum
1286 5379 1438 5434 linea
1469 5380 1860 5451 perseverent,

210 5462 348 5519 nihil
383 5471 583 5538 agent,
614 5465 704 5521 vel
735 5474 886 5522 certe
928 5485 1041 5524 non
1101 5469 1355 5525 multum
1415 5476 1604 5540 agent.
1664 5467 1865 5521 Innuit

211 5554 355 5609 Tert.
384 5555 656 5612 inutilem
707 5555 967 5612 laborem
1029 5557 1185 5615 circa
1239 5575 1419 5615 unam
1478 5558 1862 5627 eamdemque

211 5658 352 5710 rem,
387 5652 454 5699 ut
477 5644 516 5699 ii
539 5645 638 5717 qui
660 5645 720 5700 in
745 5645 950 5702 eodem
992 5656 1335 5721 argumento
1366 5645 1667 5704 immodici
1699 5649 1858 5717 sunt,

216 5734 268 5785 et
296 5731 461 5789 velut
488 5749 831 5807 cupressum
864 5734 1311 5797 simulantium
1341 5738 1542 5797 eodem
1572 5739 1860 5809 spectant:

1967 4747 2153 4803 Gnost.
2185 4764 2204 4801 :
2242 4766 2264 4795 ε
2295 4745 2382 4800 Ab
2439 4742 2538 4799 illo
2597 4741 2760 4814 (Deo)
2813 4740 2873 4795 in
2904 4736 3235 4795 idololatria
3264 4732 3622 4791 exorbitave-

1967 4841 2126 4893 runt.
2161 4858 2190 4885 »

1969 4944 2120 5002 235
2155 4944 2277 4999 122.
2310 4942 2525 4999 Malum
2555 4942 2725 5011 foras,
2757 4942 2898 4993 tom.
2929 4937 3029 5011 Ill,
3062 4934 3165 4990 lib.
3198 4933 3319 4990 adv.
3374 4932 3617 5002 Valent.,

2542 5008 2669 5083 cap.
2706 5011 2791 5078 10,
2826 5027 2884 5064 n.
2920 5008 3041 5064 119.

2041 5107 2398 5175 Βθὶθειαιιῐιε
2429 5105 2485 5158 et
2516 5098 2886 5157 abhorrentis
2917 5114 3044 5169 vox,
3078 5099 3135 5153 et
3166 5094 3386 5152 malum
3438 5093 3618 5150 infor-

1970 5199 2323 5268 tuniumque
2354 5192 2745 5265 deprecantis.
2778 5187 2983 5261 Virgil.
3018 5204 3060 5243 ιι
3090 5203 3104 5242 :

2190 5328 2341 5388 Quod
2374 5328 2428 5377 di
2458 5326 2606 5391 prius
2636 5338 2797 5374 omen
2827 5325 2883 5373 in
2913 5323 3089 5386 ipsum

2098 5394 2522 5443 Convertant.....
2554 5390 2620 5438 Et
2650 5403 2662 5437 :

2096 5458 2155 5506 Di
2186 5457 2409 5506 meliora
2438 5454 2556 5517 piis,
2589 5463 2926 5517 erroremque
2956 5448 3203 5517 hostibus
3233 5445 3397 5496 illum.

2098 5521 2158 5569 Di
2187 5512 2465 5583 prohibete
2497 5512 2686 5577 minas,
2718 5515 2779 5564 Di
2811 5512 2968 5563 talem
2992 5512 3212 5562 avertite
3242 5521 3444 5559 casum.

1972 5646 2129 5702 Solet
2158 5644 2315 5717 apud
2344 5646 2568 5700 veteres
2595 5640 2654 5695 in
2687 5637 2994 5697 vestibulis
3019 5637 3229 5693 aedium
3262 5629 3439 5689 statui
3471 5628 3616 5682 Her-

1975 5734 2137 5793 cules
2167 5731 2506 5804 ἀλεξίκακος,
2535 5729 2648 5787 hoc
2703 5732 2812 5799 est,
2871 5726 3157 5786 malarum
3206 5717 3505 5792 depulsor,
3561 5721 3619 5772 et
