4072 6190
394 358 513 418 283

390 670 531 725 mali
561 670 906 741 profanique
937 669 1210 728 homines
1242 671 1640 729 sacrificorum
1699 687 1832 728 voce
1888 669 2037 727 sole-

390 760 534 815 bant
565 759 770 816 arceri.
802 759 1007 831 Virgil.

508 868 697 917 Procul
726 868 871 927 hinc,
902 866 1091 931 procul
1121 871 1231 918 este
1260 868 1491 932 profani.

386 973 595 1030 Theoc.
630 975 687 1030 in
720 973 865 1047 Idyt.
902 989 915 1030 :

541 1078 738 1151 ᾊιίσω
773 1084 1059 1152 συνετοῖσι,
1094 1081 1259 1157 θύρας
1289 1080 1335 1138 δ’
1366 1081 1612 1149 ἐπίθεσθε
1645 1076 1891 1158 βεϐαλοι.

383 1188 501 1245 Ηοο
532 1192 622 1245 est
655 1207 669 1246 :

505 1298 749 1361 Expertis
780 1300 1026 1361 cantabo,
1056 1300 1197 1351 fores
1228 1301 1452 1365 operite,
1486 1300 1715 1365 profani.

458 1398 579 1453 123.
611 1398 776 1453 Manu
804 1401 1012 1467 iniecta
1037 1400 1298 1465 detinere,
1330 1405 1469 1455 tom.
1506 1400 1606 1471 III,
1633 1398 1735 1455 lib.
1770 1416 1806 1469 ι,
1838 1398 1958 1455 adv.

878 1473 1067 1541 Maron,
1097 1489 1222 1544 cap.
1254 1474 1308 1541 6,
1347 1490 1408 1527 n.
1441 1473 1529 1527 44.

456 1558 692 1627 Inficere
720 1576 969 1626 manum,
1001 1561 1230 1632 proprie
1262 1561 1503 1633 antiquo
1533 1560 1705 1616 verbo
1737 1559 1913 1631 juris,
1945 1561 2034 1615 est

386 1648 615 1717 quoties
648 1648 1054 1721 nullajudicis
1113 1655 1449 1723 exspectata
1505 1650 1852 1707 auctoritate
1908 1665 2029 1705 rem

382 1737 549 1792 nobis
609 1738 884 1810 debitam,
920 1745 1021 1795 aut
1055 1740 1230 1796 etiam
1258 1745 1520 1797 nostram
1552 1740 1942 1809 vindicamus,
1974 1744 2031 1793 et

383 1826 669 1882 Dominus
715 1828 774 1884 in
823 1829 1109 1901 praedium
1142 1830 1581 1886 beneﬁciarium
1615 1828 2028 1900 manum,inji-

384 1930 511 1969 cere
573 1917 890 1972 consuevit.
954 1919 1210 1988 Inficitur
1240 1924 1433 1975 autem
1454 1935 1653 1974 manu:
1682 1918 1741 1973 in
1773 1918 2030 1989 aliquem

383 2005 631 2075 ejusque
662 2007 815 2061 bona
846 2023 1158 2078 mercesve,
1193 2025 1327 2064 cum
1358 2008 1494 2065 inde
1550 2008 1709 2064 abire
1759 2007 1848 2063 vel
1906 2024 2031 2064 mo-

384 2095 506 2148 veri
565 2097 911 2152 auctoritate
968 2097 1164 2169 aliqua
1222 2099 1342 2155 sive
1396 2099 1584 2155 edicto
1615 2102 1907 2155 vetantur.
1939 2097 2031 2154 Sic

382 2184 639 2255 recipere
670 2203 879 2241 manus
910 2186 1402 2257 injectionem,est
1425 2189 1673 2244 retinere
1693 2187 2030 2245 facultatem

377 2273 872 2345 reprehendenda:
904 2276 986 2331 rei
1018 2277 1299 2334 alienatae.
1330 2277 1490 2350 Virg.
1527 2295 1541 2334 :

752 2365 977 2428 Injicere
1009 2380 1228 2416 manum
1259 2368 1448 2427 Parca,

378 2451 437 2506 id
495 2458 583 2508 est
644 2454 818 2508 morti
878 2455 1273 2513 destinarunt.
1330 2456 1590 2529 Explicat
1644 2474 1706 2513 se
1754 2456 2026 2513 Tertul.:

380 2563 409 2592 «
441 2546 617 2596 Porro
651 2547 707 2597 et
740 2542 830 2598 hic
859 2544 1060 2601 eadem
1093 2545 1293 2618 regula
1328 2546 1547 2602 summi
1579 2546 1771 2616 magni
1832 2549 2028 2617 patro-

377 2631 675 2686 cinabitur
706 2633 895 2702 nobis,
927 2638 1127 2707 utpote
1157 2652 1286 2707 quas
1316 2640 1501 2693 totum
1535 2640 1756 2692 statum
1777 2634 2031 2691 vindicet

379 2718 721 2775 divinitatis.
756 2744 784 2772 »

382 2827 503 2881 124.
541 2827 760 2905 Manum
800 2830 1301 2905 porrigereptom.
1362 2833 1459 2902 III,
1518 2832 1621 2889 lib.
1684 2833 1749 2890 de
1803 2833 2023 2905 Anima,

450 2915 575 2976 cap.
638 2902 820 2976 233,_n.
856 2904 996 2976 408;,
1022 2909 1075 2960 et
1106 2904 1208 2959 lib.
1240 2906 1306 2960 de
1341 2907 1649 2961 Resurrect.
1682 2922 1861 2973 earn.,
1897 2902 2025 2976 cap.

448 2971 806 3098 I5132672582;
840 2991 929 3031 ac.
962 2974 1063 3032 lib.
1115 2992 1173 3031 IV
1225 2978 1444 3034 advers.
1506 2978 1695 3047 illam,
1757 2971 1883 3050 cap.
1937 2971 2025 3043 111,

453 3149 602 3204 Satis
631 3150 961 3223 vulgatum,
987 3170 1091 3225 pro

1463 362 1569 422 EX
1613 358 2145 423 TERTULLIANI
2188 359 2728 422 APOLOGETICO

393 489 606 546 ascribi
635 490 955 557 interdum,
983 490 1121 547 boni
1154 491 1371 548 ominis
1401 508 1599 559 causa,
1633 488 1819 561 Μηδὲν
1877 488 2040 544 κακὸν
2066 491 2123 558 Α

389 576 593 633 εἷ’σίτω.
655 579 809 634 Nihil
871 579 1011 634 mali
1060 581 1441 652 ingrediatur.
1474 582 1521 636 A
1552 581 1736 637 sacris
1762 585 2042 653 praeterea

3679 360 3790 419 284

2274 492 2394 546 127.
2426 495 2582 549 Inter
2610 507 2809 547 manu:
2842 498 3046 561 tenere,
3080 490 3211 546 ibid.
3246 506 3372 563 cap.
3407 491 3459 558 1,
3491 508 3550 546 n.
3580 490 3670 546 95.

2220 580 2320 635 Est
2351 585 2575 635 certum
2608 580 2749 652 quid
2783 579 3017 649 habere,
3053 580 3125 635 ob
3183 579 3381 636 oculos
3438 579 3608 651 quasi
3664 595 3798 651 pro-

2148 671 2405 741 positum
2440 670 2772 727 habere.Sic
2801 668 3400 727 dicimuszVictoriam
3432 668 3493 724 in
3522 667 3795 725 manibus

2146 761 2368 830 tenere,
2402 758 2544 831 Virg
2570 775 2583 814 :

2267 867 2467 916 Cretera
2497 880 2601 930 qua
2630 880 2807 916 rerum
2829 866 3046 930 jaeeant
3073 866 3319 929 perculsa
3344 866 3535 916 ruina.’

2268 930 2403 978 Ante
2434 929 2619 978 oculos
2648 929 2892 994 interque
2926 944 3119 980 manus
3149 934 3276 980 sunt
3302 929 3481 979 omnia
3509 930 3705 977 vestra.

2216 1027 2393 1093 Quasi
2423 1027 2606 1098 ;dioat
2638 1046 2651 1085 :
2686 1028 3031 1086 Narratione
3090 1044 3209 1085 non
3266 1031 3459 1099 egent,
3520 1025 3798 1083 omnibus

2142 1120 2344 1186 patent
2374 1115 2647 1189 claraque
2676 1122 2837 1175 sunt.

2144 1222 2267 1277 128.
2298 1223 2495 1295 Mappa
2522 1226 2713 1294 missa,
2744 1228 2888 1350 tegit.
2922 1223 3043 1350 111,3
3046 1223 3157 1351 gi'b.
3202 1224 3329 1280 adv.
3388 1223 3615 1293 Valent,
3662 1237 3797 1294 cap.

2873 1341 2885 1351 .
2919 1313 2976 1351 n.
3122 1336 3134 1350 .

2212 1383 2330 1439 Hoc
2361 1387 2465 1452 est,
2500 1384 2681 1441 veluti
2712 1341 2885 1457 sig‘nvo’
2910 1341 3188 1458 quopiam
3221 1384 3374 1441 dato.
3411 1382 3633 1439 Alludit
3654 1383 3798 1438 Ter-

2139 1469 2245 1526 tul.
2271 1472 2341 1527 ad
2378 1488 2595 1528 morem
2628 1472 2997 1528 Circencibus
3036 1472 3235 1527 Romae
3282 1470 3440 1526 ludis
3489 1472 3793 1540 receptum

2141 1575 2256 1632 quo
2274 1576 2481 1632 mappa
2502 1562 2784 1633 tragoedis
2812 1560 3026 1617 usitata
3048 1577 3081 1615 a
3102 1564 3345 1633 prmtore
3367 1558 3800 1627 ,dimittebatur

2140 1648 2199 1703 in
2232 1650 2468 1721 signum
2502 1649 2888 1722 aurigationis
2918 1654 2975 1705 et
3021 1649 3365 1705 certaminis
3423 1646 3796 1719 auspicandi.

2139 1739 2320 1803 Quem
2352 1755 2573 1794 morem
2604 1738 2841 1811 attingit
2868 1739 3070 1795 Joven.
3101 1744 3225 1796 Sat.
3254 1754 3296 1795 ιι
3330 1754 3343 1792 :

2230 1845 2440 1909 Interea
2470 1844 2835 1909 Megalesiacae
2865 1846 3175 1908 spectacula
3202 1858 3411 1909 mappae

2234 1907 2433 1956 Idaeum
2464 1908 2703 1958 solemne
2733 1907 2975 1958 colunt...

2142 2004 2208 2060 Et
2239 2005 2465 2061 Martial
2500 2022 2513 2060 :

2232 2113 2490 2162 Cretatam
2520 2111 2606 2175 (al.
2665 2118 2887 2170 aeream)
2946 2117 3138 2176 printer
3192 2126 3311 2163 cum
3369 2111 3520 2164 vellet
3578 2112 3795 2162 mittere

2200 2190 2441 2239 mappam
2460 2190 2480 2238 ,-

2138 2272 2208 2329 Et
2234 2278 2471 2331 Sueten.
2505 2273 2563 2328 in
2595 2273 2819 2330 Nerone
2851 2292 2864 2331 :
2900 2298 2928 2325 «
2985 2274 3193 2347 Aliquo
3254 2273 3464 2330 liberto
3524 2274 3799 2330 mittente

2136 2379 2415 2434 mappam.
2450 2385 2479 2414 »
2510 2363 2656 2419 Vide
2686 2365 2893 2421 Adnot.
2925 2364 3167 2420 Pamelii
3202 2364 3272 2419 ad
3296 2364 3401 2421 lib.
3460 2363 3528 2421 de
3585 2364 3796 2436 δρα-8.,

2138 2468 2266 2525 cap.
2302 2454 2387 2520 16,
2422 2469 2480 2508 n.
2515 2453 2637 2523 143,
2672 2458 2815 2510 tom.
2852 2455 2923 2509 II.

2201 2559 2324 2614 129.
2356 2558 2662 2630 Massageta
2692 2560 3069 2629 inhumanior,
3105 2564 3244 2614 tom.
3282 2559 3380 2628 III,
3413 2559 3515 2615 lib.
3548 2576 3567 2615 ι
3595 2560 3720 2615 adv.

2635 2632 2829 2703 Mam,
2862 2648 2991 2703 cap.
3025 2632 3075 2695 1,
3112 2648 3165 2686 n.
3202 2631 3289 2686 13.

2209 2718 2531 2775 Videantur
2595 2720 2803 2775 Adnot.
2863 2718 3106 2776 Pamelii
3140 2761 3152 2773 .
3224 2719 3573 2791 Scytharum
3631 2718 3797 2773 natio

2136 2811 2303 2863 trans
2337 2824 2496 2864 mare
2527 2807 2883 2881 Hyrcanum.
2912 2807 3340 2881 Alani,Abasgi,
3372 2813 3431 2864 et
3458 2807 3606 2881 Augi
3638 2813 3802 2880 post-

2134 2913 2203 2953 ea
2235 2897 2398 2963 dicti,
2442 2902 2499 2953 et
2557 2898 2628 2953 ab
2687 2898 2943 2953 Hebraeis
2998 2899 3246 2970 Magogi,
3305 2897 3641 2969 hospitibus
3702 2896 3797 2952 in-

2135 2987 2659 3058 festissimi,neque
2689 3004 2821 3043 cum
2839 2985 3087 3043 vincinis
3106 2985 3338 3059 populis
3356 2986 3636 3041 diuturna
3651 2984 3803 3042 ami-

2135 3076 2285 3132 citias
2318 3076 2557 3142 fcedera,
2586 3093 2775 3149 neque
2823 3076 3001 3132 ﬁdem
3061 3079 3311 3149 possunt
3366 3090 3617 3132 servare.
3678 3075 3800 3131 Lac

1151 3172 1163 3211 :
1226 3156 1452 3211 Auxilio
1504 3173 1653 3213 esse.
1713 3157 1905 3213 Cicero
1963 3156 2025 3211 in
2076 3237 2079 3238 ν
2135 3182 2420 3237 equorum
2470 3166 2761 3238 sanguine
2808 3166 3051 3221 mistum
3079 3166 3329 3234 bibunt;
3363 3169 3638 3237 praeterea
3668 3168 3801 3219 tam

378 3236 539 3327 Grat-
598 3244 725 3306 pOSt
781 3242 949 3295 redit.
981 3258 996 3298 :
1030 3243 1136 3308 Qui
1170 3244 1316 3298 mihi
1346 3246 1574 3316 primus
1605 3246 1819 3300 afﬂicto
1851 3249 1908 3299 et
1929 3245 2025 3315 ,ἱα-
2056 3237 2099 3306 C
2138 3236 2482 3327 prodigiosae
2505 3236 2904 3327 immanisque
2929 3260 3171 3325 natura),
3206 3260 3269 3310 ut
3290 3236 3453 3310 senio
3496 3253 3801 3310 confectos

380 3326 537 3379 centi
570 3327 939 3383 consularem
975 3331 1147 3386 fidem
1180 3333 1563 3404 dextramque
1608 3333 1882 3404 porrexit.
1939 3333 2031 3389 Sic

380 3418 531 3469 Deus
563 3414 781 3470 dicitur
811 3433 845 3471 a
873 3418 1119 3475 Tertull.
1153 3443 1182 3469 «
1215 3420 1452 3476 Manum
1486 3422 1967 3495 porrigereﬁdei.
2001 3447 2023 3474 ι

380 3501 491 3557 hoc
522 3509 630 3566 est.
666 3505 1033 3579 conﬁrmare,
1064 3512 1123 3563 et
1180 3508 1239 3563 in
1300 3527 1408 3566 sua
1463 3510 1738 3567 firmitate
1792 3527 2034 3568 conser-

378 3607 531 3646 vare.
565 3591 753 3662 Virg.,
788 3593 892 3648 lib.
927 3612 989 3649 nr
1024 3611 1037 3651 :

478 3690 577 3738 Dat
606 3688 1027 3755 dextram,atque
1057 3694 1295 3745 animum
1316 3698 1567 3760 praesenti
1596 3698 1818 3762 pignore
1840 3698 2036 3748 firmat.

389 3786 667 3843 Mannum
702 3789 1062 3860 porrectione
1090 3793 1267 3849 etiam
1300 3795 1500 3852 alienis
1531 3796 1832 3855 sententia;
1878 3813 2038 3853 com-

392 3876 657 3947 probatio
707 3878 815 3934 fuit
872 3880 1219 3953 signiﬁcata,
1255 3901 1381 3957 quis
1431 3887 1662 3959 Graecis,
1704 3884 2035 3961 χειροτονία,

389 3963 453 4017 τὸ
484 3971 839 4037 χειροτονεῖν.

398 4072 520 4127 125.
554 4075 775 4132 Manum
803 4077 1043 4148 tradere,
1072 4084 1314 4209 tomlzvd
1346 4082 1448 4139 lib.
1478 4085 1548 4140 de
1574 4084 1736 4152 Pud.,
1770 4101 1895 4157 cap.
1949 4085 2038 4154 15,

1104 4170 1162 4207 n.
1314 4195 1327 4208 .

1104 4170 1162 4207 Π.
1202 4170 1327 4208 ⁸120.

392 4303 411 4359 1
468 4216 574 4273 Pro
633 4219 836 4276 eodem
869 4237 1003 4279 cum
1063 4226 1363 4297 superiore
1420 4232 1690 4300 usurpat,
1740 4226 2037 4301 Virgilius,

418 4305 495 4359 ib.
529 4323 627 4359 VIII
660 4323 674 4359 :

418 4305 495 4361 ib.
529 4323 627 4362 VIII
660 4323 674 4362 :

487 4415 812 4479 Accepitque
840 4431 1024 4480 manu,
1055 4421 1407 4486 dextramque
1439 4422 1713 4486 amplexus
1742 4422 1975 4473 inhaesit.

391 4511 644 4567 Tradere
676 4513 746 4567 de
778 4530 955 4571 manu
988 4516 1045 4572 in
1078 4533 1343 4589 manum,
1374 4520 1577 4587 Cicer.,
1612 4524 1701 4577 est
1727 4521 1936 4577 dedere
1981 4525 2039 4578 et

393 4602 821 4657 commendare.

393 4706 518 4763 426.
550 4712 750 4766 Manu:
774 4708 926 4783 dare,
962 4715 1105 4769 tom.
1140 4714 1336 4842 V,5li5b.
1368 4715 1432 4772 de
1464 4717 1715 4785 Tertult.,
1764 4733 1892 4789 cap.
1946 4718 2035 4785 11,

1127 4803 1185 4841 n.
1293 4828 1306 4842 .

1127 4803 1185 4841 n.
1216 4803 1306 4842 DD.

465 4866 659 4924 Cicero
688 4869 746 4924 in
775 4871 1010 4939 Amicit.
1045 4889 1057 4930 :
1088 4896 1117 4925 ‹‹
1169 4881 1211 4932 A
1264 4878 1586 4933 extremum
1644 4876 1744 4933 det
1799 4887 2035 4949 manus,

394 4954 663 5028 vincique
693 4974 753 5015 se
785 4962 1061 5034 patiatur.
1091 4986 1119 5016 »
1153 4964 1355 5039 Virgil.
1392 4985 1405 5024 :

517 5065 699 5128 Neque
731 5068 873 5118 enim
902 5070 1015 5133 ipse
1045 5085 1235 5122 manus
1261 5072 1468 5125 feritate
1498 5074 1747 5125 dedisset.

392 5170 495 5227 Est
522 5172 701 5244 igitur
732 5192 793 5231 se
820 5177 1043 5233 victum
1075 5195 1410 5251 agnoscere,
1442 5186 1499 5238 et
1555 5182 1885 5239 adversario
1943 5200 2037 5239 ce-

392 5259 548 5315 dere.
610 5264 764 5318 238
814 5264 960 5321 Nam
1018 5268 1119 5337 qui
1149 5285 1213 5324 se
1244 5269 1445 5325 victori
1478 5271 1699 5326 dedunt
1730 5288 1799 5327 ne
1837 5272 2038 5328 interi.

392 5353 652 5419 mantur,
684 5352 837 5408 ultro
865 5371 1076 5411 manus
1107 5356 1178 5411 ad
1209 5357 1447 5413 vincula
1504 5359 1773 5416 offerunt.
1830 5360 2034 5433 Virgil.

390 5437 569 5494 etiam
594 5441 830 5514 tendere,
863 5448 920 5500 et
946 5445 1270 5513 protendere
1301 5446 1448 5502 dixit
1478 5446 1580 5503 lib.
1614 5465 1695 5504 xu
1727 5467 1741 5506 :

459 5563 556 5638 gic
568 5565 655 5638 _hu
663 5566 802 5638 milia
812 5567 1145 5638 supplexque
1160 5568 1714 5638 ocn‘lo_s,dextrai_nque
1727 5580 2035 5638 precantem

458 5625 811 5701 lfrotendens,
843 5625 896 5682 et
915 5625 1111 5695 'vicisti,
1142 5636 1194 5683 et
1221 5625 1421 5684 victum
1448 5625 1671 5687 tendere
1703 5625 1910 5701 palmas

457 5690 680 5742 Ausonii
711 5692 992 5747 videre....:

2137 3342 2199 3398 in
2230 3344 2417 3400 frusta
2447 3346 2689 3410 caedere,
2719 3344 3071 3415 illorumque
3101 3344 3376 3400 carnibus
3427 3360 3561 3400 cum
3608 3359 3799 3416 pecu-

2142 3435 2316 3491 dibus
2346 3435 2617 3491 admistis
2642 3435 2802 3506 pasci
2825 3434 3407 3492 consueverint.Hinc
3430 3434 3625 3491 nobile
3645 3433 3798 3489 illud

2141 3523 2593 3581 inhumanitatis
2624 3541 2859 3581 nomen.

2233 3632 2357 3688 130.
2389 3632 2478 3701 Μὴ
2514 3636 2832 3706 θεομαχεῖν,
2864 3632 3083 3759 tom2.21,
3116 3632 3218 3688 lib.
3252 3631 3321 3687 ad
3340 3631 3530 3704 Scap.,
3561 3647 3612 3687 0.
3648 3632 3702 3702 Α,

2880 3721 2941 3759 n.
3048 3743 3060 3757 .

2880 3721 2941 3760 n.
2970 3721 3060 3759 KZ.

2217 3791 2343 3849 Noli
2401 3809 2535 3849 cum
2591 3792 2708 3849 Deo
2762 3792 2999 3859 bellare,
3050 3792 3246 3848 Cicero
3276 3792 3336 3848 in
3366 3791 3406 3848 l.
3439 3791 3504 3848 de
3528 3796 3744 3849 Senect.
3788 3810 3801 3847 :

2147 3881 2297 3946 Quid
2326 3886 2415 3938 est
2442 3882 2597 3938 enim
2631 3882 2790 3937 aliud
2822 3882 3135 3954 Gigantum
3177 3898 3338 3938 more
3384 3880 3601 3937 bellare
3659 3896 3804 3937 cum

2148 3969 2284 4038 diis,
2343 3970 2457 4026 nisi
2517 3974 2741 4027 naturas
2793 3970 3166 4043 repugnare?
3212 3970 3323 4026 Hin
3368 3969 3659 4045 θεομάχοι,
3695 3971 3804 4026 Dei

2149 4057 2343 4115 hostes
2372 4060 2461 4114 vel
2492 4059 2592 4131 qui
2619 4063 2730 4115 Deo
2780 4058 3176 4115 obluctantur.
3230 4060 3507 4115 Tractum
3565 4058 3807 4115 videtur

2149 4164 2184 4205 ι
2239 4148 2550 4203 notissima
2605 4148 2920 4220 Gigantum
2978 4148 3037 4204 in
3094 4148 3297 4204 Jovem
3324 4147 3805 4220 belligerantium

2149 4236 2368 4292 fabula.
2402 4236 2687 4309 Usurpari
2746 4236 2980 4310 poterit,
3040 4236 3142 4292 ubi
3198 4236 3331 4309 quis
3388 4236 3611 4292 viribus
3671 4240 3807 4294 suis

2149 4326 2330 4383 fretus
2358 4329 2574 4382 temere
2603 4342 2696 4381 res
2725 4342 2838 4381 non
2870 4327 3185 4382 tentandas
3215 4325 3475 4393 molitur,
3491 4330 3548 4381 et
3577 4324 3665 4381 uti
3695 4326 3806 4383 ad-

2150 4431 2496 4472 moneamus
2526 4414 2837 4471 infeliciter
2865 4415 3097 4471 credere
3129 4432 3486 4488 quaecunque
3516 4416 3808 4473 adversus

2147 4504 2345 4560 divina
2374 4504 2754 4577 humanaque
2778 4506 2916 4577 jura
2939 4506 3078 4576 jura
3109 4521 3209 4578 per
3236 4505 3351 4562 vim
3404 4503 3811 4563 instituuntur

2067 4608 2116 4673 Ι)
2145 4597 2345 4650 Horat.
2376 4593 2438 4649 in
2469 4593 2567 4651 0d.
2601 4610 2621 4650 :

2270 4692 2406 4750 Quid
2428 4692 2642 4742 aeternis
2671 4692 2935 4742 minorem

2267 4756 2514 4805 Consiliis
2544 4756 2777 4806 animam
2806 4757 3036 4817 fatigans

2144 4843 2354 4917 Virgil.
2393 4862 2406 4901 :

2270 4942 2437 4995 Crede
2472 4944 2643 4995 Deo...

2145 5036 2257 5090 Et:

2272 5141 2387 5191 Heu
2419 5140 2552 5190 nihil
2584 5140 2765 5192 invitis
2794 5140 2872 5190 {as
2901 5153 3223 5204 quemquam
3257 5138 3422 5190 ﬁdere
3451 5139 3607 5189 divis.

2148 5247 2247 5304 Bis
2276 5249 2335 5303 in
2365 5250 2489 5303 Act.
2551 5251 2793 5319 Apost:
2849 5246 2926 5319 μὴ
2983 5247 3463 5322 θεομαχῶμεν.....
3526 5247 3809 5321 θεομάχοι

2149 5336 2429 5410 aegram.
2462 5334 2625 5393 Plato
2654 5337 2945 5409 ejusmodi
2975 5336 3245 5394 homines
3292 5352 3323 5393 e
3370 5336 3646 5393 Titanum
3703 5353 3814 5411 ge-

2151 5441 2291 5482 nere
2321 5425 2487 5481 dixit.

2150 5533 2275 5589 131.
2307 5532 2475 5589 Micas
2505 5534 2791 5607 infarcire,
2825 5535 3107 5662 tomhéll,
3132 5534 3233 5592 lib.
3265 5534 3332 5591 de
3349 5534 3573 5604 Anima,
3605 5536 3810 5608 cap.6,

2874 5624 2933 5662 n.
3039 5646 3053 5662 .

2874 5624 2933 5664 η.
2963 5624 3053 5662 δῦ.

2221 5691 2305 5749 Ex
2328 5693 2700 5753 contentione
2733 5694 2996 5755 Platonis
3025 5698 3083 5752 et
3104 5694 3455 5765 Aristotelis,
3486 5710 3665 5770 quam
3701 5695 3809 5753 in-
