4072 6190
236 362 329 420 285

1361 352 1959 417 PROVERBIALES
2008 352 2429 414 FORMULIE.

3482 336 3600 397 286

235 488 393 547 stituit
434 486 674 542 Tertull.
708 487 927 560 aliquid
977 489 1188 560 poterit
1234 488 1385 545 elici.
1430 488 1594 545 Plato
1622 488 1841 559 varius,
1872 486 1927 553 Α
1956 484 2220 540 irridere.
2255 484 2333 538 Ex
2354 481 2597 538 naribus
2625 478 2800 534 etiam
2832 472 3118 531 indicium
3150 469 3486 534 iracundiis,
3512 469 3598 525 uti

234 574 497 648 multiplex
523 577 673 633 237
713 580 769 632 et
795 559 1089 649 copiosus,
1112 578 1398 650 singulari
1422 577 1758 650 eloquentia
1787 581 1845 632 et
1953 575 2105 630 238
2138 573 2464 629 animantes
2513 568 2778 643 quaedam
2827 566 2974 621 iram
3024 560 3252 617 narium
3288 559 3428 614 ﬂatu
3460 575 3597 631 pro-

234 666 479 723 suavitate
510 665 820 735 orationis,
852 666 913 721 in
955 667 1126 738 cujus
1174 666 1433 740 Dialogis
1463 666 1700 735 locutio,
1734 667 1842 722 etsi
1953 664 2121 721 dunt.
2155 664 2364 720 Theoc.
2401 663 2459 716 in
2492 658 2702 732 Thyrsi
2737 674 2749 711 :

233 755 359 812 absit
387 771 417 809 a
440 759 845 826 versu,tamen
869 757 1026 827 quod
1049 756 1349 813 incitatius
1383 756 1624 825 feratur,
1646 760 1702 810 et
1732 755 1845 811 cla-

229 844 446 901 rissimis
471 845 779 900 verborum
814 845 1142 901 luminibus
1172 846 1605 918 utatur,potius
1636 860 1846 917 poema

227 934 455 1006 putanda
504 950 682 1007 quam
732 935 1090 992 comicorum
1138 940 1463 1007 poetarum.
1504 933 1845 991 Aristoteles

225 1023 477 1079 brevitate
525 1024 756 1080 dicendi
805 1025 1095 1097 praestitit,
1135 1025 1222 1082 vel
1270 1026 1466 1098 potius
1512 1024 1841 1082 siccitatem

228 1113 517 1185 quamdam
544 1114 1010 1187 tenuitatemque
1046 1114 1107 1170 in
1138 1114 1405 1184 dicendo,
1437 1115 1547 1172 hoc
1572 1120 1681 1185 est,
1713 1131 1841 1170 ora-

223 1201 414 1258 tionem
472 1208 810 1275 angustam,
841 1222 1105 1277 pressam
1155 1209 1211 1262 et
1260 1206 1555 1262 concisam
1589 1206 1736 1278 (quis
1783 1203 1842 1259 in

225 1291 431 1348 Platone
460 1297 555 1348 est
597 1294 814 1366 ampla,
846 1295 1104 1367 copiosa,
1136 1296 1499 1369 redundans)
1530 1296 1843 1352 adamavit.

224 1381 347 1436 Huic
414 1380 517 1437 illa
559 1399 572 1437 :
623 1383 795 1439 Mulsa
838 1401 983 1455 aqua
1031 1385 1102 1441 de
1150 1385 1380 1457 eloquio
1430 1384 1707 1455 Platonis,
1739 1389 1838 1441 et:

222 1469 344 1525 Hice
396 1470 466 1526 de
529 1471 942 1543 minutiloquio
997 1473 1350 1544 Aristotelis,
1411 1474 1847 1546 proverbialiter

222 1557 379 1629 accipi
431 1564 704 1630 possunt.
738 1560 810 1617 Ut
870 1562 975 1618 hoc
1031 1563 1270 1635 quidem
1324 1579 1510 1634 genus
1566 1563 1847 1619 orationis

222 1647 437 1718 siccum,
471 1654 534 1703 et
581 1649 672 1704 cui
726 1650 870 1705 nihil
915 1657 1137 1708 temere
1166 1652 1393 1708 detrahi
1442 1654 1648 1725 possit,
1698 1652 1846 1708 illud

224 1744 387 1792 autem
416 1738 783 1808 redundans,
815 1745 872 1795 et
900 1756 970 1795 ex
1015 1757 1131 1812 quo
1179 1743 1229 1797 si
1278 1741 1418 1813 quid
1466 1744 1670 1797 demas
1717 1758 1848 1797 mu-

221 1832 374 1894 tesve,
412 1829 485 1883 de
528 1830 824 1885 sententia
870 1830 1015 1886 nihil
1075 1832 1417 1889 detraxeris.
1451 1831 1848 1888 Nihilominus

222 1916 373 1971 Mica:
400 1919 695 1988 infarcire,
728 1919 1096 1991 interpretari
1128 1921 1302 1977 etiam
1337 1921 1660 1993 poterimus
1692 1938 1705 1977 :
1738 1920 1843 1975 Te-

222 2006 391 2061 nuiter
417 2012 476 2063 et
502 2024 641 2063 cum
667 2010 945 2081 parcitate
966 2010 1107 2081 quid
1139 2010 1489 2067 distribuere
1521 2015 1583 2066 ut
1610 2010 1850 2065 malsam

221 2112 395 2166 aquam
424 2098 749 2170 infundere,
780 2098 1020 2171 largiter
1047 2104 1103 2156 et
1132 2100 1404 2173 benigne.

462 2205 593 2262 132.
625 2205 854 2262 Mulsum
881 2224 1081 2279 aquam
1111 2207 1426 2278 infundere,
1454 2207 1590 2263 ibid.

274 2311 415 2382 Aqua
463 2313 674 2385 mulsa,
709 2310 995 2387 ὑδρόμελι,
1027 2312 1064 2382 ἢ
1099 2312 1447 2389 μελίκρατον,
1482 2333 1637 2388 aqua
1679 2315 1851 2372 melle

220 2398 389 2455 mista.
424 2401 500 2458 Ut
532 2401 759 2459 alludat
790 2421 905 2460 non
935 2404 1129 2461 solum
1169 2406 1241 2462 ad
1289 2407 1609 2477 copiosam,
1645 2407 1747 2461 sed
1778 2406 1849 2461 ad

219 2489 477 2546 mellitam
504 2492 631 2547 sive
652 2492 923 2549 melleam
945 2495 1005 2549 in
1028 2494 1265 2551 Platone
1286 2494 1700 2567 eloquentiam.
1722 2495 1849 2551 Lib.

216 2578 276 2631 de
301 2580 477 2635 Anim.
515 2582 590 2635 de
645 2582 849 2637 eodem
906 2582 1165 2651 Platone,
1210 2584 1274 2640 ob
1328 2585 1496 2640 mella
1550 2585 1849 2653 facundiae.

216 2663 340 2765 cum
371 2676 581 2765 contra
602 2672 758 2765 quod
791 2671 982 2727 sicum
1012 2679 1121 2739 est,
1146 2673 1424 2729 facillime
1453 2674 1680 2743 frietur,
1706 2678 1764 2729 et
1792 2674 1852 2728 in

217 2758 379 2811 micas
412 2758 759 2815 minutatim
789 2760 1164 2817 dissolvatur.
1192 2763 1405 2818 Eodem
1436 2763 1656 2819 faciunt
1679 2764 1852 2819 verba

217 2846 579 2918 in]undere,et
614 2850 904 2920 infarcire.
938 2851 1209 2907 Fortasse
1252 2856 1309 2907 et
1353 2854 1530 2908 micas
1560 2854 1847 2924 infarcire,

214 2949 332 2988 cum
360 2934 658 3007 Tulliano,
690 2954 1085 3009 praemansum
1117 2940 1176 2994 in
1225 2956 1290 2995 os
1338 2940 1615 3012 inserere,
1646 2958 1849 2997 conve-

215 3024 340 3121 niet,
374 3027 694 3121 quod‘est,
728 3043 851 3083 rem
880 3028 939 3083 in
980 3028 1240 3085 docendo
1297 3030 1476 3086 nimis
1534 3030 1850 3099 enucleate,

212 3113 514 3185 minusque
548 3113 912 3172 frustulatim
955 3118 1201 3184 tradere,
1235 3122 1292 3174 et
1322 3136 1518 3176 crasse
1544 3119 1851 3192 explicare,

2308 768 2411 826 Καί
2446 769 2497 821 oi
2530 767 2609 821 ἀεὶ
2641 762 2860 839 δριμεῖα
2899 759 3047 839 χολᾲ
3075 758 3196 839 ποτῖ
3234 754 3341 839 ῥινὶ
3369 754 3596 825 κάθηται

2294 845 2493 906 Aspera
2521 842 2569 890 ei
2600 828 2810 901 semper
2838 828 2986 885 sedet
3014 834 3094 883 ira
3120 832 3179 880 in
3208 828 3445 879 naribus.

2024 933 2186 989 Unde
2226 948 2535 1004 corrugare
2583 933 2640 985 et
2686 924 3026 983 contrahere
3081 936 3252 977 nares
3300 917 3597 986 dicuntur,

1955 1022 2057 1095 qui
2089 1021 2483 1079 oﬂ'enduntur.
2516 1020 2695 1075 Horat
2727 1035 2741 1071 :

2513 1127 2587 1176 Ne
2616 1124 2834 1176 sordida
2861 1134 3059 1184 mappa

2138 1194 2395 1256 Corruget
2426 1204 2602 1241 nares.

2028 1292 2149 1348 135.
2180 1293 2321 1349 Naso
2352 1306 2529 1363 agere,
2555 1292 2694 1343 tom.
2732 1283 2953 1412 Ililﬁlsib.
2977 1280 3100 1337 adv.
3134 1277 3319 1345 Mam,
3348 1290 3472 1346 cap.
3505 1272 3597 1342 25,

2669 1375 2727 1412 n.
2878 1397 2890 1411 .

2668 1375 2727 1414 Π.
2770 1375 2890 1412 11η.

2026 1454 2206 1509 Cicer.
2242 1448 2509 1507 Ridiculo
2539 1444 3036 1512 scommaticoque
3065 1436 3306 1494 dicterio
3336 1434 3563 1489 laedere.

1955 1543 2079 1598 136.
2114 1548 2259 1600 Naso
2306 1539 2570 1609 deridere,
2602 1541 2745 1592 tom.
2878 1532 2979 1586 lib.
3020 1530 3087 1585 de
3138 1525 3354 1593 Pudic.,
3387 1538 3512 1593 cap.
3545 1522 3602 1585 6,

2690 1626 2749 1660 Π.
2859 1646 2871 1660 .

2690 1626 2749 1662 Π.
2786 1626 2871 1660 ῙΟ.

2030 1706 2091 1760 Β.
2127 1704 2338 1759 Paulus
2386 1702 2456 1756 ad
2506 1699 2630 1756 Gal.
2662 1700 2695 1753 6
2737 1714 2750 1752 :
2795 1694 2924 1754 Θεὸς
2969 1690 3034 1745 οὐ
3087 1684 3493 1761 μυκτηρίζεται,
3544 1683 3602 1737 id

1958 1800 2067 1860 est,
2098 1810 2206 1850 non
2256 1792 2544 1857 irridetur,
2578 1806 2695 1844 non
2741 1786 2935 1857 agitur
2981 1798 3152 1847 naso;
3209 1775 3392 1848 μύζειν
3444 1772 3600 1829 enim

1876 1864 1923 1928 B
1957 1884 2111 1956 apud
2169 1885 2420 1947 Graecos,
2469 1880 2527 1934 id
2587 1882 2695 1946 est,
2730 1874 2974 1931 missare
3016 1869 3104 1925 vel
3163 1880 3451 1931 mussare,
3483 1877 3601 1917 non

1959 1974 2115 2029 aliud
2150 1974 2265 2028 fere
2286 1971 2504 2042 signat,
2526 1983 2702 2038 quam
2734 1963 2907 2019 labiis
2937 1956 3188 2015 occlusis
3216 1969 3426 2010 sonum
3451 1950 3606 2006 nari-

1958 2064 2069 2120 bus
2100 2061 2307 2118 elicere
2337 2039 2494 2115 unde
2528 2056 2759 2128 μυκτήρ.
2784 2054 2971 2108 Sonus
3002 2052 3198 2104 autem
3232 2041 3447 2117 μυγμή,
3475 2039 3604 2095 irri-

1958 2152 2111 2210 sioni
2142 2153 2485 2225 plerumque
2516 2146 2765 2212 dicatus,
2799 2146 2973 2213 atque
3008 2138 3167 2201 hinc,
3202 2133 3303 2205 qui
3333 2132 3480 2188 citra
3510 2146 3602 2185 re-

1958 2222 2366 2315 prehensionis
2384 2252 2646 2293 morsum
2666 2233 2807 2304 agit,
2822 2228 3085 2301 ἆμύγμων
3105 2225 3339 2290 dicitur,
3354 2222 3602 2276 Homero

1957 2309 2180 2403 passim
2225 2325 2481 2400 ἀμύμων.
2511 2324 2688 2380 Addit
2734 2317 2979 2377 Tertull.
3008 2315 3378 2379 adulantium,
3412 2313 3478 2366 ut
3526 2309 3603 2363 si-

1959 2399 2552 2493 gniﬁcarivideantur
2580 2411 2800 2484 postica
2821 2423 3027 2472 sanna,
3044 2421 3169 2477 qua:
3197 2406 3285 2458 est
3305 2399 3605 2456 clancula-

1960 2511 2047 2565 ria
2094 2514 2149 2565 et
2197 2512 2349 2564 tecta
2393 2505 2589 2560 irrisio
2620 2520 2653 2558 a
2689 2504 2852 2571 gestu
2907 2494 3228 2551 ridentium
3284 2490 3540 2561 aliquem
3573 2506 3607 2545 a

1959 2602 2121 2669 tergo
2151 2596 2271 2651 sive
2301 2592 2590 2665 occipitio,
2609 2594 2673 2645 ut
2703 2588 2816 2645 sit:
2850 2584 3164 2642 obtrudere
3194 2580 3432 2652 palpum
3464 2577 3601 2633 Deo.

2033 2706 2154 2762 137.
2186 2702 2564 2776 Naufragium
2598 2693 3004 2776 inextricabile,
3044 2695 3186 2776 tom.
3225 2688 3292 2753 II,
3334 2685 3438 2741 lib.
3469 2685 3535 2740 de

2396 2764 2609 2841 ldolol.,
2640 2787 2758 2841 cap.
2789 2768 2920 2835 ult.,
2953 2783 3013 2820 n.
3049 2764 3169 2819 169.

2033 2865 2246 2922 Graecis
2278 2881 2293 2921 :
2326 2862 2584 2935 ναυάγιον
2625 2855 2879 2935 ἄφυκτον,
2914 2853 3066 2925 quod
3117 2849 3291 2905 vitari
3339 2864 3453 2902 non
3505 2862 3606 2917 po-

1960 2960 2095 3013 test.
2128 2956 2237 3019 Qui
2278 2955 2337 3008 in
2377 2950 2651 3022 scapulas
2697 2945 3036 3015 impingunt
3083 2952 3406 3005 navemque
3454 2935 3611 2989 fran-

1963 3050 2128 3119 gunt,
2160 3060 2289 3100 sese
2336 3041 2619 3098 extricare
2650 3036 2771 3091 sive
2800 3031 3072 3103 expedire
3120 3046 3153 3084 a
3201 3023 3461 3098 periculo
3491 3039 3607 3079 non

1964 3116 2229 3209 possunt.
2263 3132 2424 3203 Virg.
2459 3131 2531 3185 de
2573 3122 2944 3198 Labyrintho,
2978 3116 3382 3175 inextricabilis
3426 3129 3605 3169 error.

212 3198 447 3299 Grece}
502 3202 895 3299 Μικρολογεῖν,
948 3202 1325 3282 λεπτολογεῖν,
1378 3209 1497 3264 sive
1548 3213 1614 3265 ut
1660 3208 1847 3265 Cicera

1978 3201 2110 3283 Vide
2138 3198 2590 3297 Hypobrichium.

211 3289 272 3344 ad
312 3292 484 3347 Attic.
545 3291 675 3366 Περί
730 3292 898 3368 μικρᾶ
953 3292 1295 3367 σπουδάζειν,
1347 3300 1501 3369 quod
1550 3302 1662 3369 est,
1713 3299 1855 3355 Cura

210 3381 313 3432 min
322 3382 479 3437 utula
511 3384 753 3438 anxium
781 3400 916 3440 esse.

259 3486 371 3543 133.
406 3489 634 3545 Mutum
662 3490 732 3563 de
763 3493 921 3547 asino
944 3508 1205 3563 pungere,
1234 3497 1377 3550 tom.
1412 3495 1507 3561 III,
1539 3494 1641 3551 lib.
1672 3495 1799 3552 adv.

652 3562 879 3631 Valcnt.,
915 3562 1165 3635 cap.19,
1200 3583 1258 3621 n.
1287 3568 1415 3622 237.

274 3645 433 3716 Muli,
468 3665 621 3720 quos
652 3650 805 3706 asini
838 3657 895 3707 et
922 3669 1085 3724 aqua:
1116 3659 1419 3726 generant,
1447 3657 1601 3712 unde
1629 3648 1857 3728 ἡμίονοι

214 3738 366 3832 quasi
398 3738 702 3832 dimidiati
722 3827 737 3832 Δ
746 3740 925 3832 asini,
956 3758 991 3797 a
1019 3742 1309 3814 patribus.
1341 3744 1605 3816 Hinnuli,
1637 3745 1723 3802 vel
1757 3763 1857 3817 po-

213 3826 317 3921 tius
348 3843 421 3921 ex
472 3826 814 3884 Columellas
864 3832 1172 3899 sententia,
1205 3832 1393 3903 hinni,
1427 3850 1460 3889 a
1490 3835 1674 3905 patris
1723 3834 1860 3906 equi

212 3911 461 4013 hinnitu,
510 3933 668 3988 equo
725 3923 782 3973 et
837 3919 1005 3976 asina
1052 3921 1260 3993 geniti.
1291 3922 1483 3995 Gigni,
1516 3940 1650 3979 cum
1709 3941 1862 3996 equa

212 4003 343 4058 muli
373 4005 537 4061 coitu
596 4006 736 4061 nati.
773 4007 917 4064 Hinc
964 4011 1359 4081 proverbium,
1392 4028 1462 4068 ex
1506 4013 1657 4069 asini
1688 4013 1861 4069 muli-

209 4094 421 4191 qusi-id
456 4099 571 4191 est,
604 4095 898 4153 dimidiati
943 4099 1116 4166 asini,
1149 4117 1217 4156 ex
1261 4101 1614 4175 etymologia
1639 4103 1857 4173 Greece,

210 4182 617 4253 similitudine,
652 4187 888 4256 quando
931 4188 1227 4259 exemplar
1255 4193 1314 4246 et
1342 4204 1436 4246 res
1476 4193 1712 4249 affectas
1743 4210 1859 4250 non

207 4268 454 4327 multum
502 4277 648 4328 sunt
676 4272 944 4343 discreta,
976 4275 1065 4332 vel
1097 4278 1331 4349 quando
1363 4279 1592 4351 ineptiae
1621 4281 1860 4353 ineptiis

208 4365 719 4433 repraesentantur,
750 4363 840 4419 vel
883 4366 1190 4422 mendacia
1221 4368 1545 4425 mendaciis
1587 4374 1863 4425 astruun-

207 4449 311 4503 tur.
342 4448 701 4521 Cujusmodi
732 4450 929 4508 farina
962 4457 1019 4508 et
1060 4454 1162 4510 illa
1194 4472 1207 4511 :
1240 4460 1367 4512 Non
1398 4462 1519 4513 tam
1552 4474 1723 4514 ovum
1754 4475 1859 4515 ovo

208 4536 411 4606 simile,
441 4540 701 4596 armenti
733 4543 1019 4613 ejusdem,
1051 4559 1183 4599 cum
1214 4544 1398 4617 Bytho
1428 4546 1735 4604 Bacchius.

209 4642 319 4701 134.
350 4650 566 4704 Narem
610 4648 1132 4725 contrahere,_tpm.
1169 4650 1270 4722 ΙΙΙ,
1301 4651 1405 4709 lib.
1440 4671 1479 4723 ι,
1508 4654 1631 4711 adv.
1663 4655 1857 4725 Mam,

805 4738 934 4793 cap.
969 4722 1054 4791 13,
1090 4740 1146 4778 n.
1178 4724 1268 4779 71.

271 4804 333 4863 In
362 4824 516 4865 naso
564 4808 860 4867 irrisionis
891 4811 1078 4868 sedes.
1114 4811 1260 4869 Hinc
1300 4815 1520 4885 nasuti,
1554 4819 1612 4873 et
1649 4833 1862 4874 nasum

206 4890 438 4965 habere,
504 4899 779 4957 irrisores
836 4901 1132 4958 dicuntur.
1178 4903 1325 4961 Plin.
1377 4903 1482 4961 lib.
1531 4923 1611 4973 x1,
1661 4924 1710 4963 c.
1744 4908 1859 4964 37:

205 4980 421 5126 glesum
485 4988 621 5045 novi
677 5006 871 5047 mores
928 4991 1191 5049 subdola:
1248 4993 1509 5052 irrisioni
1572 4995 1859 5056 dioavere.

252 5089 313 5126 or
345 5094 360 5126 :

252 5089 360 5132 οτι

351 5165 501 5216 Naso
530 5167 745 5219 adunco
779 5172 1125 5235 suspendere.

270 5253 529 5313 Martial.
566 5274 580 5314 :

273 5431 314 5490 Ρ
350 5343 419 5394 Et
454 5348 610 5409 pueri
638 5360 833 5400 nasum
860 5348 1212 5403 rhinocerotis
1239 5351 1458 5405 habent.

318 5449 439 5490 era.
477 5451 494 5490 :

318 5449 439 5492 crs.
477 5451 494 5491 ζ

358 5604 597 5658 Nam“
623 5546 951 5674 ίξέῗιῗὲἒευίι,
987 5552 1040 5601 et
1068 5550 1228 5602 nimis
1256 5553 1409 5605 uncis

276 5700 349 5757 Et
374 5704 565 5760 (Ξτωοὶ
599 5704 976 5781 μυκτηρίζειν,
1008 5708 1113 5764 ἀπὸ
1151 5714 1248 5766 τοῦ
1298 5716 1599 5788 μυκτῆρος,
1632 5728 1666 5770 a
1693 5728 1860 5783 naso,

2023 3318 2145 3373 138.
2178 3284 2449 3385 lil'avigare
2477 3313 2624 3388 inter
2650 3306 2895 3388 scopulos
2920 3304 3179 3388 etnsinus,
3206 3315 3308 3373 per
3341 3295 3478 3354 vada
3507 3284 3558 3351 et

2540 3383 2705 3453 freta,
2736 3377 2878 3434 ibid.
2913 3377 3034 3431 168.

2036 3481 2157 3548 Est,
2205 3473 2426 3532 versari
2471 3472 2531 3528 in
2580 3466 2819 3540 ancipiti
2867 3462 3145 3538 periculo.
3190 3461 3338 3517 Nam
3385 3454 3614 3529 scopuli,

1965 3569 2076 3625 hoc
2116 3573 2222 3635 est,
2255 3568 2487 3620 montes
2534 3560 2713 3628 saxei,
2745 3557 2866 3615 sive
2914 3571 3091 3627 rupes
3117 3569 3147 3608 e
3173 3550 3320 3607 mari
3351 3546 3615 3605 eminen-

1965 3663 2075 3728 tes,
2108 3662 2166 3713 et
2214 3654 2563 3727 quandoque
2611 3649 2722 3705 sub
2770 3663 2935 3720 aquae
2983 3658 3211 3715 aequore
3258 3640 3525 3705 latentes,
3559 3640 3615 3691 et

1967 3726 2142 3817 sinus,
2171 3726 2371 3799 littora
2415 3741 2657 3797 incurva
2686 3752 2845 3793 mare
2894 3729 3325 3805 amplectentia,
3360 3731 3417 3783 et
3444 3726 3613 3792 vada,

1968 3836 2167 3892 minus
2196 3831 2489 3906 profunda
2520 3828 2698 3884 maris
2738 3826 2882 3896 loca,
2916 3827 2972 3880 et
3013 3822 3305 3878 undarum
3335 3816 3612 3873 brevibus

1966 3926 2199 3991 infesta,
2233 3929 2289 3980 et
2332 3925 2495 3995 freta,
2527 3918 2710 3974 maris
2757 3913 3062 3986 angustiae,
3098 3910 3197 3965 ubi
3247 3907 3418 3979 quasi
3468 3908 3614 3961 aestu

1967 4013 2237 4073 fervescit
2278 4026 2460 4079 mare,
2494 4005 2904 4079 navigantibus
2954 4006 3011 4059 et
3057 3998 3340 4055 insidiosa
3369 4000 3427 4053 et
3458 3995 3613 4068 peri-

1968 4109 2171 4162 culosa
2200 4106 2359 4160 sunt.
2393 4099 2517 4156 Lib.
2551 4114 2570 4154 ι
2599 4096 2812 4153 advers.
2852 4093 3019 4150 Marc.
3043 4107 3062 4148 :
3090 4112 3111 4140 α
3145 4088 3303 4145 Duas
3352 4083 3612 4157 Symple-

1968 4194 2150 4267 gadas
2183 4190 2472 4262 naufragii
2506 4188 2619 4245 sui.
2649 4208 2676 4235 »

1971 4263 2093 4341 139.
2124 4282 2321 4339 Nubila
2360 4279 2656 4343 obscurior,
2688 4278 2831 4400 toin.
2865 4268 3097 4397 1111,4lib.
3130 4285 3150 4324 1
3179 4265 3390 4323 advers.
3422 4263 3614 4328 Mara,

2583 4364 2711 4400 can.
2784 4389 2797 4400 .
2830 4362 2886 4398 n.
2998 4384 3009 4396 .

2583 4364 2711 4419 cap.
2746 4362 2797 4414 1,
2830 4362 2886 4398 n.
2924 4362 3009 4397 14.

2040 4443 2363 4499 Videautur
2388 4440 2599 4496 Adnot.
2638 4433 2875 4492 Pamelii
2908 4433 2975 4487 de
3006 4427 3336 4487 Cimmeriis
3357 4422 3617 4482 tenebris

1970 4550 2097 4606 quae
2130 4533 2190 4589 in
2222 4533 2375 4589 idem
2409 4529 2677 4585 incidunt
2707 4521 3102 4596 proverbium.
3135 4519 3418 4575 Nubilium
3450 4514 3619 4571 nubes

1889 4606 1937 4672 D
1968 4623 2204 4679 densior
2259 4622 2379 4679 sive
2434 4618 2902 4675 crassamentum
2955 4608 3415 4674 exhalationum,
3454 4623 3620 4678 aqua)

1972 4713 2278 4787 gignendae
2309 4709 2621 4766 fecundam
2652 4704 2767 4760 vim
2799 4702 3046 4758 habens.
3080 4699 3242 4756 Unde
3274 4696 3483 4753 ccslum
3518 4712 3618 4752 ne-

1973 4785 2248 4859 bulosum
2279 4817 2382 4858 seu
2413 4796 2707 4855 nubilum.
2731 4790 2988 4850 Nebulas
3008 4789 3097 4846 vel
3117 4789 3408 4847 Nubilium
3439 4785 3622 4842 offun-

1974 4895 2223 4964 dere,est
2243 4892 2574 4948 obscurare.
2598 4886 2709 4942 Sed
2732 4900 2864 4941 cum
2897 4878 3222 4938 Tertull.ad
3257 4894 3449 4934 mores
3470 4879 3619 4930 Mar-

1971 4982 2158 5041 cionis
2189 4980 2430 5051 alludat,
2450 4977 2691 5035 tristitia
2720 4980 2776 5031 et
2806 4972 3105 5030 recondita
3126 4968 3309 5025 animi
3340 4966 3618 5051 severitas

1972 5072 2119 5147 signi
2131 5050 2501 5139 ﬁcabitur,ut
2534 5068 2687 5141 apud
2714 5064 3015 5121 Comicum
3041 5061 3306 5117 Graecum
3336 5050 3616 5123 διασκεδᾷν

1971 5164 2033 5219 τὸ
2076 5164 2230 5241 νέφος
2276 5164 2373 5215 τοῦ
2426 5158 2698 5233 μετώπου,
2728 5154 3023 5210 discutere
3071 5147 3279 5205 frontis
3326 5144 3622 5215 nubilum,

1974 5234 2251 5329 quodest
2280 5249 2583 5309 tristitiam
2626 5245 2882 5317 abigere,
2914 5241 3229 5311 laetumque
3270 5235 3496 5293 vultum
3530 5234 3621 5289 in-

1972 5326 2203 5402 ducere.
2228 5344 2295 5399 Et
2326 5337 2706 5414 supercilium
2732 5332 2996 5390 nubilam
3019 5329 3183 5406 ὀφρυς
3216 5326 3491 5399 ξυννεφὴς,
3516 5340 3620 5399 pro

1969 5435 2142 5493 tristi.
2174 5433 2373 5490 Horat.
2403 5450 2425 5479 ι
2458 5434 2635 5484 Deme
2662 5422 2978 5497 supercilio
3010 5421 3248 5477 nubem.
3278 5441 3306 5470 »
3338 5418 3499 5489 Virg.
3530 5433 3544 5472 :

2066 5531 2170 5583 Sed
2197 5530 2348 5581 frons
2377 5529 2500 5580 lenta
2526 5539 2738 5591 parum,
2771 5527 2825 5575 et
2851 5521 3061 5587 dejecto
3088 5520 3290 5572 lumina
3316 5517 3507 5577 vultu;

2042 5623 2159 5680 Et:

2065 5720 2170 5773 Sed
2196 5732 2301 5772 nox
2339 5721 2454 5770 atra
2478 5720 2638 5781 caput
2665 5714 2804 5766 tristi
2832 5709 3180 5765 circumvolat
3208 5707 3411 5759 umbra.
