4072 6190
373 365 490 423 287

1445 363 1547 423 EX
1596 357 2129 421 TERTULLIANI
2173 357 2717 419 APOLOGETICO

3671 362 3787 423 288

376 497 529 554 289
563 497 691 563 140.
720 498 868 554 Nutu
907 498 1126 555 tradere
1154 496 1291 568 (nisi
1334 495 1621 552 traducere
1648 493 1782 568 quis
1812 490 2025 563 malit.)
2055 492 2108 560 Α
2140 506 2211 547 ne
2242 490 2383 564 quid
2421 491 2509 549 vel
2556 494 2761 561 tentet,
2792 491 2879 549 vel
2910 492 3116 564 possit,
3145 492 3235 549 vel
3264 492 3583 565 imperium
3629 509 3788 551 exer-

638 576 780 625 tom.
816 572 860 636 I,
894 570 994 627 lib.
1029 570 1093 626 de
1123 567 1299 627 Pall..
1332 586 1458 641 cap.
1497 569 1550 636 4,
1583 585 1641 623 n.
1672 567 1761 620 84.

444 677 589 732 Vide
623 695 633 732 :
662 701 689 727 ‹‹
738 678 873 734 Acie
920 680 1116 751 figere,
1170 683 1228 734 et
1287 677 1467 749 digito
1525 674 1894 731 destinare.»
1925 672 2028 727 Est

376 765 766 823 deridentium
800 773 855 823 et
904 768 1365 841 improhantium
1420 766 1640 837 aliquid
1691 761 2023 819 clanculum

373 854 528 910 inter
569 874 650 922 se,
685 858 839 928 quod
893 858 1085 930 palam
1138 859 1324 913 facere
1375 874 1491 912 non
1542 856 1617 910 sit
1664 855 1907 925 impune
1936 851 2024 907 vel

372 944 585 1001 decens
617 963 629 1000 :
665 962 799 1001 cum
835 964 1023 1019 neque
1054 948 1333 1018 conjectis
1382 947 1441 1001 in
1487 945 1780 1001 hominem
1832 958 2023 998 remve

373 1033 582 1103 oculis,
640 1052 829 1107 neque
878 1038 1165 1110 protentis
1223 1037 1423 1110 digitis
1477 1035 1536 1091 id
1596 1036 1781 1090 facere
1836 1032 2019 1088 licet:

374 1125 501 1178 tum
536 1123 889 1185 clanculario
920 1126 1129 1184 saltem
1173 1144 1239 1183 ac
1286 1131 1435 1183 nutu
1485 1121 1874 1181 demonstrari
1919 1138 2021 1194 po-

369 1214 503 1268 test.

374 1319 495 1373 141.
528 1323 719 1378 Oculis
768 1325 997 1387 clausis,
1049 1328 1191 1380 tom.
1241 1324 1285 1390 Ι,
1336 1322 1439 1378 lib.
1493 1322 1557 1378 de
1604 1320 1772 1388 Pall.,
1807 1336 1931 1390 cap.
1962 1322 2019 1387 2,

444 1408 503 1468 ρ.
539 1394 636 1459 20;
685 1396 929 1467 Apolog.,
981 1412 1107 1468 cap.
1151 1397 1204 1463 3,
1255 1414 1313 1451 n.
1364 1397 1453 1465 36,
1499 1399 1641 1451 tom.
1675 1393 1772 1462 ΙΙΙ,
1803 1392 1906 1447 lib.
1958 1391 2023 1445 de

442 1463 665 1519 Resurr.
700 1463 1069 1540 carnis,'cap:
1101 1469 1190 1536 51,
1225 1485 1281 1522 n.
1317 1468 1439 1522 361.

438 1571 498 1625 Si
531 1573 852 1630 subaudias
893 1575 1163 1643 verbum,
1199 1575 1392 1647 liquet,
1428 1590 1516 1629 res
1548 1578 1637 1629 est
1666 1571 2017 1639 clarissima,

288 1678 289 1681 ‘
367 1659 497 1715 luce
532 1664 857 1719 meridiana
886 1664 1116 1731 clarior,
1150 1670 1216 1721 ut
1247 1664 1450 1720 nolens
1479 1663 1797 1734 volensque
1827 1660 2019 1732 quivis

368 1750 452 1805 vel
480 1752 674 1807 videre
708 1755 892 1825 possit
922 1755 1009 1810 vel
1042 1754 1387 1827 intelligere.
1414 1754 1474 1810 Si
1506 1752 1826 1809 subaudias
1854 1766 2019 1822 agere

372 1842 524 1910 quid,
558 1848 648 1897 est
696 1845 962 1916 abrupte,
997 1850 1234 1915 temere,
1264 1845 1389 1900 sine
1438 1843 1777 1900 discrimine
1808 1842 2015 1897 facere.

374 1928 447 1983 Ut
477 1932 817 2003 impingunt
863 1933 921 1988 in
954 1934 1153 1989 odium
1184 1933 1439 1990 nominis
1467 1930 1783 1988 Christiani
1813 1932 2019 1986 clausis

369 2019 565 2089 oculis,
602 2026 658 2076 et
688 2023 944 2078 caecitate
974 2023 1093 2079 odii
1136 2025 1195 2079 in
1246 2023 1641 2095 naufragium,
1675 2021 1776 2093 qui
1808 2020 1890 2076 rei
1920 2036 2017 2075 ve-

367 2108 599 2164 ritatem
633 2128 821 2182 neque
850 2112 1154 2185 explorant
1184 2129 1371 2185 neque
1400 2111 1699 2183 explorare
1729 2110 2017 2180 laborant,

370 2199 471 2254 sed
507 2199 811 2257 affectibus
843 2202 968 2258 suis
998 2202 1374 2274 iniquissime
1404 2200 1741 2273 indulgent;
1774 2204 1830 2256 et
1851 2200 2022 2271 juxta

373 2288 601 2347 Terent.
630 2307 643 2345 :

440 2416 619 2478 Neque
645 2416 733 2479 jus
763 2431 935 2480 neque
976 2418 1176 2467 bonum
1208 2422 1366 2481 atque
1399 2430 1611 2481 aequum
1643 2416 1833 2466 sciunt.

441 2477 647 2538 Melius,
683 2482 853 2542 pejus,
887 2482 1071 2544 prosit,
1103 2481 1239 2530 nihil
1277 2480 1479 2543 vident,
1517 2481 1620 2529 nisi
1653 2480 1797 2543 quod
1826 2477 1990 2527 lubet.

452 2595 513 2648 B.
548 2597 793 2667 August.
822 2614 834 2651 :
863 2617 893 2647 «
923 2597 1057 2661 Quae
1106 2597 1343 2653 tandem
1387 2597 1498 2667 vis,
1530 2596 1643 2652 nisi
1693 2597 1923 2651 caecitas
1970 2598 2027 2650 et

378 2684 605 2738 vanitas
651 2685 832 2739 animi
881 2686 1036 2759 cogit
1084 2686 1379 2742 hominem
1411 2685 1648 2754 clausis,
1682 2689 1748 2741 ut
1787 2684 2024 2753 dicitur,

379 2772 583 2839 oculis,
617 2777 899 2845 tanquam
941 2776 1000 2830 in
1054 2775 1298 2832 alterum
1340 2776 1555 2847 jacere,
1590 2776 1743 2846 quod
1796 2790 1928 2829 cum
1963 2774 2024 2829 in

379 2877 514 2916 eum
564 2863 789 2933 jecerit,
850 2865 1126 2921 continuo
1180 2865 1484 2920 redeat?»
1535 2864 1593 2920 Β.
1647 2864 2020 2935 Hieronym.:

384 2969 406 2998 ι
427 2952 585 3007 More
603 2953 1036 3010 Andabatarum
1059 2954 1119 3009 in
1142 2955 1400 3010 tenebris
1415 2953 1677 3027 gladium
1694 2952 1977 3009 ventilant
1994 2974 2024 3003 »

379 3044 435 3096 et
468 3059 480 3097 :
509 3064 536 3093 «
570 3042 776 3098 Melius
799 3047 887 3099 est
916 3048 1113 3100 tamen
1144 3046 1351 3101 clausis
1381 3044 1555 3116 (quod
1587 3043 1822 3115 dicitur)
1852 3044 2027 3099 oculis

378 3132 819 3188 Andabatarum
880 3150 1040 3189 more
1090 3151 1370 3207 pugnare,
1407 3150 1585 3205 quam
1633 3134 1853 3189 directa
1903 3133 2024 3204 spi-

378 3220 509 3275 oula
545 3222 747 3293 clypeo
797 3240 911 3278 non
960 3223 1240 3295 repellere
1286 3224 1564 3279 veritatis.
1591 3246 1618 3273 »
1649 3227 1717 3278 Et
1746 3224 1808 3278 B.
1841 3221 2016 3277 Basil.

377 3310 747 3383 νυκτομαχίαν
794 3311 955 3379 dixit,
990 3318 1337 3369 nocturnam
1388 3329 1670 3385 pugnam,
1702 3312 1761 3367 in
1793 3329 1891 3369 eos
1922 3310 2023 3383 qui

377 3398 539 3453 nullo
563 3400 788 3469 judicio
817 3400 1181 3457 insectantur
1211 3402 1455 3473 aliquid.

378 3506 500 3559 142.
533 3506 723 3563 Oculis
766 3508 1084 3577 Homericis,
1118 3511 1273 3632 tOII216
1298 3508 1341 3575 Ι,
1374 3506 1475 3562 lib.
1509 3507 1573 3562 de
1610 3507 1779 3576 Pall.,
1813 3524 1937 3580 cap.
1969 3510 2023 3575 2,

1110 3596 1169 3632 n.
1280 3621 1291 3632 .

1110 3596 1169 3634 Π.
1202 3596 1291 3632 ZU.

450 3664 775 3721 Videantur
802 3668 1017 3723 Adnot.
1050 3667 1315 3723 Pamelii.
1349 3669 1511 3723 Idem
1542 3686 1673 3725 cum
1705 3669 2025 3741 superiore.

380 3754 692 3823 Homerus,
748 3762 919 3813 antea
978 3758 1359 3829 Melesigenes
1417 3758 1629 3827 dictus,
1690 3776 1723 3815 a
1776 3760 2030 3814 caecitate

381 3844 538 3913 (nam
574 3846 645 3899 ab
678 3846 914 3901 ineunte
947 3851 1115 3902 aetate
1159 3847 1487 3903 luminibus
1528 3851 1734 3920 captus
1765 3849 2033 3920 proditur

379 3934 476 3984 τοῖ’)
508 3932 757 4007 Ὀμήρου
790 3952 1003 3991 nomen
1036 3937 1277 3992 sortitus
1307 3941 1415 3993 est.
1445 3936 1607 3993 Unde
1637 3937 1737 3993 illa
1766 3938 2030 3994 omnium

382 4020 714 4094 admiratio,
747 4024 1015 4079 omnium
1059 4041 1257 4080 rerum
1301 4024 1689 4081 humanarum
1719 4026 2034 4082 simulacra

382 4126 657 4182 expressa
688 4114 856 4168 nobis
906 4118 1037 4169 ante
1088 4113 1286 4170 oculos
1318 4116 1595 4170 constitui
1646 4116 1909 4187 potuisse
1960 4116 2033 4171 ab

383 4216 449 4255 eo
482 4202 582 4271 qui
614 4219 917 4274 nunquam
950 4219 1019 4259 ea
1047 4202 1233 4260 oculis
1262 4208 1597 4275 usurparat.

386 4307 509 4361 143.
546 4309 711 4364 Palos
762 4311 1081 4365 terminales
1130 4310 1313 4381 ﬁgere,
1345 4315 1489 4366 tom.
1520 4310 1591 4381 V,
1624 4310 1725 4366 lib.
1759 4312 1827 4367 de
1854 4312 2031 4383 Jejun.

976 4399 1103 4454 cap.
1139 4384 1226 4447 11,
1261 4401 1318 4437 n.
1349 4384 1439 4436 72.

454 4467 806 4525 Terminalia
835 4468 1012 4541 lapis,
1037 4474 1093 4525 et
1114 4469 1428 4542 aliquando
1445 4472 1630 4542 palus,
1656 4470 1756 4541 qui
1786 4470 1846 4526 in
1875 4486 2036 4543 agro-

384 4571 516 4611 rum
549 4557 768 4614 ﬁnibus
800 4559 1059 4631 ponitur,
1091 4564 1149 4613 et
1176 4564 1240 4613 ut
1267 4559 1471 4630 Virgil.
1505 4561 1577 4615 de
1605 4564 1750 4615 Saxo
1784 4579 1798 4629 ;

788 4667 987 4729 Campo
1018 4665 1121 4729 qui
1143 4665 1277 4714 forte
1301 4666 1511 4729 jacebat

477 4726 649 4777 Limes
680 4743 807 4793 egro
838 4726 1063 4793 positus,
1095 4728 1241 4777 litem
1271 4726 1329 4778 ut
1366 4728 1690 4779 discerneret
1720 4730 1877 4780 arvis.

384 4829 453 4882 Et
486 4826 545 4882 in
579 4827 766 4898 Georg.
793 4846 811 4882 :

480 4934 589 5045 gae
619 4935 827 5046 sigpare
857 4933 1091 4998 quidem,
1120 4936 1212 4983 aut
1240 4934 1423 4998 partiri
1452 4934 1623 4986 limite
1651 4950 1899 5001 campum

522 5011 579 5045 as
604 5011 694 5046 era
724 5035 735 5046 .

522 5011 579 5045 88
604 5011 735 5047 erat.

454 5093 623 5149 Palas
678 5099 872 5149 autem
924 5094 1047 5151 loco
1106 5095 1366 5167 lapidum
1418 5102 1519 5153 aut
1567 5115 1840 5154 saxorum
1901 5097 2037 5171 poni

385 5184 765 5237 consuevisse
824 5184 1044 5239 indicat
1103 5202 1338 5250 nomen,
1377 5188 1564 5257 palen,
1617 5188 1885 5243 Flandris
1934 5205 2038 5259 pro

386 5286 661 5340 agrorum
699 5271 965 5327 terminis
997 5272 1300 5328 usitatum.
1324 5273 1425 5328 Vel
1459 5275 1667 5329 alludit
1694 5275 1934 5331 Tertull.
1966 5276 2037 5331 ad

388 5359 731 5416 dromonem
783 5362 904 5417 sive
951 5363 1208 5418 stadium
1260 5367 1557 5434 equestre;
1603 5364 1702 5418 ubi
1750 5365 2038 5421 terminus

387 5454 513 5506 erat
548 5450 647 5505 ubi
680 5457 911 5523 peracto
958 5470 1130 5508 cursu
1167 5452 1569 5524 quiescebant,
1601 5458 1657 5509 et
1688 5459 1843 5511 meta
1870 5457 2041 5528 palus

390 5544 517 5596 erat
547 5542 921 5597 acuminatus
954 5543 1012 5597 in
1045 5541 1218 5598 stadii
1254 5542 1368 5597 fine
1398 5542 1645 5613 positus,
1680 5546 1834 5601 circa
1864 5563 2037 5618 quem

388 5630 665 5704 glrabant
696 5648 957 5687 cursum.
977 5632 1075 5687 Est
1096 5632 1300 5703 igitur,
1319 5632 1475 5700 palos
1495 5635 1819 5691 terminales
1847 5636 2039 5707 ﬁgere.

406 5722 543 5774 ntra
580 5726 861 5791 angustos
892 5722 948 5775 et
977 5722 1167 5777 certos
1213 5718 1357 5775 ﬁnes
1386 5717 1641 5792 aliquem
1672 5721 2041 5791 concludere,

2137 584 2263 637 ceat
2292 581 2559 638 ulterius.

2136 689 2290 745 240
2328 690 2447 745 144.
2482 692 2542 746 In
2570 693 2783 761 partem
2832 706 2997 745 unam
3052 691 3390 757 incumbere,
3424 694 3565 747 tom.
3600 709 3655 761 ν,
3684 690 3785 748 lib.

2578 779 2606 817 e
2636 764 2853 828 Trinit.,
2888 780 3012 834 cep.
3041 764 3131 830 23,
3168 782 3224 819 n.
3259 765 3382 819 102.

2206 852 2521 924 Sumptum
2554 870 2585 909 a
2610 852 2839 921 militia,
2860 853 2961 908 ubi
2985 854 3043 908 in
3067 854 3334 910 dextrum
3360 853 3447 910 vel
3480 854 3787 910 sinistrum

2133 941 2290 999 latus
2339 945 2459 1000 sive
2508 962 2689 1001 cornu
2741 944 2861 1001 sive
2915 950 3139 1018 partem
3190 947 3411 1018 majore
3458 945 3681 1019 impetu
3731 951 3791 1002 et

2133 1033 2455 1105 pertinacia
2511 1051 2788 1092 conversa
2844 1036 3105 1108 undique
3164 1036 3331 1108 signa
3396 1036 3791 1092 inferentibus

2132 1123 2484 1180 adversariis
2540 1124 2925 1181 incumbitur.
2977 1126 3199 1191 Quibus
3258 1126 3498 1197 dejectis
3548 1130 3605 1181 et
3657 1124 3788 1182 loco

2135 1212 2427 1270 submotis
2460 1214 2733 1286 proclivis
2765 1214 2842 1272 sit
2875 1215 3367 1283 victoria.Caesar,
3397 1233 3439 1271 ιι
3470 1215 3583 1271 Bel.
3617 1216 3740 1272 Gal.
3768 1233 3788 1270 .-

2134 1303 2324 1359 Caesar
2352 1304 2421 1358 ad
2456 1304 2756 1359 dexterum
2791 1320 2972 1360 cornu
3022 1306 3318 1377 profectus
3367 1304 3467 1361 ubi
3518 1321 3658 1360 suos
3686 1321 3788 1359 ur-

2130 1392 2273 1463 geri,
2300 1397 2410 1448 etc.
2435 1392 2537 1449 His
2556 1394 2749 1451 verbis
2773 1410 2833 1450 se
2855 1394 3103 1468 explicat
3122 1397 3336 1451 Auctor
3356 1394 3456 1450 lib.
3474 1394 3540 1450 de
3561 1394 3788 1449 Trinit:

2129 1482 2562 1550 Inclinaverant,
2589 1483 2826 1552 trahere,
2856 1500 3135 1556 superare,
3171 1501 3297 1555 quis
3319 1502 3351 1540 a
3374 1482 3585 1539 militia
3607 1484 3790 1539 ducta

2130 1576 2289 1626 sunt.

2130 1678 2252 1733 145.
2288 1684 2498 1750 Pepone
2525 1681 2709 1750 magis
2737 1680 3000 1748 insulsus,
3029 1684 3173 1735 tom.
3208 1682 3308 1751 ΙΙΙ,
3329 1680 3429 1736 lib.
3454 1680 3526 1737 de
3555 1681 3785 1751 Anima,

2707 1768 2832 1825 cap.
2862 1754 2950 1820 32,
2985 1770 3044 1808 n.
3077 1754 3201 1807 387.

2199 1836 2433 1899 Πέπονες
2483 1839 2691 1895 molles
2740 1846 2797 1895 et
2846 1842 3044 1897 faciles
3091 1842 3388 1909 dicuntur,
3436 1840 3790 1912 metaphora

2127 1945 2161 1983 a
2192 1927 2442 1983 maturis
2487 1929 2775 1986 fructibus
2806 1931 3009 1999 ducta;
3041 1932 3128 1987 vel
3179 1932 3353 1987 etiam
3388 1948 3422 1986 a
3451 1931 3789 1986 cucumeri-

2126 2017 2262 2086 bus,
2294 2017 2392 2089 qui
2422 2034 2660 2089 pepones
2690 2020 2843 2089 quod
2881 2019 3247 2089 mollescant,
3280 2025 3357 2085 et,
3389 2019 3567 2075 simul
3600 2022 3785 2089 atque

2130 2108 2546 2177 maturuerint,
2603 2108 2969 2177 ﬂaccescant,
3018 2109 3408 2182 appellantur.
3442 2110 3582 2164 Inde
3623 2108 3729 2163 illa
3763 2125 3779 2165 :

2128 2193 2528 2259 Μαλακώτεθος
2582 2194 2812 2258 πέπονος
2859 2196 3043 2269 σύκου,
3091 2199 3307 2255 Mollior
3359 2198 3467 2268 ficu
3519 2205 3785 2259 matura;

2131 2285 2460 2359 ΙΙεπαίτερος
2514 2286 2737 2358 μώρων,
2789 2290 3060 2343 maturior
3106 2290 3299 2345 moris.
3331 2289 3401 2343 Et
3446 2285 3785 2344 convivium

2131 2375 2494 2449 proverbiale
2543 2392 2644 2447 per
2702 2374 3450 2447 translationem,7réaovee,
3504 2371 3785 2430 τουτέστιν

2133 2461 2334 2518 ἀπαλοί
2390 2462 2478 2517 καὶ
2539 2462 2794 2525 ἀσθενεῖς.
2828 2466 2931 2522 Est
2986 2472 3042 2521 et
3101 2466 3397 2523 interdum
3452 2466 3671 2521 blanda
3730 2470 3793 2520 et

2133 2554 2323 2609 amica
2380 2571 2506 2621 vox,
2556 2554 2622 2606 Ὦ
2680 2553 2875 2623 πέπον,
2924 2554 3166 2609 τουτέστι
3218 2552 3667 2632 προσφιλέστατε,
3723 2552 3789 2621 ἢ,

2133 2642 2520 2715 προσηνέτατε,
2567 2660 2601 2699 a
2650 2644 2899 2700 maturis
2955 2644 3320 2718 placidisque
3376 2644 3660 2715 moribus,
3692 2642 3793 2699 vel

2135 2734 2291 2805 quod
2319 2731 2385 2786 τὰ
2409 2731 2636 2801 πέπονα,
2660 2733 2771 2789 hoc
2795 2738 2904 2805 est,
2928 2734 3126 2791 mollia
3147 2740 3491 2807 matureque
3514 2750 3794 2790 amemus

2132 2839 2357 2881 omnes.

2133 2931 2257 2986 146.
2289 2931 2563 3001 Peponem
2612 2929 2791 2986 cordis
2845 2929 2962 2987 loco
3008 2930 3226 2999 habere,
3270 2935 3413 2986 tom.
3446 2930 3543 2998 ΙΙΙ,
3591 2928 3695 2985 lib.
3730 2946 3794 2985 IV

2523 3001 2647 3059 adv.
2679 3003 2870 3070 Mam,
2896 3020 3023 3075 cap.
3051 3005 3137 3073 40,
3172 3022 3231 3059 n.
3261 3004 3388 3059 666.

2202 3092 2527 3147 Videantur
2554 3091 2665 3148 hoc
2712 3091 2837 3148 loco
2886 3093 3145 3149 adnotat.
3179 3092 3439 3160 Pamelii,
3471 3096 3529 3148 et
3574 3092 3793 3148 Fevar-

2132 3180 2317 3236 dentii
2364 3181 2435 3236 ad
2484 3179 2627 3236 illud
2671 3182 2730 3236 Β.
2765 3182 2961 3237 Irenaei
3008 3182 3108 3237 lib.
3138 3200 3179 3249 ι,
3212 3199 3339 3255 cap.
3375 3183 3429 3250 3,
3462 3197 3626 3237 num.
3666 3182 3735 3234 10
3772 3198 3785 3236 :

2052 3250 2094 3318 (ἶ
2136 3270 2174 3327 0
2200 3285 2432 3342 pepones
2461 3269 2733 3342 sophista:
2754 3271 3190 3343 vituperabiles,
3223 3250 3425 3327 etvnon
3455 3271 3591 3338 viri;
3627 3271 3791 3341 quod

2134 3377 2203 3416 ex
2234 3360 2465 3415 Homer.
2495 3360 2656 3427 Iliad,
2691 3361 3067 3433 desumptum
3100 3366 3188 3417 est
3219 3378 3233 3417 :

2134 3454 2200 3502 Ὠ
2229 3448 2483 3518 πέπονες,
2533 3447 2655 3502 κάκ’
2700 3447 2930 3525 ἐλέγχε’,
2966 3447 3260 3525 Ἀχαιΐδες,
3308 3448 3406 3504 οὐκ
3453 3447 3522 3503 ἔτ’
3560 3449 3795 3523 Ἀχαιοὶ

2136 3540 2195 3595 id
2226 3542 2315 3595 est
2347 3556 2360 3595 :

2230 3648 2271 3759 ἓ
2299 3646 2507 3759 spolies,
2538 3647 2679 3697 mala
2708 3648 2923 3711 probra,
2957 3651 3011 3699 et
3040 3648 3336 3709 Achaidos,
3373 3647 3519 3699 haud
3549 3648 3695 3697 enim

2277 3725 2303 3759 c
2346 3724 2433 3759 1V1.

2277 3724 2433 3760 οων).

2141 3809 2305 3874 Quod
2335 3808 2538 3878 Virgil.
2572 3807 2838 3865 imitatus
2871 3825 2885 3866 :

2235 3916 2275 3964 Ο
2305 3929 2428 3965 vere
2459 3915 2721 3979 Phrygias,
2752 3929 2927 3980 neque
2960 3916 3100 3966 enim
3131 3916 3384 3981 Phryges.

2212 4022 2517 4095 Significat
2572 4023 2770 4095 itaque
2826 4025 3197 4096 proverbium
3233 4042 3245 4080 :
3277 4025 3581 4081 excordem
3638 4038 3799 4091 esse,

2142 4110 2229 4167 vel
2260 4112 2431 4167 corde
2486 4128 2615 4167 esse
2672 4112 2918 4169 insulso.
2951 4115 3012 4169 In
3067 4116 3237 4169 corde
3283 4114 3440 4170 enim
3498 4112 3806 4185 primariae

2145 4199 2322 4256 animi
2353 4200 2526 4255 vires.
2558 4200 2705 4255 Hinc
2751 4202 2996 4272 cordati,
3030 4204 3245 4275 quibus
3286 4220 3384 4259 cor
3432 4207 3586 4258 recte
3615 4202 3803 4257 affec-

2143 4295 2270 4346 tum
2322 4294 2411 4345 est
2466 4294 2523 4345 et
2579 4291 2911 4347 robustum.
2946 4293 3252 4361 Excordes,
3297 4292 3512 4364 quibus
3565 4294 3811 4364 peponis

2144 4379 2354 4446 instar,
2398 4378 2594 4451 molle,
2645 4382 2976 4453 ﬂaccidum,
3010 4383 3253 4437 minime
3299 4382 3482 4438 virile.
3513 4381 3659 4437 Vide
3691 4399 3809 4437 su-

2144 4486 2251 4542 pra
2278 4485 2291 4523 :
2319 4492 2347 4520 «
2379 4469 2692 4527 Cerebrum
2723 4470 2813 4529 vel
2844 4488 2944 4528 cor
2971 4488 3087 4527 non
3119 4472 3334 4529 habere
3358 4494 3386 4523 »
3415 4490 3428 4540 ;
3460 4475 3515 4527 et
3549 4489 3599 4527 τα
3632 4472 3809 4527 Cervi

2147 4559 2208 4614 in
2238 4559 2456 4631 proelio.
2484 4580 2514 4609 »

2068 4624 2113 4690 Β
2150 4667 2271 4721 147.
2302 4672 2605 4724 Personam
2653 4686 2833 4741 agere,
2879 4674 3020 4725 tom.
3056 4670 3156 4736 ΙΙΙ,
3191 4669 3290 4725 lib.
3325 4685 3389 4725 ιιι
3436 4668 3559 4725 adv.
3595 4673 3809 4739 Mora,

2736 4759 2862 4813 cap.
2900 4744 2985 4810 11,
3020 4759 3076 4797 n.
3108 4742 3197 4798 77.

2215 4828 2345 4885 Vidi
2379 4828 2532 4884 infra
2565 4846 2577 4885 :
2614 4830 2811 4887 Senam
2855 4832 3160 4888 decurrere.
3194 4837 3459 4898 Persona,
3508 4847 3614 4905 pro
3663 4846 3813 4889 mu-

2146 4934 2283 4974 nere
2340 4918 2460 4975 sive
2516 4922 2803 4991 partibus.
2854 4922 3037 4979 Cicer.
3071 4940 3084 4978 :
3116 4921 3231 4978 Has
3282 4926 3476 4994 partes
3536 4922 3814 4981 lenitatis

2146 5024 2379 5080 semper
2408 5008 2520 5080 egi,
2540 5008 2700 5066 illam
2724 5011 3026 5083 gravitatis
3055 5026 3347 5083 personam
3374 5028 3487 5067 non
3521 5014 3811 5084 appetivi.

2146 5098 2234 5152 Ab
2290 5097 2645 5156 histrionum
2703 5118 2974 5174 persona.
3019 5102 3315 5157 Hersonam
3370 5118 3590 5174 gerere,
3622 5108 3816 5176 tueri,

2148 5188 2459 5257 sustinere,
2494 5206 2685 5262 agere,
2718 5192 2791 5247 ab
2830 5190 3191 5248 histrionicis
3222 5191 3581 5249 auctoribus.

2222 5297 2342 5351 148.
2375 5297 2655 5369 Physcone
2704 5301 2995 5426 impurizr,
3046 5304 3189 5427 to7ns.
3226 5301 3272 5372 Ι,
3307 5300 3409 5355 lib.
3443 5301 3507 5357 de
3547 5302 3729 5370 Pall.,

2750 5389 2881 5427 can.
2954 5415 2967 5427 .
3004 5389 3063 5427 n.
3174 5412 3188 5426 .

2750 5389 2881 5444 cap.
2914 5389 2967 5439 4,
3004 5389 3063 5427 n.
3106 5389 3188 5427 ιυ.

2219 5456 2299 5513 De
2330 5457 2566 5515 homine
2605 5460 2706 5532 qui
2755 5478 2818 5517 se
2868 5462 2929 5517 in
2973 5479 3146 5518 omne
3192 5460 3366 5518 luxus
3412 5462 3820 5538 libidinisque

2149 5562 2334 5618 genus
2395 5546 2736 5621 ingurgitat.
2768 5550 2901 5607 Fuit
2948 5551 3102 5607 enim
3150 5552 3498 5608 Ptolemaeus
3546 5554 3819 5628 Physcon

2149 5652 2273 5703 vm,
2304 5637 2529 5708 Egypti
2573 5655 2693 5707 rex,
2717 5640 2817 5712 qui
2848 5656 2982 5697 cum
3011 5641 3243 5714 Cyrenes
3273 5640 3589 5714 imperaret
3633 5645 3823 5704 fratri

2151 5723 2434 5796 Evergetaa
2463 5725 2738 5786 defuncto
2781 5729 3086 5802 successit,
3119 5730 3216 5803 qui
3249 5744 3430 5803 supra
3474 5730 3819 5794 belluinam
