4072 6190
277 311 382 371 289

1439 302 2039 366 PROVERBIALES
2086 306 2512 371 FORMULIE.

3560 336 3678 395 290

272 440 559 498 libidinem
589 443 651 496 et
680 440 834 538 341.
859 437 1269 538 crudelitatem
1303 437 1451 537 (quas
1474 434 1733 538 facinora
1755 450 1915 538 ‘com-
1942 438 1999 505 Α
2028 436 2181 538 Quas,
2210 438 2295 538 uti
2325 439 2827 538 'l‘ertullianicum,
2860 454 3301 522 proverbialiter
3332 461 3513 535 accipi
3543 481 3679 538 pos'

272 536 550 588 memorat
568 530 787 585 Justin.
821 528 1174 599 lib.r.xxx1u)
1207 525 1414 598 sagina
1442 525 1686 589 ventris,
1718 527 1774 580 et
1794 541 1917 580 cor-

268 621 407 695 poris
439 619 762 691 vultusque
802 618 1173 675 deformitate
1218 616 1429 672 belluas
1464 631 1640 685 quam
1689 614 1915 669 homini

267 710 525 768 similior.
560 710 697 773 Quae
727 709 959 764 fceditas
990 708 1049 763 in
1082 724 1147 763 eo
1180 705 1485 778 pellucidae
1514 704 1694 760 vestis
1726 704 1914 760 subti-

265 802 431 866 litate,
464 799 639 871 quasi
666 800 734 855 de
764 798 1076 867 industria,
1110 796 1233 853 sive
1264 794 1461 867 potius
1510 810 1579 849 ex
1625 793 1915 867 intempe-

269 890 445 946 rantia
500 890 846 960 augebatur,
888 887 1105 943 infame
1148 886 1446 958 Physconis
1493 900 1705 939 nomen
1757 900 1825 938 ex
1855 900 1916 939 re

264 978 407 1050 tulit,
438 979 611 1051 quasi
641 978 953 1034 ventricosi
1010 981 1067 1031 et
1114 974 1420 1047 aquarioli,
1448 978 1684 1046 propter
1731 974 1914 1029 abdo-

266 1068 433 1124 minis
464 1066 756 1123 studium.
812 1063 1037 1117 Φύσιιων
1079 1064 1237 1120 enim
1284 1063 1312 1116 ὁ
1360 1062 1605 1138 γάστρων
1643 1059 1677 1129 ἢ
1709 1059 1914 1137 παχὺς,

264 1157 357 1211 ἀπὸ
415 1158 519 1225 τῆς
578 1153 787 1229 φύσκης
840 1156 996 1226 quod
1052 1157 1163 1223 est,
1223 1153 1571 1210 intestinum
1631 1167 1911 1208 crassum.

263 1246 355 1303 Cui
380 1250 443 1301 et
472 1244 709 1301 Persius
742 1244 823 1299 ait
855 1260 870 1299 :

341 1361 569 1424 Pinguis
601 1358 933 1423 aqualiculus
977 1371 1246 1423 propenso
1279 1356 1598 1422 sesquipede
1630 1358 1819 1406 exstat.

260 1469 372 1524 149.
410 1469 609 1540 Plagae
640 1482 947 1534 occurrere,
972 1470 1115 1593 toga.
1140 1466 1448 1592 Illégcorp.
1482 1464 1912 1533 advers.Gnost.,

864 1554 991 1593 can.
1070 1580 1083 1593 .
1117 1555 1176 1593 n.
1296 1580 1307 1592 .

864 1555 1083 1594 can.:x
1117 1555 1176 1594 n.
1217 1555 1307 1592 60.

979 1579 991 1593 .
1070 1580 1083 1605 ,
1117 1555 1176 1594 n.
1217 1554 1307 1592 eo.

314 1632 637 1702 Sumptum
660 1645 695 1683 a
716 1554 1166 1701 gladﬁtigriZus,
1192 1627 1293 1699 qui
1315 1626 1403 1682 vel
1427 1626 1745 1682 adversarii
1769 1624 1914 1697 peti-

258 1720 476 1775 tionem
510 1718 774 1791 corporis
791 1716 1179 1773 declinatione
1201 1716 1508 1789 effugiunt,
1530 1715 1618 1771 vel
1645 1715 1915 1787 parmula

2026 532 2185 582 sunt.
2216 527 2585 589 Contrarium
2617 538 2726 591 erit
2755 556 2824 594 ex
2846 542 3050 598 eodem
3081 544 3182 600 lib.
3219 563 3231 601 :

2089 634 2310 684 Labitur
2337 638 2443 687 alta
2476 654 2679 705 secans,
2712 646 2985 713 fluctuque
3015 656 3256 717 aestuque
3292 661 3547 711 secundo.

2099 734 2250 833 2ί12
2284 738 2465 793 AEstns
2507 747 2709 836 autem
2752 746 3068 818 aliquando
3099 754 3386 827 accipitur
3417 777 3519 831 pro
3550 763 3679 836 ipsa

2026 824 2207 879 maris
2240 829 2555 886 crescentis
2592 833 3097 911 deorescentisque
3128 824 3537 919 commotione,
3569 824 3679 910 boc

2025 918 2133 983 est,
2168 930 2405 973 accessu
2436 918 2556 975 sive
2585 921 2962 1000 incremento,
2996 931 3083 986 vel
3114 949 3348 991 recessu
3375 939 3497 995 sive
3524 918 3679 999 Vreci-

2024 1006 2379 1108 procatio‘ne.
2411 1010 2741 1108 aliquando
2773 1034 2874 1108 pro
2907 1037 3083 1078 arena
3111 1024 3212 1083 illa
3240 1026 3525 1105 instabili,
3548 1052 3674 1108 quae

2025 1094 2298 1153 absorbet
2325 1103 2385 1154 et
2411 1099 2609 1157 haurit
2639 1107 2857 1162 omnia.
2892 1110 3097 1184 Virgil.
3136 1132 3149 1172 :

2334 1206 2482 1257 Furit
2512 1209 2659 1258 eslus
2688 1214 2944 1267 arenis....

2024 1280 2140 1336 Et:

2332 1375 2479 1424 zEstu
2506 1379 2799 1431 miscentur
2827 1397 3021 1435 arenas.

2023 1468 2243 1567 similis
2270 1470 2415 1529 illa:
2454 1474 2678 1533 Haerere
2721 1480 2780 1534 in
2830 1482 3039 1540 iisdem
3094 1492 3372 1565 scopulis,
3409 1497 3469 1553 in
3501 1518 3675 1573 aqua,

2025 1558 2084 1654 in
2114 1561 2280 1654 vado,
2312 1561 2373 1617 in
2405 1564 2652 1622 salebra.
2680 1568 3031 1643 Metaphorm
3066 1594 3098 1632 a
3134 1558 3675 1654 navigantibus‘du:

2024 1652 2149 1718 etas,
2184 1650 2286 1722 qui
2310 1654 2455 1708 vado
2484 1654 2639 1711 illisa
2671 1660 2801 1714 navi
2834 1677 3074 1720 cursum
3105 1650 3446 1731 institutum
3476 1681 3672 1738 tenere

2024 1754 2138 1832 non
2169 1747 2438 1832 possunt.
2474 1744 2565 1799 Sic
2597 1746 2737 1802 dum
2772 1750 2934 1806 navis
2964 1758 3100 1811 (astu
3132 1760 3425 1832 reciproco
3457 1767 3571 1823 huc
3618 1776 3676 1827 et

254 1808 569 1928 elxcipiunt,
597 1811 663 1862 ut
694 1808 773 1863 sit
803 1807 1021 1928 frustra
1049 1806 1490 1928 conaﬁuzﬂide
1521 1822 1708 1928 supra,
1732 1824 1750 1860 :
1844 1806 1908 1860 In
1940 1819 1988 1884 Β
2020 1806 2531 1901 ίιιυο’ίωρθ11ίιυιι,
2564 1850 2750 1906 neque
2789 1843 3059 1912 progredi
3092 1806 3425 1921 potest”;
3445 1806 3673 1928 gignit:

258 1898 428 1928 n:nrn
466 1897 647 1928 ἶημςηη
683 1896 843 1928 anna;
894 1911 1055 1928 nn-nn
1114 1916 1141 1928 u
1321 1911 1406 1928 ann
1459 1911 1552 1928 nn“
1585 1912 1646 1928 νη
1711 1911 1832 1928 Anon
1892 1911 1905 1923 ο
2093 1922 2101 1928 .
2455 1922 2467 1928 -
2579 1927 2588 1928 ,

256 1897 432 1953 alium
466 1897 651 1952 iclum
682 1896 1077 1952 considerare.
1113 1916 1142 1945 ››
1176 1900 1237 1950 Β.
1274 1895 1420 1949 Hier.
1456 1900 1649 1951 contra
1677 1896 1856 1951 Jovin.
1891 1911 1905 1952 :

260 2008 280 2037 ι
306 1986 488 2052 Quasi
518 1986 591 2041 de
634 1985 758 2041 loco
804 1985 1075 2040 videmur
1103 1985 1323 2052 cedere,
1374 1988 1430 2040 et
1462 1984 1793 2040 adversario
1824 1984 1905 2040 fe-

256 2076 439 2131 riendi
472 2075 841 2131 occasionem
885 2074 1045 2131 dare.
1086 2095 1116 2125 »
1157 2074 1226 2129 Et
1263 2099 1279 2138 ;
1331 2095 1359 2125 «
1409 2074 1642 2129 Directa
1683 2072 1908 2145 spicula

257 2164 453 2238 clypeo
485 2164 748 2220 refellere
768 2164 1051 2221 veritatis.
1088 2183 1111 2215 ι

260 2274 367 2328 150.
416 2270 708 2329 Plaudere
753 2272 818 2327 in
858 2271 1065 2339 sinum,
1112 2273 1253 2326 tom.
1303 2269 1373 2341 V,
1416 2269 1520 2327 lib.
1570 2271 1634 2326 de
1688 2271 1905 2343 Pudic.,

861 2360 989 2415 cap.
1030 2345 1085 2410 9,
1118 2360 1176 2398 n.
1207 2344 1296 2399 42.

318 2458 344 2484 «
377 2435 447 2491 Si
470 2450 589 2505 qua
610 2432 772 2489 vobis
802 2432 1069 2506 exempla
1087 2432 1147 2486 in
1170 2432 1368 2488 sinum
1392 2431 1677 2504 plaudent
1710 2449 1722 2488 :
1750 2454 1771 2481 ι
1797 2432 1907 2489 hoc

256 2528 353 2593 est,
385 2528 516 2578 tam
550 2526 718 2593 grata
746 2522 910 2577 vobis
940 2520 1230 2589 accidant,
1264 2537 1391 2591 quas
1433 2519 1811 2575 informatam
1844 2520 1905 2575 in

253 2613 460 2668 animis
490 2611 706 2667 vestris
736 2610 1074 2682 opinionem
1104 2610 1415 2665 videantur
1444 2609 1810 2680 confirmare,
1843 2614 1908 2665 ut

250 2700 373 2756 inde
398 2702 647 2755 tacitam
680 2700 835 2771 apud
858 2715 959 2756 vos
979 2698 1341 2771 voluptatem
1372 2698 1664 2765 sentiatis,
1686 2702 1903 2754 vestro-

251 2807 350 2862 que
398 2789 640 2847 aﬂ'ectui
687 2788 1060 2860 indulgeatis.
1108 2789 1281 2860 Apud
1338 2788 1567 2844 Homer.
1602 2789 1690 2844 ’Ev
1716 2789 1904 2860 ιθυμῴ

252 2879 483 2954 χαίρειν.
518 2878 644 2935 Tib.
678 2900 707 2929 ‹‹
740 2880 800 2933 In
828 2879 1001 2934 tacito
1030 2877 1282 2949 gaudere
1320 2876 1475 2933 sinu.
1517 2898 1538 2927 ιι

402 2988 531 3041 151.
567 2985 839 3042 Plaudere
864 2987 1033 3058 parti,
1064 2985 1203 3043 ibid.
1243 3001 1372 3056 cap.
1406 2986 1493 3055 16,
1528 3002 1584 3039 n.
1622 2986 1741 3042 160.

314 3076 555 3148 Legitur
587 3075 743 3147 apud
774 3072 1019 3129 Tertull.
1056 3090 1069 3131 ε
1100 3095 1128 3124 ‹‹
1160 3075 1411 3130 Diversae
1438 3074 1589 3146 parti
1622 3072 1903 3146 supplau-

251 3163 397 3233 dere,
432 3163 524 3219 vel
556 3162 973 3234 subplaudere,
1016 3184 1044 3211 »
1095 3163 1266 3236 quasi
1318 3162 1626 3236 suffragari
1658 3168 1715 3219 et
1763 3166 1901 3219 sub-
1936 3194 1978 3262 ρ

248 3253 500 3308 scribere
553 3252 801 3309 aliorum
851 3252 1171 3309 sententiae.
1240 3252 1320 3309 Ab
1379 3253 1451 3309 iis
1500 3253 1601 3325 qui
1654 3254 1899 3326 pedibus

244 3343 556 3415 strepitum
591 3342 799 3409 edunt,
827 3341 919 3398 vel
948 3357 1229 3398 manuum
1265 3342 1661 3414 complosione
1691 3360 1899 3416 appro-

238 3430 391 3488 bant.
427 3432 631 3488 Cicero
667 3449 681 3489 :
717 3453 747 3485 α
776 3432 992 3489 Pedem
1043 3447 1216 3488 nemo
1256 3432 1317 3486 in
1364 3431 1466 3489 illo
1508 3432 1732 3502 judicio
1764 3450 1900 3506 sup-

242 3519 479 3591 plausit.
514 3543 545 3571 )›

243 3627 353 3682 151.
401 3628 703 3701 Polycrate
750 3629 988 3700 felicior,
1039 3632 1183 3756 tppg.
1238 3630 1279 3696 Ι,
1320 3628 1576 3702 Apolog.,
1625 3648 1753 3704 cap.
1808 3633 1892 3704 11,

952 3718 1012 3756 n.
1171 3740 1183 3753 .

952 3718 1012 3756 n.
1062 3718 1183 3756 116.

308 3789 661 3863 Polycrates,
717 3790 874 3846 Sami
921 3794 1230 3865 tyrannus,
1270 3808 1483 3850 aureus
1512 3793 1759 3851 fortuna:
1790 3794 1895 3851 fce-

240 3879 346 3948 tus,
369 3879 469 3935 cui
503 3880 577 3934 ad
608 3883 821 3935 nutum
852 3880 1327 3955 voluntatemque
1357 3883 1556 3939 omnia
1578 3883 1891 3941 fluxerunt.

236 3969 334 4022 Sed
366 3969 469 4040 qui
506 3974 703 4024 tamen
735 3986 1084 4043 prosperum
1116 3973 1187 4028 ad
1221 3973 1500 4029 invidiam
1547 3990 1735 4046 usque
1763 3976 1892 4032 vitae

236 4070 471 4113 cursum
504 4058 828 4115 miserabili
858 4060 1013 4116 exitu
1047 4061 1107 4116 in
1136 4062 1485 4135 Mycalensis
1519 4066 1738 4122 montis
1766 4084 1890 4123 ver-

235 4144 337 4200 tice
386 4163 569 4204 cruce
617 4148 865 4205 suffixus
915 4151 1225 4208 conclusit.
1283 4152 1410 4208 Val.
1458 4157 1607 4210 Max.
1655 4154 1759 4212 lib.
1810 4173 1886 4229 v1,

235 4249 352 4307 cap.
393 4240 483 4292 11.

609 4328 732 4384 153.
765 4330 1020 4402 Pompeio
1048 4332 1359 4399 sublimior,
1386 4334 1520 4389 ibid.

297 4431 561 4518 Pompeii
610 4434 869 4507 elogium
918 4437 1101 4495 habes
1147 4441 1304 4512 apud
1352 4440 1529 4497 Cicer.
1595 4444 1744 4501 Orat.
1788 4462 1887 4518 pro

233 4520 348 4591 Leg.
384 4517 581 4579 Manil.
609 4542 632 4588 ;
665 4527 820 4597 apud
848 4526 997 4581 Plin.
1028 4527 1131 4583 lib.
1157 4546 1254 4596 vn,
1288 4534 1409 4586 toto
1443 4548 1569 4603 cap.
1593 4534 1682 4601 26,
1716 4552 1748 4588 a
1771 4551 1884 4606 quo

232 4608 307 4663 ait
336 4626 454 4666 non
492 4614 667 4669 modo
718 4614 1033 4671 Alexandri
1064 4617 1258 4690 Magni
1291 4635 1483 4675 rerum
1513 4620 1887 4693 splendorem

232 4706 547 4770 aequatum,
608 4703 711 4758 sed
771 4704 947 4760 etiam
1009 4706 1268 4762 Herculis
1319 4726 1497 4781 prope
1556 4728 1621 4766 ac
1682 4712 1886 4769 Liberi.

230 4785 694 4861 Cognomentum
744 4793 935 4866 Magni
987 4811 1120 4850 cum
1170 4796 1494 4855 Alexandro
1554 4818 1883 4874 commune,

228 4891 598 4937 communem
631 4898 865 4955 quoque
906 4882 1287 4941 sublimitatis
1328 4886 1563 4945 titulum
1597 4892 1775 4947 dedit.

231 4983 341 5039 154.
373 4988 439 5042 In
484 4991 644 5061 ponti
686 4992 1049 5068 tesla_medio
1099 4993 1327 5062 haerere,
1380 4999 1524 5053 tom.
1576 4999 1672 5068 III,
1716 4998 1815 5057 lib.
1865 5020 1884 5056 ι

640 5064 766 5117 adv.
799 5063 989 5135 illam,
1027 5082 1154 5138 cap.
1187 5068 1241 5134 7,
1275 5085 1333 5123 n.
1367 5069 1457 5125 50.

292 5144 565 5217 Vigilius,
603 5150 705 5206 lib.
737 5168 775 5205 v
807 5170 821 5208 :

278 5255 429 5316 Sayis
456 5258 510 5306 in
541 5261 989 5322 procurrentibus
1022 5262 1195 5313 haesit.

228 5345 334 5404 Et:

278 5446 337 5497 1n
368 5452 590 5514 scopulo
620 5455 914 5508 luctantem
946 5458 1305 5526 brevibusque
1340 5464 1505 5517 vadis.

222 5554 418 5613 Etlib.
464 5575 543 5617 x:

279 5655 511 5711 [afﬂicta
537 5663 688 5714 vadis
717 5664 878 5716 dorso
910 5666 1037 5717 dum
1072 5666 1271 5730 pendet
1300 5668 1504 5734 iniquo,

2019 1922 2185 1973 cetur
2245 1922 2508 2020 proverb.
2568 1927 2637 1979 Se
2708 1942 2821 1983 non
2874 1932 3159 1991 extricare
3210 1944 3314 1996 aut
3378 1922 3669 2020 expedire,

2018 2024 2135 2062 non
2194 2010 2530 2067 satisfacere
2588 2021 2955 2088 argumento,
3020 2024 3121 2080 sed
3196 2030 3399 2088 eodem
3451 2010 3670 2094 relabi:

2017 2097 2163 2153 Vide
2195 2116 2208 2154 :
2243 2120 2273 2149 «
2308 2099 2546 2159 Fluctus
2577 2104 2873 2179 utrinque.
2907 2132 2937 2161 ι)

2018 2224 2138 2278 155.
2171 2226 2234 2282 In
2259 2233 2671 2315 praerumptum
2702 2232 3000 2315 impongfe.
3035 2243 3173 2297 tom.
3210 2245 3301 2315 III,
3335 2246 3438 2304 lib.
3461 2268 3517 2307 ιν
3546 2253 3666 2311 adv.

2474 2302 2665 2373 Mam,
2702 2302 2832 2379 cap,
2875 2309 2964 2378 37,
2999 2328 3057 2366 n.
3089 2315 3215 2370 607.

2088 2406 2476 2502 Praeruptum,
2508 2411 2893 2499 substantive,
2937 2422 2992 2472 et
3021 2419 3336 2494 abruptum
3369 2428 3656 2502 quidquid

2016 2491 2201 2591 altum
2253 2498 2318 2591 et.
2358 2513 2633 2591 praeceps,
2686 2496 2826 2558 saxa
2848 2491 3263 2579 prxruptafet
3315 2491 3485 2574 mons
3516 2491 3668 2591 pra:-

2015 2586 2238 2677 ruptas,
2268 2584 2442 2641 altus.
2468 2587 2616 2677 Plin.
2687 2591 2899 2649 Graecis
2956 2595 3018 2648 τὸ
3078 2597 3455 2677 ἀπόκρημνον,
3518 2584 3671 2667 unde

2016 2671 2268 2746 proclive
2314 2675 2724 2748 praecipitium.
2778 2682 3040 2755 Explicat
3083 2704 3145 2744 se
3199 2671 3595 2755 Tertulli'anus
3657 2719 3670 2757 :

2017 2761 2289 2818 «Sciens
2346 2780 2604 2836 princeps
2654 2767 2839 2826 ituros
2896 2771 3189 2847 homines,
3242 2780 3368 2851 ipse
3422 2785 3551 2842 illos
3612 2789 3670 2844 in

2015 2854 2375 2922 praeruptum
2421 2851 2742 2945 imposuit:
2789 2880 2817 2907 «
2850 2864 2915 2915 ut
2945 2862 3023 2917 sit
3073 2881 3086 2919 :
3137 2868 3347 2937 Aperte
3407 2875 3671 2945 periculo

2013 2955 2320 3010 exponere,
2369 2956 2475 2996 nec
2520 2944 2665 2998 satis
2712 2948 2967 3016 provide,
3020 2969 3091 3008 ne
3130 2957 3268 3026 quid
3327 2944 3468 3016 mali
3526 2982 3666 3020 con-

2013 3028 2219 3097 tingat,
2252 3029 2396 3084 utsi
2426 3030 2651 3086 homini
2684 3051 2854 3092 avaro
2904 3044 2962 3095 et
3011 3041 3125 3097 furi
3173 3048 3429 3115 pecuniae
3472 3053 3664 3110 admi-

2014 3117 2280 3214 nistrat-io
2312 3120 2741 3214 committatur,
2784 3127 3138 3188 adolescenti
3188 3134 3439 3196 libinoso
3487 3145 3663 3214 pudi-

2020 3205 2153 3262 citia
2181 3207 2499 3279 virginum.

2012 3325 2133 3381 156.
2163 3327 2515 3397 Profundum
2545 3328 2946 3421 inenarrabile,
2981 3338 3125 3421 tam.
3159 3339 3231 3412 ΙΙ,
3262 3339 3366 3399 lib.
3398 3345 3473 3402 de
3498 3348 3660 3421 Idol.,

2569 3418 2696 3474 cap.
2731 3403 2859 3475 ult.,
2895 3423 2951 3474 n,
2986 3409 3106 3464 169.

2080 3506 2186 3570 Qui
2219 3505 2353 3561 navi
2384 3508 2615 3564 excussi
2648 3510 2706 3565 in
2750 3513 2930 3571 maris
2974 3517 3334 3588 profundum
3383 3524 3663 3584 delabun-

2009 3597 2126 3660 tur,
2157 3596 2455 3652 natatione
2483 3597 2578 3652 vix
2626 3615 2889 3672 unquam
2935 3613 3242 3679 emergunt
3290 3612 3361 3668 de
3400 3615 3657 3686 periculo

2006 3682 2343 3773 ineluctabi.
2371 3685 2510 3741 Vide
2542 3691 3012 3763 Hypobrychium,
3036 3700 3093 3751 et
3121 3682 3660 3773 Naufragiamﬁon-

2003 3772 2251 3828 trarium
2282 3773 2393 3829 erit
2420 3773 2567 3831 illud
2596 3777 2801 3851 Virgil.
2835 3779 2936 3837 lib.
2969 3801 3002 3839 v
3028 3802 3040 3840 :

2251 3882 2441 3933 Fundo
2475 3884 2564 3932 vix
2593 3885 2814 3938 tandem
2843 3890 3086 3943 redditus
3114 3895 3221 3946 imo
3258 3904 3376 3962 est;

2002 3982 2060 4034 et
2090 3978 2191 4035 lib.
2218 3996 2277 4035 vr
2326 3996 2340 4034 :

2248 4087 2523 4137 Adnabam
2552 4093 2723 4149 terrae,
2756 4096 2810 4143 et
2831 4093 2942 4158 jam
2967 4100 3083 4148 tuta
3110 4102 3379 4153 tenebam.

2002 4202 2122 4258 157.
2146 4201 2224 4257 Ad
2245 4201 2471 4273 regulas
2486 4205 2809 4297 perducere,
2835 4213 3101 4297 tom.._I‘lI,
3130 4214 3231 4271 lib.
3256 4235 3274 4273 ι
3296 4220 3419 4278 adv.
3449 4226 3650 4297 Mam,

2569 4294 2697 4351 cap.
2730 4281 2824 4349 22,
2856 4301 2914 4339 n.
2951 4286 3075 4340 153.

2070 4381 2312 4456 Regula,
2345 4382 2491 4439 alias
2540 4402 2767 4457 norma,
2802 4394 2891 4446 est
2936 4391 3400 4455 instrumentum
3450 4402 3656 4463 fabrile

1997 4487 2112 4543 quo
2144 4476 2453 4527 structurae
2484 4474 2940 4549 longitudinem,
2980 4500 3056 4539 an
3106 4489 3481 4561 respondeat,
3533 4496 3653 4550 exi-

1918 4575 1965 4642 Β
1996 4565 2143 4633 gunt
2174 4562 2341 4630 fabri,
2374 4566 2430 4618 et
2462 4563 2648 4619 utitur
2696 4568 2938 4626 Tertull.
2972 4574 3145 4629 verbo
3180 4576 3373 4633 fabrili
3416 4582 3488 4636 ad
3520 4600 3651 4641 exa-

2002 4648 2342 4739 minandam
2390 4651 2491 4706 Dei
2539 4653 2886 4713 bonitatem.
2929 4661 3073 4717 Hinc
3124 4662 3223 4720 illa
3260 4684 3272 4719 :
3307 4672 3517 4739 Regula
3565 4690 3624 4729 re

2000 4738 2181 4805 otior,
2248 4740 2486 4797 Amussi
2543 4744 2842 4816 exactior,
2923 4750 2993 4805 ad
3054 4738 3537 4824 perpendiculum
3597 4768 3655 4820 et

1998 4826 2307 4882 amussim.
2359 4833 2500 4884 Rem
2551 4832 2864 4905 diligenter
2894 4842 3242 4913 expendere,
3278 4848 3342 4900 ut
3373 4850 3652 4907 omnibus

1997 4916 2122 4971 suis
2154 4916 2417 4987 partibus
2449 4923 2830 4997 numerisque
2869 4928 3137 4986 absolute
3169 4936 3473 4992 tractetur.

1998 5034 2119 5089 158.
2177 5032 2561 5107 Sardanapalo
2617 5039 2871 5129 mollipr,
2924 5049 3072 5129 tom.
3123 5050 3165 5119 Ι,
3219 5048 3321 5106 lib.
3372 5053 3439 5111 de
3483 5057 3653 5129 Pall.,

2610 5126 2736 5182 cap.
2772 5114 2822 5185 4,
2858 5132 2893 5169 n
2924 5118 3021 5171 79.

2062 5221 2498 5313 Sardanapalus
2547 5231 2881 5298 postremus
2930 5235 3300 5309 Assyriorum
3334 5256 3452 5313 rex,
3481 5267 3510 5295 «
3542 5246 3648 5305 Vir

1992 5310 2238 5368 muliere
2267 5316 2618 5388 corruptior,
2653 5341 2681 5369 »
2730 5320 2923 5396 inquit
2968 5329 3121 5384 Just.
3158 5328 3263 5385 lib.
3297 5347 3337 5398 ι,
3369 5310 3468 5404 qui
3500 5336 3653 5395 inter

1991 5405 2569 5500 scortorum-greges
2616 5408 2911 5483 inventus,
2950 5434 3272 5491 purpuram
3321 5421 3446 5479 colo
3493 5444 3648 5500 nere,

1990 5494 2046 5582 et
2077 5489 2350 5582 muliebri
2380 5492 2603 5568 habitu,
2637 5516 2769 5557 cum
2818 5489 3083 5563 mollitia
3113 5511 3374 5582 corporis
3423 5517 3481 5568 et
3507 5489 3645 5569 ocu;

1988 5579 2181 5673 lorum
2210 5578 2452 5640 lascivia
2482 5602 2685 5647 omnes
2715 5592 2966 5652 feminas
2990 5578 3255 5669 anteiret,
3286 5617 3469 5673 pensa
3496 5600 3651 5659 inter

1985 5669 2242 5741 virgines
2260 5673 2482 5743 partiri,
2509 5677 2649 5735 adeo
2674 5686 2736 5737 ut
2757 5684 2885 5754 ejus
2909 5704 3230 5759 cognomen
3261 5669 3331 5744 ob
3348 5688 3643 5763 insignem
