4088 6192
52 5310 59 5321 Ι

26 5768 35 5789 9

32 5882 47 5895 ι

58 5966 69 5975 ι

40 5992 47 6001 δ

417 359 533 420 291

1497 341 1603 402 EX
1643 333 2171 400 TERTULLIANI
2215 326 2756 392 APOLOGETICO

3708 320 3826 381 292

415 488 721 549 mollitiem
751 485 812 542 in
859 478 1229 556 proverbium
1278 473 1489 532 abierit
1529 472 1685 545 apud
1737 468 1967 527 Graece
1998 467 2056 523 et
2083 462 2291 531 A162.
2346 460 2545 533 Scytha
2591 460 3001 556 tetriorLt‘on‘i.
3040 453 3291 556 Iilhlib.
3355 472 3389 521 ι,
3438 454 3562 510 adv.
3614 451 3816 521 Marc.,

417 585 674 644 Latinos.

413 696 533 752 159.
555 696 785 749 Scenam
814 683 1095 752 decurrere
1132 685 1185 732 et
1232 673 1526 752 destillare,
1556 673 1701 752 tom.
1734 667 1830 735 III,
1862 665 1945 721 1b.
1980 680 2068 735 ru,

837 754 959 809 αλυ.
992 750 1177 819 illam,
1211 763 1337 818 cap.
1374 746 1462 812 11,
1498 760 1555 799 n.
1588 743 1643 797 7.

484 858 691 916 Scena,
722 843 951 919 proprie
983 842 1112 896 fons
1143 835 1376 903 theatri,
1398 833 1564 889 locus
1588 830 1867 886 nimirum
1907 828 2077 919 Acte-

414 967 569 1014 rum,
823 914 1159 988 obstructus
1217 919 1711 998 peripetasmatis,
1760 935 1789 974 e
1848 932 1963 988 quo
2012 914 2071 968 in

686 1046 783 1086 um
821 1022 1007 1081 acturi
1058 1016 1374 1073 histriones
1412 1010 1746 1084 prodibant.
1780 1008 2078 1086 Frequenf

414 1052 783 1118 proscenium
821 1052 1007 1081 actu”
1058 1052 1374 1073 μιουιιυμν..
1412 1052 1746 1084 νωμωη..
1780 1052 1802 1063 -
1827 1052 2066 1093 “1---.

414 1141 504 1189 ter
532 1145 632 1194 pro
659 1126 787 1194 ipsa
814 1112 1031 1181 fabula,
1055 1105 1352 1179 tragoedia,
1377 1105 1478 1159 aut
1499 1097 1802 1157 commdia.
1836 1093 2066 1167 Virgil.‘

414 1141 504 1189 ter
530 1145 632 1202 pro
659 1126 673 1178 i

507 1242 684 1297 Scenis
714 1237 944 1301 agitatus
974 1229 1186 1277 Orestes
1208 1240 1220 1285 ;

411 1359 471 1413 id
502 1358 610 1422 est,
640 1341 940 1418 tragoediis
970 1333 1321 1392 ccelebratus
1353 1330 1410 1384 et
1439 1326 1773 1396 frequenter
1803 1323 1989 1378 actus.

481 1444 679 1501 Horat.
714 1453 729 1491 ι

566 1560 733 1615 Quam
764 1561 874 1598 non
904 1541 1156 1593 adstricto
1194 1535 1471 1599 percurrat
1501 1529 1712 1593 pulpita
1732 1537 1904 1577 socco:

486 1663 711 1737 Pulpita
760 1671 864 1729 pro
910 1665 1091 1714 scena,
1126 1645 1232 1701 hoc
1275 1643 1389 1737 est,
1416 1632 1968 1737 qua-mnineonditas
2007 1634 2063 1687 et

411 1721 564 1816 male
591 1721 1118 1823 aptasconscribat
1146 1729 1483 1823 comoedias.
1514 1725 1639 1823 Erit
1659 1724 1837 1823 igitur
1864 1721 2059 1786 decur-

408 1813 527 1907 rere
553 1813 791 1903 scenam,
825 1830 1103 1906 perﬁcere
1140 1824 1269 1894 ejus
1299 1819 1404 1886 rei,
1451 1833 1579 1888 quae
1610 1813 1886 1870 instituta
1914 1815 2067 1886 erat,

408 1901 728 1996 summam.
781 1901 976 1979 Cicero
1019 1933 1031 1971 :
1069 1916 1202 1979 Quae
1254 1910 1359 1964 abs
1409 1910 1467 1963 te
1514 1902 1768 1960 breviter
1822 1901 1894 1955 de
1942 1904 2064 1955 arte

407 1989 653 2085 deo—ursa
678 2018 837 2073 sunt.
877 2011 1209 2065 Deccurrere
1244 2012 1469 2054 scenam
1492 1991 1905 2065 phantasmata
1926 1989 2065 2045 Ter-

407 2077 683 2177 tulvliest,
714 2100 951 2159 omnino
983 2099 1038 2151 et
1059 2089 1325 2147 absolute
1358 2084 1606 2158 probare
1638 2095 1874 2137 carnem
1908 2077 2067 2136 Chri-

408 2168 865 2275 stiphantasma
912 2188 1143 2241 tantum
1179 2177 1476 2275 iuisse,uet
1525 2173 1585 2226 in
1646 2186 1711 2225 eo
1764 2168 2067 2275 probando

407 2257 646 2352 haerere.
696 2284 786 2339 Sic
833 2276 963 2334 Cael.
1016 2272 1087 2327 ad
1141 2268 1320 2323 Cicer.
1362 2263 1465 2332 lib,
1501 2277 1624 2327 vm,
1678 2274 1838 2314 scena
1886 2257 2067 2312 totius

410 2345 641 2448 rgboc
665 2376 774 2438 est,
802 2370 859 2423 id
894 2367 951 2420 in
981 2378 1089 2434 quo
1112 2361 1233 2414 tota
1264 2370 1355 2410 res
1375 2350 1642 2416 vertitur,
1670 2351 1725 2402 et
1756 2345 2069 2448 consuumi

411 2433 601 2538 debet,
634 2433 771 2519 Lib.
798 2433 1008 2513 advers:
1062 2447 1360 2538 Valentia,
1409 2438 1668 2538 appellat
1697 2433 1940 2538 Tertull.
1973 2434 2069 2489 de-

408 2524 687 2618 saltricem
732 2552 1009 2611 virtutem,
1054 2532 1393 2593 instabilem
1444 2531 1501 2585 et
1550 2524 1705 2582 male
1751 2524 1982 2618 firmam
2011 2536 2070 2618 et

414 2611 747 2707 materiam,
779 2642 835 2693 et
864 2634 999 2689 inde
1023 2646 1037 2685 ε
1063 2621 1349 2682 desultorii
1376 2616 1667 2682 homines,
1695 2630 1728 2669 a
1759 2611 2066 2668 desultori-

412 2702 525 2795 bus
557 2702 855 2805 equitibus
883 2718 1113 2796 proprie
1143 2713 1313 2770 etiam
1348 2702 1709 2778 usurpat,uti
1741 2702 2064 2805 decurrere,

414 2788 798 2884 utilesaltare,
833 2788 910 2869 sit
938 2788 1093 2866 saltu
1126 2801 1343 2860 minico
1373 2796 1806 2868 repraesentare.
1828 2794 1976 2846 Nam
2004 2788 2065 2844 in

411 2879 571 2974 scena
627 2879 929 2965 orchestra
989 2894 1150 2952 chori
1219 2886 1456 2962 propria
1501 2887 1611 2953 est,
1672 2879 1847 2936 sicuti
1905 2894 2067 2934 scena

411 2968 789 3063 histrionum,
844 2992 902 3045 in
955 3002 1069 3058 qua
1115 2978 1282 3037 mimi
1325 2974 1592 3033 solebant
1629 2987 1768 3027 suas
1809 2968 2064 3024 actiones

410 3056 702 3153 alibi—bere.
739 3056 1061 3156 ’Cpxnc-rbc,
1096 3088 1192 3129 ars
1230 3064 1507 3129 saltandi,
1539 3066 1598 3118 et
1647 3060 1779 3133 ipsa
1807 3056 2060 3156 saltatio,

524 3178 749 3237 alludat
798 3149 873 3227 ad
925 3171 1201 3233 utrosque
1230 3162 1479 3228 utroque
1514 3152 1710 3218 verbo,
1743 3153 1799 3205 et
1825 3149 2061 3239 adsce-

410 3236 574 3330 niccs
603 3263 941 3328 histriones,
973 3260 1029 3310 et
1061 3252 1130 3308 ad
1164 3248 1400 3314 mimos,
1432 3247 1492 3299 et
1523 3242 1594 3298 ab
1628 3240 1840 3295 iisdem
1871 3236 2056 3291 diver-

414 3376 511 3417 sas
540 3355 735 3412 trahat
765 3345 1140 3417 metaphoras
1158 3380 1171 3395 .

412 3468 535 3524 160.
566 3459 895 3533 Scalpellum
939 3455 1284 3533 immergere,
1316 3444 1468 3533 tam;
1503 3439 1548 3507 Ι,
1598 3434 1701 3490 lib.
1745 3432 1811 3488 de
1854 3429 2062 3501 Pallio,

984 3541 1111 3593 cap.
1142 3512 1237 3585 11,
1270 3512 1328 3570 n.
1368 3512 1489 3566 173.

483 3623 804 3697 Scalpellus,
830 3615 919 3671 vel
968 3608 1309 3682 scalpellum,
1342 3606 1432 3659 est
1480 3597 1805 3697 scalprum.
1836 3594 2063 3697 cb‘irur:

411 3684 629 3791 gicuml,
683 3702 1048 3785 φλεϐοτόμον.
1100 3696 1308 3755 Nescio
1351 3709 1427 3791 an
1467 3690 1645 3791 etiam
1692 3684 2064 3791 scalpella,Lut

411 3771 631 3880 pistilla
672 3771 892 3865 P‘lanto,
925 3771 1027 3865 pro
1061 3786 1302 3861 pistillo,
1335 3780 1518 3880 vulgo.
1547 3774 1828 3880 lanceola,
1861 3792 1894 3829 a
1938 3771 2063 3880 ehi-

410 3862 603 3966 rurgis
642 3862 1098 3946 tractum.'Nam
1135 3890 1306 3932 vocer
1334 3870 1625 3928 acerbitati
1649 3865 1884 3921 videtur
1923 3862 2063 3963 cho-

410 3950 574 4042 leribi
630 3977 896 4035 humoris
944 3976 1003 4028 in
1059 3965 1237 4023 Vedio
1288 3956 1653 4019 abundantia
1719 3950 2060 4027 signiﬁcari.

411 4074 589 4129 Cicer.
618 4085 717 4143 pro
743 4067 873 4122 Sest.
912 4080 924 4119 :
956 4062 1082 4116 Non
1114 4073 1181 4113 ea
1227 4056 1315 4109 est
1362 4046 1674 4112 medicina,
1726 4059 1862 4098 eum
1907 4057 2063 4140 sanae

410 4162 559 4235 parti
595 4130 787 4230 corpis
817 4150 1136 4223 scalpellum
1170 4143 1502 4235 adhlbetur.
1556 4135 1769 4235 Solent.
1803 4130 2063 4203 chirurgi

408 4223 716 4307 immerso-
744 4242 1008 4315 scalpello
1069 4251 1281 4293 uenam
1332 4228 1610 4295 incidere,
1652 4228 1709 4280 et
1756 4223 2062 4278 humorem

411 4340 840 4397 redundantem
869 4312 1101 4388 elicere.
1158 4326 1312 4381 Usus
1343 4320 1453 4376 erit
1494 4313 1783 4389 proverbii
1816 4312 1876 4367 in
1908 4328 2061 4366 mor-

408 4430 618 4485 borum
654 4424 833 4481 animi
879 4418 1195 4479 medicina,
1219 4411 1306 4468 uti
1338 4413 1395 4465 et
1426 4424 1494 4463 ea
1524 4422 1653 4478 quas
1696 4418 2063 4473 consequun-

410 4523 508 4573 tur
538 4516 692 4587 apud
723 4510 962 4567 Tertull.
995 4502 1366 4562 Calharlicum
1395 4498 1543 4553 dare.

2785 546 2913 602 cap.
2949 530 3001 601 1,
3040 544 3101 585 n.
3134 528 3221 583 11.

2253 640 2391 698 Vide
2426 640 2687 696 adnotat.
2719 635 2986 693 Pamelii.
3017 636 3172 692 Gens
3204 631 3464 705 Scythica
3509 630 3671 688 omni
3702 646 3827 687 me-

2182 730 2389 798 moria,
2412 732 2468 786 et
2487 730 2755 785 omnium
2778 728 2896 784 fere
2922 725 3187 799 gentium
3219 724 3689 794 scriptorumque
3710 721 3825 776 exi-

2181 819 2516 875 stimatione
2537 818 2610 874 ad
2632 817 2783 873 bella
2812 820 2869 871 et
2890 816 2961 871 ad
2982 813 3412 869 immanitatem
3436 810 3624 884 magis
3649 825 3825 882 quam

2182 910 2252 965 ad
2285 908 2472 964 ullum
2502 905 2887 962 humanitatis
2918 904 3183 960 studium
3217 907 3371 958 nata.

2181 1019 2335 1075 244
2366 1016 2486 1071 163.
2511 1015 2719 1071 Silvam
2737 1013 2946 1070 ccedere
2965 1020 3016 1068 et
3034 1018 3324 1078 truncare,
3349 1013 3491 1064 tom.
3518 1008 3561 1073 Ι,
3584 1008 3829 1079 Apolog.,

2249 1106 2377 1160 cap.
2412 1088 2466 1155 4,
2498 1105 2557 1142 n.
2599 1088 2671 1160 5t)
2726 1090 2782 1141 et
2817 1086 2928 1160 _5_1‘;
2979 1088 3037 1139 et
3086 1083 3187 1138 lib.
3233 1082 3300 1137 de
3337 1081 3648 1152 Prcescript.
3702 1081 3825 1134 adv.

2246 1157 2409 1231 Μέθη,
2442 1175 2569 1232 cap.
2605 1159 2693 1229 37,
2723 1175 2780 1212 n.
2811 1157 2937 1211 222.

2248 1267 2430 1331 «Quo
2478 1267 2616 1338 jure
2665 1264 2871 1321 silvam
2918 1277 3110 1319 meam
3155 1260 3354 1331 caadis,
3403 1280 3432 1310 »
3478 1275 3605 1331 qum
3635 1257 3827 1328 ajure

2174 1356 2329 1412 civili
2363 1357 2641 1412 transfert
2669 1354 2905 1422 omnia;
2958 1352 3069 1408 hoc
3126 1355 3215 1407 est
3266 1367 3279 1406 :
3331 1348 3478 1413 Quid
3526 1349 3585 1403 in
3636 1362 3829 1402 meam

2173 1445 2610 1517 possessionem
2639 1442 2937 1500 irruis?in
2972 1457 3163 1497 meam
3195 1454 3449 1498 messem
3483 1436 3691 1493 falcem
3714 1436 3829 1492 im-

2173 1535 2365 1591 mittis
2391 1534 2417 1590 ?
2446 1536 2674 1605 Apolog.
2708 1552 2728 1590 :
2760 1555 2789 1583 «
2818 1534 3023 1588 Totam
3054 1529 3215 1586 illam
3248 1534 3500 1584 veterem
3532 1531 3591 1583 et
3621 1525 3829 1597 squal-

2170 1622 2386 1679 lentem
2432 1623 2639 1679 silvam
2683 1622 2902 1694 legum,
2936 1620 3103 1676 novis
3150 1615 3565 1691 principalium
3611 1614 3828 1671 rescri-

2168 1717 2404 1784 ptorum
2427 1712 2817 1769 etedictorum
2844 1708 3151 1766 securibus
3168 1706 3454 1763 truncatis
3468 1709 3526 1760 et
3546 1704 3827 1761 creditis.»

2176 1803 2339 1859 Silva
2368 1801 2611 1869 Latinis,
2648 1801 2734 1855 uti
2760 1803 2817 1855 et
2844 1796 3059 1855 Graecis
3086 1794 3217 1867 ὅλη,
3252 1793 3827 1866 methapborice,pro

2177 1893 2335 1964 copia
2363 1895 2421 1946 et
2450 1891 2705 1945 materia.
2736 1888 2931 1946 Cicero
2965 1904 2978 1943 :
3019 1910 3040 1937 ι
3066 1885 3271 1942 Omnis
3302 1884 3539 1940 ubertas
3569 1888 3626 1939 et
3655 1884 3829 1954 quasi

2171 1982 2313 2038 silva
2344 1979 2595 2048 dicendi,
2628 1983 2685 2035 et
2717 1996 2730 2035 :
2771 2000 2793 2029 κ
2819 1978 3035 2033 Rerum
3062 1980 3121 2031 et
3145 1973 3568 2031 sententiarum
3597 1973 3762 2029 silva.
3796 1995 3828 2023 »

2178 2073 2291 2127 Hoc
2322 2076 2516 2125 autem
2549 2068 2919 2140 proverbium
2942 2070 3247 2137 sumptum
3269 2064 3341 2119 ab
3364 2062 3827 2134 arboribus,quaa

2174 2159 2262 2216 vel
2296 2162 2577 2231 putantur
2607 2173 2678 2212 ne
2726 2156 3040 2211 silvescant
3075 2151 3413 2221 sarmentis,
3446 2156 3504 2207 et
3532 2150 3591 2207 in
3623 2166 3829 2208 omnes

2176 2254 2368 2320 partes
2419 2246 2613 2302 nimia:
2660 2245 3002 2312 fundantur,
3048 2241 3136 2298 vel
3179 2241 3477 2297 radicibus
3526 2257 3646 2295 una
3692 2256 3829 2296 cum

2174 2342 2382 2394 trunco
2412 2336 2781 2392 exciduntur.

2315 2444 2438 2498 164.
2473 2442 2681 2497 Silvam
2709 2440 2937 2507 ccedere,
2971 2438 3274 2506 eradicare,
3303 2444 3356 2493 el
3386 2435 3775 2503 excaudicare,

2463 2519 2601 2570 tom.
2635 2516 2706 2581 V,
2738 2512 2839 2567 lib.
2864 2511 2928 2567 de
2948 2510 3165 2575 Pudic.,
3202 2510 3292 2578 16,
3325 2527 3382 2564 n.
3421 2509 3540 2563 135.

2253 2642 2281 2676 α
2312 2624 2602 2688 Quantum
2630 2618 2819 2676 securi
2849 2633 3084 2673 omnem
3116 2614 3320 2671 silvam
3356 2614 3670 2671 libidinum
3719 2630 3833 2669 cte-

2178 2712 2296 2782 dat,
2327 2714 2386 2765 et
2413 2710 2670 2765 eradicet
2697 2712 2755 2763 et
2782 2705 3139 2762 excaudicet.
3176 2727 3203 2755 ››
3228 2704 3405 2760 Addit
3438 2720 3450 2758 :
3486 2724 3515 2753 «
3545 2703 3625 2759 Ne
3656 2703 3830 2773 quid-

2174 2815 2352 2871 quam
2384 2799 2455 2853 de
2494 2796 2745 2853 recidivo
2795 2796 3072 2851 fruticare
3108 2793 3436 2866 permittat.
3472 2814 3501 2842 »
3532 2792 3636 2848 Est
3666 2793 3832 2864 peni-

2172 2894 2269 2944 tus
2298 2887 2521 2959 aliquid
2554 2885 2803 2951 abolere,
2855 2885 3130 2955 idemque
3160 2899 3293 2938 eum
3328 2881 3649 2954 superiore.
3681 2884 3831 2937 Nam

2170 2981 2417 3033 truncus
2463 2980 2553 3032 est
2583 2975 2764 3047 stipes
2796 2974 2920 3044 ipse
2952 2972 3131 3028 ramis
3161 2977 3221 3027 et
3250 2969 3562 3026 frondibus
3592 2974 3830 3025 exutus.

2171 3066 2404 3123 Caudex
2432 3077 2566 3121 cum
2599 3063 2924 3119 frondibus.
2958 3064 3159 3133 Itaque
3189 3065 3485 3128 truncare,
3531 3064 3589 3115 et
3625 3075 3835 3115 excau-

2169 3157 2381 3226 dicare,
2412 3155 2639 3211 eadem.

2174 3265 2296 3319 165.
2329 3263 2548 3318 Silvam
2594 3263 2874 3329 ingentem
2921 3272 3279 3325 commovere,
3326 3261 3468 3313 tom.
3518 3255 3581 3327 V,
3626 3254 3736 3311 lib.
3768 3255 3840 3313 de

2631 3334 2854 3399 Trinit.,
2886 3348 3013 3404 cap.
3058 3330 3144 3397 16,
3180 3347 3238 3385 n.
3283 3329 3371 3384 81.

2243 3430 2456 3487 Silvam
2507 3430 2945 3502 Scripturarum
2993 3443 3325 3484 commovere
3370 3426 3525 3482 circa
3579 3424 3831 3497 aliquid.

2172 3521 2353 3577 Multa
2382 3524 2669 3587 excutere,
2709 3523 2766 3574 et
2818 3518 3078 3591 undique
3105 3521 3452 3589 argumenta
3499 3516 3829 3587 desumere,

2174 3614 2290 3669 lato
2321 3629 2529 3684 eampo
2560 3610 2810 3684 evagari.

2175 3722 2296 3777 166.
2332 3721 2549 3789 Quanta
2577 3718 2738 3787 silva,
2773 3722 2916 3773 tom.
2951 3714 3071 3842 ΙΙὲῦ
3099 3715 3202 3772 lib.
3252 3715 3318 3771 de
3356 3716 3565 3780 Anim.,
3606 3729 3738 3786 cap.
3769 3716 3830 3783 2,

2910 3806 2968 3842 n.
3078 3828 3090 3842 .

2910 3806 2968 3842 IL
3002 3806 3090 3842 6U.

2243 3883 2381 3946 Quae
2398 3881 2486 3936 vis
2503 3879 2530 3935 ‘l
2557 3896 2683 3951 qua;
2707 3878 2876 3950 copia
2893 3876 2920 3932 ?
2951 3892 3127 3949 quam
3151 3875 3347 3949 ampla
3366 3875 3599 3948 lateque
3622 3878 3836 3948 patens

2172 3971 2419 4027 materia
2447 3969 2474 4025 ‘I

2175 4079 2297 4133 167.
2328 4077 2549 4134 Socrate
2578 4074 2904 4147 sapientior,
2953 4077 3096 4199 αἰξῆ
3150 4074 3190 4140 Ι,
3245 4071 3497 4143 Apolog.,
3550 4086 3677 4142 cap.
3742 4070 3833 4139 11,

2885 4163 2943 4199 n.
3099 4186 3111 4199 .

2885 4163 2943 4199 n.
2989 4163 3111 4199 161.

2244 4238 2367 4293 Non
2429 4235 2602 4290 modo
2651 4233 2959 4289 hominum
3006 4230 3457 4298 existimatione,
3501 4230 3604 4286 sed
3634 4228 3832 4301 Pythii

2178 4325 2463 4399 Apollinis
2530 4321 2766 4379 oraculo
2834 4320 3312 4394 sapientissimus
3364 4319 3665 4391 judicatus
3722 4318 3833 4373 So-

2175 4421 2385 4482 crates,
2418 4420 2474 4470 et
2499 4411 2723 4468 cunctis
2756 4410 3030 4483 pralatus
3062 4410 3351 4482 proditur.
3387 4408 3557 4476 Plin.,
3589 4406 3693 4463 lib.
3726 4423 3832 4475 v11,

2176 4522 2303 4577 cap.
2328 4504 2389 4557 31
2420 4520 2433 4571 ;
2467 4502 2650 4557 Cicer.
2685 4500 2787 4555 lib.
2820 4499 2885 4554 de
2914 4500 3132 4555 Amicit.

416 4624 535 4679 161.
572 4583 821 4692 scipione
838 4616 1064 4689 juslior,
1111 4618 1160 4692 et
1184 4604 1544 4692 ‘mililarior,
1574 4602 1719 4655 tom.
1752 4598 1794 4666 Ι,
1846 4596 2061 4669 Apolog.

2251 4611 2371 4667 168.
2405 4609 2546 4665 Solis
2574 4609 2829 4681 pectines,
2860 4611 3004 4692 torri.
3042 4606 3161 4692 III,“
3177 4603 3288 4692 Ilib.
3340 4604 3470 4661 adv.
3526 4604 3759 4670 Valent.,

980 4676 1105 4755 cap.
1140 4681 1228 4749 11,
1261 4696 1320 4733 u.
1364 4676 1483 4732 173.

478 4799 728 4869 Plinius,
750 4797 851 4852 lib.
882 4811 984 4860 vn,
1019 4805 1183 4847 num.
1214 4786 1304 4841 27.
1329 4784 1463 4839 Cato
1495 4780 1722 4853 primus
1743 4781 1864 4833 tres
1894 4790 2055 4831 sum-

408 4909 535 4950 mas
580 4891 639 4946 in
688 4887 921 4944 nomine
961 4900 1052 4940 res
1110 4874 1451 4952 praestitisse
1507 4869 1876 4929 existimatus
1913 4869 2003 4922 est
2042 4882 2054 4921 :

407 4981 678 5055 Optimus
740 4980 953 5041 orator,
1020 4970 1361 5043 imperator,
1406 4966 1690 5029 senator;
1749 4975 1878 5030 quae
1910 4955 2055 5010 mihi

405 5045 604 5129 omnia
630 5070 804 5125 etiam
839 5065 886 5121 si
921 5080 1035 5119 non
1071 5059 1259 5133 prius,
1283 5059 1543 5112 attamen
1574 5049 1790 5106 clarius
1824 5045 2059 5101 fulsisse

404 5162 466 5218 in
497 5160 770 5231 Scipione
803 5153 1109 5211 [Emiliano
1142 5141 1717 5231 videntur.Ejusdem
1740 5137 1870 5231 laus
1902 5135 2054 5231 apud

405 5225 723 5307 (licem—lib.
756 5247 819 5302 de
851 5245 1071 5300 Amicit.
1108 5257 1121 5296 :
1154 5235 1395 5295 Justitia
1422 5237 1479 5288 et
1525 5229 1757 5287 bonitas
1787 5226 1845 5281 in
1874 5225 2057 5282 altero

405 5339 674 5411 Scipione
722 5335 933 5392 Nasica
985 5326 1451 5387 commendatur.
1501 5324 1830 5389 Utrumque
1859 5320 2055 5370 tamen

406 5435 464 5489 et
484 5404 731 5501 j-ustitize
764 5430 819 5482 et
860 5420 1131 5480 militaris
1192 5413 1447 5474 scientiae
1502 5408 1763 5501 studium
1802 5404 2056 5501 S_cip_ioni

405 5496 621 5577 minori
652 5516 771 5572 sive
800 5512 1114 5570 Emiliano
1158 5503 1423 5565 attribuit
1456 5499 1662 5557 Laelius
1694 5498 1845 5571 apud
1879 5496 2057 5551 Cicer.

401 5611 506 5673 lib.
541 5608 768 5665 eodem.
804 5604 992 5675 Major
1034 5600 1155 5658 sive
1202 5594 1536 5663 Africanus,
1588 5592 1832 5660 utraque
1882 5586 2055 5643 etiam

403 5690 582 5757 laude
619 5694 910 5755 excelluit.

2795 4696 2927 4751 cap.
2956 4679 3012 4746 3,
3040 4694 3096 4732 ι).
3128 4678 3219 4732 24.

2240 4774 2300 4828 In
2330 4768 2657 4843 pectinibus,
2691 4767 2907 4839 quibus
2957 4783 3155 4822 comas
3200 4764 3289 4820 vel
3339 4763 3829 4822 discriminamus

2165 4861 2252 4917 vel
2282 4859 2591 4934 pectimus,
2625 4856 2773 4912 radii
2805 4855 2972 4912 densi
3000 4860 3057 4911 et
3088 4855 3225 4924 rari,
3256 4872 3289 4909 a
3318 4853 3598 4909 solarium
3633 4853 3831 4908 radio-

2167 4967 2299 5007 rum
2359 4946 2769 5016 similitudine,
2826 4945 3146 5014 dicuntur;
3193 4948 3249 4999 et
3297 4943 3593 5016 reciproca
3643 4945 3836 4997 meta-

2167 5041 2353 5114 phora
2404 5055 2416 5094 :
2469 5038 2713 5092 Pectines
2762 5035 2912 5100 solis,
2974 5033 3125 5105 quod
3187 5049 3418 5088 omnem
3474 5032 3534 5087 in
3593 5036 3825 5104 partem

2169 5130 2388 5199 radios,
2448 5125 2616 5198 quasi
2675 5123 2914 5179 crenula
2969 5125 3160 5179 instar
3214 5122 3464 5195 pectinis
3512 5121 3825 5177 intercisos

2168 5221 2421 5276 emittat.
2463 5215 2625 5271 Unde
2658 5214 2809 5286 apud
2860 5219 3080 5269 Lucret.
3126 5213 3246 5270 Tela
3276 5212 3406 5279 diei,
3461 5211 3628 5283 quasi
3680 5209 3828 5265 mis-

2169 5311 2328 5376 siles,
2360 5306 2608 5362 telorum
2642 5304 2701 5358 in
2736 5319 2982 5371 morem,
3016 5302 3185 5358 radii.
3220 5302 3281 5356 Ei
3316 5294 3586 5371 ἑκηϐόλος
3621 5294 3831 5355 Ἀπόλ-

2169 5398 2305 5465 λων,
2338 5396 2445 5453 sol.
2480 5398 2555 5449 At
2584 5410 2717 5450 cum
2750 5392 2845 5449 his
2884 5392 3102 5461 verbis,
3157 5407 3469 5464 puerorum
3523 5386 3831 5445 terricula-

2169 5492 2390 5558 menta,
2423 5486 2505 5541 uti
2539 5487 2616 5549 et,
2652 5484 2841 5540 lamiae
2871 5487 3069 5553 turres,
3121 5480 3530 5554 significentur
3578 5494 3832 5534 consue-

2166 5581 2381 5636 verunt
2434 5575 2677 5629 fortasse
2742 5573 3001 5629 nutrices
3051 5571 3139 5628 vel
3194 5570 3478 5643 puerilem
3540 5566 3834 5640 ejulatum

2169 5680 2559 5741 compescere,
2590 5662 2679 5720 vel
2730 5662 3107 5731 obstinatam,
3138 5660 3281 5717 dum
3330 5664 3507 5734 caput
3536 5658 3648 5716 sibi
3675 5656 3829 5731 pacti
