4072 6190
467 280 581 337 295

1088 270 1190 330 EX
1235 261 1765 328 TERTULLIANI
1810 258 2357 320 APOLOGETICO
2398 258 2791 321 PROVERB.
2840 261 3255 324 FORMULJE.

3728 278 3833 339 296

466 405 670 482 Χρόνος
693 405 906 458 πάντων
944 400 1289 475 βασανιστής,
1321 403 1557 469 tempus
1599 394 1800 452 omnia
1829 392 2108 465 explorat,

2230 391 2367 482 dere
2396 407 2410 459 ;
2442 390 2530 482 vel
2561 391 2885 462 dijudicare
2931 393 3254 450 idoneusne
3283 395 3359 452 sit
3387 399 3513 469 quis
3542 403 3609 459 ad
3641 420 3836 463 munus

569 493 840 568 Sophocli
874 487 1075 567 χρόνος
1107 490 1323 545 dicitur
1371 484 1526 549 πάνθ’
1576 485 1715 561 ὁρῶν
1768 482 1857 536 καὶ
1908 479 2117 534 ἀκούων

468 588 561 643 καὶ
590 583 742 640 πάντ’
774 580 1148 649 ἀναπτύσσειν,
1178 582 1366 636 omnia
1391 578 1574 633 videre
1623 580 1677 630 et
1705 573 1921 640 audire,
1953 574 2121 627 etiam

468 681 529 734 in
556 685 805 749 apertum
830 674 1203 745 prolaturum.
1235 671 1423 741 Atque
1454 666 1591 721 hinc
1626 664 1855 719 Veritas
1885 662 2122 733 Tempo-

469 769 550 824 ris
581 766 703 821 tilia
734 769 863 836 apte
895 762 1127 828 dicitur,
1162 776 1285 830 quea
1316 755 1599 828 temporis
1631 767 2119 826 progressu,cum

469 854 807 928 aliquandiu
857 850 1174 916 delituerit,
1207 850 1267 904 in
1320 848 1511 902 lucem
1556 847 1836 915 emergat.
1870 842 2014 898 Hinc
2044 840 2120 895 il-

466 948 566 1003 lud
602 963 617 1000 :
649 945 795 1018 ’Ἂγει
828 939 884 995 δὲ
914 940 1050 1013 πρὸς
1084 942 1199 1013 φῶς
1226 938 1325 1005 τήν
1374 933 1633 1005 ἀλήθειαν
1678 932 1900 1008 χρόνος·
1935 934 2001 987 At
2028 946 2118 987 ve.

470 1037 686 1091 rilatem
716 1043 923 1105 tempus
952 1031 1011 1085 in
1038 1032 1213 1085 lucem
1242 1030 1414 1083 eruit.

668 1143 787 1197 179.
840 1143 1019 1195 Terra?
1044 1136 1184 1209 ﬁlii,
1218 1134 1378 1203 ibid.,
1412 1149 1538 1204 cap.
1571 1132 1659 1199 10,
1692 1148 1750 1186 n.
1788 1130 1912 1185 162.

538 1251 859 1307 Videantur
910 1246 1107 1302 adnot.
1141 1241 1403 1299 Pamelii.
1441 1262 1468 1290 ‹‹
1502 1241 1673 1294 Terra
1728 1238 1871 1307 ﬁlios
1900 1235 2119 1309 (inquit

469 1340 738 1411 Tertull.)
774 1338 964 1407 vulgus
987 1336 1167 1400 vocat,
1199 1348 1428 1405 quorum
1455 1346 1629 1401 genus
1660 1329 1933 1383 incertum
1963 1334 2063 1396 est,
2088 1348 2117 1376 ››

469 1434 740 1507 γηγενεῖς,
776 1432 832 1483 et
858 1426 993 1481 inde
1022 1425 1309 1496 gigantes,
1344 1420 1512 1493 quasi
1544 1437 1573 1475 e
1604 1423 1759 1474 terra
1789 1416 2117 1487 nati.Apud

466 1506 729 1579 Juvenal.
780 1539 801 1567 α
862 1513 1231 1570 Fraterculus
1281 1514 1611 1584 gigantum,
1666 1524 1769 1580 pro
1831 1506 2050 1578 ignoto.
2087 1525 2115 1555 »

470 1611 702 1668 Persius
738 1625 749 1663 :
808 1630 827 1656 α
865 1604 1177 1677 Progenies
1228 1606 1413 1658 terres.
1446 1620 1472 1653 η
1507 1599 1653 1654 Vide
1704 1612 1882 1669 supra
1915 1613 1928 1649 :
1978 1618 2006 1646 «
2040 1599 2117 1651 De

471 1700 611 1757 coelo
644 1695 999 1769 supervenit.
1039 1716 1065 1741 ››

470 1809 590 1864 180.
624 1806 845 1861 Terram
874 1817 1100 1872 gravem
1132 1798 1462 1872 imprecari,
1499 1800 1641 1872 tom:
1661 1797 1721 1872 _I,
1752 1792 1855 1849 lib.
1889 1791 1955 1848 de
2005 1793 2120 1848 Tes-
2148 1789 2196 1855 B

884 1867 987 1929 tim
1016 1867 1243 1941 animm,
1277 1887 1402 1941 cap.
1437 1870 1490 1935 4,
1523 1885 1582 1923 ιι.
1613 1867 1702 1921 21.

537 1967 813 2022 Solebant
838 1962 1085 2035 antiqui,
1109 1965 1174 2016 ut
1194 1976 1261 2015 ex
1283 1958 1557 2014 omnibus
1575 1956 1691 2012 fere
1714 1957 1872 2027 patet
1895 1952 2116 2009 Latinis

464 2054 957 2131 poetis,manibus
990 2052 1139 2123 ejus,
1174 2050 1345 2121 cujus
1376 2045 1744 2115 memoriam,
1778 2048 1844 2099 ut
1871 2042 2113 2098 Tertull.

464 2149 566 2215 ait,
607 2168 627 2196 ι
663 2161 797 2199 cum
850 2142 1102 2213 alicujus
1152 2139 1385 2195 offensas
1435 2152 1635 2192 morsu
1686 2134 1967 2200 facerent,
2001 2154 2028 2181 »
2061 2136 2118 2187 et

465 2234 808 2293 maledicere
838 2230 1073 2295 vellent,
1106 2251 1134 2279 ‹‹
1166 2232 1383 2284 terram
1429 2241 1665 2298 gravem
1697 2220 2005 2294 imprecari
2034 2239 2047 2287 ;
2085 2243 2113 2271 ››

463 2328 592 2398 ejus
622 2341 753 2379 vero
785 2321 879 2376 cui
911 2318 1159 2392 gratiam
1211 2318 1511 2382 deberent,
1544 2313 1778 2370 ossibus
1808 2316 1865 2368 et
1894 2310 2110 2366 cineri-

463 2417 575 2471 bus
606 2411 976 2484 refrigerium
1026 2406 1404 2479 comprecari.
1452 2406 1521 2460 Et
1553 2418 1754 2459 mense
1785 2400 2111 2474 praesertim

470 2503 777 2560 Februario
832 2498 1141 2554 duodecim
1194 2496 1561 2551 continentes
1610 2492 1755 2559 dies,
1791 2507 1893 2563 pro
1919 2490 2111 2562 impe—

464 2593 675 2650 tranda
707 2594 1072 2646 mortuorum
1096 2585 1370 2642 manibus
1393 2580 1873 2656 quiete,populus
1896 2578 2110 2635 lustra-

466 2683 652 2739 tiones
683 2685 739 2736 et
769 2677 997 2751 piacula
1026 2675 1294 2732 faciebat.
1330 2674 1477 2729 Hinc
1506 2671 1607 2727 illa
1639 2687 1652 2726 :

619 2814 847 2863 Molliter
875 2824 996 2860 ossa
1024 2810 1317 2860 cubent.....

684 2878 745 2925 Et
773 2877 1007 2924 cinerem
1036 2874 1194 2922 tellus
1222 2885 1332 2921 non
1362 2882 1589 2919 onerosa
1616 2867 1843 2927 premat.

620 2941 751 2988 Ossa
786 2939 966 2998 quieta
995 2949 1175 2999 precor
1204 2939 1317 2984 tuta
1349 2931 1769 2999 requiescererin
1798 2940 1952 2989 urna,

683 3004 747 3051 Et
775 3003 842 3050 sit
870 2998 1065 3049 humus
1094 2999 1260 3048 cineri
1289 3010 1399 3046 non
1430 3009 1657 3046 onerosa
1684 2998 1797 3043 tuo.

2232 480 2469 552 aliquod
2504 482 2843 538 obeundum
2896 487 2952 539 et
2977 484 3101 540 suis
3131 484 3362 541 dotibus
3393 489 3603 546 alI‘atim
3640 492 3839 551 instru-

2232 576 2379 625 ctus.
2417 569 2537 626 Lib.
2573 588 2649 638 IV,
2683 571 2902 627 advers.
2936 577 3145 641 Mam,
3178 573 3498 633 Creatorem
3524 586 3680 637 vocat
3707 585 3842 640 ludi-

2229 659 2403 715 dicem
2442 668 2492 715 et
2522 661 2937 732 Dispunctorem
2985 665 3327 719 meritorum.
3364 666 3486 722 Dib.
3518 685 3569 735 v,
3600 670 3843 741 Dispunc-

2232 750 2437 804 tionem
2485 751 2616 805 boni
2671 759 2836 822 atque
2892 754 3033 807 mali
3072 755 3265 823 operis.
3319 754 3440 810 Lib.
3490 757 3551 812 de
3602 763 3842 830 Patient,

2234 859 2261 888 «
2294 838 2497 894 Omnis
2530 839 2747 909 injuria
2776 855 2909 896 cum
2945 842 3287 913 patientiam
3318 845 3632 911 offenderit,
3662 850 3842 905 eodem

2231 928 2387 983 exitu
2420 928 2830 1000 dispungetur,
2858 947 2974 1003 quo
3005 931 3188 987 telum
3223 933 3279 987 in
3322 939 3483 1005 petra
3509 934 3771 992 libratum
3799 942 3849 993 et

2230 1018 2529 1073 obtusum.
2558 1039 2586 1069 »
2620 1022 2741 1074 Hoc
2772 1024 2880 1091 est,
2932 1026 3247 1078 Evanescet
3294 1027 3350 1078 et
3404 1024 3602 1081 irritus
3631 1026 3732 1082 erit
3757 1043 3837 1083 cc-

2229 1107 2517 1177 natus,uti
2547 1114 2904 1165 evanescunt
2932 1127 2999 1166 ea
3029 1127 3156 1183 quas
3186 1112 3457 1169 delentur
3485 1113 3601 1170 sive
3625 1114 3845 1188 dispun-

2226 1200 2471 1269 guntur,
2502 1215 2607 1271 pro
2636 1204 3079 1272 expunguntur.

2229 1303 2349 1360 184.
2395 1305 2639 1360 Tilulum
2686 1306 2951 1374 incidere,
2986 1310 3126 1361 tom.
3163 1308 3259 1375 IIl,
3305 1308 3408 1364 lib.
3441 1308 3480 1379 i,
3514 1308 3631 1365 adv.
3669 1313 3844 1377 Mam,

2834 1394 2961 1450 cap.
2992 1379 3046 1446 9,
3082 1397 3141 1434 ιι.
3173 1381 3264 1435 57.

2298 1464 2557 1521 Incidere
2588 1469 2675 1522 est
2705 1470 2905 1523 notare
2932 1467 3154 1539 aliquid
3188 1468 3248 1523 in
3268 1469 3646 1526 monimentis
3672 1485 3848 1525 rerum

2226 1557 2545 1623 gestarum.
2579 1555 2774 1612 Cicero
2810 1573 2822 1611 :
2858 1557 3106 1613 Incidere
3154 1557 3411 1631 elogium
3462 1558 3635 1631 {aliis,
3665 1564 3717 1615 et
3741 1562 3849 1613 Mu-

2228 1646 2350 1698 reto
2408 1643 2703 1716 imprimis
2762 1646 3044 1719 elogium)
3103 1648 3160 1702 in
3223 1649 3515 1720 sepulcro,
3562 1649 3619 1703 in
3679 1664 3768 1718 aes,
3797 1647 3849 1703 in

2228 1749 2541 1789 marmore.
2577 1733 2723 1790 Plin.
2759 1736 2829 1791 de
2863 1736 3059 1808 Pomp.
3096 1740 3324 1809 Magno,
3358 1754 3487 1811 cap.
3517 1738 3607 1807 26,
3637 1736 3731 1792 lib.
3765 1753 3851 1804 vn,

2230 1828 2651 1878 commemorat
2708 1824 2910 1880 titulos
2967 1824 3269 1881 victoriam
3330 1831 3386 1882 et
3442 1826 3850 1897 triumphorum

2227 1914 2670 1978 notatos.Quem
2706 1913 2777 1968 ad
2813 1930 3035 1970 morem
3064 1914 3264 1971 allusit
3293 1915 3610 1971 Tertull.ut
3638 1915 3728 1982 sit,
3758 1932 3855 1987 pu-

2226 2000 2374 2056 blico
2405 2006 2791 2074 cognomento
2824 2002 3135 2060 honestare
3165 2004 3253 2061 vel
3284 2004 3657 2075 infamare,et
3683 2002 3850 2076 elogio

2226 2090 2558 2147 nobilitare.

2226 2181 2347 2235 185.
2384 2181 2556 2236 Tullio
2606 2182 2965 2254 eloquentior,
3024 2186 3167 2310 tgn.
3221 2184 3265 2253 Ι,
3312 2183 3560 2256 Apolog.,
3609 2199 3728 2255 cap.
3778 2181 3855 2253 11,

2955 2272 3010 2309 ιι.
3123 2298 3138 2310 .

2955 2272 2990 2309 II

2295 2340 2371 2397 Μ.
2406 2340 2561 2397 Tulli
2609 2342 2863 2415 elogium
2895 2343 3076 2399 habes
3126 2343 3228 2399 lib.
3262 2361 3364 2413 vn,
3399 2360 3564 2400 num.
3598 2344 3684 2412 30,
3716 2342 3856 2414 apud

2221 2430 2373 2497 Plin,
2406 2430 2505 2486 ubi
2538 2448 2671 2487 eum
2704 2436 2869 2487 vocat
2914 2434 3197 2489 facundiae
3230 2435 3682 2506 Latinarumque
3708 2433 3847 2488 litte-

2222 2535 2421 2575 rarum
2473 2526 2793 2591 parentem.
2826 2522 3067 2587 Quintil.
3119 2523 3219 2578 lib.
3254 2541 3307 2578 ιιι
3341 2525 3521 2580 Instit.
3558 2528 3620 2577 In
3667 2537 3846 2594 quem,

2221 2609 2322 2678 ait,
2356 2610 2585 2681 copiam
2607 2609 2885 2681 Platonis,
2914 2611 3034 2667 vim
3067 2613 3500 2682 Demosthenis,
3519 2612 3849 2669 suavitatem

2221 2698 2493 2756 Isocratis
2523 2699 2704 2756 fuisse
2734 2701 3117 2758 transfusum.

2222 2808 2344 2862 186.
2390 2808 2705 2881 Vanitatem
2750 2809 3000 2865 vanitate
3039 2809 3331 2881 depellere,
3365 2814 3513 2866 tom.
3546 2810 3647 2879 III,
3677 2806 3774 2863 lib.
3803 2820 3852 2861 IV

2592 2879 2719 2936 adv.
2753 2886 2951 2949 Mam,
2985 2879 3114 2953 capi
3142 2882 3233 2949 30,
3266 2879 3325 2938 ιι.
3360 2883 3487 2938 496.

2292 2969 2392 3024 Est
2421 2972 2606 3025 artem
2657 2973 2800 3037 arte,
2834 2970 3205 3027 mendacium
3255 2970 3566 3030 mendacio
3612 2969 3851 3027 eludere.

2222 3056 2515 3113 Frivolum
2560 3064 2998 3130 argumentum,
3030 3067 3086 3115 et
3116 3061 3186 3115 ad
3220 3077 3344 3117 rem
3379 3078 3498 3118 non
3542 3072 3854 3115 accommo-

462 3148 583 3203 18l-
628 3147 814 3201 ΤῘιαῘθδ
843 3146 899 3198 ίη
927 3150 1179 3239 Ρίιίεατηέ
1213 3138 1489 3239 teme-nm»
1522 3136 1623 3191 libo
1655 3135 1721 3191 ἀθ
1747 3134 1958 3201 Anim:
1978 3147 2104 3203 οτιΡο
2140 3171 2181 3239 C
2220 3146 2446 3215 datum,
2480 3147 2681 3204 frivolo
2711 3153 2767 3203 et
2796 3147 2983 3204 alieno
3014 3148 3331 3221 infringere
3361 3155 3423 3206 et
3452 3148 3731 3206 refellere.
3762 3144 3855 3200 Illa

1146 3213 1200 3278 6,
1235 3227 1293 3267 ιι.
1325 3210 1415 3263 89.

529 3309 673 3363 Vide
734 3307 842 3361 hoc
895 3302 1267 3377 proverbium
1326 3301 1643 3356 tractatum
1691 3314 1726 3353 a
1762 3296 2003 3352 Platone
2048 3294 2108 3350 in

458 3398 766 3455 Theaeteto.
804 3396 882 3451 De
912 3393 985 3449 iis
1036 3391 1139 3464 qui
1169 3406 1273 3446 nec
1304 3406 1408 3462 pro
1438 3387 1685 3459 pedibus
1717 3384 2104 3459 prospiciunt.

456 3487 669 3544 Thales
696 3504 726 3541 e
757 3490 981 3555 septem
1031 3480 1263 3538 Graecia:
1294 3477 1658 3550 sapientibus
1707 3492 1861 3532 unus
1893 3479 1950 3530 et
1989 3473 2105 3545 pri-

438 3562 618 3644 'mus,
650 3576 791 3630 dum
822 3570 1079 3629 ccelestia
1110 3568 1391 3626 intentius
1440 3565 1892 3639 contemplatur,
1925 3564 1988 3620 in
2020 3565 2106 3618 fo-

456 3684 623 3723 veam
656 3664 882 3720 incidit.
914 3662 1060 3717 Hinc
1090 3677 1125 3715 a
1153 3658 1348 3715 vetula
1376 3657 1495 3714 sive
1526 3659 1598 3713 ab
1631 3655 1845 3713 ancilla
1872 3655 2103 3711 irrisus.

458 3775 580 3829 182.
620 3770 968 3829 Themistocle
995 3768 1487 3894 sublimioggom.
1525 3763 1568 3836 Ι,
1603 3765 1853 3833 Apolog.,
1887 3779 2015 3835 cap.
2047 3765 2101 3834 2,

1170 3857 1226 3894 n.
1371 3877 1384 3890 .

1170 3857 1226 3894 n.
1262 3857 1384 3894 116.

527 3935 832 3991 Militarem
863 3930 1031 3986 illum
1063 3928 1315 4002 appellat
1345 3924 1591 3983 Tertull.
1617 3925 1759 3981 Hinc
1788 3923 2100 3996 legendum

450 4027 681 4083 videtur
726 4022 1057 4092 militarior,
1089 4019 1179 4074 vel
1223 4016 1443 4073 militiae
1491 4019 1592 4071 aut
1640 4013 1912 4070 militaris
1960 4015 2102 4069 artis

451 4115 711 4188 peritior.
747 4112 937 4183 Ipsius
986 4112 1183 4165 autem
1229 4104 1617 4162 adolescentis
1648 4104 1832 4174 gloria
1862 4103 2103 4158 emicuit

450 4206 600 4261 bello
630 4203 870 4269 Medico,
890 4216 1086 4273 pugna
1106 4196 1488 4263 Marathonia,
1522 4195 1631 4251 sub
1659 4192 1939 4264 auspiciis
1971 4193 2098 4249 Mil-

450 4292 875 4351 tiadis.Deinde
897 4289 1121 4361 aliquot
1143 4287 1315 4342 annis
1337 4290 1469 4357 post
1491 4286 1609 4340 dux
1630 4283 2097 4351 Atheniensium,

452 4386 734 4439 adversus
765 4380 966 4435 Xerxis
989 4376 1222 4433 navales
1245 4376 1443 4447 ecpias
1489 4375 1561 4430 ad
1595 4372 1946 4429 Salaminem
1979 4389 2099 4429 mo-

451 4471 720 4529 morabili
750 4486 885 4525 cum
918 4468 1091 4523 laude
1121 4465 1401 4522 conﬂixit.

2219 3236 2539 3308 persimilis
2572 3254 2585 3293 :
2617 3241 2759 3293 Cum
2816 3237 2989 3309 vulpe
3045 3237 3359 3310 vulpinari,
3426 3255 3564 3295 cum
3616 3232 3857 3293 Cretensi

2215 3326 2509 3381 cretizare.

2220 3414 2338 3468 187.
2386 3420 2560 3471 Venas
2590 3414 3166 3543 deducere,2tom.1\é,1
3184 3416 3284 3473 lib.
3319 3435 3357 3489 ι,
3394 3419 3464 3476 de
3494 3417 3713 3484 Trinit.,
3736 3429 3853 3486 cap.

2918 3530 2931 3543 .
2966 3506 3025 3543 ιι.
3178 3530 3190 3543 .

2918 3530 2931 3555 ,
2966 3506 3025 3543 ιι.
3069 3506 3190 3545 ιδι.

2284 3573 2611 3630 Translatio
2665 3575 2839 3631 ducta
2865 3592 2898 3630 a
2936 3576 3219 3643 fontibus,
3251 3579 3411 3635 unde
3463 3578 3570 3635 rivi
3598 3581 3654 3634 et
3700 3571 3858 3649 quasi

2213 3680 2368 3720 vena
2400 3678 2699 3735 aquarum
2733 3666 3129 3736 deducuntur,
3168 3667 3313 3724 Hinc
3361 3668 3468 3725 illa
3502 3688 3516 3726 :
3554 3667 3733 3724 Divite
3779 3661 3860 3720 vel

2212 3754 2375 3809 tenui
2401 3770 2566 3821 vena,
2602 3756 2757 3826 quod
2792 3755 3040 3811 fontium
3073 3756 3171 3813 alii
3202 3759 3553 3829 angustiore
3580 3773 3725 3813 vena
3754 3769 3860 3808 ma-

2214 3848 2374 3913 nant,
2407 3843 2504 3899 alii
2557 3845 2795 3915 majore,
2830 3850 2895 3900 ut
2943 3845 3159 3902 ﬂumen
3209 3847 3513 3917 efficiant;
3561 3846 3650 3903 vel
3698 3844 3861 3902 etiam

2211 3950 2245 3989 a
2277 3932 2551 4004 metallis,
2585 3950 2835 4005 quorum
2884 3951 3062 4003 venre,
3101 3940 3165 3991 ut
3196 3951 3430 4008 genere,
3466 3938 3553 3992 ita
3584 3935 3749 4007 copia
3776 3933 3858 3987 in-

2209 4023 2442 4078 terdum
2473 4022 2767 4078 diiI'erunt.
2805 4024 3049 4088 Quintil.
3087 4042 3099 4081 :
3135 4023 3398 4082 Pleniore
3428 4025 3629 4082 canali
3658 4024 3858 4080 ﬂuunt.

2208 4115 2277 4166 Et
2309 4116 2487 4182 poeta;
2516 4128 2694 4168 venas
2726 4113 2799 4167 ab
2830 4113 3077 4170 Homero
3106 4118 3384 4186 tanquam
3429 4131 3681 4188 poeseos
3711 4113 3860 4169 fonte

2209 4202 2450 4257 duxisse
2481 4202 2777 4257 dicuntur.

2211 4310 2333 4364 188.
2370 4310 2465 4366 Via
2492 4309 2679 4365 eadem
2708 4326 2929 4366 sursum
2959 4318 3013 4367 et
3042 4312 3329 4379 deorsum,
3375 4315 3528 4369 tom.
3565 4312 3665 4376 III,
3696 4308 3795 4364 lib.
3825 4321 3862 4361 ιι

2586 4382 2708 4437 adv.
2742 4388 2941 4451 Mam,
2977 4400 3102 4455 cap.
3135 4384 3225 4455 28,
3262 4402 3318 4438 ιι.
3356 4384 3486 4441 195.

2282 4471 2397 4526 Hoc
2428 4471 2798 4542 proverbium
2832 4472 3120 4528 Heraclito
3154 4471 3867 4545 usurpatum,transferre

454 4580 573 4634 183.
620 4578 861 4633 Titulum
910 4576 1265 4648 dispungere,
1316 4577 1459 4648 tom:
1491 4570 1559 4638 V,
1591 4569 1692 4624 lib.
1746 4569 1812 4625 de
1862 4569 2099 4641 Monog.,
2132 4544 2176 4608 D
2208 4559 2436 4615 videtur
2484 4560 2728 4615 Tertull.
2758 4561 2828 4616 ad
2864 4578 3030 4617 suam
3064 4544 3517 4632 argumentandi
3559 4561 3865 4617 rationem.

1059 4663 1188 4717 cap.
1220 4648 1275 4710 8,
1304 4662 1362 4699 n.
1393 4644 1482 4698 55.

524 4739 881 4810 Dispungere
911 4736 1166 4792 rationes
1184 4733 1338 4806 apud
1362 4730 1800 4803 jureconsultos
1831 4735 1919 4787 est
1949 4747 2102 4788 com-

450 4834 680 4903 putum,
714 4832 778 4884 ut
807 4828 983 4899 vulgo
1013 4823 1691 4898 loquimur,examinare,
1724 4822 1865 4889 sive,
1899 4826 1964 4877 ut
1994 4826 2100 4878 Pa-

448 4921 606 4995 pian.
642 4918 942 4989 describit,
974 4917 1237 4973 conferre
1284 4918 1521 4987 accepta
1549 4918 1607 4970 et
1638 4914 1794 4980 data,
1828 4916 1886 4968 et
1913 4911 2051 4967 alibi
2084 4928 2097 4967 :

444 5010 802 5080 Percontari,
836 5009 1189 5077 examinare,
1221 5007 1550 5064 describere
1594 5006 1873 5070 rationes,
1904 5021 2007 5075 pro
2036 5021 2102 5061 co

446 5106 598 5176 quod
632 5104 725 5159 est
751 5102 1099 5174 dispungere.
1127 5097 1293 5154 Aliud
1326 5100 1415 5153 est
1445 5110 1794 5167 expungere,
1830 5094 1983 5164 quod
2016 5098 2104 5149 est

446 5193 681 5265 punctis
711 5192 1156 5248 circumducere
1187 5192 1242 5243 et
1272 5185 1495 5256 tollere,
1520 5188 1577 5240 et
1606 5183 1776 5255 quasi
1810 5199 1931 5239 rem
1965 5199 2099 5238 con-

444 5283 656 5337 fectam
682 5282 937 5337 eximere
959 5296 989 5335 e
1012 5279 1229 5334 codice.
1264 5276 1457 5331 Utitur
1479 5272 1723 5329 Tertull.
1761 5272 2104 5344 metaphora

446 5390 480 5429 a
510 5370 1029 5428 ratiocinatoribus
1083 5369 1279 5434 ducta,
1312 5368 1369 5421 et
1398 5382 1431 5419 a
1470 5362 1835 5433 censoribus,
1891 5362 1992 5434 qui
2042 5364 2101 5418 in

448 5459 679 5516 tabulas
713 5460 974 5515 referunt
1005 5456 1247 5511 nomina
1272 5458 1328 5510 et
1358 5450 1561 5508 titulos
1593 5467 1792 5507 eorum
1818 5451 1917 5523 qui
1938 5452 2103 5523 profi-

447 5556 666 5606 tentur.
727 5548 784 5604 Si
837 5544 1278 5622 proverbialiter
1334 5557 1619 5613 usurpare
1676 5541 1885 5615 placet,
1946 5542 2101 5599 erit:

449 5640 754 5699 Rationem
784 5636 875 5697 vel
907 5651 1142 5695 causam
1153 5634 1410 5707 ,justane
1431 5631 1509 5690 sit
1536 5648 1607 5689 an
1630 5635 1854 5704 contra,
1886 5649 2100 5705 expen-

2211 4650 2355 4705 Nam
2389 4666 2455 4705 eo
2509 4648 2731 4705 faciunt
2764 4665 2775 4704 :
2811 4650 3019 4719 Supra,
3052 4655 3109 4706 et
3154 4651 3307 4706 infra
3336 4668 3418 4707 se.
3452 4651 3594 4707 Haec
3637 4648 3868 4721 quidem

2211 4739 2283 4795 ad
2319 4739 2687 4811 dignitatem,
2720 4738 2821 4794 illa
2868 4757 3106 4795 sursum
3140 4757 3206 4795 ac
3237 4742 3520 4796 deorsum
3574 4740 3650 4796 ad
3684 4739 3870 4793 locum

2213 4827 2557 4900 spectantia.
2579 4828 2699 4884 Hoc
2723 4829 2879 4885 enim
2910 4846 3041 4885 vere
3073 4834 3163 4885 est
3196 4830 3481 4886 adversus
3514 4828 3872 4887 Marcionem

2212 4917 2560 4973 antitheseis
2591 4917 2832 4974 aemulas
2865 4919 3072 4988 facere,
3108 4936 3235 4990 quas
3266 4935 3381 4975 non
3414 4918 3620 4975 solum
3652 4918 3713 4972 in
3745 4932 3872 4971 sen-

2212 5006 2434 5081 tentiis,
2495 5008 2544 5062 si
2591 5006 2900 5079 ignoravit,
2943 5008 3182 5064 omnino
3233 5024 3349 5063 non
3400 5007 3601 5074 scivit,
3657 5005 3762 5063 sed
3819 5002 3878 5058 in

2210 5095 2668 5166 Vocabulis,quss
2700 5097 2838 5163 dixi,
2872 5097 3218 5153 consistant.
3252 5097 3590 5153 Heraclitus
3625 5108 3879 5165 usurpa-

2212 5186 2289 5241 rit
2322 5187 2467 5241 forte
2500 5184 2559 5239 in
2591 5184 2887 5258 Psychicis
2934 5186 3264 5255 disciplinis
3296 5187 3403 5243 hoc
3434 5186 3767 5242 obscurius
3794 5181 3883 5237 di-

2213 5280 2373 5331 ctum
2402 5292 2416 5343 ;
2449 5290 2580 5330 cum
2611 5290 2849 5329 sursum
2881 5292 2946 5330 ac
2978 5278 3252 5331 deorsum
3273 5278 3329 5331 in
3364 5275 3473 5333 loci
3508 5277 3751 5331 ratione
3768 5272 3885 5329 sint

2213 5382 2279 5423 ex
2338 5379 2582 5418 numero
2638 5380 2840 5419 eorum
2896 5381 3022 5435 quae
3083 5365 3364 5421 dicuntur
3418 5364 3559 5438 πρὸς
3621 5363 3700 5435 τὶ,
3765 5361 3888 5419 sive

2214 5452 2418 5509 relata.
2476 5453 2670 5507 Cicero
2735 5468 2747 5507 :
2807 5453 2961 5508 Ferri
3018 5471 3246 5511 sursum
3294 5454 3467 5511 rectis
3538 5453 3771 5518 lineis,
3834 5453 3890 5505 et

2213 5542 2468 5598 deorsum
2498 5541 2567 5596 ad
2599 5540 2835 5598 lineam.
2868 5544 3057 5614 Atque
3087 5544 3167 5599 ita
3214 5544 3453 5600 Tertull.
3489 5548 3887 5615 argumenta-

2213 5632 2437 5691 tionem
2472 5648 2661 5704 suam,
2693 5631 2963 5689 τουτέστιν
3016 5632 3294 5692 Heracliti
3325 5633 3627 5693 axiomate
3655 5631 3890 5706 probat,
