4072 6190
264 325 361 386 29⁵1
1551 320 1887 382 LECTORI
1931 318 2299 380 CANDIDO.
3506 314 3636 376 298

308 456 410 512 I89.
440 458 575 512 Vive
602 468 748 522 voce,
773 456 914 509 tom.
950 451 1051 520 III,
1082 452 1183 508 lib.
1214 453 1289 510 de
1327 454 1652 525 Praescript.
1683 452 1810 509 adv.
1896 455 1949 522 Α
1980 467 2123 507 care.
2154 451 2225 506 Et
2254 450 2386 507 aliis
2420 468 2433 507 :
2475 473 2494 500 α
2531 451 2677 506 Muti
2712 449 3002 522 magistri,
3032 464 3162 519 quae
3219 451 3357 504 sunt
3414 448 3632 520 scripta

663 526 884 591 haeret,
916 542 1042 597 cap.
1074 527 1168 592 21,
1200 542 1259 581 n.
1296 526 1421 581 128.
1980 556 2182 596 eorum
2214 557 2271 613 qi

2024 558 2182 596 arum
2214 541 2313 613 qui
2346 540 2557 595 eruditi
2604 539 2822 611 ingenii
2875 541 3259 592 monumenta
3305 536 3632 607 posteritati

317 632 441 688 Huic
469 632 665 688 statim
698 632 1033 704 opponitur,
1070 648 1175 704 per
1229 632 1507 703 epistolas,
1567 629 1863 686 subintell.
1979 630 2189 686 litteris
2248 632 2526 686 mandata
2578 628 2962 701 reliquerunt,
3024 627 3195 699 quasi
3225 626 3383 682 vocis
3412 629 3469 682 et
3498 626 3631 681 vita)

260 722 616 793 pradicando.
689 722 816 777 Viva
873 736 999 786 vox,
1050 720 1212 790 quasi
1243 721 1437 775 vivida
1465 725 1640 792 atque
1668 720 1873 775 efﬁcax
1980 722 2267 790 expertes.
2303 742 2330 769 ››

257 813 315 867 ab
344 811 460 883 ipso
494 810 930 883 pronuntiantis
960 826 1078 877 ore,
1113 814 1403 882 percepta.
1435 809 1493 864 in
1528 826 1644 880 qua
1674 809 1872 866 nativa
2032 827 2153 881 190.
2192 827 2443 883 Umbram
2474 828 2597 881 sine
2628 824 2837 879 lumine
2868 823 3133 889 colorare,
3166 824 3309 876 tom.
3342 822 3439 891 III,
3470 820 3574 877 lib.

258 905 301 955 et
326 899 565 969 genuina
595 898 871 956 elucescit
900 900 1112 971 gratia,
1169 904 1225 953 et
1282 899 1433 953 actio
1494 915 1626 953 cum
1684 903 1869 965 motu,
2352 898 2474 953 adv.
2506 900 2783 967 Hermog,
2815 912 2942 966 cap.
2976 896 3029 958 2,
3064 910 3121 948 n.
3156 894 3240 947 12.

255 1005 360 1061 quae
411 988 466 1042 In
516 987 796 1042 orationis
843 988 1089 1055 estvita,
1120 986 1472 1043 inbearescit.
1509 988 1641 1051 Quae
1673 986 1873 1042 omnia
2052 987 2139 1041 Ab
2186 990 2308 1041 arte
2352 984 2615 1057 pictoris,
2646 999 2823 1056 quam
2850 984 3245 1053 Hermogenes
3276 983 3633 1051 exercuerat,

254 1078 597 1149 ascriptura,
659 1077 810 1132 249
872 1092 997 1147 quis
1055 1092 1251 1130 veram
1308 1075 1617 1147 vivamque
1671 1092 1868 1131 vocem
1983 1080 2253 1131 tractum.
2293 1098 2313 1124 ιι
2369 1075 2566 1129 Prima
2598 1074 2836 1146 picturae
2869 1071 3032 1125 initia
3063 1070 3282 1141 (inquit
3313 1070 3636 1141 Plin.)um-

252 1171 452 1222 tantum
515 1165 803 1231 imitatur,
856 1168 995 1219 sunt
1019 1166 1307 1233 sejuncta.
1341 1165 1567 1228 Quinct.
1605 1182 1617 1221 :
1653 1187 1681 1215 «
1712 1166 1871 1219 Actio
1983 1166 2079 1220 bra
2109 1164 2365 1220 hominis
2396 1164 2567 1219 lineis
2600 1162 3159 1230 circumducta,quas
3185 1159 3421 1214 linearis
3453 1159 3633 1226 dicta,

252 1255 507 1310 orationis
538 1252 711 1325 quasi
740 1253 859 1307 vita
906 1256 1014 1318 est,
1072 1269 1266 1307 rerum
1331 1252 1588 1309 inventio
1647 1254 1870 1309 ossium
1982 1254 2235 1311 secunda
2267 1253 2511 1323 singulis
2543 1252 2857 1315 coloribus,
2890 1254 2947 1305 et
2979 1249 3492 1304 monochromatos
3531 1265 3635 1319 ap-

253 1345 418 1398 instar
445 1348 536 1397 est
568 1360 581 1397 :
616 1342 757 1397 ordo
794 1357 995 1396 nervos
1022 1341 1309 1409 imitatur,
1338 1340 1585 1397 elocutio
1615 1358 1872 1409 carnem,
1984 1342 2218 1415 peltata.
2255 1364 2283 1391 ››
2319 1345 2516 1414 Itaque
2548 1343 2737 1413 prima
2770 1341 2893 1394 sine
2922 1338 3039 1393 ullo
3068 1337 3260 1393 colore
3300 1336 3428 1404 fuit,
3488 1338 3634 1393 adeo

248 1438 412 1487 cutem
444 1437 500 1486 et
531 1430 783 1485 colorem
836 1431 1047 1495 refert;
1109 1430 1390 1485 memoria
1449 1431 1697 1502 spiritus
1754 1431 1876 1486 vice
1986 1436 2051 1487 ut
2104 1448 2253 1503 quos
2311 1432 2645 1502 pingerent,
2706 1429 2998 1484 ascribere
3057 1430 3212 1481 esset
3269 1426 3634 1481 institutum.

255 1521 511 1593 Iungitur.
572 1519 801 1586 Quibus
856 1518 1131 1574 omnibus
1190 1518 1414 1574 accedit
1454 1520 1874 1591 pronuntiatio,
1986 1520 2203 1577 Deinde
2234 1519 2401 1574 lineae
2434 1518 2679 1574 colorari
2716 1524 2912 1588 emptae
2943 1520 3095 1571 testa
3124 1515 3640 1585 trita.Cujusmodi

250 1609 384 1666 velut
413 1614 608 1665 motus
640 1609 878 1680 quidam
906 1607 1123 1663 vitalis.
1156 1607 1395 1663 Nullum
1450 1609 1606 1664 enim
1659 1610 1877 1665 certius
1989 1610 2225 1680 picturas
2250 1610 2307 1663 in
2342 1612 2465 1663 arte
2496 1605 2783 1661 tectonica
2816 1622 2920 1676 par
2967 1609 3056 1660 est
3105 1602 3451 1680 ἰχνογραφία,
3508 1621 3638 1676 quae

249 1702 639 1769 argumentum
701 1698 829 1751 vitae
885 1712 1061 1767 quam
1121 1702 1353 1765 motus;
1416 1699 1572 1753 unde
1631 1698 1875 1754 flumina
1987 1703 2075 1753 est
2131 1715 2275 1753 areae
2319 1699 2522 1769 jacens
2551 1695 2874 1751 eiformatio
2902 1697 2959 1748 et
2989 1693 3391 1764 superﬁciaria
3424 1693 3641 1747 descri-

245 1788 375 1851 viva,
432 1804 464 1841 a
522 1790 706 1840 motu.
767 1806 796 1835 »
856 1788 919 1839 B.
979 1784 1211 1840 Hieron.
1271 1786 1330 1841 in
1386 1787 1611 1841 Praefat.
1675 1786 1865 1843 Gen.:
1910 1841 1956 1859 ἢ
1990 1786 2130 1859 ptio,
2184 1787 2364 1841 futuri
2412 1784 2606 1857 operis
2642 1782 2938 1854 specimen
2966 1781 3245 1838 exhibens
3280 1798 3293 1835 :
3326 1780 3645 1852 Detorque-

254 1898 276 1925 ιι
302 1875 470 1930 Habet
503 1874 701 1930 nescio
734 1874 872 1946 quid
916 1873 1153 1929 latentis
1211 1875 1459 1948 energiaa
1511 1878 1637 1932 viva
1694 1893 1816 1932 vox.
1851 1898 1879 1925 ››
1910 1870 1958 1906 D
1991 1876 2148 1932 bitur
2177 1876 2248 1931 ad
2306 1874 2620 1940 sermonis,
2677 1870 3031 1943 argumenti,
3086 1870 3168 1925 rei
3228 1870 3640 1925 demonstratis

248 1964 373 2021 Huic
416 1963 679 2036 Opponit,
715 1968 778 2018 ut
809 1962 948 2034 dixi,
974 1962 1215 2018 Tertull.
1247 1980 1344 2036 per
1367 1966 1652 2036 epistolam
1674 1965 1883 2037 prmdi-
1992 1964 2431 2021 obscuritatem.

1261 2203 1972 2294 ARGUMENTA
2074 2203 2592 2292 CAPITUM

1100 2354 1362 2415 PROU'I‘
1406 2355 1483 2415 IN
1530 2355 2109 2419 MANUSGRIPTIS
2155 2354 2772 2417 CONCIPIUNTUR.

753 2503 882 2549 NA!
927 2502 1274 2550 COPIOSIOIIA
1311 2507 1384 2552 ET
1426 2508 1852 2555 ACGURATORIA
1895 2510 2007 2555 N08
2052 2507 2322 2555 SINGULIS
2367 2505 2679 2552 CAPITIBUS
2724 2504 3123 2550 PREFIXIMUS.

246 2732 460 2789 CAPUT
493 2732 540 2787 Ι.
572 2733 649 2787 De
670 2729 964 2800 iniquitate
983 2728 1301 2799 judicandi.
2000 2734 2234 2790 CAPUT
2264 2731 2427 2787 XXV.
2464 2735 2548 2786 De
2575 2728 2935 2799 religiositate
2964 2730 3363 2785 Romanorum.

363 2827 377 2853 ‹
486 2804 556 2859 II.
596 2803 799 2857 Contra
824 2802 1267 2872 Inquisitionem.
2118 2828 2147 2856 «
2264 2803 2448 2858 XXVI.
2481 2803 2556 2857 De
2581 2817 2751 2872 regno
2780 2801 2898 2855 Dei.

356 2896 378 2927 ι
487 2876 589 2930 III.
622 2876 696 2929 De
733 2874 976 2928 nominis
1001 2873 1437 2943 exprobratione.
2119 2900 2139 2925 ι
2264 2874 2482 2929 XXVII.
2520 2874 2594 2927 De
2621 2873 2822 2943 spiritu
2849 2872 3205 2927 daemoniaco.

349 2969 376 2997 (ι
486 2946 586 3001 IV.
618 2947 694 3001 De
724 2945 959 3016 legibus.
2114 2971 2142 2997 «
2266 2944 2511 3001 XXVIII.
2544 2946 2615 2998 De
2643 2959 2807 3013 regno
2839 2945 3251 3016 imperatorum.

348 3042 375 3069 α
482 3018 559 3072 ν.
594 3013 796 3072 Contra
823 3013 999 3070 idola.

2115 3040 2144 3069 ‹‹
2262 3017 2447 3072 ΧΧΙΧ.
2486 3024 2575 3070 An
2605 3017 2810 3083 possint
2835 3013 3090 3086 prodesse
3120 3014 3287 3069 idola.

370 3111 383 3137 ‹
488 3089 596 3143 VI.
624 3090 698 3144 De
732 3088 942 3158 legibus
968 3086 1256 3158 neglectis.
2114 3113 2142 3141 «
2264 3092 2441 3141 XXX.
2474 3088 2546 3142 De
2574 3085 3312 3157 precibusC/zristianorum.

368 3182 381 3209 ‹
492 3160 626 3215 VII.
659 3163 739 3215 De
769 3157 1118 3227 infanticidio
1149 3166 1202 3213 et
1222 3157 1379 3231 fama
1408 3160 1670 3217 incestus.
2115 3184 2137 3211 ι
2262 3160 2443 3215 XXXI.
2479 3160 2554 3214 De
2585 3159 2830 3231 oratione
2852 3175 2955 3229 pro
2984 3159 3248 3229 inimicis,
3276 3174 3376 3229 pro
3406 3159 3639 3231 imperio

365 3253 378 3281 ‹
487 3232 649 3287 VIII.
680 3232 755 3285 De
778 3239 932 3303 fama
964 3230 1231 3303 Incerti._’
2332 3235 2383 3286 et
2408 3234 2674 3303 potestate
2698 3230 3108 3303 imperatorum

350 3326 377 3354 «
485 3304 587 3359 IX.
620 3303 691 3357 De
716 3299 1009 3357 sceleribus
1037 3301 1351 3371 gentilium.

2113 3326 2142 3354 ‹‹
2262 3299 2475 3357 XXXII.
2510 3303 2583 3357 De
2611 3317 2719 3357 non
2751 3302 2982 3370 iurando
3006 3317 3110 3372 per
3138 3299 3362 3369 genium
3385 3303 3642 3360 Caesaris.

355 3398 375 3423 α
490 3380 568 3429 X.
604 3375 675 3429 De
701 3388 813 3427 non
842 3373 1065 3428 colendo
1095 3373 1260 3428 idolo.
2111 3398 2140 3425 «
2263 3374 2504 3429 XXXIII.
2542 3380 2651 3427 Pro
2681 3374 3034 3443 imperatore.

348 3466 372 3497 α
486 3448 590 3503 XI.
629 3450 710 3500 De
738 3444 1059 3500 hominibus
1085 3447 1202 3515 post
1227 3447 1458 3500 mortem
1506 3446 1565 3500 in
1612 3446 1885 3502 Divinita-
2112 3470 2140 3498 ‹‹
2259 3445 2499 3501 XXXIV.
2532 3446 2638 3499 Pro
2667 3446 2899 3514 Augusto
2932 3451 3286 3514 imperatore.

569 3524 677 3571 tem
704 3516 942 3571 allectis.
2115 3540 2135 3566 c
2263 3520 2491 3571 XXXV.
2530 3519 2600 3571 De
2624 3516 2960 3571 solemnibus
2991 3515 3290 3569 Cmsarum.

488 3588 611 3642 XII.
642 3588 843 3643 Contra
871 3587 1095 3643 deorum
1122 3587 1448 3641 simulacra.
2116 3610 2144 3640 ‹‹
2263 3588 2592 3643 XXXVI.De
2618 3588 2953 3657 azqualitate
2982 3587 3233 3641 omnium
3260 3602 3643 3657 personarum.

348 3683 375 3709 ι(
489 3660 647 3714 XIII.
678 3660 751 3713 De
780 3660 1143 3714 irreverentia
1171 3676 1303 3726 erga
1331 3660 1473 3713 deos.
2115 3684 2143 3711 «
2264 3660 2527 3715 XXXVII.
2559 3659 2637 3715 Ne
2666 3659 2875 3713 malum
2905 3664 3097 3715 contra
3122 3659 3351 3712 malum.

348 3752 373 3782 ι
488 3730 635 3785 XIV.
674 3730 747 3784 De
776 3729 1157 3797 sacriﬁcando.
2116 3754 2141 3783 α
2264 3730 2557 3785 XXXVIII.
2586 3731 2661 3784 De
2688 3735 2844 3784 cestu.

354 3825 375 3851 ι
489 3802 616 3858 XV.
653 3803 722 3856 De
749 3803 954 3872 fabulis
984 3807 1034 3856 et
1067 3802 1255 3855 mimis
1284 3799 1620 3872 deorumque
1664 3802 1886 3871 [aadila-
2115 3826 2142 3853 ‹‹
2265 3803 2498 3857 XXXIX.
2532 3806 2611 3857 De
2634 3800 2933 3872 disciplina
2967 3800 3431 3856 Christianorum.

567 3875 734 3928 tibus.
2113 3898 2141 3924 (ς
2264 3874 2377 3928 XL.
2412 3874 2614 3928 Contra
2640 3873 2919 3929 ethnicam
2948 3874 3236 3927 rationem.

360 3968 375 3994 ‹
489 3944 641 4001 XVI.
678 3946 750 3998 De
776 3944 953 4013 capite
980 3944 1203 3997 asinino
1232 3945 1280 3997 et
1311 3944 1524 3997 caeteris
1555 3944 1889 4014 insignibus,
2118 3968 2139 3995 α
2264 3946 2401 3999 XLI.
2437 3945 2589 4012 Quod
2621 3949 2762 4001 Deus
2810 3948 3103 4014 spernitur
3150 3949 3201 3997 et
3253 3947 3456 4001 statuae
3509 3945 3647 4001 ado-

568 4031 694 4084 qua:
721 4015 1023 4071 Christiani
1053 4014 1377 4070 dicebantur
1405 4015 1602 4070 colere.
2333 4023 2556 4071 rantur.

365 4108 377 4134 ι
489 4083 668 4142 XVII.
700 4088 773 4142 De
803 4089 926 4142 Deo.
979 4156 983 4157 ν
1242 4155 1251 4157 _
2112 4110 2141 4137 «
2265 4086 2427 4142 XLII.
2466 4088 2621 4155 Quod
2651 4087 3021 4157 infructuosos
3049 4083 3259 4140 dicunt.

354 4181 379 4206 κ
497 4158 697 4213 XVIII.
731 4160 803 4212 De
829 4156 1105 4227 praphetis
1133 4160 1182 4211 et
1225 4155 1525 4225 Scripturis
1572 4157 1887 4213 Dominicis.
2115 4181 2143 4209 «
2264 4158 2456 4213 XLIII.
2492 4165 2569 4215 De
2599 4155 2889 4213 lenocinio.

364 4251 377 4278 ι
492 4230 637 4285 XIX.
672 4231 745 4284 De
772 4229 952 4300 Moyse
978 4229 1261 4299 prapheta.
2122 4252 2150 4279 «
2272 4230 2461 4286 XLIV.
2495 4233 2571 4286 De
2598 4230 2864 4286 custodiis
2892 4227 3251 4283 ethnicorum.

353 4324 381 4350 «
495 4301 615 4356 XX.
653 4306 727 4356 De
758 4311 915 4355 statu
946 4308 1267 4370 temporum.
1381 4369 1386 4370 ί
2122 4323 2149 4353 α
2267 4302 2419 4356 XLV.
2458 4304 2532 4357 De
2560 4302 2877 4357 innocentia
2907 4300 3372 4354 Christianorum.

364 4394 378 4420 ι
493 4376 647 4427 XXI.
682 4374 756 4426 De
796 4369 1131 4427 Christianis
1184 4376 1236 4425 et
1286 4369 1515 4435 Judaeis,
1575 4370 1785 4426 Christo
1844 4374 1893 4426 et
2119 4394 2147 4423 ‹‹
2270 4374 2459 4428 XLVI.
2493 4376 2568 4429 De
2595 4373 2929 4429 Christianis
2959 4374 3011 4426 et
3032 4370 3393 4442 philosophis.

577 4445 969 4515 Omnipotente.
2122 4464 2149 4497 α
2268 4445 2478 4500 XLVII.
2514 4446 2663 4513 Quod
2690 4444 3002 4515 philosophi
3030 4448 3081 4499 et
3111 4447 3280 4515 poetae
3307 4458 3413 4499 sua
3438 4459 3508 4499 ex
3532 4444 3648 4513 lege

370 4535 383 4561 ‹
493 4514 665 4587 XXII.
697 4518 774 4571 De
798 4515 1105 4571 daemonum
1134 4520 1357 4587 natura.
1482 4586 1489 4587 ί
1536 4585 1542 4587 Α
1721 4585 1729 4587 Α
2376 4518 2477 4572 Dei
2501 4514 2922 4587 desumpserint.

499 4586 693 4641 XXIII.
727 4588 803 4642 De
828 4585 1310 4658 phantasmatibus
1336 4585 1567 4653 magicis
1598 4591 1648 4640 et
1691 4585 1894 4639 daemo-
2125 4606 2147 4634 α
2268 4588 2503 4643 XLVIII.
2540 4591 2609 4644 De
2640 4585 3044 4643 resurrectione
3075 4588 3332 4657 corporis.

570 4659 772 4713 niacis.
2123 4680 2145 4707 α
2270 4658 2457 4714 XLIX.
2492 4662 2563 4715 De
2596 4658 2893 4715 tolerandis
2928 4658 3295 4713 Christianis.

368 4750 381 4775 ‹
494 4728 692 4784 XXIV.
728 4730 801 4783 De
828 4728 1099 4781 varietate
1127 4726 1373 4782 deorum.
2118 4752 2146 4778 ιι
2273 4731 2335 4785 L.
2369 4733 2703 4787 Prwstantia
2732 4731 3004 4787 doctrinae
3036 4729 3395 4785 Christianae.

251 4850 3658 4887 Μ

1087 4958 1242 5016 ²⁵⁰
1286 4974 1994 5107 LECTORI
2093 4976 2819 5109 CANDIDO

855 5186 948 5269 S.
1028 5184 1117 5269 P.
1201 5184 1311 5267 D.
1394 5182 2102 5273 SIGEBERTUS
2180 5186 3058 5276 HAVERCAMPUS.

314 5461 564 5531 Semper
630 5461 819 5515 Africa
879 5458 1009 5514 novi
1073 5456 1312 5527 aliquid.
1381 5458 1525 5527 Illa,
1590 5460 1909 5517 solitudine
2019 5462 2212 5532 specie
2245 5463 2582 5534 roborisque
2613 5463 3022 5535 amplitudine,
3058 5463 3265 5519 ditavit
3294 5464 3674 5521 animalibus.

254 5545 513 5608 horrida,
551 5548 803 5604 terarum
837 5547 1030 5615 altrix,
1063 5546 1294 5602 scholas
1324 5547 1668 5617 bestiarum,
1696 5551 1907 5606 Roma-
2020 5550 2127 5605 Illa
2159 5552 2217 5606 in
2252 5553 2630 5608 sanctissima
2674 5556 2999 5623 martyrum
3058 5568 3320 5622 corpora,
3379 5555 3679 5624 spectante

253 5651 585 5709 eorumque
614 5637 753 5695 olim
787 5653 1055 5705 munera,
1116 5634 1298 5708 mille,
1361 5636 1591 5697 diversa
1648 5638 1908 5699 horroris
2018 5625 2152 5698 1ista
2212 5640 2444 5701 Romuli
2504 5642 2700 5717 plebe,
2758 5641 3340 5716 spectatoribusmon
3373 5638 3683 5698 dissimilia

563 5765 820 5830 Paeon.
868 5765 916 5829 Ι.

3330 5771 3405 5831 10
