4072 6190
430 332 551 395 299

1776 324 2114 388 LECTORI
2156 325 2502 390 CANDIDO

3718 337 3833 398 300

431 464 647 539 Libyca
683 462 930 520 immisit
960 466 1246 518 monstra.
1280 460 1409 516 Fuit
1438 460 1642 515 eadem
1686 458 1897 525 Africa,
1947 473 2075 529 qum
2106 468 2157 536 Α
2192 476 2315 514 rum
2343 477 2407 516 ac
2435 461 2749 517 litterarum
2786 462 3037 519 omnium
3072 466 3437 536 cognitionem
3456 483 3479 527 ;
3520 467 3636 535 fuit
3680 483 3827 525 enim

431 571 547 610 non
578 552 781 625 vulpes
807 550 1149 616 solum,doli
1183 550 1420 623 plenum
1444 548 1822 618 genus,triste
1857 547 2078 602 malum

432 644 581 711 uvis,
617 641 1133 713 protuberantibus
1156 642 1412 711 primum
1441 638 1499 691 in
1522 636 1778 692 Ecclesia
1799 635 2077 690 Christia-

430 750 505 787 na
534 732 773 797 vitibus,
806 729 1162 802 procreavit;
1196 728 1296 784 sed
1329 732 1386 782 et
1416 726 1764 781 metuendos
1803 724 2079 780 dentibus

429 838 624 893 apros,
656 820 851 876 vineta
881 819 1010 891 ipsa
1034 818 1395 883 effodientes,
1428 816 1787 871 horrendum
1846 814 2079 886 rugien-

428 915 515 965 tes
544 909 742 965 leones
768 908 1147 978 immitesque
1178 922 1346 960 ursos
1378 904 1809 959 subministrat.
1844 906 1915 957 At
1943 918 2076 958 vero

429 997 583 1053 sicut
638 999 710 1053 ad
771 996 1214 1068 temperandam
1274 993 1445 1049 Urbis
1477 994 1742 1061 jEternse,
1774 1008 1899 1063 qua;
1934 991 2076 1047 falso

430 1086 667 1142 nomine
698 1084 810 1141 sibi
837 1084 1252 1141 blandiebatur
1284 1080 1904 1149 Roma,lzstitiam,Afri
1933 1096 2072 1150 pras-

428 1176 630 1231 sertim
660 1174 1133 1246 efﬂagitabantur
1157 1176 1481 1239 venatores,
1514 1171 1635 1242 qui,
1691 1169 1914 1223 viribus
1973 1185 2076 1222 va-

424 1265 637 1331 lentes,
688 1264 832 1321 251
899 1262 1371 1330 frustrandisque
1418 1259 1732 1315 bestiarum
1777 1258 2073 1313 morsibus

423 1355 698 1421 artifices,
729 1354 1011 1423 impetum
1045 1366 1248 1407 earum
1275 1349 1597 1418 eluderent,
1626 1348 1903 1418 ipsasque
1934 1363 2071 1401 con-

422 1444 695 1509 ﬁcerent;
726 1442 809 1497 sic
839 1441 1014 1496 etiam
1049 1439 1192 1495 satis
1234 1453 1513 1509 magnum
1547 1441 1763 1491 aeterna
1806 1451 1936 1490 vere
1968 1435 2068 1489 Dei

420 1533 538 1586 veri
570 1530 777 1586 civitas
806 1534 1013 1584 contra
1040 1526 1505 1592 Valentinianos,
1540 1525 1866 1591 Gnosticos,
1900 1523 2070 1579 Aria-

419 1638 547 1686 nos,
579 1618 920 1691 similiaque
953 1622 1174 1673 natura:
1209 1620 1500 1689 portenta,
1534 1614 1797 1686 genitum
1855 1630 1924 1668 ex
1980 1630 2069 1668 ea-

418 1714 549 1766 dem
607 1709 719 1765 sibi
777 1707 971 1763 Africa
1018 1706 1161 1761 vidit
1191 1705 1554 1777 praesidium.
1589 1703 1737 1766 Quid
1770 1703 1927 1758 enim
1958 1705 2070 1758 Au'

414 1798 632 1870 gustini
665 1813 770 1871 ego
803 1795 1187 1851 subtilitatem
1223 1797 1281 1849 et
1336 1792 1725 1848 eruditionem
1782 1791 2016 1846 laudem
2040 1790 2067 1845 ?

411 1896 755 1953 melliﬂuam
792 1893 1069 1950 Lactantii
1102 1890 1493 1963 eloquentiam
1528 1890 1819 1961 probem?
1866 1894 2055 1944 Arno-

406 1985 490 2041 bii
549 1988 779 2041 doctam
838 1982 1236 2038 curiositatem
1297 1978 1964 2052 persequarPUndique
1994 1976 2053 2031 in

408 2075 677 2147 Cypriani
708 2071 945 2143 scriptis
977 2070 1329 2126 relucentem
1376 2068 1676 2138 pietatem,
1701 2083 1877 2138 quam
1928 2066 2054 2138 ipse

409 2162 691 2234 sanguine
750 2178 856 2216 suo
888 2158 1160 2232 signavit,
1194 2157 1516 2229 suspiciam
1538 2156 1564 2210 ’ἶ
1596 2156 1744 2220 Quid
1777 2156 2051 2225 denique,

404 2252 505 2322 qui
540 2267 652 2307 uno
684 2251 860 2306 etiam
894 2247 1089 2304 libello
1122 2246 1377 2302 multum
1408 2262 1555 2302 verae
1583 2244 1778 2316 gloria)
1814 2244 2050 2311 meruit,

408 2336 646 2394 Minucii
681 2338 936 2393 admirer
958 2335 1273 2390 rotundum
1296 2338 1353 2389 et
1380 2333 1700 2388 leneﬂuens
1730 2331 2046 2403 eloquium!

408 2427 568 2484 Unus
599 2428 788 2483 instar
816 2425 1081 2480 omnium
1112 2428 1200 2479 est
1236 2423 1631 2491 Tertullianus,
1664 2421 1722 2474 in
1758 2437 1869 2492 quo
1901 2420 2049 2476 mul-

403 2523 530 2573 tum
562 2516 671 2572 sibi
706 2514 894 2587 placet
925 2512 1332 2586 Augustinus;
1366 2510 1557 2567 omnis
1616 2509 1845 2582 generis
1893 2510 2047 2564 litte-

403 2622 600 2662 rarum
627 2604 895 2676 peritiam
920 2602 1184 2674 agnoscit
1208 2600 1574 2667 Lactantius;
1600 2615 1773 2669 quem
1806 2615 2051 2670 sequen-

400 2696 542 2749 dum
574 2693 688 2749 sibi
722 2692 996 2764 proponit
1022 2690 1350 2759 Arnobius;
1386 2687 1758 2759 magistrum,
1818 2686 2046 2759 quoties

396 2792 575 2847 libros
606 2790 733 2861 ejus
764 2788 1157 2861 poscit,vocat
1186 2785 1529 2859 Cyprianus;
1563 2784 1622 2838 in
1654 2801 1760 2839 suo
1794 2784 2044 2855 denique

396 2880 656 2951 Dialogo,
690 2877 791 2949 qui
821 2877 981 2932 velut
1002 2880 1366 2932 contractum
1401 2891 1467 2929 ex
1496 2878 1658 2929 vasto
1688 2872 2043 2945 Apologetici

396 2970 571 3039 hujus
604 2967 801 3039 pelago
835 2967 1001 3021 sinus
1027 2969 1116 3019 est
1145 2967 1712 3027 curvamen,tantum
1746 2978 1862 3016 non
1886 2968 2042 3016 tran-

392 3056 599 3115 scribit
628 3054 942 3111 Minucius.
984 3054 1057 3108 De
1088 3070 1203 3125 quo
1237 3052 1473 3124 quidem
1512 3049 2037 3121 Tertulliano,quid

388 3157 611 3202 veteres
640 3150 696 3200 et
721 3147 980 3199 recentes
1011 3147 1278 3196 auctores
1309 3156 1421 3195 non
1455 3139 1580 3194 sine
1629 3138 1871 3193 laudum
1931 3156 2034 3193 cu-

2188 549 2373 604 doctor
2417 552 2707 607 omniscius
2748 556 2799 607 et
2826 557 3073 623 argutus,
3106 556 3202 624 qui
3229 556 3402 610 illatis
3428 556 3683 611 manibus
3711 563 3827 613 tra-

2187 639 2414 693 ctandus
2443 655 2552 693 non
2582 649 2678 705 est,
2711 642 2827 709 {nec
2874 643 3052 696 obiter
3100 643 3387 713 legendus,
3435 645 3638 716 ubique
3685 649 3828 701 enim

2188 734 2505 783 remoratur
2535 729 2811 785 lectorem.
2845 731 3219 786 Tertullianus
3265 737 3419 788 certe
3468 733 3829 790 excellentis-

2188 814 2377 872 simus
2406 822 2612 873 auctor
2641 820 2816 874 estin
2872 819 3169 876 omnibus.
3214 825 3456 877 Exstant
3508 822 3683 878 etiam
3738 826 3831 880 do-

2187 906 2431 961 ctissimi
2483 913 2538 962 et
2587 907 3014 963 accuratissimi
3085 909 3263 981 Lipsii
3330 910 3555 976 litterae,
3609 911 3711 967 lib.
3756 930 3825 981 ιν,

2185 994 2356 1064 epist.
2389 995 2443 1064 9,
2472 996 2543 1051 ad
2575 996 2858 1052 Jacobum
2890 996 3243 1064 Pamelium,
3272 999 3333 1053 in
3364 999 3521 1055 hunc
3550 1016 3787 1056 sensum
3814 1018 3826 1055 :

2183 1092 2359 1147 Audio
2388 1100 2457 1159 te,
2488 1094 2792 1149 clarissime
2818 1095 3051 1159 Pameli,
3092 1097 3147 1150 in
3207 1095 3550 1152 emendando
3612 1099 3830 1153 Tertul-

2186 1181 2333 1234 lzano
2380 1197 2512 1236 esse.
2561 1182 2750 1251 Major,
2802 1199 2883 1237 an
2927 1184 3124 1239 utilior
3167 1201 3201 1239 a
3243 1194 3293 1239 te
3322 1201 3409 1239 res
3437 1192 3705 1257 suscepta,
3730 1203 3827 1241 ne-

2179 1270 2649 1342 scio.Scriptorem
2674 1273 2901 1343 plenum
2927 1274 3175 1344 antiquae
3207 1280 3257 1329 et
3286 1275 3585 1331 recondita
3623 1275 3825 1330 doctri-

2180 1373 2273 1414 nm
2300 1360 2581 1428 corrigere
2606 1362 2845 1416 arduum
2869 1377 2883 1430 ;
2915 1362 3165 1417 eumdem
3192 1375 3491 1419 carrectum
3524 1364 3675 1433 dari,
3722 1380 3827 1419 non

2179 1448 2352 1501 solum
2384 1458 2563 1503 vestra
2612 1448 2983 1517 theologorum
3033 1452 3279 1519 interest,
3330 1452 3425 1506 sed
3472 1455 3658 1506 nostra
3702 1468 3815 1506 om-

2178 1536 2352 1599 niam,
2407 1537 2501 1605 qui
2548 1536 2759 1591 litteras
2788 1537 2939 1594 252
2971 1536 3180 1593 Graecas
3213 1540 3585 1610 Romanasque
3614 1543 3827 1597 tracta-

2177 1639 2317 1678 mus.
2345 1624 2545 1679 Merito
2571 1625 2769 1696 itaque
2799 1625 2977 1681 nobili
3011 1618 3285 1697 litterato,
3325 1632 3383 1683 et
3432 1628 3641 1684 diﬂ‘usa
3691 1645 3827 1684 eru-

2177 1711 2417 1767 ditionis
2452 1712 2683 1768 Barthio
2715 1714 2879 1769 audit
2910 1737 2937 1764 «
2969 1717 3135 1770 Pater
3164 1715 3553 1784 eruditionum,
3587 1716 3691 1771 lib.
3728 1734 3827 1772 xm

2179 1800 2502 1866 Adversar.,
2535 1816 2663 1871 cap.
2699 1802 2785 1856 16.
2833 1803 2999 1873 Apud
3044 1820 3218 1875 quem
3272 1804 3374 1859 lib.
3425 1822 3540 1873 XIX,
3589 1822 3721 1876 cap.
3777 1807 3825 1872 1,

2175 1889 2292 1944 haec
2335 1889 2512 1945 etiam
2564 1889 2677 1961 legi
2726 1895 2995 1961 possunt.
3027 1892 3415 1964 iScriptorum,
3449 1904 3724 1966 quantum
3756 1894 3824 1949 ad

2164 1994 2261 2033 nos
2289 1980 2455 2045 venit,
2481 1978 2753 2034 eruditior
2780 1996 2939 2036 nemo
2971 1985 3066 2052 est,
3105 1998 3278 2053 exque
3324 2000 3425 2054 quo
3468 1984 3635 2055 plura
3684 2000 3821 2039 con-

2162 2067 2371 2123 discere
2394 2071 2590 2139 possis,
2622 2085 2785 2140 quam
2818 2070 3211 2135 Tertullianus,
3243 2072 3448 2127 Nullus
3480 2075 3541 2128 in
3570 2088 3630 2128 eo
3677 2090 3824 2145 apex

2161 2157 2238 2207 est
2286 2170 2393 2208 non
2439 2171 2565 2210 cum
2591 2171 2725 2210 cura
2753 2158 2987 2227 positus,
3019 2165 3099 2223 ut,
3133 2174 3236 2231 quo
3263 2165 3421 2230 pacto
3453 2161 3565 2215 alii
3594 2162 3819 2231 inepta,

2163 2240 2252 2297 hic
2279 2242 2624 2298 abundantia
2654 2245 2966 2300 litterarum
2993 2262 3214 2316 peccare
3262 2264 3664 2320 nonnunquam
3734 2252 3821 2304 vi-

2160 2330 2375 2386 deatur.
2409 2333 2634 2398 Quibus
2670 2334 2876 2389 merito
2902 2335 3343 2407 adjungendum
3367 2338 3594 2393 Thomas
3645 2338 3819 2393 Cam-

2160 2420 2401 2491 panellaa
2434 2421 2863 2493 testimonium,
2896 2423 3002 2477 viri
3037 2425 3209 2495 cujus
3241 2425 3463 2498 ingenii
3506 2426 3822 2482 vehemen-

2161 2508 2297 2563 liam
2341 2513 2398 2563 et
2438 2509 2649 2577 judicii
2700 2510 3082 2567 acrimoniam
3128 2530 3278 2585 saepe
3308 2531 3440 2569 sum
3469 2514 3822 2570 admiratus.

2159 2596 2260 2651 llle
2292 2597 2349 2651 in
2382 2596 2579 2652 libello
2626 2598 2696 2653 de
2750 2599 2933 2654 Libris
2982 2602 3233 2673 propriis
3282 2609 3339 2657 et
3382 2608 3539 2658 recta
3588 2605 3822 2659 ratione

2155 2686 2453 2753 studendi,
2484 2702 2611 2758 cap.
2642 2687 2698 2755 9,
2730 2687 2869 2741 edit.
2901 2688 3217 2759 Crenianas,
3242 2708 3374 2762 pag.
3406 2693 3531 2758 216,
3565 2692 3664 2747 ubi
3697 2693 3813 2747 vir-

2153 2779 2310 2830 tutes
2340 2780 2397 2829 et
2426 2774 2564 2830 vitia
2594 2774 2949 2846 scriptorum
2982 2780 3389 2848 quorumdam,
3424 2780 3519 2851 qui
3576 2779 3813 2835 theolo-

2152 2862 2281 2933 gica
2310 2867 2657 2931 tractarunt,
2691 2867 3075 2932 enumeravit,
3107 2866 3190 2921 ita
3219 2868 3277 2921 in
3310 2867 3418 2923 hoc
3448 2873 3649 2924 nostro
3698 2887 3811 2924 au-

2150 2954 2308 3005 ctore
2337 2950 2484 3005 finit:
2502 2951 2894 3007 Tertullianus
2925 2952 3162 3025 denique
3187 2964 3247 3008 ut
3276 2956 3649 3026 theologorum
3681 2974 3806 3011 ma-

2146 3039 2335 3108 gister,
2365 3039 2487 3109 plus
2512 3040 2705 3111 probat
2723 3040 2929 3095 duobus
2958 3045 3153 3109 verbis,
3188 3060 3353 3114 quam
3400 3047 3590 3100 caeteri
3640 3047 3811 3101 mille

2146 3130 2489 3198 argumentis
2535 3146 2554 3183 :
2593 3132 2799 3201 gravis,
2852 3131 3085 3199 arduus,
3137 3149 3285 3199 acer,
3332 3134 3560 3204 efﬁcax,
3599 3135 3809 3199 brevis,

392 3234 552 3290 mulo
607 3232 921 3296 senserint,
955 3230 1226 3301 quamvis
1257 3228 1348 3282 hic
1382 3227 1709 3283 exscribere
1740 3227 1884 3281 mihi
1919 3244 2035 3283 non
2068 3201 2111 3268 Ο
2149 3218 2447 3271 conamini?
2479 3235 2498 3272 -'
2543 3219 2934 3290 Philosophij
2980 3224 3380 3292 grammaticae,
3446 3239 3555 3277 ηοη
3613 3228 3809 3278 (ιιιίετη

388 3323 466 3377 sit
496 3320 882 3393 propositum,
932 3324 1128 3372 tamen
1188 3333 1302 3371 non
1358 3332 1599 3387 possum
1659 3314 1797 3385 quin
1852 3332 2037 3387 pauca

387 3411 657 3466 delibem.
688 3411 754 3462 Et
782 3413 1042 3462 veterum
1084 3405 1322 3476 quidem
1378 3403 1803 3474 perhonoriﬁca
1864 3404 2032 3459 testi-

384 3499 583 3555 monia
614 3497 773 3552 hisce
804 3494 1096 3551 contraxit
1117 3492 1460 3548 Vincentius
1490 3490 2033 3564 Lirinensis,quinti

382 3597 601 3664 saeculi,
637 3595 727 3650 cui
761 3592 926 3647 illum
960 3592 1211 3661 Cangius
1241 3589 1525 3661 assignat,
1588 3606 1702 3643 non
1760 3589 2029 3646 infacun-

380 3689 491 3743 dus
539 3686 787 3757 scriptor
846 3700 859 3738 :
920 3683 1037 3747 Hic,
1090 3679 1301 3752 inquit,
1362 3679 1507 3750 apud
1562 3681 1784 3735 Latinos
1812 3690 2026 3736 nostro-

380 3794 505 3831 rum
534 3779 780 3830 omnium
806 3772 976 3842 facile
1003 3773 1256 3841 princeps
1276 3769 1645 3840 judicandus.
1696 3769 1840 3837 Quid
1878 3771 2027 3826 enim

379 3867 476 3921 hoc
506 3867 626 3921 viro
654 3860 913 3918 doctius?
942 3860 1083 3929 Quid
1114 3861 1171 3913 in
1204 3859 1417 3914 divinis
1441 3862 1606 3929 atque
1635 3856 1893 3913 humanis
1939 3875 2024 3913 re-

380 3956 478 4010 bus
535 3953 935 4010 exercitatius?
989 3951 1189 4019 Nempe
1245 3964 1460 4002 omnem
1524 3947 1928 4017 philosOphiam
1975 3956 2027 4003 et

375 4051 601 4102 cunctas
627 4042 1081 4118 philosophorum
1110 4049 1303 4107 sectas,
1336 4045 1583 4093 auctores
1619 4042 2025 4111 assertoresque

370 4145 661 4201 sectarum,
694 4146 980 4201 omnesque
1024 4144 1215 4185 eorum
1260 4128 1605 4199 disciplinas,
1659 4142 1872 4183 omnem
1929 4129 2021 4183 hi-

371 4227 686 4282 storiarum
740 4231 790 4278 et
844 4219 1156 4275 stadiorum
1211 4219 1533 4271 varietatem
1589 4218 1738 4271 mira
1784 4217 2022 4287 quadam

367 4317 573 4371 mentis
601 4314 904 4385 capacitate
932 4308 1249 4378 complexus
1275 4316 1375 4362 est.
1408 4307 1643 4379 Ingenio
1671 4323 1799 4361 vero
1838 4323 2020 4362 nonne

367 4414 479 4459 tam
506 4405 667 4475 gravi
695 4408 744 4458 et
773 4400 1077 4455 vehementi
1107 4395 1395 4461 excelluit,
1426 4404 1487 4449 ut
1522 4395 1669 4449 nihil
1714 4395 1825 4449 sibi
1878 4412 2018 4463 pene

363 4494 433 4549 ad
488 4491 915 4564 expugnandum
968 4488 1337 4558 proposuerit,
1365 4484 1505 4555 quod
1534 4501 1644 4540 non
1671 4491 1769 4539 aut
1793 4486 2012 4540 acumi-

2143 3303 2329 3358 civilis
2376 3306 2571 3372 cultor,
2620 3311 2673 3361 et
2718 3323 2815 3363 suo
2864 3311 3221 3379 africanismo
3265 3311 3510 3366 homines
3549 3312 3697 3367 velut
3732 3312 3807 3367 ad

2140 3395 2459 3464 peregrinas
2485 3410 2689 3451 merces
2717 3397 2994 3453 alliciens.

2212 3499 2358 3563 Quid
2386 3500 2565 3572 igitur
2595 3502 2833 3570 mirum,
2866 3503 2915 3559 si
2945 3509 3145 3560 tantus
3178 3510 3380 3561 auctor
3410 3523 3522 3561 non
3554 3510 3799 3563 tantum

2142 3592 2259 3643 tam
2284 3588 2547 3661 insignes
2579 3590 2933 3661 laudatores,
2967 3596 3066 3649 sed
3099 3600 3155 3649 et
3204 3595 3468 3650 omnium
3521 3599 3800 3667 gentium

2138 3678 2426 3733 invenerit
2469 3682 3004 3738 commentatores?
3052 3683 3198 3739 Cum
3253 3685 3582 3739 Tertulliani
3628 3687 3795 3743 enim

2138 3767 2375 3822 nomine
2422 3775 2757 3824 consecrata
2806 3772 3136 3841 aeternitati,
3181 3789 3247 3827 ex
3299 3774 3457 3828 omni
3520 3779 3677 3828 statu
3738 3783 3801 3831 et

2135 3855 2466 3926 disciplina,
2496 3858 2817 3912 manebunt
2847 3860 3088 3915 nomina
3118 3861 3553 3932 Rhenanorum,
3587 3867 3799 3921 Pame-

2132 3942 2369 4013 lioruni,
2399 3946 2731 4011 Juniorum,
2765 3949 2835 4002 de
2877 3947 2933 4003 la
2981 3950 3321 4017 Cerdarum,
3378 3952 3795 4023 Heraldorum,

2131 4034 2638 4101 Gothofredorum,
2672 4035 3113 4105 Salmasiorum,
3150 4040 3631 4112 Rigaltiorumﬂt
3655 4043 3793 4112 jam

2130 4128 2354 4179 taceam
2424 4123 2737 4197 Zephyros,
2790 4130 3070 4193 Barraaos,
3126 4132 3430 4200 Gagnteos,
3499 4130 3792 4199 Latinios,

2131 4220 2420 4285 Gelenios,
2465 4224 2791 4288 Mercerios,
2844 4224 3238 4297 Wouwerios,
3291 4226 3586 4298 aliamque
3633 4229 3790 4283 satis

2129 4326 2503 4365 numerosam
2551 4311 2916 4367 eruditorum
2942 4316 3195 4382 turbam,
3231 4317 3330 4387 qui
3364 4316 3541 4386 hujus
3572 4324 3789 4373 aucto-

2127 4399 2206 4453 ris
2238 4398 2497 4453 studium
2534 4398 2783 4468 publicis
2816 4400 3033 4472 ingenii
3065 4402 3154 4457 sui
3186 4405 3582 4460 monumentis
3602 4410 3794 4461 testa-

2123 4491 2250 4542 tum
2283 4488 2533 4558 posteris
2564 4486 2893 4544 voluerunt.
2927 4491 2996 4545 Et
3026 4508 3093 4546 ex
3124 4490 3214 4548 his
3246 4493 3481 4565 quidem
3533 4495 3789 4565 plurimi

362 4598 433 4635 ne
462 4582 754 4652 irruperit,
789 4584 885 4632 aut
913 4576 1154 4647 pondere
1184 4577 1456 4629 ittiserit?
1500 4577 1619 4630 lam
1673 4590 1834 4643 porro
1895 4590 2015 4628 ora-
2046 4565 2092 4628 D
2125 4582 2335 4632 cuncta
2358 4576 2526 4630 nobis
2549 4577 2874 4633 Tertulliani
2894 4579 3083 4650 Opera
3115 4580 3608 4638 elucidationibus
3650 4585 3789 4640 suis

360 4672 524 4726 tionis
578 4684 698 4725 suae
755 4666 945 4721 laudes
994 4663 1115 4735 quis
1171 4664 1398 4733 exsequi
1427 4662 1803 4729 valeattQute
1826 4666 2006 4731 tanta,

356 4762 537 4815 nescio
567 4759 1010 4829 qua,rationum
1040 4754 1309 4808 densitate
1361 4760 1607 4807 conserta
1661 4761 1758 4819 est,
1821 4760 1880 4806 ut
1936 4755 2007 4807 ad

356 4864 677 4905 consensum
707 4848 816 4910 sui,
849 4859 987 4916 quos
1017 4842 1244 4897 suadere
1274 4858 1381 4897 non
1410 4844 1674 4912 potuerit,
1710 4840 2005 4911 impellat:

354 4948 511 5019 cujus
542 4949 668 5016 quot
693 4961 831 5015 pene
862 4942 1043 5005 verba,
1075 4943 1156 4995 tot
1186 4941 1473 4995 sententiae
1511 4946 1663 5005 sunt,
1695 4949 1822 5010 quot
1876 4956 2002 4993 sen-

353 5040 549 5104 sus,lot
578 5033 933 5090 victort'£.Ex
964 5029 1386 5085 recentioribus
1439 5030 1699 5100 quidem,
1752 5026 2000 5082 illustris

353 5127 679 5182 nobilitatis
734 5122 990 5194 Josepho
1049 5117 1344 5189 Scaligero
1382 5118 1697 5173 sublimius
1730 5122 1784 5171 et
1810 5118 1996 5187 perfe-

350 5217 504 5272 ctius
530 5216 588 5270 in
619 5214 780 5270 omni
812 5227 1022 5285 genere
1048 5207 1325 5264 doctrinae
1366 5213 1420 5261 et
1470 5206 1848 5262 scientiarum
1883 5222 1995 5261 non

346 5305 510 5361 novit
567 5303 724 5360 orbis
781 5301 1068 5357 eruditus.
1128 5296 1274 5351 Vide
1306 5296 1503 5365 itaque
1536 5298 1822 5366 quantum
1857 5294 1931 5347 sit
1964 5311 1996 5349 a

342 5396 578 5449 laudato
612 5394 863 5448 laudari.
896 5390 1087 5443 Verba
1118 5386 1246 5454 ejus
1277 5388 1416 5438 sunt
1450 5384 1509 5436 in
1542 5383 1755 5436 Primis
1813 5381 1994 5436 Scali-

340 5483 597 5555 geranis,
622 5498 752 5553 pag.
787 5481 857 5531 06
893 5496 904 5531 :
940 5474 1319 5531 Tertullianus
1348 5486 1563 5541 semper
1620 5472 1676 5525 in
1734 5472 1993 5525 manibus

340 5572 615 5627 habendus
649 5571 1005 5637 accurateque
1062 5564 1322 5630 legendus
1353 5567 1445 5622 est,
1478 5568 1591 5613 tum
1624 5564 1849 5630 propter
1879 5562 1990 5614 lin-

339 5676 473 5733 gua:
502 5661 764 5716 Romana?
790 5655 1202 5728 prolirietatem,
1233 5652 1349 5703 tum
1378 5653 1606 5717 propter
1653 5648 1989 5720 disciplina-

2120 4671 2398 4720 crornata
2425 4666 2732 4720 dederunt.
2767 4667 2922 4721 Inter
2971 4685 3118 4739 quos
3170 4670 3399 4742 primus
3453 4671 3787 4728 Rhenanus

2118 4754 2233 4823 (cui
2282 4759 2338 4808 et
2381 4754 2536 4808 hunc
2586 4759 2644 4808 et
2689 4754 2975 4826 plurimos
3006 4756 3150 4812 alios
3183 4763 3451 4814 auctores
3484 4760 3537 4814 in
3576 4760 3784 4816 lucem

2117 4846 2441 4915 protractos
2474 4847 2637 4913 grata
2664 4843 2832 4897 debet
2879 4845 3211 4916 posteritas)
3266 4848 3353 4902 bis
3401 4852 3555 4903 terve
3610 4866 3787 4920 repe-

2114 4932 2237 4987 titis
2284 4930 2659 4997 editionibus,
2729 4930 3034 4988 Gelenium
3101 4938 3515 5008 Barraaumque
3561 4936 3788 4993 habuit

2114 5019 2766 5087 secutores,Pamelium
2800 5021 3009 5076 dehinc
3040 5024 3492 5095 Juniumque,et
3520 5028 3783 5098 egregias

2112 5110 2391 5165 doctrinae
2416 5108 2765 5162 Ludovicum
2799 5109 2870 5164 de
2900 5109 2951 5164 la
2985 5112 3184 5167 Cerda.
3218 5116 3358 5169 Post
3389 5131 3555 5185 quos,
3600 5121 3665 5171 ut
3718 5120 3787 5172 et

2111 5199 2425 5271 quemdam
2476 5196 2788 5267 Georgium
2837 5199 3232 5269 Ambiuatem,
3277 5203 3376 5274 qui
3408 5206 3636 5275 operosi
3668 5207 3781 5259 sui

2108 5286 2452 5355 omniloquii
2485 5286 2665 5339 trium
2693 5287 3058 5344 voluminum
3106 5289 3264 5345 hiatu
3318 5292 3462 5347 nihil
3515 5292 3779 5363 dignum

2106 5375 2401 5449 praestitit,
2430 5377 2661 5426 tantum
2709 5390 2823 5429 non
2873 5392 2941 5430 ex
2993 5380 3240 5433 mortuis
3289 5382 3614 5436 redivivum
3668 5399 3777 5439 re-

2102 5465 2278 5521 traxit
2311 5469 2456 5517 notaa
2489 5461 2765 5516 doctrina:
2797 5462 2883 5517 vir
2908 5465 3180 5522 Nicolaus
3212 5468 3523 5541 Rigaltius.
3574 5470 3779 5539 Cujus

2104 5556 2385 5610 editiones
2419 5549 2744 5618 szepissime
2778 5552 3136 5610 Parisienses
3166 5557 3277 5611 sub
3313 5558 3555 5629 praelum
3592 5575 3776 5615 revo-

2101 5645 2330 5707 carunt,
2362 5637 2614 5711 Philippi
2646 5640 2849 5696 Priorii
2881 5644 3185 5715 auspiciis,
3207 5648 3307 5702 sed
3342 5648 3530 5719 ipsius
3564 5647 3785 5720 Rigal-
