4072 6190
261 271 352 331 301

1181 266 1248 326 S.
1290 264 1363 325 Ρ.
1409 266 1482 325 D.
1522 260 2009 331 SIGEBERTUS
2054 269 2666 335 HAVERCAMPUS.

3508 276 3627 337 302

250 403 307 459 tii
335 399 754 472 iniquinatiores
787 400 993 470 multo,
1026 403 1092 456 ut
1112 399 1327 471 saepius
1357 416 1391 455 a
1423 400 1592 455 nobis
1642 400 1701 455 in
1754 401 1859 456 hoc
1888 407 1942 471 Α
1972 402 2107 457 hinc
2138 421 2168 459 a
2198 402 2367 459 nobis
2394 403 2569 458 etiam
2603 408 2871 460 accurate
2898 410 2986 462 est
3018 407 3326 471 recensita,
3362 424 3479 464 non
3541 409 3628 464 in-

251 507 349 545 uno
375 488 553 543 libello
581 494 670 543 est
699 494 1023 545 ostensum.
1060 490 1166 544 Per
1196 492 1391 559 partes
1441 505 1577 544 vero
1637 489 1867 544 iverunt
1974 492 2183 562 spexit,
2236 492 2463 559 scribit,
2493 492 2751 549 Renatus
2781 494 3152 567 Laurentius)
3188 495 3432 552 Lutetiae
3462 498 3625 553 Pari-

250 578 449 649 rsliqui,
480 578 561 632 vel
594 579 1035 634 emendatiunes
1067 576 1415 647 notulasque
1464 579 1536 632 ab
1596 578 1864 633 Auctoris

250 684 395 739 opere
447 668 760 738 separatim
820 668 1008 723 editas
1068 667 1445 735 reliquerunt.
1506 668 1661 729 Quos
1715 667 1865 720 inter

247 757 435 811 eminet
460 755 752 810 industria
782 753 1063 811 Desiderii
1113 754 1368 820 Heraldi,
1429 754 1528 824 qui
1590 754 1645 807 in
1706 753 1862 809 hunc

243 846 638 916 Apologeticum,
688 845 781 899 cui
813 850 868 900 et
899 844 1068 899 nobis
1100 846 1365 899 animum
1396 848 1452 899 et
1481 842 1860 913 cogitationes

240 936 466 1007 primum
489 934 781 1006 applicare
808 934 997 998 libuit,
1013 932 1509 988 Commentarium
1533 933 1699 986 varia:
1722 949 1858 988 eru-

239 1022 450 1079 ditionis
479 1022 740 1095 plenum,
774 1021 1336 1092 Digressionumque
1365 1020 1547 1076 libros
1580 1036 1719 1075 sane
1752 1020 1855 1075 do-

237 1118 337 1169 ctos
364 1113 653 1180 condidit;
687 1113 787 1167 sed
820 1117 875 1168 et
896 1111 1180 1183 scriptum
1211 1111 1321 1165 hoc
1344 1111 1465 1181 jam
1501 1108 1639 1163 olim
1674 1110 1855 1163 Fran-

229 1202 399 1256 ciscus
454 1202 755 1273 Zephyrus
815 1200 1167 1273 Paraphrasi
1218 1200 1474 1271 quadam
1549 1201 1855 1268 utcunque

232 1290 616 1356 illustraverat,
669 1294 727 1345 et
783 1290 969 1345 Aldus
1028 1288 1301 1360 Baptista:
1357 1286 1585 1359 Egnatii
1615 1291 1856 1343 secutus

231 1396 423 1445 curam,
457 1380 721 1434 ediderat
769 1379 1086 1451 separatim
1138 1379 1209 1432 ad
1266 1377 1483 1432 calcem
1545 1376 1852 1443 Lactantii,

231 1485 358 1523 anno
414 1470 569 1535 1515,
630 1473 687 1523 et
723 1469 879 1536 1535,
915 1485 1091 1539 quem
1125 1472 1322 1523 tamen
1356 1470 1856 1537 praeoccupaverat

228 1558 452 1614 Joannes
483 1558 807 1624 Tacuinus,
839 1557 937 1629 qui
972 1558 1149 1612 iidem
1202 1556 1501 1612 Lactantio
1561 1570 1853 1610 annexus-

230 1654 304 1702 rat
328 1646 481 1702 illum
514 1646 798 1714 Venetiis,
833 1663 985 1702 anno
1024 1646 1172 1700 1509.

286 1759 344 1809 Et
373 1759 566 1809 tamen
603 1758 737 1825 post
765 1758 852 1809 tot
884 1758 1199 1826 tantosque
1229 1752 1382 1807 viros
1428 1752 1488 1805 in
1548 1750 1847 1821 publicum

226 1844 426 1915 prodire
481 1844 641 1900 258
698 1859 833 1898 sum
877 1860 1078 1910 ausus,
1114 1860 1228 1898 non
1262 1847 1328 1898 ut
1355 1840 1618 1897 studium
1654 1856 1845 1896 meum

224 1932 681 2005 diligentiamque
710 1933 1095 1998 venditarem,
1128 1938 1231 1987 aut
1279 1948 1348 1987 ex
1396 1930 1847 2002 reprehensione

228 2021 617 2094 ﬂorilegiisque
647 2020 918 2089 aliorum,
951 2021 1107 2094 quod
1158 2021 1415 2077 detestor
1444 2023 1501 2075 et
1531 2019 1647 2088 odi,
1702 2017 1848 2073 mihi

221 2108 384 2164 laudis
413 2109 692 2165 corollam
726 2110 1113 2180 texerem,sed
1147 2114 1212 2165 ut
1242 2109 1546 2181 theologus
1578 2107 1847 2179 theologo

228 2199 563 2267 Tertdlliano,
613 2199 1013 2271 theologisque
1072 2199 1289 2254 nostris
1346 2213 1537 2253 meam
1594 2195 1851 2267 qualem-

223 2301 425 2358 cunque
454 2304 736 2343 navarem
769 2304 1037 2359 operam;
1074 2292 1137 2342 ut
1166 2289 1237 2341 ad
1271 2287 1544 2355 auctoris,
1585 2284 1847 2341 omnium

221 2376 396 2443 elogio,
420 2378 759 2432 Graecarum
792 2382 1306 2448 Romanarnmque
1338 2374 1757 2446 antiquitatum
1791 2378 1849 2427 et

222 2464 645 2537 disciplinarum
671 2464 1402 2538 peritissimi,intellectum
1436 2463 1846 2519 subministra-

220 2556 402 2619 rem,si
434 2554 579 2627 quid
616 2572 678 2610 se
709 2554 1026 2621 mihi,dum
1057 2553 1224 2609 illum
1254 2554 1403 2608 forte
1434 2553 1541 2607 sub
1574 2550 1847 2605 manibus

221 2643 401 2713 tero,in
434 2644 750 2715 utriusque
782 2642 992 2714 linguae
1026 2641 1589 2715 scriptoribus,quod
1623 2641 1693 2695 ad
1740 2639 1847 2693 hoc

221 2733 325 2800 ejus
354 2732 640 2803 scriptum
674 2732 907 2799 iaceret,
941 2730 1187 2799 obtulit,
1222 2747 1472 2802 quorum
1505 2730 1742 2801 quidem
1774 2728 1850 2783 le-

218 2819 381 2875 ctione
410 2827 465 2875 et
492 2822 823 2877 versatione
855 2837 969 2875 non
1002 2821 1231 2875 inﬁcior
1252 2837 1343 2875 me
1373 2838 1406 2874 a
1435 2820 1652 2875 teneris
1677 2817 1848 2874 valde

215 2907 374 2964 fuisse
397 2910 755 2965 delectatum
788 2915 1176 2982 raptumque;
1212 2909 1486 2980 denique,
1527 2913 1592 2964 ut
1640 2908 1745 2976 illi,
1798 2906 1848 2962 si

219 2998 331 3068 quis
354 2998 522 3067 alius,
564 3004 697 3072 post
728 3003 813 3054 tot
847 3000 1124 3064 medicos,
1156 3000 1604 3070 corruptissimo
1655 2997 1847 3052 adhuc

216 3091 262 3141 et
311 3089 559 3158 pessime
617 3090 843 3154 affecto,
894 3089 1247 3143 medicinam
1280 3087 1538 3159 aliquam
1573 3087 1842 3142 facerem.

1974 580 2191 636 siorum
2228 600 2379 637 anno
2413 582 2568 646 1580,
2607 582 2824 637 Renato
2859 583 3169 639 Laurentio
3209 589 3429 640 Barran
3485 603 3621 641 auc-

1974 672 2098 725 tore
2151 671 2352 741 edidit,
2413 671 2809 741 adscripserat
2843 673 3185 728 Franciscus
3218 674 3442 729 Modius
3475 676 3620 730 Bru-

1970 758 2190 828 gensis,
2226 760 2309 812 vir
2352 760 2841 831 diligentissimus
2899 762 3434 833 doetissimusque;
3495 780 3621 834 quas

1970 862 2103 900 cum
2156 854 2359 917 postea
2409 849 2465 902 in
2499 848 2773 920 Gasparis
2804 850 3056 921 Scioppii
3088 868 3300 906 manus
3327 854 3620 921 pervenis-

1969 936 2198 998 sent,ab
2223 936 2319 991 illo
2341 938 2412 991 ad
2443 938 2685 992 Junium
2719 942 2856 993 sunt
2888 940 3269 996 transmissae.
3298 940 3406 994 Sed
3431 957 3618 1011 quum

1965 1025 2231 1094 totajam
2265 1026 2551 1081 adornata
2607 1033 2761 1083 esset
2814 1029 2941 1099 ejus
2999 1029 3197 1098 editio,
3258 1031 3328 1084 ab
3389 1028 3487 1083 illo
3543 1031 3614 1085 ad

1967 1112 2203 1168 calcem.
2253 1115 2749 1171 Tertullianarum
2802 1134 3043 1172 suarum
3079 1122 3349 1172 notarum
3385 1117 3493 1171 fuit
3524 1135 3618 1173 re-

1956 1201 2134 1271 jecta.
2189 1204 2349 1269 Quod
2395 1221 2526 1260 vero
2563 1206 2706 1260 mihi
2743 1205 2992 1261 maxime
3019 1222 3248 1277 semper
3278 1206 3495 1261 mirum
3527 1212 3616 1262 est

1963 1290 2179 1357 visum,
2214 1310 2318 1348 nec
2348 1294 2418 1349 de
2448 1293 2504 1349 la
2535 1294 2738 1359 Cerna,
2768 1312 2870 1350 nec
2904 1295 3028 1366 ipse
3078 1294 3363 1350 Heraldus
3412 1295 3612 1351 oculos

1962 1379 2022 1434 in
2057 1381 2206 1437 hanc
2236 1387 2359 1437 tam
2394 1383 2647 1438 nobilem
2679 1383 3057 1439 Collationem
3090 1385 3490 1455 conjecerunt,
3523 1385 3612 1439 la-

1960 1470 2191 1541 tuitque
2222 1478 2354 1543 post
2385 1470 2515 1527 illas
2546 1473 2707 1527 Junii
2731 1474 2932 1539 Notas,
2966 1472 3109 1528 nulli
3153 1474 3269 1528 fere
3325 1472 3439 1528 nisi
3498 1473 3611 1528 Go-

1960 1558 2230 1615 thofredo
2257 1561 2700 1631 cognita,doneo
2730 1562 2879 1617 acris
2913 1563 2998 1616 vir
3028 1563 3308 1617 doctrinae
3339 1561 3611 1617 Nicolaus

1963 1647 2251 1720 Rigaltius
2282 1649 2397 1704 illis
2431 1651 2487 1704 in
2518 1652 2916 1706 emendatiore
2966 1669 3072 1706 sua
3131 1651 3425 1723 prioribus
3484 1651 3610 1706 edi-

1960 1738 2120 1792 tione
2176 1755 2321 1795 usus
2378 1744 2487 1805 est,
2542 1740 2640 1795 sed
2700 1740 2801 1807 ita,
2865 1746 2928 1795 ut
2953 1740 3225 1812 qureipsi
3258 1738 3604 1812 placuerint,

1956 1824 2092 1882 inde
2120 1828 2533 1901 desumpserit,
2568 1846 2756 1901 neque
2802 1828 2978 1884 ullam
3039 1829 3416 1901 reliquarum,
3479 1846 3605 1900 quas

1955 1916 2100 1971 satis
2132 1916 2326 1972 multas
2358 1918 2608 1984 erant,in
2634 1919 2799 1973 Notis
2831 1920 2954 1972 suis
2986 1919 3345 1973 mentionem
3378 1917 3610 1979 fecerit,

1957 2014 2156 2084 Itaque
2182 2022 2239 2071 et
2269 2016 2436 2071 nobis
2469 2015 2612 2071 satis
2644 2017 2957 2070 fecundum
2991 2033 3059 2071 ex
3082 2015 3185 2070 illa
3241 2016 3371 2087 ipsa
3416 2015 3603 2070 Colla-

1956 2104 2114 2160 tione
2160 2105 2400 2176 reliquit
2446 2105 2845 2177 Spicilegium,
2882 2107 3051 2176 cujus
3082 2105 3360 2162 lectiones
3388 2106 3605 2177 ubique

1958 2193 2224 2257 ﬁdeliter,
2260 2199 2431 2265 prout
2458 2195 2571 2249 fide
2603 2194 2991 2266 dignissimus
3022 2196 3310 2267 excerpsit
3356 2196 3606 2262 Modius,

1960 2282 2016 2335 in
2050 2282 2207 2337 Notis
2240 2284 2458 2338 nostris
2508 2284 2664 2340 254
2722 2283 3291 2355 reprmsentavimus.
3355 2284 3609 2339 Accessit

1956 2371 2200 2442 insuper
2224 2377 2493 2427 accurata
2523 2372 2753 2428 Codicis
2787 2373 3139 2444 Agobardini
3174 2372 3439 2437 Collatio,
3489 2389 3604 2427 non

1957 2461 2192 2531 quidem
2254 2460 2435 2529 illius,
2465 2478 2532 2515 ex
2564 2478 2679 2531 quo
2710 2468 2938 2517 tantum
2974 2479 3087 2516 non
3120 2479 3189 2515 ex
3222 2461 3422 2516 inferis
3454 2461 3607 2516 exci-

1955 2550 2224 2619 tatajam
2256 2544 2535 2620 leguntur
2564 2550 2787 2622 reliqua
2816 2550 3162 2606 Tertulliani
3194 2551 3430 2622 scripta,
3463 2555 3521 2605 et
3545 2549 3605 2604 in

1956 2654 2071 2708 quo
2104 2638 2225 2693 solo
2256 2644 2314 2692 et
2348 2640 2537 2705 unico,
2599 2639 3068 2711 depravatissimi
3131 2639 3266 2694 hinc
3321 2639 3605 2694 hactenus

1956 2727 2072 2782 duo
2105 2728 2176 2782 ad
2212 2727 2488 2784 Nationes
2520 2727 2649 2782 libri
2686 2728 3194 2794 inveniuntur;sed
3228 2732 3423 2783 tamen
3458 2732 3605 2783 notae

1957 2818 2099 2871 satis
2132 2817 2313 2881 bonae,
2349 2816 2646 2887 nullisque
2681 2817 2984 2885 hactenus,
3019 2819 3171 2888 quod
3207 2822 3263 2871 et
3294 2818 3363 2871 de
3411 2816 3607 2871 codice

1956 2905 2485 2976 Lugdune-Batavo
2519 2904 2740 2959 dictum
2776 2906 2871 2971 sit,
2907 2904 3230 2959 editoribus
3260 2904 3603 2960 Tertulliani

1954 2992 2235 3062 inspecto.
2273 2992 2541 3047 Diversus
2572 3010 2699 3047 esse
2730 2993 2878 3048 duos
2909 2993 3053 3048 istos
3084 2995 3314 3049 codices
3349 2994 3605 3064 Agobar-

1954 3084 2125 3137 dinos
2154 3083 2342 3137 tribus
2374 3083 2519 3136 mihi
2578 3083 2941 3154 argumentis
3000 3086 3342 3155 persuadeo.
3389 3084 3601 3151 Primo,

214 3155 351 3238 Quod
383 3177 689 3243 ultimum,
725 3195 859 3232 cum
919 3178 1072 3232 haud
1133 3155 1398 3249 ignotum
1461 3176 1607 3231 mihi
1663 3180 1841 3244 esset,
1876 3155 1918 3223 ί]
1958 3181 2111 3252 quod
2138 3179 3605 3251 Rigaltius,quiquamplurimos’l‘ertullianilibros

217 3280 364 3336 quam
416 3267 492 3323 sit
558 3266 819 3336 difﬁcile,
877 3267 936 3320 in
969 3266 1077 3322 hoc
1109 3266 1429 3338 praesertim
1465 3269 1722 3333 auctore,
1753 3262 1841 3318 vel

217 3368 273 3406 ex
301 3354 385 3409 his
444 3354 651 3426 magni
706 3354 984 3426 Scaligeri
1043 3355 1232 3409 verbis
1291 3354 1349 3408 in
1408 3352 1840 3425 Scaligerianis,

217 3457 324 3512 pag.
380 3445 446 3498 47
479 3460 493 3499 :
531 3447 677 3499 Beza
735 3444 951 3516 aliquid
969 3446 1173 3515 fecerat
1203 3448 1261 3499 in
1293 3444 1717 3513 Tertullianum,
1748 3442 1841 3497 sed

215 3530 321 3587 bene
345 3535 492 3603 fecit,
527 3534 680 3606 quod
708 3551 819 3587 non
852 3533 1067 3588 edidit:
1098 3533 1328 3603 difﬁcile
1376 3542 1453 3588 est
1510 3531 1731 3602 aliquid
1786 3531 1844 3585 in

215 3619 349 3675 illum
396 3632 686 3677 auctorem
741 3621 903 3677 edere
960 3624 1080 3677 sine
1106 3639 1234 3677 mss.
1268 3624 1405 3692 ccepi
1434 3622 1848 3692 circumspicere

215 3710 428 3765 subsidii
456 3711 600 3766 illud
626 3727 818 3782 genus,
878 3728 982 3782 quo
1037 3714 1181 3767 certe
1235 3711 1444 3767 eruditi
1497 3726 1685 3766 carere
1738 3725 1849 3764 non

219 3804 431 3867 possunt,
486 3816 597 3855 nec
643 3801 826 3855 arceri
853 3801 1066 3855 debent.
1090 3800 1206 3855 Nec
1238 3805 1433 3855 tamen
1469 3799 1611 3854 mihi
1645 3816 1849 3854 excur-

221 3887 439 3942 rendum
475 3888 761 3960 putabam
795 3890 1121 3959 Augustam
1181 3889 1571 3944 Taurinorum
1640 3902 1849 3959 usque,

224 3974 306 4027 ubi
334 3982 741 4031 sescentorum
774 3993 1061 4031 annorum
1095 3983 1320 4031 aetatem
1355 3979 1697 4032 referentem
1740 3975 1848 4030 hu-

214 4061 295 4130 jus
322 4065 660 4136 Apologetz'ci
691 4066 947 4121 codicem
981 4066 1293 4120 offendisse
1321 4083 1382 4120 se
1431 4071 1679 4121 testatur
1735 4070 1850 4120 Ma-

221 4150 470 4209 billonius
528 4155 588 4207 in
640 4154 944 4209 itinerario
1002 4153 1223 4222 Italico,
1277 4172 1408 4225 pag.
1442 4155 1495 4208 8.
1530 4154 1853 4209 Consulant

223 4243 581 4298 membranas
611 4243 780 4311 istas,
815 4245 1032 4313 quibus
1092 4245 1225 4298 licet
1284 4258 1411 4298 esse
1468 4249 1587 4297 tam
1644 4243 1848 4298 beatis.

219 4326 373 4385 Nobis
400 4348 537 4387 vero
572 4348 702 4387 sese
734 4330 944 4386 obtulit
976 4331 1226 4404 insignis
1258 4333 1435 4387 codex
1487 4332 1851 4387 membrana-

222 4432 356 4484 ceus,
388 4419 443 4474 in
478 4436 600 4492 quo
635 4425 845 4491 praeter
875 4421 1030 4475 hunc
1063 4420 1325 4476 libellum
1360 4420 1613 4492 plurima
1645 4422 1851 4477 Tertul-

1951 3287 2019 3325 ex
2052 3286 2160 3324 ms.
2196 3269 2605 3339 antiquissimo
2642 3270 3005 3340 Agobardino
3038 3275 3172 3324 ante
3216 3270 3603 3340 octingentos,

1952 3363 2008 3414 et
2039 3360 2192 3429 quod
2226 3358 2500 3424 excurrit,
2533 3375 2718 3412 annos
2751 3359 2989 3429 scripto,
3021 3357 3371 3425 emendavit,
3408 3358 3603 3427 singu-

1952 3448 2143 3519 lisque
2170 3448 2335 3502 libris
2367 3447 2728 3518 przenotavit,
2759 3464 2827 3501 ex
2858 3464 2972 3517 quo
3006 3446 3153 3500 libro
3185 3451 3242 3502 et
3274 3450 3418 3517 quot
3464 3445 3607 3500 locis

1956 3538 2510 3602 emendaverit,ante
2534 3537 2874 3606 Apologecici
2895 3535 3156 3590 libellum
3181 3536 3359 3607 hujus
3380 3535 3607 3589 Codicis

1957 3643 2074 3682 non
2104 3625 2458 3681 meminerit.
2492 3626 2779 3691 Secundo,
2829 3625 2982 3695 quod
3046 3625 3103 3679 in
3163 3624 3612 3679 accuratissima

1956 3713 2312 3787 Agobardini
2344 3712 2516 3767 istius
2549 3713 2951 3784 antiquissimi
2984 3712 3615 3783 ms.collatione,quam

1951 3804 2121 3875 juxta
2153 3801 2545 3857 Pamelianam
2576 3801 2892 3857 editionem
2925 3819 3032 3857 sua
3094 3818 3273 3857 manu
3334 3799 3618 3855 instituit.

1961 3900 2271 3972 Agobardi.
2307 3905 2369 3954 ut
2402 3900 2525 3971 ipse
2558 3900 2851 3969 ascripsit,
2888 3916 3040 3954 anno
3076 3899 3436 3962 1625,Josias
3471 3898 3619 3952 Mer-

1963 4006 2152 4054 cerus,
2186 4006 2301 4043 non
2334 4005 2467 4043 vero
2497 3989 2751 4043 Joannes
2786 3986 3117 4051 Mercerius,
3155 3992 3215 4041 ut
3257 3986 3617 4059 impressum

1963 4080 2019 4132 in
2053 4077 2430 4145 Bibliotheca,
2461 4094 2590 4149 pag.
2624 4079 2715 4143 71,
2747 4079 2855 4133 nisi
2890 4077 3056 4148 plane
3089 4075 3253 4131 fallat
3280 4092 3371 4130 me
3406 4093 3619 4131 memo-

1962 4167 2070 4233 ria,
2106 4167 2203 4236 qui
2236 4165 2336 4219 illo
2369 4165 2515 4220 libro
2544 4165 2870 4237 saepissime
2901 4182 3032 4220 sum
3066 4182 3232 4232 usus,
3282 4166 3617 4235 Apologelici

1963 4273 2075 4311 ora;
2108 4255 2287 4310 nullis
2317 4255 2473 4310 notis
2507 4271 2830 4326 conspersae
2861 4256 2997 4309 sint.
3030 4254 3255 4308 Visitur
3286 4259 3481 4308 autem
3510 4253 3615 4308 hs-

1964 4345 2176 4415 dieque
2206 4345 2255 4398 is
2315 4343 2462 4398 liber
2519 4343 2576 4397 in
2638 4343 2999 4398 Bibliotheca
3060 4343 3609 4413 Lugdune-Batava,

1966 4452 2001 4505 p
2052 4435 2142 4487 71.
2176 4433 2370 4487 Tertio
2403 4432 2881 4504 prmcipue,quod
2913 4432 3169 4487 Jacobus
3201 4430 3615 4500 Gothofredus,

223 4504 1469 4602 {ianiscriptaFontinePWr-009999t_i'13
1526 4512 1848 4602 wau‘ldum
1880 4524 1928 4588 D
1961 4504 2247 4587 librorum
2299 4530 2369 4584 ad
2416 4530 2688 4585 Nationes
2748 4530 2954 4599 editor,
3014 4531 3117 4601 qui
3176 4530 3301 4602 ipse
3361 4529 3617 4601 insignis

222 4592 353 4651 inter
397 4614 545 4653 mss.
609 4598 1081 4654 instructissima:
1140 4598 1504 4653 bibliothecas
1555 4600 1854 4669 Lugduno-

224 4682 421 4741 Batava!
452 4686 675 4756 locum,
708 4687 928 4758 ibique,
963 4704 1093 4759 pag.
1125 4688 1250 4751 324,
1285 4692 1642 4743 recensetur.
1675 4694 1854 4753 Quem

228 4769 357 4827 sicut
386 4776 552 4830 valde
585 4781 838 4831 veterem
870 4792 1131 4831 asserere
1164 4792 1279 4830 non
1313 4776 1621 4843 audemus,
1664 4783 1853 4832 tamen

226 4874 281 4914 ex
310 4864 524 4933 optimo
557 4871 615 4919 et
646 4866 1048 4920 vetustissimo
1100 4881 1228 4919 esse
1280 4864 1629 4931 derivatum,
1692 4867 1856 4921 nobis

227 4952 644 5009 conferentibus
675 4953 898 5025 liquido
929 4952 1285 5022 constitisse,
1320 4960 1377 5006 et
1407 4969 1537 5008 cum
1585 4953 1857 5009 Fuldensi

228 5038 453 5113 aliisque
476 5042 719 5114 optimis
740 5042 798 5096 in
825 5042 1026 5097 multis
1067 5042 1393 5113 convenire,
1429 5058 1851 5098 asseveramus.

286 5145 396 5200 Non
428 5148 586 5203 enim
616 5154 755 5220 puto
782 5165 1032 5220 usquam
1064 5154 1351 5203 terrarum
1375 5148 1605 5219 aliquos
1634 5154 1861 5205 exstare

226 5235 429 5291 codices
463 5238 641 5308 hujus
673 5239 1034 5309 Apologetici,
1061 5238 1159 5306 qui
1193 5254 1325 5291 cum
1360 5237 1480 5302 illo,
1516 5237 1616 5307 qui
1674 5255 1859 5308 quon-

228 5321 345 5377 dam
386 5324 445 5379 in
496 5326 851 5381 bibliotheca
890 5326 1166 5381 Fuldensi
1202 5327 1330 5391 fuit,
1363 5326 1774 5398 singularitate
1807 5339 1864 5384 et

228 5414 545 5479 praestantia
574 5416 899 5486 comparari
938 5413 1141 5479 possit.
1174 5415 1363 5484 Hujus
1395 5415 1611 5469 codicis
1646 5417 1864 5473 Lectio-

232 5515 320 5553 nes
351 5502 647 5560 Variantes
683 5507 750 5559 ad
786 5504 1082 5576 exemplar
1113 5506 1263 5573 quod
1295 5504 1537 5559 Michael
1586 5506 1862 5564 Julianus

229 5588 351 5657 (non
410 5609 542 5648 vero
598 5601 662 5649 ut
714 5594 952 5660 Junius,
1010 5595 1109 5664 qui
1170 5594 1329 5649 illam
1361 5594 1698 5653 editionem.
1734 5616 1864 5672 quas

1968 4622 2147 4690 hujus
2177 4618 2462 4686 thesauri,
2496 4624 2814 4689 antequam
2848 4619 3001 4690 regis
3050 4619 3353 4675 Gallorum
3404 4619 3623 4673 biblio-

1966 4710 2147 4764 thecre
2180 4709 2519 4770 inferretur,
2552 4706 2659 4760 fuit
2687 4722 3013 4777 possessor,
3048 4709 3146 4762 ubi
3178 4708 3235 4762 in
3274 4708 3615 4763 Praefatione

1967 4798 2249 4852 librorum
2280 4797 2349 4850 ad
2400 4796 2680 4851 Nationes
2734 4795 3044 4868 diligenter
3096 4796 3426 4868 catalogum
3484 4812 3623 4851 con-

1966 4887 2107 4942 texit
2160 4886 2390 4939 illorum
2452 4886 2759 4951 librorum,
2818 4886 2917 4955 qui
2978 4887 3174 4941 codice
3208 4886 3319 4941 isto
3347 4903 3617 4957 compre-

1971 4976 2318 5040 hendantur,
2354 4975 2755 5044 Apotogeticum
2786 4974 2902 5030 illis
2934 4993 3049 5030 non
3083 4981 3453 5031 annumeret.
3492 4977 3617 5031 11ωο

1966 5082 2098 5119 vero
2121 5063 2350 5119 collatio
2373 5063 2614 5117 alterius
2637 5064 2992 5135 Agobardini
3027 5065 3266 5129 codicis,
3296 5082 3476 5136 quam
3510 5082 3618 5120 nos

1962 5154 2086 5224 jam
2114 5154 2323 5206 damus
2344 5151 2607 5221 itidem,a
2627 5152 3178 5223 Josia:Merceri,qui
3201 5171 3233 5207 a
3252 5154 3624 5209 JoanneMer-

1970 5242 2142 5307 cerio,
2178 5242 2274 5310 qui
2300 5246 2636 5295 antecessor
2658 5242 3094 5297 Biturencensis
3119 5243 3245 5310 fuit,
3278 5248 3333 5298 et
3355 5248 3530 5298 Notas
3562 5243 3622 5297 in

1971 5329 2315 5387 Tertulliani
2342 5329 2558 5385 librum
2585 5331 2653 5385 de
2678 5331 2858 5386 Pallio
2889 5332 3340 5403 conscripsit,et
3371 5331 3621 5387 multum

1973 5425 2105 5475 ante
2130 5419 3009 5491 vixit,distinguilur,diligentia
3034 5422 3289 5492 prolecta
3310 5422 3626 5477 est.Testa-

1975 5516 2069 5564 tur
2096 5509 2148 5562 id
2176 5525 2388 5563 manus
2418 5507 2576 5562 Pauli
2603 5509 2931 5576 Colomesii,
2955 5510 3053 5581 qui
3082 5511 3195 5565 haec
3218 5529 3329 5566 orae
3362 5509 3625 5580 Rigalta-

1975 5614 2064 5654 me
2085 5597 2361 5654 editionis
2391 5596 2757 5655 alleveratJn
2778 5602 3041 5672 margine
3060 5601 3225 5668 huius
3237 5595 3624 5655 volumnisha-
