4072 6190
429 338 550 398 303

996 329 1333 392 LECTORI
1374 329 1721 392 GANDIDO
1763 326 1831 402 S,
1876 327 1946 387 P.
1992 327 2070 384 D.
2116 322 2604 390 SIGEBERTUS
2650 327 3264 393 HAVERCAMPUS.

3687 335 3792 395 304

434 474 522 528 bes
549 470 716 529 Josiz
744 466 976 526 Merceri
1000 468 1171 522 Notas
1215 468 1267 519 et
1330 464 1514 520 Varias
1568 463 1847 519 Lectiones
1904 476 1933 517 ι
1984 474 2075 515 co-
2105 458 2162 526 Α
2190 476 2309 516 non
2339 479 2543 519 omnes
2584 463 2643 518 in
2689 463 2964 520 omnibus
3021 479 3156 518 cum
3203 462 3513 519 orthodoxa
3564 462 3797 522 Ecclesia

434 562 556 619 dice
604 557 957 629 Agobardino
1014 555 1083 609 ab
1113 554 1299 609 eodem
1344 557 1551 608 erutas.
1587 551 1889 621 Descripsit
1917 547 2085 603 Scud-

441 651 590 723 tejae,
619 663 790 721 prope
824 643 1251 709 Windsoram,in
1284 643 1519 698 Edibus
1559 640 1831 698 Vossianis
1863 635 2084 693 Paulus

445 738 799 805 Colomesius,
858 749 1004 788 anno
1062 732 1236 787 4682.
1300 732 1486 802 Hujus
1538 730 1672 785 libri
1725 727 2085 783 mentionem

440 830 725 901 injecerat
754 824 899 879 mibi
933 821 1279 878 Franciscus
1309 820 1624 886 Fabricius,
1658 835 1737 874 ss.
1780 813 2087 886 theologias

441 920 502 974 in
534 914 835 972 academia
865 911 1398 983 Lugdune-Batava
1428 910 1630 963 doctor
1685 910 1743 962 et
1794 904 2087 977 professor

441 1004 880 1064 celeberrimus,
939 1015 1115 1070 seque
1173 1015 1306 1053 eum
1366 998 1665 1068 possidere
1710 994 1954 1063 dixerat,
1988 1008 2083 1062 pe~

441 1095 587 1152 tenti
620 1093 753 1148 dein
786 1090 1028 1163 proterri
1050 1089 1253 1159 jussit,
1287 1092 1341 1140 et
1372 1104 1474 1157 pro
1503 1083 1789 1157 singulari
1820 1099 1930 1137 sua
1975 1081 2084 1135 hu-

441 1184 724 1241 manitate
781 1178 1008 1251 copiam
1066 1178 1193 1248 ejus
1252 1176 1407 1230 fecit.
1469 1176 1577 1229 Sed
1624 1175 1749 1245 jam
1797 1188 1980 1243 operte
2012 1169 2082 1223 ad

436 1275 611 1330 ﬁdem
680 1286 869 1341 usque
935 1285 1061 1338 cap.
1134 1268 1219 1334 11,
1290 1270 1453 1319 erant
1529 1278 1872 1335 progressa,
1907 1274 2085 1331 quare

435 1361 731 1434 postulare
763 1358 908 1413 mihi
942 1373 1031 1411 res
1071 1355 1196 1410 visa
1227 1354 1355 1422 fuit,
1389 1356 1452 1407 ut
1500 1353 1762 1423 priorum
1812 1349 2084 1404 undecim

437 1453 695 1524 capitum
728 1446 958 1503 collatio
992 1444 1292 1499 Addendis
1320 1443 1722 1512 ginsereretur.
1778 1439 1887 1494 Par
1940 1437 2085 1493 ratio

436 1538 707 1595 habenda
737 1537 847 1590 fuit
876 1533 1119 1589 alterius
1155 1549 1263 1586 ms.
1300 1526 1861 1599 membranacei,qui
1894 1541 2086 1581 recen-

438 1634 599 1685 setur
628 1628 687 1682 in
719 1622 1079 1679 Bibliotheca
1111 1621 1296 1692 Lugd.
1330 1619 1454 1674 Bat.
1491 1636 1621 1689 pag.
1651 1618 1777 1686 376,
1811 1632 1944 1671 cum
1976 1618 2085 1685 Cy-

438 1716 626 1791 priani
659 1715 1029 1783 aliorumque
1061 1710 1295 1781 scriptis
1345 1708 1675 1779 colligatus.
1727 1706 1977 1778 Fugerat
2034 1702 2085 1757 is

434 1807 584 1862 liber
632 1804 820 1876 primo
878 1800 1237 1869 diligentiam
1290 1803 1572 1863 nostram,
1608 1795 1708 1851 sed
1740 1799 1937 1849 tamen
1970 1809 2083 1846 nu-

434 1894 685 1967 perrime
718 1909 749 1946 a
780 1890 949 1945 nobis
979 1887 1429 1959 diligentissime
1461 1886 1708 1940 collatus
1728 1882 2082 1954 est,iisdem-

433 2000 546 2056 que
573 1979 876 2038 Addendis
908 1978 1091 2032 Varia:
1125 1978 1255 2047 ejus
1287 1975 1588 2030 Lectiones
1640 1974 1870 2028 insertas
1921 1975 2079 2025 sunt.

432 2073 622 2129 Codex
679 2074 804 2125 erat
854 2084 995 2123 sane
1026 2070 1332 2137 prazstans,
1369 2069 1424 2119 et
1455 2064 1589 2118 licet
1617 2060 1955 2131 scriptionis
1987 2076 2082 2114 ra-

430 2162 590 2217 tione
621 2157 915 2231 prioribus
950 2154 1125 2222 Lugd.
1160 2154 1285 2207 Bat.
1322 2149 1682 2206 membranis
1713 2148 1911 2204 minus
1942 2146 2081 2201 niti-

432 2252 567 2318 dus,
622 2250 909 2303 vetustate
966 2249 1160 2299 tamen
1215 2246 1269 2297 et
1328 2240 1699 2296 accuratione
1770 2252 2078 2309 superans.

430 2345 585 2395 Usus
630 2354 762 2393 sum
811 2338 1090 2407 praeterea
1156 2331 1318 2386 Junii
1355 2330 1633 2394 editione,
1664 2326 1758 2382 cui
1788 2324 2081 2397 Josephus

432 2428 689 2500 Scaliger
716 2426 1090 2495 conjecturas
1150 2417 1467 2476 nonnullas
1529 2416 1898 2487 ascripserat,
1953 2429 2080 2485 quae

436 2518 633 2575 debito
694 2516 915 2570 honore
966 2510 1187 2566 nomini
1220 2508 1367 2564 tanti
1400 2508 1500 2563 viri
1540 2506 1754 2577 ubique
1784 2507 1924 2559 sunt
1953 2502 2081 2557 red-

434 2608 602 2674 ditas;
638 2609 702 2661 ut
733 2609 788 2659 et
817 2603 1083 2673 ejusdem
1115 2599 1389 2655 editionis
1411 2594 1729 2667 exemplari
1758 2593 1852 2649 cui
1886 2592 2083 2647 Petrus

433 2695 753 2752 Scriverius
782 2689 1221 2747 emendationes
1280 2684 1594 2741 nonnullas
1653 2699 1722 2738 ex
1780 2679 2081 2736 codicibus

434 2786 583 2842 255
645 2780 891 2837 vetustis
947 2780 1257 2848 adjecerat,
1320 2774 1477 2847 quod
1539 2771 1683 2826 mihi
1739 2770 1963 2825 dudum
2012 2784 2083 2823 ex

435 2872 794 2930 Bibliotheca
854 2866 1327 2923 Almcloveniana
1394 2864 1451 2916 in
1521 2863 1648 2930 ejus
1705 2857 2081 2914 distractione

431 2974 935 3035 comparaveram.
992 2956 1209 3011 Referri
1271 2955 1463 3009 forsan
1510 2944 1722 3005 debent
1752 2948 1823 3004 ad
1854 2945 2083 3003 codices

430 3051 666 3109 Jesuitae
712 3047 867 3103 docti
918 3050 975 3101 et
1030 3043 1204 3100 amici
1257 3040 1546 3105 Scriverii,
1608 3035 1892 3094 Heriberti
1940 3040 2082 3091 Ros-

2194 552 2768 619 consentientes,tem
2780 570 2889 625 pus
2922 568 3037 624 quo
3053 552 3090 607 Α
3096 550 3461 623 pologeticum
3475 550 3624 608 hunc
3639 554 3798 625 scrip-

2195 643 2354 710 serit,
2389 642 2603 713 quibus
2632 647 2773 697 tunc
2806 642 3091 714 partibus,
3124 644 3181 695 et
3223 658 3295 696 an
3346 641 3588 696 Montani
3641 641 3798 697 fuerit

2195 731 2483 798 addictus,
2517 738 2575 787 et
2596 748 2700 787 cur
2721 731 2857 786 huic
2876 731 3213 802 Apologetico
3235 730 3398 799 quasi
3421 728 3794 784 anteambulo-

2195 836 2300 875 nes
2323 821 2522 876 fecerit
2542 820 2690 876 duos
2712 820 2781 875 ad
2806 819 3084 875 Nationes
3108 817 3526 888 libros,Justini
3551 818 3797 889 martyris

2195 909 2438 975 scilicet,
2470 914 2536 964 ut
2583 908 2727 963 mihi
2772 909 3148 964 observatum
3208 910 3315 972 est,
3371 904 3654 976 exemplo;
3709 905 3797 960 sed

2194 998 2316 1053 haec
2364 997 2576 1070 partim
2611 997 2849 1052 uberius
2880 996 2950 1051 ab
2981 994 3110 1051 aliis
3141 998 3482 1067 pertractata
3508 996 3658 1063 sunt,
3685 1009 3799 1063 per-

2192 1088 2301 1143 tim
2326 1088 2383 1142 in
2407 1087 2533 1159 ipso
2556 1087 2663 1142 hoc
2675 1086 3105 1143 Commentario
3120 1082 3801 1156 perstringuntur,partim

2195 1178 2371 1232 etiam
2405 1176 2772 1248 proferentur
2799 1191 2830 1230 a
2864 1173 3030 1229 nobis
3060 1173 3119 1227 in
3144 1170 3569 1242 Prolegomenis
3615 1169 3678 1225 ad
3726 1185 3801 1223 re-

2193 1266 2408 1337 liquos,
2434 1281 2582 1336 quos
2614 1265 2896 1320 adversus
2926 1267 3128 1335 gentes
3160 1260 3337 1317 variis
3365 1258 3548 1315 titulis
3589 1273 3801 1328 compo-

2196 1356 2316 1411 suit
2367 1354 2568 1419 libros,
2629 1370 2778 1424 quos
2834 1351 2993 1407 brevi
3043 1351 3167 1420 jam
3225 1350 3275 1405 si
3301 1349 3415 1404 Deo
3441 1348 3804 1403 humanarum

2196 1461 2392 1499 rerum
2424 1443 2641 1499 arbitro
2668 1441 2974 1514 placuerit,
3017 1439 3246 1494 Notulis
3290 1437 3501 1493 nostris
3548 1435 3803 1490 aliorum-

2196 1550 2309 1606 que
2365 1532 2711 1599 illustratos,
2772 1532 2943 1585 edere
3002 1534 3090 1584 est
3145 1528 3399 1584 animus.
3450 1526 3517 1581 Et
3544 1541 3677 1581 sane
3705 1540 3804 1579 non

2195 1621 2548 1678 mediocrem
2577 1620 2638 1675 in
2686 1618 2804 1676 illis
2851 1618 3216 1690 diligentiam
3271 1635 3306 1673 a
3362 1614 3526 1671 nobis
3579 1612 3805 1685 positam

2194 1727 2343 1779 esse,
2374 1709 2461 1766 vel
2493 1709 2629 1764 inde
2660 1714 2841 1780 patet,
2876 1708 3029 1764 256
3061 1707 3213 1778 quod
3246 1723 3316 1761 ex
3362 1704 3587 1761 duobus
3633 1700 3806 1773 parvis

2194 1801 2268 1856 ad
2328 1800 2605 1854 Nationes
2636 1796 2870 1865 libellis,
2904 1812 3020 1851 non
3052 1795 3299 1867 quaesita
3329 1794 3427 1849 sed
3459 1792 3605 1848 ultro
3634 1788 3810 1845 oblata

2193 1888 2518 1957 occasione,
2551 1888 2610 1942 in
2641 1886 2751 1943 hoc
2783 1890 2981 1941 nostro
3011 1883 3439 1940 Commentario
3468 1882 3596 1953 plus
3624 1876 3809 1951 viginti

2192 1979 2437 2034 mendas
2469 1975 2908 2046 sustulerimus,
2937 1975 2996 2030 in
3028 1974 3267 2046 quibus,
3297 1971 3571 2045 quoniam
3603 1967 3808 2024 nullum

2193 2087 2227 2123 a
2256 2084 2400 2123 mss.
2435 2067 2607 2121 unico
2653 2068 2882 2120 tantum
2931 2062 3271 2134 superstite,
3323 2062 3588 2133 superest
3632 2055 3809 2113 subsi-

2192 2157 2377 2223 dium,
2412 2155 2643 2227 ingenio
2674 2152 2783 2208 fuit
2808 2152 3260 2225 indulgendum.
3703 2212 3711 2223 ε

2262 2246 2325 2301 Id
2357 2249 2554 2301 tamen
2583 2243 2718 2299 sciri
2749 2242 2944 2309 velim,
2974 2256 3247 2314 magnam
3278 2256 3396 2294 non
3427 2237 3591 2293 modo
3628 2248 3810 2289 curam

2190 2336 2249 2390 in
2282 2335 2391 2393 hoc
2420 2332 2756 2404 Apologetieo
2782 2348 2815 2387 a
2841 2328 3207 2386 Tertulliano
3238 2326 3584 2393 adhibitam,
3631 2322 3723 2378 sed
3767 2323 3817 2374 et

2189 2424 2283 2480 his
2311 2423 2467 2478 idem
2500 2421 2609 2477 hoc
2640 2419 2948 2491 scriptum,
2978 2418 3076 2474 hic
3108 2417 3227 2472 illic
3259 2414 3502 2489 paulum
3533 2413 3590 2467 in
3639 2409 3812 2466 verbis

2190 2520 2248 2570 et
2276 2512 2536 2568 oratione
2568 2511 2968 2578 immutatum,
3002 2507 3076 2563 ab
3103 2506 3202 2563 illo
3233 2506 3291 2561 in
3325 2503 3619 2578 publicum
3656 2498 3816 2555 emis-

2193 2618 2327 2657 sum
2380 2616 2531 2669 esse,
2579 2599 2736 2670 quod
2789 2596 2986 2652 lectori
3048 2594 3367 2661 evidenter,
3426 2598 3491 2648 ut
3540 2593 3816 2663 putamus,

2191 2688 2514 2761 apparebit,
2572 2686 2622 2741 si
2654 2686 2933 2751 conferat,
2969 2700 3095 2756 quis
3125 2700 3159 2738 a
3190 2682 3362 2739 nobis
3392 2681 3704 2736 afferuntur
3725 2690 3815 2746 pa-

2194 2778 2350 2850 ginis
2378 2777 2487 2832 292
2513 2776 2595 2844 b.,
2626 2776 2731 2831 313
2760 2792 2814 2845 α,
2847 2772 2952 2828 409
2983 2775 3058 2843 b.,
3090 2777 3147 2828 et
3168 2769 3493 2845 praesertim
3528 2766 3645 2832 439,
3676 2781 3723 2831 α,
3771 2762 3813 2816 b.

2192 2869 2309 2925 Nec
2366 2866 2424 2921 id
2483 2864 2699 2921 mirum
2755 2862 2937 2919 videri
2986 2862 3178 2931 debet,
3212 2858 3449 2916 etiamsi
3480 2854 3671 2912 nullus
3699 2855 3817 2908 ante

2194 2973 2300 3012 nos
2332 2953 2885 3022 observaverit,cum
2916 2952 3073 3006 idem
3104 2955 3161 3005 et
3193 2948 3459 3005 Lucretio
3506 2948 3561 3001 et
3606 2943 3817 2999 Lucano

2194 3043 2477 3101 accidisse
2509 3044 2565 3097 in
2602 3045 2876 3113 promptu
2907 3040 2985 3095 sit
3016 3038 3323 3095 ostendere
3352 3054 3366 3104 ;
3420 3034 3674 3104 adeoque
3718 3043 3819 3083 non

431 3140 720 3197 weidi.Ad
752 3137 915 3191 illum
951 3139 1103 3190 certe
1134 3132 1427 3203 pertinent
1457 3129 1597 3195 haec,
1627 3144 1754 3197 quas
1781 3125 1929 3180 libro
1978 3140 2083 3179 suo
2114 3142 2159 3210 ρ
2196 3133 2490 3189 immerito
2522 3131 2686 3202 Hugo
2716 3130 2812 3184 me
2838 3128 3074 3184 Grotius
3106 3128 3260 3182 idem
3287 3124 3581 3197 judicium
3610 3121 3677 3175 de
3719 3121 3821 3171 ιιι-

436 3230 575 3285 olim
599 3226 843 3298 praeﬁxit
866 3223 1247 3278 doctissimus
1270 3218 1592 3273 Scriverius
1613 3233 1625 3269 :
1646 3214 1962 3269 Heribertus
1983 3214 2085 3268 Ro-

438 3315 624 3388 sweyd
655 3314 881 3385 epistola
909 3327 1055 3367 anno
1092 3310 1248 3374 1503,
1279 3316 1425 3363 sexto
1470 3305 1605 3359 Maii
1633 3304 1719 3359 ad
1742 3319 1829 3357 me
1857 3302 2086 3373 scripta:

446 3408 645 3462 Nactus
672 3420 793 3457 sum
822 3417 999 3471 nuper
1028 3399 1132 3453 duo
1164 3396 1511 3466 exemplaria
1565 3409 1693 3448 mss.
1752 3391 2091 3463 Apologetiei

448 3490 825 3559 Tertullianei,
885 3504 1009 3559 quae
1067 3489 1206 3542 mire
1252 3485 1588 3555 conspirant,
1650 3490 1700 3537 et
1756 3489 1953 3536 veteres
1983 3480 2091 3535 lec-

446 3588 648 3640 ctiones
678 3589 902 3636 tuentur
931 3586 1123 3632 contra
1150 3576 1468 3629 criticorum
1500 3586 1749 3625 acumen.
1802 3569 1944 3624 Sane
1991 3570 2091 3622 mi-

444 3678 596 3728 ratus
622 3688 744 3725 sum
785 3683 1051 3737 magnum
1102 3664 1477 3731 Scaligerum,
1534 3659 1674 3731 quod
1729 3656 2089 3728 Gomphosin

444 3763 600 3818 nobis
630 3762 688 3814 in
739 3757 1072 3812 Tertulliano
1119 3753 1469 3823 excogitant,
1524 3747 1817 3820 plausibili
1875 3746 2092 3817 quidem

439 3850 781 3921 conjectura,
815 3846 904 3900 sed
928 3845 1159 3898 minime
1199 3842 1531 3906 necessaria,
1601 3842 1711 3893 etc.
1781 3840 1891 3890 Nec
1957 3833 2091 3906 plus

438 3942 684 4011 apparet
714 3936 957 3999 ibidem,
988 3936 1193 4003 praeter
1226 3930 1377 3984 hanc
1407 3945 1550 3983 mss.
1584 3925 1851 3982 codicum
1892 3939 2089 3978 acces-

439 4010 687 4096 sionem,
738 4027 1025 4097 quotquot
1083 4021 1368 4075 hactenus
1429 4018 1691 4072 exierunt
1748 4010 2089 4069 Tertulliani

438 4122 715 4190 Operum,
749 4113 835 4169 vel
867 4111 1202 4183 Apologetici
1232 4109 1410 4178 hujus
1442 4106 1748 4175 editiones,
1780 4101 2092 4175 diligenter

442 4189 790 4279 conquisivi,
823 4200 1066 4266 contuli,
1099 4204 1155 4254 et
1185 4199 1242 4251 in
1276 4214 1387 4266 quo
1437 4196 1729 4249 variarent
1775 4189 2045 4248 annotavi
2073 4206 2087 4258 ;

437 4303 503 4353 ut
560 4311 731 4351 nemo
790 4292 1144 4362 imparatum
1180 4303 1270 4342 me
1302 4286 1373 4341 ad
1405 4288 1634 4340 tantum
1667 4285 1998 4349 Auctorem,
2032 4282 2090 4334 et

436 4393 555 4440 tam
591 4382 785 4439 nobile
848 4382 977 4451 ejus
1037 4378 1343 4448 scriptum,
1392 4373 1563 4446 quale
1615 4374 1673 4427 in
1730 4368 1937 4443 primis
1994 4368 2088 4423 hic

434 4474 822 4545 Apologeticus,
882 4468 1201 4524 accessisse
1259 4466 1523 4519 dicturus
1577 4463 1678 4517 sit.
1745 4459 1892 4525 Quid
1950 4474 2161 4569 veroD

593 4562 647 4569 ...
726 4560 737 4569 .
973 4558 983 4567 ο
1020 4556 1031 4569 ι
1114 4562 1122 4569 .
1208 4556 1217 4566 ο
1355 4554 1385 4569 -.
1430 4554 1440 4565 ·
1508 4552 1546 4569 1·
1630 4567 1677 4569 ν,
1748 4549 1835 4569 -u:
1895 4547 2075 4569 _!-__L!

433 4560 803 4634 prastiterim
838 4558 985 4629 {equi
1020 4556 1254 4611 lectoris
1286 4554 1396 4609 erit
1419 4552 1709 4623 judicare,
1742 4549 1839 4621 qui
1891 4547 2079 4604 sicubi

430 4650 635 4723 lapsus
700 4650 883 4715 fuero,
916 4647 1067 4717 quod
1102 4650 1158 4699 et
1192 4640 1461 4697 maximis
1494 4644 1625 4695 ante
1680 4653 1771 4693 me
1830 4636 1967 4690 viris
2014 4635 2072 4689 in

424 4740 534 4795 hoc
591 4738 719 4810 ipso
780 4734 1061 4806 opusculo
1122 4731 1448 4803 saepissime
1500 4728 1731 4795 accidit,
1784 4725 1927 4781 etin
1961 4723 2073 4779 isto

427 4826 718 4884 scribendi
749 4840 959 4897 genere
990 4822 1188 4878 evitari
1223 4838 1336 4876 non
1371 4823 1580 4892 potest,
1617 4816 1877 4883 facile,ut
1906 4816 2070 4886 puto,

429 4915 808 4976 condonabit.

496 5006 826 5078 Supersunt
856 5000 1046 5057 adhuc
1097 5000 1365 5071 quaedam
1416 4996 1664 5052 dicenda
1721 4992 1887 5063 mihi,
1945 5007 2073 5062 quas

424 5095 753 5171 pertineant
785 5092 856 5149 ad
888 5092 1067 5147 vitam
1094 5087 1462 5156 Tertulliani,
1496 5101 1711 5157 mores,
1744 5081 2072 5156 opiniones,

2197 3239 2341 3278 cano
2382 3222 2528 3277 ferat
2557 3220 2657 3275 lib.
2688 3236 2764 3288 v1,
2796 3234 2966 3273 versu
3000 3217 3126 3282 187,
3160 3218 3560 3286 agnoscatque
3588 3208 3647 3263 in
3693 3202 3825 3261 mul-

2197 3312 2273 3366 tis
2304 3309 2644 3365 auctoribus
2675 3308 2731 3362 id
2764 3305 3061 3363 observari
3092 3320 3260 3377 posse
3280 3301 3586 3359 Conradus
3602 3299 3826 3353 Ritters-

2198 3400 2428 3466 husius,
2489 3398 2548 3453 in
2614 3394 3045 3452 Commentario
3113 3393 3185 3448 ad
3252 3391 3608 3463 Oppianum,
3673 3383 3825 3454 cujus

2196 3489 2373 3544 verba
2419 3488 2555 3543 inde
2602 3493 2865 3557 excerpta
2908 3482 3257 3539 exhibentur
3303 3499 3337 3536 a
3365 3482 3624 3551 Gaspare
3649 3472 3827 3543 Sciop-

2198 3578 2420 3650 pio,de
2471 3579 2600 3631 Arte
2645 3577 2862 3640 critica,
2931 3588 3065 3643 pag.
3131 3571 3221 3640 87,
3289 3568 3528 3625 invictis
3592 3562 3825 3650 denique

2170 3665 2565 3738 .argumentis
2617 3662 2853 3720 evicerit
2908 3676 3159 3732 magnus
3215 3657 3545 3724 Salmasius
3594 3654 3651 3709 in
3679 3648 3827 3706 Notis

2201 3756 2271 3810 ad
2305 3753 2586 3809 Achillem
2612 3753 2864 3807 Tatium.

2271 3845 2337 3899 Et
2362 3842 2482 3897 haec
2512 3841 2747 3913 quidem
2783 3840 3087 3905 hactenus,
3122 3853 3249 3909 qua:
3284 3836 3334 3893 si
3362 3836 3472 3891 tibi
3505 3827 3828 3907 placuerint,

2199 3933 2450 4004 benigne
2482 3930 2683 3996 lector,
2730 3928 3110 4000 spondemus,
3160 3924 3565 3981 indesinenter
3607 3930 3825 3991 operam

2202 4028 2463 4077 nostram
2525 4018 2659 4074 usui
2717 4021 2818 4072 tuo
2852 4016 3243 4088 profuturam,
3277 4030 3415 4070 nam
3448 4018 3506 4069 et
3539 4008 3718 4066 multa
3746 4006 3831 4059 ha-

2198 4111 2407 4166 bemus
2462 4107 2753 4174 inchoata,
2805 4104 3248 4175 semiperfecta,
3310 4102 3583 4159 absoluta
3648 4095 3828 4162 etiam,

2198 4216 2325 4271 quas
2369 4214 2483 4253 non
2530 4212 2703 4268 parco
2746 4194 3111 4249 excutiemus
3159 4192 3316 4262 sinu,
3350 4190 3496 4246 dum
3530 4187 3754 4244 animus
3781 4181 3831 4234 et

2197 4288 2382 4345 otium
2414 4282 2697 4357 suppetit,
2729 4288 2785 4339 et
2814 4282 2956 4338 dum

2351 4437 2365 4450 .
2437 4438 2449 4451 .
2516 4434 2530 4449 .
2602 4438 2613 4449 .
2681 4428 2698 4445 .
2764 4433 2778 4447 .
2848 4432 2860 4446 .
2927 4396 3267 4459 integcrasvi

2349 4463 2576 4528 Sanguis
2601 4463 2757 4519 inest,
2790 4451 3072 4523 solideque
3098 4472 3196 4508 suo
3227 4459 3372 4507 stant
3400 4457 3594 4506 robore
3627 4451 3774 4500 vires.

2190 4592 2454 4663 Namque
2522 4593 2581 4643 at
2649 4586 2843 4642 sobrie
2896 4583 3158 4656 praecipit
3220 4580 3576 4654 Syracusani
3640 4570 3816 4632 dulcis

2187 4698 2356 4737 musa
2385 4677 2695 4746 Theocriti,
2730 4674 2897 4747 Idyll.
2929 4690 3044 4741 xiv,
3079 4688 3248 4727 versu
3284 4670 3497 4725 ultimo
3533 4686 3547 4724 :

2406 4826 2418 4839 .
2449 4828 2461 4841 .
2490 4828 2502 4840 .
2534 4826 2546 4838 .
2576 4825 2589 4838 .
2613 4786 2789 4835 ποιεῖν
2813 4800 2866 4833 τι
2898 4775 2979 4833 δεῖ
3010 4777 3069 4839 ἇς
3101 4775 3232 4851 γόνυ
3262 4773 3508 4850 χλωρόν.

2186 4895 2406 4952 Dabam
2438 4908 2507 4947 ex
2536 4892 2735 4947 Museo
2767 4904 2919 4953 meo,
2953 4887 3012 4941 in
3057 4900 3203 4957 pago
3234 4884 3411 4939 Staad
3445 4880 3604 4937 aan’t
3634 4873 3831 4933 Harin-

2185 4984 2379 5056 gvliet,
2416 4982 2472 5036 in
2504 4978 2700 5036 Insula
2743 4975 3102 5041 Uverﬂakke,
3137 4972 3283 5045 ipsis
3321 4968 3603 5027 Kalendis
3655 4959 3828 5025 Junii,

2187 5088 2342 5128 anno
2375 5070 2535 5126 1718.
