4072 6190
430 401 550 461 307
950 392 1482 455 TERTULLIANI
1530 390 1851 453 OPERUM
1900 387 2100 449 PARS
2145 386 2191 447 Ι.
2229 421 2305 430 —-
2336 388 2611 449 SERIES
2655 389 2705 461 Ι,
2751 387 3308 460 APQLOGETICA.
3688 393 3790 454 308

431 527 882 605 praesidentibus
932 525 1003 580 ad
1048 522 1438 594 judicandum
1497 522 1574 594 (2)
1635 522 1825 595 palam
1885 518 2079 590 despi-
2109 521 2161 584 Α
2195 517 2472 585 invenire,
2502 523 2772 573 caeterum
2802 535 3007 589 genus,
3032 519 3224 573 sedem
3276 519 3405 588 (10),
3451 536 3625 591 spem,
3677 538 3792 594 gra-

432 637 561 677 cere
618 620 639 652 ²
698 623 753 673 et
811 632 1002 671 coram
1067 613 1398 667 examinare
1458 612 1596 684 quid
1632 612 1710 667 sit
1749 609 1972 682 liquido
2024 607 2081 661 in

432 724 611 763 causa
641 703 1140 764 Christianorum;
1175 700 1221 752 si
1284 701 1304 733 ³
1363 700 1433 753 ad
1492 700 1641 753 hanc
1697 697 1884 753 solam
1948 712 2082 766 spe-

427 797 575 851 ciem
598 795 673 865 (3)
692 793 1011 848 auctoritas
1034 794 1226 844 vestra
1246 789 1320 856 (4)
1346 788 1674 858 dejustitiae
1698 786 2001 858 diligentia
2022 784 2081 838 in

430 883 666 957 publico
698 888 800 936 aut
825 881 991 936 timet
1023 884 1125 933 aut
1157 877 1449 932 erubescit
1481 877 1808 947 inquirere;
1835 874 1883 929 si
1917 874 2083 928 deni-

431 990 567 1043 que,
587 972 738 1043 quod
774 970 1033 1041 proximo
1065 965 1656 1030 accidit,domesticis
1680 963 1923 1034 judiciis
1955 964 1975 997 ⁴
2006 961 2081 1033 (5)

431 1062 609 1117 nimis
641 1064 879 1131 operata
903 1059 923 1091 ³
956 1058 1031 1127 (6)
1062 1059 1233 1110 sectae
1266 1056 1444 1125 hujus
1502 1054 1796 1109 infestatio
1846 1053 1921 1124 (7)
1980 1053 2081 1105 ob-

432 1150 609 1207 struit
663 1149 812 1202 viam
841 1148 860 1180 5
893 1144 1242 1211 defensioni,
1274 1143 1445 1198 liceat
1480 1143 1709 1198 veritati
1740 1141 1823 1197 vel
1857 1139 2083 1196 occulta

430 1241 523 1296 via
557 1239 870 1294 tacitarum
904 1236 1234 1289 litterarum
1266 1232 1342 1304 (8)
1376 1232 1447 1286 ad
1478 1249 1649 1287 aures
1680 1238 1901 1287 vestras
1950 1246 2080 1300 per-

426 1329 642 1384 venire.
704 1329 723 1361 ⁷
783 1325 881 1379 illa
914 1325 984 1378 de
1015 1340 1192 1377 causa
1220 1339 1328 1375 sua
1357 1322 1704 1391 deprecatur
1732 1321 1775 1388 ⁸,
1807 1318 1946 1390 quia
1976 1333 2082 1373 nec

430 1418 501 1473 de
533 1416 869 1471 conditione
900 1412 1167 1467 miratur.
1204 1411 1365 1467 260
1416 1409 1537 1464 Scit
1594 1425 1655 1465 se
1713 1409 2079 1481 peregrinam

429 1506 491 1562 in
516 1505 689 1562 terris
720 1504 796 1575 (9)
828 1518 1013 1572 agere,
1049 1501 1200 1555 inter
1230 1505 1535 1555 extraneos
1589 1498 1757 1554 facile
1809 1496 2081 1552 inimicos

2194 607 2361 676 tiam,
2395 607 2740 679 dignitatem
2772 609 2829 662 in
2863 608 3022 662 caelis
3054 607 3283 662 habere.
3318 607 3498 662 Unum
3528 612 3689 680 gestit
3722 613 3796 666 in-

2194 697 2448 762 terdum,
2476 714 2546 751 ne
2589 696 2854 769 ignorata
2886 698 3213 751 damnetur.
3249 696 3389 761 Quid
3426 697 3551 751 hinc
3577 700 3597 732 θ
3643 700 3798 770 depe-

2194 784 2268 838 rit
2316 783 2546 855 legibus
2577 786 2691 857 (11)
2724 786 2779 840 in
2813 802 2919 840 suo
2953 802 3129 857 regno
3155 785 3598 853 dominantibus,
3632 788 3674 842 si
3704 805 3799 843 au—

2192 873 2390 928 diatur
2413 874 2441 929 ?
2467 875 2550 929 Ad
2585 874 2693 928 hoc
2726 875 2914 947 magis
2943 872 3286 946 gloriabitur
3316 879 3558 945 potestas
3596 891 3796 943 earum,

2192 963 2347 1032 quod
2379 963 2553 1018 etiam
2589 964 2850 1019 auditam
2872 962 3295 1018 1odamnabunt
3324 962 3801 1020 veritatem‘mtete-

2193 1050 2679 1116 rum,inauditam
2712 1052 2760 1106 si
2794 1051 3800 1123 damnent,przeterinvidiaminiqui-

2194 1140 2335 1194 tatis
2366 1141 2543 1195 etiam
2575 1142 2971 1213 suspicionem
3002 1141 3382 1196 merebuntur
3408 1139 3644 1211 alicujus
3681 1158 3801 1197 con-

2192 1228 2739 1297 scientias,nolentes
2756 1232 3139 1303 audire,quod
3164 1231 3436 1285 damnare
3453 1247 3561 1285 non
3579 1231 3802 1302 possint.

2190 1318 2351 1372 Hanc
2383 1319 2580 1390 itaque
2613 1322 2862 1391 primam
2898 1337 3135 1377 causam
3168 1320 3314 1376 28]
3351 1320 3500 1391 apud
3531 1336 3625 1375 vos
3653 1318 3807 1374 collo-

2191 1423 2393 1464 camus
2423 1409 2535 1481 (12)
2567 1408 2937 1481 iniquitatem
2958 1412 2997 1447 “
3018 1411 3136 1465 odii
3165 1426 3303 1482 erga
3335 1427 3539 1465 nomen
3563 1409 3804 1466 Christia-

2192 1502 2616 1563 norum.Quam
2648 1500 3019 1571 iniquitatem
3053 1500 3206 1555 idem
3239 1498 3448 1554 titulus
3476 1503 3531 1554 et
3553 1503 3737 1554 onerat
3756 1504 3807 1553 et

1856 1596 2060 1656 Variae
2091 1595 2411 1657 lectiones.

501 1701 523 1734 ²
560 1700 894 1754 Describere
926 1703 1084 1753 Barr.
1114 1695 1218 1750 MS.
1252 1698 1311 1750 L.
1349 1697 1407 1749 Β.
1441 1694 1766 1765 Despicere.
1796 1692 2020 1748 Rhenan
2048 1695 2177 1749 Jun.

2290 1694 2312 1729 ³
2342 1695 2449 1749 Sed
2502 1694 2652 1750 hanc
2700 1696 2822 1751 alii.
2936 1697 2956 1729 ⁴
2988 1696 3071 1750 Ita
3120 1696 3338 1752 Heratd.
3386 1695 3805 1753 Riaalt.Havcre.

432 1772 648 1826 Indicis
672 1771 787 1825 cod.
824 1773 882 1823 F.
920 1772 1042 1824 vett.
1076 1769 1285 1823 edition
1310 1768 1373 1822 de
1406 1766 1463 1820 G.
1540 1768 1561 1800 ⁸
1591 1767 1841 1836 Operata
1873 1766 2053 1819 Paris.
2087 1765 2315 1820 Animis
2350 1767 2421 1821 M.
2457 1767 2517 1821 F.
2593 1768 2614 1802 ⁶
2643 1769 2724 1823 lla
2754 1768 3055 1832 Pametius,
3089 1768 3162 1822 La
3206 1767 3401 1837 Cerdo,
3450 1765 3613 1822 Rhen.
3659 1768 3804 1821 Viam

431 1846 536 1898 det.
585 1848 719 1901 Jun.
776 1843 1004 1897 lleratd.
1060 1842 1181 1907 Rig.
1232 1841 1460 1894 Haverc.
1492 1854 1561 1892 ex
1591 1838 1693 1892 MS.
1729 1854 1793 1892 os
1825 1836 2150 1910 defensioni
2181 1836 2286 1910 MS.
2321 1839 2376 1910 F.
2490 1839 2509 1871 ⁷
2539 1838 2705 1910 Nilus
2737 1839 2806 1893 de
2836 1856 3013 1893 causa
3041 1841 3258 1895 Junius.
3324 1909 3328 1910 ν
3369 1836 3393 1873 ⁸⁷
3422 1839 3807 1910 Deprecaretur

434 1917 604 1971 Rhen.
638 1916 817 1969 Paris.
897 1915 917 1946 θ
948 1914 1051 1966 Hic
1085 1912 1270 1966 Paris.
1310 1911 1487 1964 Venet.
1522 1910 1682 1974 Quod
1715 1910 1888 1963 etiam
1922 1908 2088 1962 Rhen.
2133 1909 2208 1963 La
2242 1908 2399 1964 Cerd.
2434 1909 2649 1965 Pamel.
2685 1910 2847 1973 Quod
2880 1911 3206 1966 inauditam
3239 1909 3355 1966 cod.
3390 1908 3613 1966 Putean.
3640 1911 3810 1966 Jacob.

432 1993 707 2054 Bangars.
741 1996 791 2039 et
823 1985 1021 2054 Hugol.~
1046 1984 1168 2047 Quo
1199 1984 1373 2036 etiam
1406 1982 1667 2054 auditam
1702 1980 1919 2054 Heratd.
1954 1979 2161 2054 ﬂigatt.
2199 1985 2563 2054 Havet-camp.
2596 1984 2833 2038 scribere
2862 1983 3063 2037 maluit
3094 2000 3105 2038 :
3140 1984 3471 2038 al...earum
3503 1982 3646 2054 quod
3679 1980 3805 2036 veri-

429 2051 630 2114 tatem.
711 2060 750 2093 “
786 2051 1136 2127 Iniq'uitatis.
1177 2055 1372 2125 Rigalt.
1405 2053 1637 2109 Semler.
1672 2051 1917 2124 Leopotd.
1946 2052 2140 2107 Haver.
2175 2052 2373 2107 odium
2409 2054 2618 2108 Pamet.
2653 2055 2789 2109 Bar.

1867 2150 2388 2212 Commentarius.

502 2254 577 2324 (2)
638 2258 705 2308 In
767 2254 880 2322 ipso
926 2252 1054 2324 fere»
1070 2252 1267 2306 vertice
1286 2250 1528 2324 ciuitatis
1555 2248 1983 2324 pandentibus
2014 2246 2083 2324 nd
2110 2250 2159 2315 B
2191 2248 2329 2303 stini
2352 2268 2363 2305 :
2390 2249 2623 2324 sOmnis
2656 2250 2753 2322 qui
2782 2251 2850 2304 ad
2884 2267 3202 2322 supernam
3236 2252 3489 2323 pertinet
3515 2251 3804 2324 civitatem,

424 2320 810 2392 iudicandum.
840 2320 1188 2393 Capitolium
1212 2322 1526 2394 signiﬁcat.
1557 2327 1619 2394 Et
1650 2320 1987 2394 Chalcidius
2020 2320 2078 2373 in

430 2400 565 2453 Tim.
605 2398 745 2453 Plat.
788 2396 1073 2449 rationem
1134 2393 1288 2448 dicit
1332 2410 1499 2448 suam
1560 2393 1822 2447 obtinere
1880 2393 2077 2447 sedem

422 2468 484 2524 in
515 2468 724 2539 capite,
760 2474 1045 2537 tanquam
1078 2465 1261 2520 totius
1316 2464 1576 2537 corporis
1630 2463 1933 2535 Capitolio.
1985 2464 2079 2517 RI-

428 2555 689 2596 GALTIUS.

497 2612 576 2683 (3)
614 2612 690 2665 Ad
720 2610 862 2663 hanc
908 2609 1088 2683 sollth
1128 2610 1379 2683 speciem.
1439 2605 1725 2669 Quoniam
1780 2605 2080 2683 deplorata

428 2677 666 2737 videtur
722 2698 899 2736 causa
958 2677 1446 2744 Christianorum,
1482 2684 1718 2749 propter
1750 2677 2081 2749 przejudicia

431 2759 489 2810 et
522 2754 682 2808 varia
712 2755 959 2818 decreta,
995 2753 1139 2806 adeo
1172 2757 1235 2806 ut
1265 2768 1435 2806 nemo
1497 2767 1598 2822 pro
1656 2751 1865 2804 iisdem
1918 2749 2079 2819 loqui

431 2843 546 2881 non
578 2825 1144 2894 rcformidet,sicque
1174 2822 1724 2895 apertepatrocinio
1756 2822 2076 2895 indigeant,

434 2898 608 2953 nobis
640 2897 847 2951 saltem
884 2893 1151 2964 privatim
1186 2893 1288 2966 pro
1347 2893 1693 2966 Christianis
1727 2893 2079 2966 disceptare

430 2969 801 3037 concedatur,
853 2963 1121 3039 datisque
1150 2963 1219 3022 ad
1252 2983 1352 3021 vos
1384 2965 1613 3039 litteris,
1648 2963 1863 3039 doloris
1895 2964 2077 3039 nostri

427 3041 677 3098 testibus
708 3046 762 3094 et
804 3036 1043 3109 amoris,
1075 3039 1291 3110 linguis
1324 3038 1653 3093 subsidium
1689 3036 1924 3107 aliquod
1986 3053 2072 3091 re-

435 3117 680 3171 servate.
715 3113 790 3167 Ls
826 3112 1063 3165 Piusua.

500 3185 575 3255 (4)
604 3184 919 3238 Auctoritas
964 3190 1156 3255 vestra.
1210 3180 1309 3255 _Per
1364 3180 1747 3255 auctoritatem
1805 3177 2081 3255 intelligit

433 3250 637 3311 actum
669 3270 971 3309 summum
1003 3251 1850 3315 administrationis,summam
1887 3250 1943 3303 in
1978 3251 2078 3304 ad-

438 3327 826 3380 ministrando
846 3325 1089 3394 imperio
1122 3322 1434 3393 potentiam
1458 3329 1630 3392 atque
1649 3322 2077 3376 auctoritatem.

434 3402 636 3467 Itaque
691 3398 1008 3449 auctoritas
1073 3404 1160 3449 est
1209 3394 1580 3467 institutoris,
1634 3394 2080 3467 dispensatoris,

433 3465 889 3540 procuratorisa
923 3467 990 3521 Ut
1041 3466 1351 3540 ergodisti
1402 3465 1683 3540 indigent
1735 3466 2080 3540 auctoritate

434 3536 689 3603 summa,
750 3539 831 3591 ita
861 3538 931 3591 de
963 3536 1307 3608 praesidibus
1340 3536 1492 3608 istis,
1522 3536 1732 3606 inquit,
1766 3537 2080 3591 auctorita-

434 3619 550 3667 tem
574 3627 700 3665 esse
732 3607 987 3672 illorum,
1024 3609 1315 3683 neminem
1348 3607 1555 3683 timene
1604 3612 1659 3662 et
1716 3608 2075 3677 erubescere,
2110 3614 2156 3683 ο

434 3683 751 3754 quominus
784 3686 907 3734 tuto
941 3680 1165 3754 possint
1196 3679 1473 3754 judicare.
1501 3678 1818 3754 Lyceum.

510 3755 584 3825 (5)
635 3755 894 3825 Proxime
943 3750 1167 3813 accidit,
1226 3750 1534 3825 domesticis
1576 3750 1824 3825 judiciis.
1886 3751 2085 3825 Innugit

438 3822 731 3880 recentem
794 3824 1097 3877 historiam
1158 3823 1387 3877 saevitia;
1453 3823 1845 3892 quorumdam
1896 3839 1964 3876 ex
2011 3822 2083 3876 iis

441 3914 588 3967 quos
610 3896 832 3965 imperii
866 3897 1094 3950 Romani
1131 3895 1401 3967 antistites
1456 3901 1645 3958 vocat,
1705 3893 1805 3964 qui
1864 3893 2085 3948 scilicet

440 3965 764 4025 domestico
818 3968 1040 4036 judicio
1084 3966 1141 4020 in
1200 3965 1413 4021 liberos
1471 3970 1572 4021 aut
1601 3982 1793 4020 servos
1825 3981 1984 4033 suos,
2017 3982 2083 4020 eo

440 4041 592 4111 quod
616 4037 1079 4094 Christianorum
1104 4042 1279 4111 secta
1297 4053 1505 4111 nomen
1531 4037 2079 4111 dedissent,aliquid

442 4108 701 4167 atrocius
733 4115 1076 4177 statuerant,
1114 4108 1281 4178 quasi
1316 4109 1450 4163 inde
1515 4113 1810 4163 contracta
1864 4110 2083 4179 asperi-

438 4188 578 4251 tate,
641 4182 835 4238 allatis
886 4184 1055 4236 domo
1115 4180 1469 4252 praeiudiciis
1501 4181 1572 4252 ad
1607 4181 1736 4250 ipsa
1766 4180 2085 4235 tribunalia

438 4256 642 4379 plausist
665 4253 1129 4379 CIhristianorum
1153 4252 1497 4323 judicandis
1544 4251 1877 4307 infestiores
1923 4269 2082 4308 acce-

480 4343 661 4379 eren.
738 4343 821 4379 ac.

438 4329 661 4383 derent.
696 4329 821 4379 Lac.

513 4400 589 4468 (6)
621 4400 881 4466 Operata.
934 4394 1227 4468 Hellenice
1274 4399 1340 4468 net
1395 4392 1701 4468 Virgilius
1734 4394 2079 4468 I_Georgic.,

439 4464 602 4525 Laetis
632 4464 885 4537 operatus
915 4468 979 4519 in
998 4466 1369 4537 rherbis.[)icit
1400 4471 1593 4537 autem
1628 4464 1890 4537 ethnicos
1920 4464 2088 4521 cena-

439 4547 532 4595 tos
551 4539 621 4593 ab
642 4536 711 4591 iis
730 4538 826 4605 qui
848 4536 1216 4592 familiariter
1238 4554 1367 4590 cum
1404 4536 1750 4591 Christianis
1782 4539 2087 4592 versaban-

442 4616 558 4676 tur,
593 4627 626 4665 a
655 4608 913 4675 famulis,
948 4609 1212 4679 inquam,
1245 4612 1301 4662 et
1332 4607 1562 4662 anciliis
1593 4609 1941 4676 investigare
1970 4610 2086 4664 cri-

445 4682 712 4745 mina,de
743 4680 957 4752 quibus
989 4678 1161 4749 vulgo
1191 4679 1651 4747 infamabantur,
1686 4678 1950 4751 nihilque
1977 4698 2085 4737 un-

444 4751 1265 4826 quamdeprehensumesse.
1301 4756 1425 4826 an.

517 4825 594 4896 (7)
624 4821 792 4880 Secta?
822 4823 985 4893 hujus
1015 4824 1315 4890 infestatio.
1353 4821 1564 4896 Eodem
1624 4837 1798 4896 sensu
1858 4822 2085 4878 Chalci-

447 4894 583 4950 dius
614 4896 671 4949 in
703 4897 833 4949 Tim.
872 4896 1013 4948 Piat.
1048 4898 1265 4949 sectam
1299 4894 1645 4947 sanctiorem
1680 4894 1845 4960 dixit,
1878 4910 1945 4949 ex
1979 4896 2083 4949 He-

445 4969 600 5022 braea
630 4966 1019 5022 Christianam
1044 4965 1572 5038 significans.0uod
1599 4965 2080 5038 quidem,inquit,

441 5055 641 5095 verum
675 5055 803 5094 esse
829 5042 1080 5093 testatur
1107 5037 1373 5094 eminens
1416 5038 1682 5108 quaedam
1700 5037 1970 5093 doctrina
2000 5055 2085 5095 se-

444 5117 547 5168 ctae
580 5110 909 5167 sanctioris.
946 5110 1059 5163 Lac

514 5183 589 5253 (8)
623 5183 842 5239 Occulta
873 5181 959 5235 via
992 5182 1287 5234 tacitarum
1318 5181 1652 5253 litterarum.
1686 5179 1968 5235 Similiter
2014 5180 2084 5235 de

446 5256 650 5310 eadem
683 5254 791 5308 hac
817 5270 877 5307 re
910 5254 1169 5323 loquitur
1197 5253 1253 5306 in
1293 5253 1390 5306 lib.
1426 5254 1497 5306 ad
1524 5252 1834 5319 Scapulam,
1870 5268 1995 5322 cap.
2032 5253 2081 5306 1:

437 5327 716 5381 «Necesse
741 5331 829 5380 est
857 5324 944 5378 vel
981 5325 1083 5378 hoc
1115 5326 1286 5378 modo
1318 5340 1622 5392 erumpere
1653 5324 1720 5375 ad
1758 5339 2081 5393 proponen-

436 5398 511 5454 da
540 5398 702 5453 vobis
733 5414 799 5452 ea
828 5414 950 5467 qua:
978 5395 1171 5467 palam
1203 5412 1317 5449 non
1349 5394 1526 5467 vultis
1556 5394 1822 5467 audire.»
1848 5395 1917 5448 Et
1947 5394 2081 5449 huic

437 5470 613 5526 afﬁne
644 5468 786 5523 illud
820 5463 1101 5523 Marti—alis
1145 5466 1201 5520 in
1252 5465 1587 5520 Praefatione
1638 5463 1737 5537 lib.
1771 5482 1828 5519 ιιι
1860 5468 2077 5537 Epigr.:

444 5564 466 5593 ι
500 5542 683 5596 Video
715 5556 894 5612 quare
926 5539 1169 5612 tragoedi
1201 5536 1508 5612 epistolam
1542 5534 1847 5607 accipiant,
1871 5534 2086 5609 quibus

439 5630 544 5686 pro
577 5608 816 5683 seloqui
853 5628 966 5665 non
999 5608 1153 5686 licet.
1192 5631 1219 5686 η
1254 5610 1682 5686 "manumanus.

514 5685 591 5753 (9)
622 5686 713 5739 Sic
739 5679 795 5738 se
824 5682 1170 5753 peregrinam
1200 5684 1260 5734 in
1305 5682 1484 5753 terris.
1537 5684 1785 5753 Progsper
1838 5679 2084 5753 Aquita-

444 5749 582 5813 nus
617 5771 659 5810 ιι
715 5749 833 5810 ιώ(
875 5749 1203 5824 Epigram..,
1265 5751 1365 5807 ubi
1412 5750 1683 5821 exprimit
1710 5749 1855 5805 illud
1887 5753 2085 5822 Augu-

418 6006 485 6043 Ἀ

2192 2323 2535 2403 peregrinus
2561 2328 2648 2403 est
2679 2324 2904 2403 ,mundi
2937 2341 2949 2378 :
2984 2330 3041 2377 et
3099 2324 3239 2403 dnm
3296 2323 3597 2403 temporali
3647 2323 3811 2377 utitur

2188 2394 2325 2463 vita,
2361 2395 2416 2447 in
2445 2395 2635 2464 patria
2664 2394 2803 2449 vivit
2831 2394 3051 2462 aliena;
3090 2418 3118 2443 »
3148 2395 3231 2450 ita
3260 2394 3461 2450 canit:

2252 2524 2527 2574 Ccelestem
2564 2525 2630 2573 ad
2659 2526 2904 2587 patriam,
2936 2525 3143 2574 Christo
3173 2526 3489 2587 redimente,
3522 2530 3743 2584 vocatus,

2316 2588 2482 2635 Vitam
2517 2588 2747 2637 labentis
2778 2590 3032 2649 temporis
3064 2588 3261 2650 hospes
3291 2590 3402 2650 agit
3435 2604 3447 2636 :

2253 2650 2495 2714 Dumque
2532 2652 2596 2699 ad
2633 2651 2942 2711 promissam
2974 2649 3219 2714 requiem
3242 2649 3355 2699 non
3386 2665 3479 2713 per
3507 2665 3601 2699 sua
3641 2649 3811 2709 tendit,

2314 2712 2601 2761 Mundauae
2640 2715 2836 2774 patitur
2866 2714 3031 2761 multa
3051 2712 3260 2775 pericla
3291 2712 3399 2762 vite
3426 2729 3438 2762 :

2251 2773 2377 2832 Quas
2414 2788 2558 2838 nunc
2587 2773 2799 2824 obsessa
2833 2773 3089 2835 adversis,
3128 2790 3271 2824 nunc
3304 2776 3466 2838 plena
3498 2773 3747 2831 secundis,

2313 2838 2417 2887 Aut
2446 2837 2644 2901 frangit
2672 2838 2927 2899 trepidos,
2961 2838 3160 2901 obligat
3191 2842 3282 2888 aut
3306 2837 3507 2901 dubios
3539 2853 3551 2885 :

2249 2899 2394 2963 Inter
2422 2877 2809 2963 quosclaqueos
2840 2877 3138 2949 cuirenteom
3170 2901 3234 2949 ad
3266 2877 3466 2963 gelidis
3493 2902 3628 2960 vitae,

2248 2961 2364 3011 Non
2396 2961 2572 3026 capiet
2600 2961 2836 3011 mundus
2866 2964 2950 3011 cui
2983 2964 3071 3011 via
3099 2961 3341 3012 Christus
3375 2965 3497 3012 erit.

3374 3043 3619 3098 Havsac.

2252 3176 2362 3246 (10)
2395 3175 2603 3231 Sedem.
2640 3178 2702 3231 In
2737 3182 2827 3231 est
2860 3176 3141 3247 patriam;
3173 3193 3349 3244 quam
3385 3177 3605 3248 quierit,
3654 3188 3810 3244 quam

2190 3256 2375 3318 curat,
2411 3254 2662 3321 exoptat.
2695 3253 3066 3320 Anaxagoras
3097 3248 3484 3321 philosophus
3541 3262 3814 3321 summus,

2190 3334 2322 3373 cum
2384 3322 2464 3374 rei
2500 3320 2746 3391 publicae
2770 3327 2826 3374 et
2858 3319 3096 3391 privatae
3127 3322 3293 3375 valde
3328 3319 3486 3376 esset
3516 3319 3813 3391 negligens,

2190 3387 2575 3472 compellatus
2608 3408 2639 3445 a
2673 3387 2923 3472 quﬁoda‘m
2958 3392 3322 3472 hoc-‘mondo‘
3354 3409 3365 3447 :
3402 3387 3814 3472 ‘Nulla'ne'ntibi

2192 3456 2388 3539 patriae
2440 3481 2579 3518 cura
2629 3456 2765 3539 est?
2812 3465 3130 3539 respnndit,
3168 3461 3325 3539 ’ζιμοῖ
3357 3461 3458 3539 γὰρ
3488 3456 3816 3539 κρῖ-σφόδρα.

2194 3530 2344 3605 μέλει
2378 3540 2474 3601 τῆς
2506 3530 2764 3607 πατρίδος
2789 3534 2883 3607 τὸν
2908 3530 3163 3607 ὀῦρανόν,
3190 3530 3241 3589 ἰ(
3263 3551 3293 3589 e
3347 3530 3382 3590 τ’
3414 3530 3441 3585 «ἱ
3506 3530 3659 3607 Mihi'
3696 3530 3814 3585 vero

2235 3608 2389 3660 atrias
2421 3623 2580 3672 cura,
2614 3611 2670 3660 et
2700 3606 2934 3677 quidem
2968 3606 3204 3661 summa
3233 3608 3602 3678 est,digitum
3634 3606 3687 3660 in
3718 3620 3815 3678 cm-

2219 3695 2314 3731 um
2348 3678 2679 3733 intendens.
2700 3700 2742 3750 ί»
2792 3678 3000 3732 Narrat
3050 3680 3332 3750 Diogenes
3394 3677 3453 3734 in
3512 3680 3634 3733 Vita
3686 3677 3815 3750 ejus.

2192 3750 2487 3820 Chrysost.
2519 3749 2731 3805 Homel.
2766 3750 2836 3803 de
2866 3750 2961 3805 δε.
2998 3750 3234 3805 Bernice
3266 3755 3323 3804 et
3357 3751 3636 3806 Prosdoce
3665 3749 3818 3820 ta’At

2194 3818 2472 3876 mulieres
2525 3821 2642 3876 alta
2683 3821 3087 3891 tranquilitate
3118 3822 3467 3876 fruebantur
3501 3840 3514 3877 :
3550 3818 3817 3891 siquidem

2195 3894 2454 3963 undique
2484 3892 2619 3947 illas
2653 3909 2785 3962 spes
2823 3894 3148 3948 futurorum
3184 3894 3510 3955 muniebat.
3562 3890 3816 3964 quoniam

2193 3969 2249 4019 et
2302 3981 2533 4033 peregre
2582 3981 2714 4019 cum
2763 3965 3057 4035 degerent,
3092 3981 3324 4036 peregre
3356 3983 3475 4021 non
3508 3964 3815 4036 degebant:

2192 4052 2387 4091 veram
2423 4036 2578 4090 enim
2611 4035 2859 4106 patriam
2920 4035 3102 4090 fidem
3154 4036 3488 4104 habebant;
3545 4035 3815 4106 civitatem

2194 4107 2487 4179 propriam
2551 4105 2840 4179 habebant
2888 4106 3339 4177 confessionem,
3367 4117 3427 4163 et
3457 4124 3587 4163 cum
3618 4105 3821 4179 optima

2193 4178 2294 4250 spe
2312 4178 2639 4243 alerentur,
2673 4178 2849 4233 nullis
2879 4180 3053 4234 rebus
3083 4180 3472 4250 praesentibus
3502 4178 3819 4235 afﬁciebat)-

2194 4256 2311 4320 tur,
2329 4254 2553 4305 futuras
2583 4266 2836 4320 namque
2865 4250 3055 4305 solum
3087 4252 3488 4321 spectabant.»
3521 4252 3672 4306 Adeo
3701 4261 3821 4302 cum

2194 4322 2527 4395 Graecorum
2562 4322 3153 4395 omnium‘liberrimo
3188 4324 3442 4395 Diogene
3472 4321 3704 4395 gloriari
3732 4334 3819 4388 po-

2194 4399 2405 4467 terant.
2439 4392 2623 4467 Ἐχειν
2656 4388 2891 4467 πατρίδα
2921 4389 3146 4467 ἆδοξίανί
3167 4392 3257 4446 nisi
3294 4388 3504 4448 νπενίαῖ
3560 4390 3819 4467 ἀνάλωςον

2191 4468 2260 4536 τῇ
2292 4461 2877 4538 τύχῃᾸζέιάιΗδὸθιδθ
2909 4482 2971 4520 se
3004 4466 3247 4538 patriam
3279 4471 3679 4538 contemptum
3711 4461 3819 4533 glo-

2194 4539 2290 4593 riae
2322 4536 2839 4610 ethpaupertatem,
2891 4553 3021 4607 quae
3067 4536 3126 4590 in
3186 4536 3536 4610 potestatem
3596 4538 3821 4593 fortunae

2195 4624 2497 4679 nunquam
2531 4608 2651 4661 sint
2670 4624 2929 4663 cessura.
2960 4630 2987 4658 »
3025 4610 3161 4663 ΗΑν.

2264 4676 2378 4749 (11)
2408 4681 2625 4752 Deperit
2653 4679 2882 4752 legibus.
2914 4684 3129 4752 Rarum
3159 4680 3427 4749 verbum,
3460 4686 3518 4738 et
3548 4680 3700 4752 quod
3740 4676 3824 4730 vix

2194 4753 2350 4823 apud
2408 4750 2566 4824 alios
2613 4750 2896 4824 invenias.
2930 4751 3031 4805 Est
3059 4755 3442 4824 tamengapud
3481 4750 3821 4811 Lucretium,

2191 4840 2370 4950 ἕὲιὲω
2413 4822 2674 4878 studiose
2726 4822 2867 4895 legit
2898 4827 3096 4878 noster
3126 4822 3461 4896 Septimius.
3495 4826 3593 4896 Is.,
3626 4824 3720 4879 lib.
3752 4837 3823 4887 ιι,

2116 4985 2159 5049 D
2190 5002 2322 5051 Nam
2351 5013 2527 5064 neque
2559 4999 2869 5064 adaugescit
2902 4999 3195 5063 quidquam
3227 5014 3404 5065 neque
3455 5001 3659 5066 deperit
3690 4996 3825 5048 inde.

2193 5106 2353 5171 Quod
2389 5105 2435 5160 si
2469 5105 2732 5176 quaedam
2768 5104 3102 5160 testimonia
3131 5106 3432 5178 collegerit
3486 5108 3712 5178 Festus,
3767 5118 3828 5178 ea

2194 5174 2513 5251 perierunt,
2560 5181 3010 5251 trguncatumque
3043 5177 3150 5251 hoc
3182 5174 3372 5235 solum
3404 5180 3575 5234 nobis
3607 5174 3830 5251 reliqnit

2194 5246 2545 5321 epitomator
2574 5250 2703 5320 ejus
2759 5246 2999 5316 Paulus,
3048 5248 3295 5321 deperire
3349 5253 3628 5323 signiﬁcat
3680 5246 3835 5304 vald:

2230 5324 2393 5377 erire.
2429 5324 2569 5374 HAV.

2191 5341 2393 5395 perire.
2434 5341 2569 5374 uAv.

2266 5394 2377 5461 (12)
2394 5392 2575 5456 Quam
2601 5388 2882 5459 potiorem
2906 5390 3213 5460 sequimur
3229 5409 3341 5463 prae
3361 5393 3491 5449 aliis
3508 5391 3829 5450 lectionem,

2199 5465 2388 5535 inquit
2422 5464 2491 5517 de
2520 5466 2839 5530 Gourcy,ea
2871 5477 3011 5535 sane
3034 5480 3150 5533 pra:
3183 5464 3312 5519 aliis
3346 5464 3833 5535 nitide.obvioque

2196 5528 2371 5591 sensu
2432 5536 2603 5588 sonat
2653 5528 2729 5585 et'
2760 5528 3049 5602 egregiof
3086 5535 3363 5591 Cottocare
3418 5552 3641 5592 causam
3698 5528 3833 5601 apud

2196 5605 2584 5680 iudices,i_d_cm_
2618 5607 2707 5657 est
2737 5604 2889 5680 enim
2922 5621 2987 5660 ac
3010 5605 3161 5680 diem
3192 5624 3384 5680 coram
3404 5608 3604 5680 judice
3628 5606 3830 5680 dicere,

2196 5674 2317 5735 rem
2351 5674 2651 5746 sigillatim
2699 5674 3004 5747 explicare,
3065 5679 3308 5736 minime
3364 5674 3496 5735 vero
3558 5679 3639 5733 rei
3696 5692 3831 5730 cau—

2196 5767 2319 5807 sam
2379 5748 2602 5805 afferre.
2662 5750 2776 5803 Nec
2832 5750 2991 5805 totus
3046 5766 3111 5807 eo
3168 5750 3279 5807 loci
3323 5757 3413 5808 est
3441 5747 3829 5807 Tertullianus
