4072 6190
218 382 315 445 317
1296 372 1887 439 APOLOGETICUS
1929 374 2109 438 ADV.
2157 375 2486 438 GENTES.

3473 377 3596 438 318

221 515 344 571 enim
366 528 528 567 suum
558 510 870 582 esse,quod
889 511 1040 567 269
1061 510 1284 565 malum
1319 509 1833 581 agnoscunt.Chri-
1859 512 1911 577 Α
2013 508 2357 582 defendendi,
2394 510 2517 564 illis
2548 509 2829 579 abnegari,
2862 525 2987 582 cum
3017 508 3222 563 crimen
3253 524 3322 563 ex
3350 510 3596 564 circum-

218 604 405 660 stianos
430 617 588 665 vero,
623 599 769 655 nihil
802 599 995 655 simile
1024 599 1104 667 ³⁰;
1138 598 1436 654 neminem
1471 599 1672 670 pudet,
1728 614 1830 653 no-

214 694 392 747 minem
425 688 934 761 pmnitet(28),nisi
966 689 1138 760 plane
1172 693 1322 744 retro
1355 704 1470 743 non
1503 687 1826 757 fuisse(29).

212 782 258 836 Si
284 780 593 843 denotatur,
628 777 946 849 gloriatur;
983 782 1313 847 accusatur,
1364 794 1476 831 non
1530 777 1828 843 defendit;

216 866 697 937 interrogatus‘vel
730 865 883 921 ultro
912 867 1244 927 conﬁtetur;
1272 866 1586 920 damnatus
1616 864 1832 936 gratias

214 957 329 1029 agit.
359 955 503 1021 Quid
540 955 647 1009 hoc
680 955 817 1010 mali
849 955 998 1010 est”
1021 955 1177 1025 quod
1212 953 1765 1022 naturalia(30)ma|i
1788 952 1833 987 ³⁵

215 1063 308 1101 non
336 1044 527 1109 habet,
562 1044 858 1111 timorem,
912 1044 1217 1114 pudorem,
1268 1043 1832 1115 tergiversationem,

213 1133 606 1207 pmnitentiam,
641 1131 1103 1203 deplorationem
1125 1132 1152 1187 ?
1184 1132 1331 1198 Quid
1364 1132 1473 1185 hoc
1506 1130 1645 1187 mali
1677 1132 1833 1200 ests‘,

207 1224 352 1292 cujus
381 1237 516 1275 reus
546 1219 806 1291 gaudet?
837 1220 1007 1291 cujus
1034 1220 1327 1275 accusatio
1378 1224 1576 1275 votum
1619 1225 1727 1285 est,
1778 1223 1835 1274 et

209 1326 352 1381 pcsna
403 1308 656 1365 felicitas
708 1308 798 1362 ’5?
845 1312 967 1363 Non
1027 1317 1186 1379 poles
1231 1308 1585 1364 dementiam
1618 1308 1830 1377 dicere,

206 1399 288 1469 qui
318 1396 627 1453 revinceris
659 1396 951 1469 ignorare.

835 1512 1066 1568 CAPUT
1102 1513 1169 1568 Il.

201 1630 611 1681 Assuusmnm.
644 1627 773 1682 lam
806 1642 852 1681 vc
869 1643 949 1695 ro,
981 1628 1055 1682 sit
1086 1631 1143 1682 ut
1172 1628 1449 1697 maleﬁcos
1469 1630 1710 1682 tractare
1740 1642 1827 1681 ve-

262 1697 355 1752 lint
380 1699 729 1754 Christianos
759 1702 1000 1769 oportuit
1029 1701 1224 1753 saltem
1248 1700 1429 1754 eodem
1448 1699 1610 1753 modo
1628 1700 1686 1752 in
1702 1700 1833 1754 Jure

253 1786 362 1826 cum
388 1773 640 1842 utrisque
670 1773 783 1841 agi,
813 1787 911 1827 nec
937 1772 1181 1841 facultas
1209 1787 1529 1843 quocunque
1573 1770 1730 1826 modo
1777 1786 1832 1826 se

2013 583 2209 635 stantis
2258 580 2348 637 vel
2393 582 2570 649 dilui,
2624 583 2704 635 vel
2753 581 2907 636 270
2954 582 3180 650 probari
3224 581 3419 634 soleat.
3473 585 3592 635 Imo

2012 654 2248 706 ostendit
2295 654 2377 707 vel
2426 655 2555 707 inde
2598 659 2753 707 secta:
2799 653 2960 718 huius
3014 653 3383 706 innocentiam
3452 651 3594 718 quod

2012 725 2140 795 olim
2176 725 2440 789 Traianus
2473 726 2688 795 inquiri
2715 740 2803 779 eos
2832 724 3197 792 prohibuerit,
3234 724 3357 777 licet
3386 722 3593 777 oblatos

2010 794 2268 849 damnari
2314 794 2573 857 voluerit,
2596 797 2753 865 cujus
2804 795 2948 848 ridet
2990 810 3278 849 censuram
3323 794 3429 847 sibi
3477 794 3596 863 ipsi

2009 869 2372 931 contrariam,
2422 868 2745 937 pergitque,
2799 882 2919 920 cum
2967 867 3027 919 in
3076 867 3179 920 illa
3224 866 3592 932 explodenda,

2012 941 2125 992 lnm
2196 940 2255 991 in
2327 936 2799 1009 reprehendendis
2860 940 3127 1007 perversis
3179 936 3463 1009 judicum,
3534 938 3592 990 in

2011 1009 2367 1064 emendandis
2387 1008 2727 1065 Christianis
2759 1013 2993 1073 actibus,
3046 1008 3215 1063 simul
3262 1010 3323 1063 in
3372 1024 3594 1063 causam

2012 1080 2176 1149 huius
2210 1083 2372 1152 Amali
2413 1084 2715 1152 inquirens,
2769 1081 2914 1151 quod
2960 1080 3082 1136 illos
3130 1096 3252 1135 cum
3294 1080 3439 1135 nudo
3487 1094 3591 1135 n.0-

2009 1154 2157 1208 mine
2189 1150 2636 1208 Christianorum
2665 1155 2801 1223 facit
2828 1152 3110 1223 proeliari.

2010 1240 2070 1295 Si
2101 1246 2324 1295 certum
2356 1246 2446 1296 est
2476 1242 2726 1311 denique
2778 1257 2883 1295 nos
2934 1238 3385 1295 nocentissimos
3436 1255 3595 1307 esse,

1942 1344 2045 1383 cur
2076 1348 2109 1384 a
2139 1329 2303 1385 vobis
2334 1330 2479 1401 ipsis
2513 1328 2683 1383 aliter
2711 1332 3057 1392 tractamur,
3091 1344 3264 1398 quam
3299 1342 3466 1399 pares
3497 1342 3598 1380 n0-

1941 1418 2068 1486 stri,
2119 1418 2175 1472 id
2211 1423 2300 1472 est
2332 1420 2519 1473 caeteri
2555 1416 2872 1472 nocentes?
2894 1433 3026 1471 cum
3059 1417 3325 1486 ejusdem
3359 1416 3403 1450 ³⁸
3434 1431 3593 1470 noxas

1940 1508 2141 1562 eadem
2177 1507 2453 1561 tractatio
2486 1507 2720 1561 deberet
2767 1504 3137 1559 intervenire.
3193 1504 3595 1575 Quodcunque

1940 1594 2192 1649 dicimur
2240 1597 2303 1665 ³⁷,
2356 1612 2491 1650 cum
2542 1594 2641 1649 alii
2672 1595 2951 1649 dicuntur
2980 1594 3115 1665 (3i),
3143 1599 3199 1648 et
3230 1594 3466 1664 prOprio
3497 1609 3595 1648 ora

1940 1688 1998 1737 et
2029 1684 2389 1739 mercenaria
2419 1683 2796 1739 advocatione
2843 1688 3089 1737 utuntur
3138 1683 3248 1753 (32)
3300 1682 3370 1735 ad
3426 1682 3595 1736 inno-

1940 1772 2141 1827 centia:
2173 1790 2293 1827 suis
2326 1772 2920 1827 commendationem.
2954 1770 3388 1843 Respondendi,
3421 1769 3594 1826 alter-

1610 1870 1813 1931 Variae
1845 1870 2166 1932 lectiones.

260 1965 298 1999 ³ο
337 1967 583 2031 Pamel.,
632 1966 883 2031 Semter.,
934 1968 1071 2034 all.;
1122 1967 1492 2022 Christianus
1540 1982 1595 2023 v.
1642 1967 1784 2036 quid
1836 1967 2075 2022 simile?
2132 1968 2419 2025 Rhenanus
2451 1970 2512 2023 in.
2551 1968 2635 2025 ed.
2672 1970 2692 2022 Ι
2726 1966 3080 2022 Christianis
3110 1983 3162 2022 v.
3199 1965 3337 2037 quid
3371 1983 3424 2021 s.
3468 1966 3592 2022 Cod.

199 2038 349 2106 Lugd.
376 2040 436 2091 Β.
472 2039 943 2093 Christianorum
978 2055 1026 2093 v.
1153 2056 1201 2093 s.
1232 2039 1326 2094 sed
1356 2044 1498 2093 recte
1526 2040 1723 2092 statuit
1755 2039 2153 2110 Havercampus
2180 2040 2295 2096 cod.
2331 2040 2485 2094 Fuld.
2519 2042 2858 2107 scripturam
2887 2039 3293 2094 restituendam
3326 2054 3472 2103 esse;
3494 2053 3592 2093 nec

201 2119 492 2146 rmannnnl
520 2126 644 2146 num
678 2116 977 2146 ρρηηηηὴηρ
1104 2114 1118 2146 1
1149 2112 1548 2146 Intonnnnntnn
1581 2111 1736 2146 Din-ie
1834 2111 1881 2145 82
1901 2114 2059 2146 Πηηᾶ
2099 2114 2200 2146 ιυυ.
2233 2112 2450 2146 malum
2486 2119 2571 2146 aut»
2608 2112 2711 2146 I‘nnl
2777 2112 2911 2146 Armh
2977 2110 3120 2146 Iuntl
3235 2110 3279 2144 83
3313 2113 3588 2146 Naturam

201 2119 493 2193 repugnant
519 2126 644 2193 quae
673 2116 996 2193 sequuntur.

199 2182 317 2236 mali
346 2181 517 2237 Rhen.
539 2184 768 2237 Semler.
812 2181 1065 2251 Leopold.
1176 2183 1222 2222 ³⁸
1252 2183 1271 2240 ί

206 2254 381 2323 Rigalt.
412 2255 650 2309 Haverc.
725 2254 769 2288 ³⁷
800 2253 1059 2309 Dicimus
1091 2254 1271 2308 Paris.

1146 2112 1548 2181 Interrogatur
1575 2111 1755 2164 Paris.
1834 2111 1881 2145 ³³
1901 2114 2062 2175 Quod
2096 2114 2202 2168 hoc
2233 2112 2453 2167 malum
2485 2119 2577 2167 est
2608 2112 2731 2167 Cod.
2764 2112 2933 2180 Agob.
2970 2110 3141 2181 Lugd.

1176 2183 1222 2222 ³⁸
1252 2183 1413 2246 Quod
1448 2182 1555 2237 hoc
1586 2181 1806 2237 malum
1837 2187 1927 2239 est
1956 2186 2082 2239 alii.

3235 2110 3279 2144 ³³
3312 2113 3593 2165 Naturam

2196 2184 2241 2219 ³⁸
2271 2185 2405 2240 Cod.
2433 2184 2594 2241 Fuld.
2628 2200 2799 2256 poena
2824 2182 3081 2238 victoria.
3197 2181 3241 2216 ³⁸
3278 2181 3597 2239 Noxietatis

1627 2324 2147 2387 Commentarios.

200 2419 395 2495 simum,
436 2436 685 2495 carmen
715 2421 1081 2495 manethonis
1111 2420 1383 2493 Egyptii,
1409 2420 1586 2495 cujus
1617 2422 1827 2495 Apote-
1860 2425 1909 2490 B
1938 2422 1996 2478 in
2057 2426 2259 2478 sancta
2289 2422 2517 2478 lumina
2552 2438 2564 2477 ε
2598 2418 2738 2478 Οὐδὲ
2780 2420 2962 2495 μάγων
2993 2420 3182 2488 Osuio},
3218 2424 3343 2495 etc.
3364 2420 3425 2495 ld
3458 2428 3541 2475 est
3576 2437 3590 2475 :

200 2492 475 2548 lesmatica
514 2494 742 2563 primus
772 2493 899 2547 luce
929 2495 1164 2548 donavit
1192 2492 1252 2548 et
1283 2495 1353 2548 ab
1406 2493 1643 2546 interitu
1701 2493 1833 2546 vin-

199 2563 384 2619 dicavit
413 2572 741 2637 praaceptor
774 2581 959 2632 meus,
994 2566 1083 2618 vir
1112 2564 1664 2637 summus.Jacobus
1696 2564 1837 2637 Gro-

200 2637 419 2691 novius:
449 2639 644 2690 multa
676 2652 911 2707 quoque
941 2638 1091 2708 apud
1124 2636 1431 2691 Manilium
1466 2636 1832 2707 Fulgentium

201 2710 247 2760 et
273 2708 407 2780 alios
438 2708 506 2761 in
539 2708 692 2761 hanc
727 2725 847 2762 rem
882 2709 1104 2780 passim
1140 2709 1319 2780 legas.
1350 2708 1581 2780 Merito
1641 2714 1833 2780 autem

201 2794 288 2847 pro
340 2779 595 2835 ridiculo
655 2778 921 2835 habitum
982 2779 1089 2835 hoc
1142 2778 1595 2843 a'Christianis,
1625 2778 1838 2835 melius

202 2850 425 2922 edoctis,
456 2868 715 2920 quorum
766 2852 987 2922 passim
1040 2853 1257 2921 scripta
1318 2852 1681 2920 perstrigunt
1732 2868 1835 2905 va-

199 2920 489 2976 nissimam
552 2923 705 2977 hanc
763 2920 1118 2990 opinionem.
1155 2920 1362 2977 Noster
1390 2923 1454 2978 de
1496 2922 1836 2987 ldololatria,

196 3006 238 3047 ο.
262 2992 293 3046 9
323 3009 336 3050 :
367 3016 393 3043 «
433 2996 517 3077 De
547 2992 859 3076 astrologis
892 3012 963 3076 ne
1000 2994 1373 3120 loquendum
1432 2994 1667 3076 quidem
1727 2999 1834 3048 est.

198 3064 291 3117 Sed
323 3081 608 3120 quoniam
642 3068 885 3120 cuidam
921 3070 1047 3120 Istis
1122 3068 1289 3120 iebus
1340 3070 1686 3120 nrovocavxt.
1739 3066 1834 3119 de-

198 3064 291 3137 Sed
323 3066 608 3137 quoniam
642 3064 885 3136 quidam
921 3064 1047 3120 istis
1080 3064 1289 3121 diebus
1340 3066 1686 3137 provocavit,
1739 3066 1835 3119 de-

198 3135 422 3191 fendens
480 3135 1151 3209 sibiﬂperseverentiam
1210 3135 1594 3209 professionis
1643 3137 1838 3205 istius,

196 3210 381 3275 paucis
414 3214 573 3263 utar.
607 3208 731 3263 Non
767 3209 972 3279 allego,
1008 3210 1161 3279 quod
1193 3208 1351 3264 idola
1382 3208 1649 3277 honoret,
1690 3225 1835 3276 quo~

196 3293 307 3332 rum
363 3280 629 3353 nomina
666 3280 814 3353 ccelo
866 3280 1190 3351 inscripsit,
1224 3280 1439 3353 quibus
1471 3297 1705 3353 omnem
1741 3282 1836 3334 Dei

198 3356 535 3419 potestatem
568 3352 795 3406 addixit
827 3368 840 3404 :
876 3354 1031 3422 quod
1069 3351 1373 3424 propterea
1404 3351 1673 3424 homines
1723 3368 1838 3406 non

198 3428 387 3489 putant
419 3428 607 3477 Deum
635 3423 1505 3495 requirendum,praesumentes
1530 3423 1835 3479 stellarum

195 3508 285 3548 nos
315 3494 676 3549 immutabili
712 3496 952 3550 arbitrio
985 3494 1098 3566 agi,
1144 3516 1171 3545 »
1232 3502 1341 3551 etc.
1402 3496 1558 3558 Quos
1616 3495 1834 3549 ibidem

194 3580 249 3618 ex
286 3568 567 3638 Suetonio
603 3566 753 3621 Urbe
785 3571 840 3621 et
872 3568 1039 3622 Italia
1067 3567 1340 3638 expulsos
1369 3568 1665 3638 quondam
1701 3582 1833 3638 nar-

195 3642 272 3688 rat
300 3637 569 3693 Valerius
598 3638 890 3692 Maximus
924 3639 1024 3692 lib.
1060 3656 1099 3704 1,
1135 3637 1184 3693 ὸ.
1218 3640 1270 3693 4.
1322 3662 1349 3687 ‹‹
1389 3637 1474 3693 ίΟ.
1533 3637 1833 3692 Cornelius

194 3704 470 3781 Hispallus
541 3715 751 3780 praetor
808 3711 1149 3781 peregrinus
1201 3714 1271 3765 M.
1307 3708 1552 3781 Popillio
1582 3709 1833 3774 Lienate,

1948 2518 1973 2577 ε‹
2001 2495 2305 2578 Magorum
2341 2494 2711 2578 sacriﬁcandi
2739 2494 3189 2578 familiasmtque
3219 2509 3285 2547 ex
3316 2494 3599 2578 fibrarum

1947 2564 2232 2622 incisione
2264 2566 2630 2637 praiscientia
2664 2582 2676 2620 :
2712 2582 2818 2621 nec
2848 2567 3249 2621 Chaldaeorum
3282 2564 3600 2636 astrologia

1946 2644 2002 2693 et
2035 2638 2404 2693 nativitatum
2434 2638 2759 2694 observatio
2794 2654 2885 2692 res
2932 2642 3163 2692 nostras
3212 2637 3413 2692 eodem
3465 2652 3599 2690 cum

1946 2711 2239 2765 sideribus
2272 2716 2433 2764 motu
2466 2710 2722 2773 volvens,
2755 2726 2887 2764 cum
2923 2713 3115 2763 tamen
3149 2724 3254 2763 nec
3285 2708 3422 2779 quid
3459 2708 3600 2779 ipsi-

1948 2788 2067 2837 met
2110 2783 2250 2846 sint,
2284 2787 2385 2836 aut
2415 2782 2593 2835 futuri
2628 2783 2747 2835 sint
2778 2797 3125 2851 cognoscere
3155 2785 3391 2850 queant.
3433 2800 3459 2832 a
3490 2779 3598 2835 Ubi

1946 2854 2343 2909 consulendus
2372 2852 2725 2908 Scholiastes
2755 2855 2988 2907 Nicetas
3020 2870 3073 2921 p.
3106 2853 3228 2905 601.
3264 2851 3398 2905 ΗΑν.

2018 2927 2130 2994 (28)
2162 2925 2444 2980 Neminem
2471 2924 2637 2992 pudet
2688 2942 2746 2977 η.
2777 2920 3067 2991 p.Plinius
3100 2923 3159 2976 in
3191 2920 3587 2994 celebratissi-

1948 2991 2173 3051 maista
2203 2995 2373 3066 epist.
2411 3012 2423 3049 :
2459 2991 2481 3044 (ὲ
2503 2996 2854 3065 Interrogavi
2886 2995 3067 3066 ipsus,
3101 3011 3173 3049 an
3205 3001 3400 3048 essent
3431 2991 3592 3066 Chri-

1947 3067 2159 3135 stiani;
2213 3064 2559 3122 conﬁtentes
2608 3064 2819 3122 iterum
2871 3064 2936 3121 ac
2980 3066 3152 3120 tertio
3213 3064 3589 3131 interrogavi,

1947 3139 2301 3210 supplicium
2361 3139 2617 3193 minatus
2678 3155 2691 3193 :
2753 3143 3189 3210 perseverantes
3239 3137 3371 3190 duci
3415 3135 3592 3210 jussi,

1944 3207 2143 3283 Neque
2173 3211 2327 3265 enim
2352 3210 2718 3283 dubitabam,
2743 3207 3177 3283 qualecunque-
3221 3213 3374 3283 esset
3441 3207 3597 3283 quod

1948 3278 2269 3337 faterentur
2301 3297 2314 3335 :
2350 3281 2729 3352 pervicaciam
2762 3278 2957 3347 certe,
2993 3278 3458 3335 et’inﬂexibilem
3488 3278 3596 3352 ob:

1946 3355 2320 3409 stinationem
2352 3349 2563 3408 debere
2595 3353 2809 3423 puniri.
2849 3374 2870 3401 ιι
2927 3353 3110 3415 Quam
3162 3349 3598 3423 potiushanimi

1945 3426 2331 3480 constantiam
2367 3442 2479 3495 pra:
2512 3440 2574 3480 se
2598 3421 2717 3479 Tert
2747 3430 2943 3479 noster
2970 3424 3149 3478 etiam
3169 3421 3599 3477 ’Tertullian.in

1944 3497 2093 3552 libro
2126 3496 2195 3551 ad
2226 3496 2538 3567 Scapulam,
2563 3513 2610 3550 c.
2647 3499 2668 3551 1
2704 3514 2716 3551 :
2758 3516 2778 3543 ι
2816 3496 2929 3551 Nos
2962 3496 3199 3566 quidem
3254 3509 3444 3567 neque
3497 3508 3595 3547 ex-

1947 3564 2339 3639 pavescimus,
2361 3584 2549 3638 usque
2573 3564 3044 3639 pertimescimus
3074 3582 3295 3635 ea,quae
3328 3564 3401 3639 ab
3431 3564 3600 3635 igno-

1946 3637 2214 3695 rantibus
2247 3640 2536 3711 patimur:
2564 3637 2693 3693 cum
2725 3640 2796 3693 ad
2830 3639 2981 3711 hanc
3012 3644 3231 3693 sectam
3263 3637 3599 3711 utique_su-

1946 3720 2147 3783 scepta
2178 3707 2510 3766 conditione
2541 3714 2668 3777 eius
2702 3710 2859 3783 pacti
2904 3711 3257 3783 venerimus,
3310 3707 3386 3763 uti
3423 3707 3599 3783 etiam

195 3778 621 3866 CniCalporn‘i‘o
654 3778 1058 3866 consulibus,"
1079 3782 1269 3866 edicto
1326 3778 1637 3866 Chaldaeos
1684 3782 1838 3866 intra
1870 3801 1911 3866 ρ
1952 3778 2181 3838 animas
2231 3788 2463 3866 nostras
2511 3778 2905 3864 auctoratijn
2959 3782 3063 3836 has
3096 3797 3323 3861 pugnas
3352 3780 3597 3834 acceda-

197 3850 471 3923 {lecimum
530 3853 686 3907 diem
721 3853 879 3908 abire
919 3870 987 3907 ex
1021 3854 1184 3915 Urbe,
1220 3859 1395 3923 atque
1427 3853 1589 3907 Italia
1615 3852 1835 3922 jussit:

195 3918 397 3979 levibus
429 3930 487 3979 et
525 3924 741 3995 ineptis
771 3924 1019 3993 ingeniis
1051 3924 1240 3980 fallaci
1273 3918 1533 3980 siderum
1556 3918 1840 3995 interpre-

197 3995 412 4071 tatione,
472 3994 897 4071 quaestuosam
956 3997 1277 4071 mendaciis
1344 3997 1469 4071 suis
1526 3994 1839 4071 caliginem

196 4064 529 4131 inﬁcientes.
603 4089 630 4115 ι)
691 4067 900 4121 Eximii
955 4084 1021 4122 ex
1074 4069 1366 4123 veteribus
1396 4064 1673 4138 theologi,
1708 4072 1838 4138 Pro-

195 4138 327 4205 speri
362 4139 671 4209 Aquitani,
706 4155 912 4194 versus
948 4140 1016 4194 ad
1080 4138 1231 4195 hanc
1288 4137 1614 4195 vanitatem
1664 4137 1841 4209 perti-

199 4216 393 4282 nentes
412 4211 806 4265 ascribendos
837 4211 1146 4277 duxi;sunt
1174 4216 1368 4267 autem
1400 4228 1470 4266 ex
1498 4226 1674 4265 aureo
1703 4226 1839 4282 poe-

197 4284 334 4335 mata
362 4281 429 4337 de
459 4282 827 4337 Providentia
863 4283 973 4337 Dei.

296 4396 394 4444 Sed
428 4410 547 4461 quo
578 4401 630 4461 te
664 4411 906 4460 praeceps
937 4398 1075 4461 rapit
1103 4397 1316 4461 orbita?
1346 4398 1428 4461 vis
1457 4397 1635 4447 bonus
1663 4414 1777 4450 esse

302 4461 522 4524 absque
559 4460 741 4509 labore
773 4464 867 4509 tuo
886 4462 910 4509 ?
938 4460 1240 4524 credisboc
1270 4460 1485 4510 credere
1516 4476 1690 4524 posse,

304 4521 353 4584 Si
379 4521 475 4571 tibi
512 4527 797 4571 mutentur
826 4522 1024 4571 natalia
1057 4522 1248 4583 sidera,
1274 4536 1501 4584 quorum

303 4583 368 4646 Te
402 4599 637 4646 pravum
670 4586 931 4634 decursus
960 4586 1083 4645 agit,
1115 4584 1243 4646 quid
1276 4583 1414 4634 vana
1442 4585 1636 4635 vetusti

308 4600 368 4632 1e
441 4600 637 4633 ravum
670 4600 931 4634 decursus
960 4600 1083 4645 agit,
1115 4600 1243 4646 quia
1276 4600 1414 4634 vana
1442 4600 1617 4634 vetust

297 4600 553 4707 Perfugia
589 4648 789 4711 erroris
818 4648 1082 4697 Chaldaeis
1111 4648 1305 4711 quaeris
1335 4648 1389 4695 in
1419 4648 1574 4696 astris
1593 4649 1619 4696 ?

296 4710 557 4764 Quamvis
587 4710 829 4759 sollicitis
860 4712 1017 4759 adeas
1048 4710 1287 4759 caelestia
1317 4711 1476 4769 curis,

300 4770 361 4834 Et
390 4774 618 4834 penitus
649 4787 835 4821 causas
865 4786 1042 4821 rerum
1077 4772 1331 4821 scrutaris
1359 4775 1587 4833 apertas,

299 4833 411 4897 Non
438 4837 623 4885 renuit
645 4849 797 4895 mage
820 4849 974 4884 nosse
997 4836 1346 4896 Deum,quam
1364 4835 1557 4897 cuique
1575 4834 1837 4884 elemento

298 4896 555 4960 Naturam
588 4898 801 4948 dederit
834 4912 846 4946 :
879 4912 984 4960 qua
1016 4902 1235 4958 pontum
1268 4897 1381 4957 lege
1412 4896 1613 4960 meveri

296 4958 527 5023 {usserit
560 4975 573 5010 :
606 4965 699 5010 aut
734 4958 930 5011 teneris
959 4974 1119 5023 quam
1151 4960 1258 5007 vim
1285 4959 1594 5008 conseverit
1623 4959 1766 5009 auris
1799 4973 1811 5015 ;

301 5020 662 5086 Sidersosque
695 5024 846 5086 ignes
874 5024 927 5071 in
959 5020 1079 5086 qua:
1108 5025 1381 5086 momenta
1398 5023 1620 5086 creavit.

303 5083 398 5157 Qui
431 5083 835 5157 cum—sincerus
865 5088 933 5135 sit
961 5083 1081 5135 fons
1116 5085 1364 5157 mquique
1395 5085 1647 5157 bonique,

298 5145 569 5211 immitem
597 5148 764 5210 jussis
793 5149 966 5209 legem
1000 5145 1325 5211 praescripsit
1348 5145 1568 5210 iniquis,

297 5207 347 5256 Si
379 5210 537 5269 prius
569 5207 681 5271 ipse
718 5207 1012 5260 hominum
1031 5207 1614 5260 mores-construxerat
1658 5207 1831 5256 astris.

296 5272 545 5337 illamque
558 5273 784 5337 adversa
795 5274 893 5321 sibi
908 5280 1033 5321 sunt
1047 5275 1513 5337 hm_c,nimiumque
1529 5273 1838 5335 repugnant

296 5332 522 5398 Erigere
554 5335 798 5385 insontes
826 5340 974 5384 actus
1006 5350 1021 5398 ς
1052 5332 1348 5397 deliCtaque
1381 5332 1554 5398 poenis

299 5394 559 5459 allicere,
592 5402 644 5446 et
674 5402 899 5447 cunctos
929 5397 1114 5446 eadem
1144 5398 1209 5446 ad
1242 5394 1503 5459 promissa
1533 5410 1723 5446 vocare
1757 5411 1770 5446 :

295 5457 494 5523 Contra
526 5465 707 5509 autem
739 5462 879 5509 uatis
909 5459 1203 5509 violentum
1232 5457 1448 5523 afﬁgere
1479 5460 1645 5523 sidus,

296 5520 449 5585 Quod
484 5535 589 5570 nec
619 5523 751 5571 velle
782 5522 983 5570 homini
1014 5522 1185 5585 cedat.
1209 5536 1309 5571 nec
1340 5520 1615 5585 posse,sed
1647 5534 1835 5571 omnes

298 5581 548 5646 Desuper
578 5586 790 5646 ignaros
820 5590 874 5634 et
907 5586 1074 5633 virtus
1108 5584 1269 5633 ducat
1299 5581 1356 5635 et'
1380 5600 1539 5634 error.

295 5643 567 5711 Ergo‘aut
593 5643 844 5711 {ethereis
874 5648 1085 5697 nullum
1116 5652 1197 5696 est
1222 5648 1312 5708 jus
1344 5649 1556 5711 ignibus
1585 5646 1639 5694 in
1670 5660 1784 5708 nos,

296 5709 399 5756 Aut
430 5709 475 5756 si
515 5710 644 5771 quid
678 5711 848 5759 nostri
878 5711 1130 5767 retinent,
1163 5709 1407 5759 amittere
1439 5712 1679 5773 possunt.

189 5802 280 5863 Ubi
340 5829 523 5867 versu
568 5815 843 5887 reptimo
913 5814 1292 5887 scribendum
1366 5821 1507 5887 puto
1573 5813 1838 5887 exigente

190 5892 373 5951 sensu,
406 5884 1005 5960 opertasCGrsgorius
1053 5884 1486 5962 Nazianzenus,
1545 5884 1694 5944 orat:
1747 5884 1840 5958 39,

1950 3872 2105 3922 mus,
2136 3872 2203 3910 ea
2234 3871 2360 3925 quae
2393 3854 2545 3908 Deus
2578 3852 2948 3923 repromittit,
2983 3852 3260 3923 consequi
3307 3857 3600 3925 optantes,

1949 3932 2005 3981 et
2035 3944 2103 3982 ea
2136 3922 2265 3997 quae
2297 3926 2533 3980 diversas
2578 3925 2705 3979 vitae
2754 3922 3191 3997 comminatur,
3220 3922 3360 3994 pati‘
3383 3922 3595 3977 timen-

1948 4005 2058 4053 tes.
2124 3996 2385 4067 Denique
2431 4013 2563 4051 cum
2617 3997 2777 4052 omni
2828 3996 3047 4050 saevitia
3093 4000 3291 4067 vestra
3355 4010 3597 4048 concer-

1948 4076 2166 4137 tamus,
2219 4065 2394 4123 etiam
2443 4068 2600 4122 ultro
2649 4073 3022 4138 erumpentes
3075 4084 3087 4121 :
3138 4065 3446 4137 magisque
3496 4067 3599 4119 da-

1950 4143 2155 4208 mnati,
2191 4157 2366 4210 quam
2404 4139 2657 4195 absaluti
2690 4140 3039 4211 gaudemus,
3076 4160 3102 4187 ››
3136 4139 3275 4192 ΗΑν.

2019 4206 2287 4283 (29)⁷Ν’ἰ.ςί
2311 4212 2478 4282 plane
2529 4220 2674 4267 retro
2692 4206 2830 4266 "non
2858 4213 3363 4283 l/uisse.__Tantum
3410 4206 3595 4283 abest,

1950 4289 2014 4338 ut
2045 4278 2282 4338 omnino
2311 4278 2599 4336 intereant
2630 4299 2741 4336 non
2777 4278 2910 4337 ante
2946 4288 3005 4337 et
3035 4280 3175 4335 olim
3211 4281 3357 4335 tales
3415 4278 3601 4333 factos

1948 4371 2115 4411 esse.
2167 4356 2251 4410 Ita
2301 4354 2605 4409 Lucretius
2652 4354 2798 4409 dixit
2844 4353 2908 4409 de
2953 4354 3118 4426 plano
3168 4368 3271 4423 pro
3319 4358 3463 4405 certe
3507 4347 3597 4405 vel

1947 4427 2191 4491 omnino,
2224 4445 2264 4493 1,
2299 4426 2403 4480 412
2436 4443 2448 4480 :
3594 4428 3603 4434 ”

2040 4515 2151 4564 Hoc
2180 4514 2275 4563 tibi
2306 4514 2370 4562 de
2401 4514 2563 4573 plano
2595 4527 2812 4576 possum
2841 4513 3172 4576 promittere,
3203 4510 3436 4561 Memmi.
3468 4510 3597 4561 Hav.

2020 4595 2132 4665 (30)
2165 4594 2461 4651 Naturalia
2491 4594 2648 4648 mali.
2684 4595 2765 4648 Ita
2799 4611 2908 4648 ms.
2954 4593 3128 4665 iFuld.
3179 4596 3243 4665 et
3281 4588 3598 4665 Pamelius,

1947 4662 2123 4736 quem
2156 4666 2423 4737 sequitur
2452 4666 2684 4730 Junius,
2718 4670 2775 4718 et
2806 4664 3115 4737 Rigaltius.
3137 4664 3247 4717 Alii
3283 4662 3597 4737 mss.Barr.

1948 4734 2004 4793 et
2036 4734 2487 4792 Rhenfhabent
2536 4746 2795 4791 naturam
2842 4734 3009 4805 mali,
3059 4752 3237 4807 quam
3288 4734 3599 4807 lectionem

1950 4808 2115 4863 malit
2158 4809 2501 4874 Scriverius,
2550 4825 2665 4864 non
2716 4825 2843 4879 ego.
2893 4805 3103 4863 Noster
3136 4807 3302 4863 enim
3356 4806 3433 4879 ita
3476 4805 3599 4859 sin-

1948 4880 2152 4951 gulare
2202 4880 2466 4936 naturale
2516 4881 2837 4951 usurpavit,
2890 4896 3017 4951 oap.
3068 4880 3177 4951 41,γ
3211 4880 3281 4933 de
3332 4878 3532 4951 anima
3584 4892 3599 4931 :

1949 4950 1975 5003 ἐξ
2010 4951 2223 5007 Malum
2272 4951 2455 5021 igitur
2501 4950 2732 5019 animae,
2781 4950 2987 5021 printer
3034 4950 3187 5021 quod
3232 4967 3299 5005 ex
3348 4950 3597 5021 obventu

1948 5024 2195 5095 spiritus
2238 5020 2491 5095 nequam
2541 5020 2995 5094 superstruitur,
3048 5020 3116 5095 ex
3164 5020 3599 5095 originisvitio

1949 5092 2533 5159 anteceditmaturale
2562 5092 3019 5166 quodammodo.
3045 5094 3293 5166 Nam,ut
3322 5092 3605 5155 diximus,

1868 5170 1913 5234 D
1945 5174 2169 5223 naturae
2220 5166 2518 5238 corruptio
2568 5165 2681 5222 alia
2728 5171 2936 5238 natura
2982 5170 3090 5233 est,
3142 5165 3369 5219 habens
3424 5180 3601 5218 suum

1946 5241 2129 5296 Deum
2162 5243 2217 5293 et
2248 5237 2697 5310 patrem,ipsum
2731 5237 2951 5293 scilicet
2981 5237 3378 5310 corruptionis
3404 5242 3603 5310 aucto-

1946 5328 2066 5368 rem
2098 5329 2110 5366 :
2145 5315 2209 5365 ut
2238 5307 2431 5365 tamen
2468 5307 2610 5365 insit
2636 5314 2692 5364 et
2720 5311 2938 5364 bonum
2974 5307 3207 5373 animae,
3238 5307 3384 5363 illud
3437 5307 3601 5379 prin-

1945 5383 2170 5455 cipale,_
2204 5382 2347 5437 illud
2383 5382 3252 5455 divinumﬁatquegermanum,
3285 5380 3603 5455 et‘proprie

1945 5450 2226 5511 naturale.
2286 5477 2313 5504 ››
2368 5457 2472 5509 Ms.
2522 5459 2586 5510 L.
2657 5454 2717 5508 Β.
2762 5450 2799 5504 ἀ
2829 5450 3050 5509 Natura
3081 5453 3195 5508 alia
3225 5450 3453 5508 mali'n.
3486 5450 3539 5507 h.
3572 5471 3603 5499 ››

2158 5598 2292 5649 Cum
2326 5596 2430 5649 alii
2457 5594 2741 5651 dicuntur.
2782 5599 3000 5651 Sensus
3032 5600 3141 5663 est,
3186 5610 3317 5649 cum
3368 5591 3471 5667 alii
3517 5589 3600 5643 rei

1948 5664 2303 5749 accusantur
2346 5669 2474 5749 ejus
2513 5668 2811 5749 criminis,
2860 5668 3011 5749 quod
3055 5664 3598 5749 nobisOimponitu‘r,

1949 5740 2359 5815 qualecunque
2389 5739 2445 5795 id
2482 5740 2556 5795 sit
2608 5758 2621 5796 :
2678 5740 2834 5794 fatur
2884 5738 2999 5792 illis
3048 5738 3280 5810 pr0prio
3328 5750 3445 5799 ore,
3493 5740 3604 5787 etc.

1948 5819 2151 5960 ΗΑἴέ2)
2195 5885 2263 5941 Et
2310 5882 2657 5938 mercenaria
2704 5878 3066 5937 advocatione
3130 5876 3391 5933 utuntur.
3441 5874 3602 5932 Barr.
