4072 6190
233 375 324 436 321
1300 371 1893 434 APOLOGETICUS
1937 372 2117 433 ADV.
2173 372 2508 434 GENTES.

3490 376 3611 439 322

232 520 524 568 numerum,
573 503 770 559 locum
820 504 888 569 ⁸⁸,
932 504 1199 570 modum,
1250 507 1507 576 tempus,
1560 505 1845 571 conscios,
1878 511 1933 578 Α
1962 510 2249 577 oportere.
2284 506 2328 561 Ο
2359 506 2713 561 sententiam
2747 506 3097 562 necessitate
3127 505 3431 563 confusam
3456 507 3469 563 l
3494 512 3605 563 Ne-

229 595 405 649 sccios.
435 592 514 647 De
546 594 719 649 nobis
748 593 892 648 nihil
924 593 1060 662 tale,
1108 609 1243 648 cum
1308 610 1470 665 teque
1515 594 1844 664 extorqueri

229 686 501 755 oporteret,
537 683 929 753 quodcunque
952 681 1098 737 falso
1122 684 1403 753 jactatur,
1423 686 1566 753 quot
1594 684 1846 754 quisque

220 773 325 842 jam
356 770 717 825 infanticidia
747 772 1289 841 degustasset,quot
1320 772 1543 826 incesta
1573 778 1845 827 contene-

225 862 425 914 brasset
453 860 517 926 ⁸³,
552 860 653 930 qui
679 860 822 924 coci,
856 860 956 929 qui
987 876 1162 915 canes
1191 860 1518 915 aﬂ'uissent.
1549 860 1592 915 Ο
1625 865 1847 931 quanta

223 949 358 1003 illius
386 949 653 1018 praesidis
683 948 887 1020 gloria,
920 949 968 1004 si
1002 949 1252 1003 eruisset
1308 950 1354 982 “
1408 949 1684 1020 aliquem,
1744 948 1843 1019 qui

220 1042 429 1092 centum
476 1037 602 1107 jam
661 1036 916 1092 infantes
976 1037 1362 1093 comedisset!
1417 1038 1635 1108 Atquin
1691 1039 1846 1092 inve-

220 1127 389 1180 nimus
436 1125 880 1198 inquisitionem
931 1142 1165 1197 quoque
1214 1127 1272 1180 in
1325 1143 1430 1182 nos
1462 1126 1841 1197 prohibitam.

215 1215 415 1269 Plinius
449 1216 605 1269 enim
638 1216 944 1270 Secundus
974 1216 1088 1287 (38)
1119 1231 1252 1270 cum
1286 1215 1645 1287 provinciam
1677 1233 1845 1288 rege-

214 1309 303 1365 ret.
332 1304 625 1359 damnatis
658 1304 1016 1375 quibusdam
1065 1306 1434 1375 Christianis,
1485 1306 1842 1377 quibusdam

212 1392 343 1448 273
397 1392 587 1464 gradu
648 1392 836 1464 pulsis
889 1394 1023 1465 (39),
1078 1395 1204 1464 ipsa
1236 1400 1431 1450 tamen
1465 1394 1843 1450 multitudine

210 1481 742 1553 perturbatus,quid
765 1482 835 1537 de
856 1487 1062 1537 caetero
1086 1483 1607 1555 ageret,consuluit
1628 1489 1769 1539 tunc
1800 1486 1844 1518 ⁴⁸

208 1570 506 1641 Trajanum
538 1570 975 1642 imperatorem,
1008 1571 1270 1643 allegans
1319 1578 1523 1644 praeter
1580 1574 1841 1629 obstina-

208 1661 402 1714 tionem
456 1676 574 1715 non
626 1658 1021 1728 sacriﬁcandi,
1072 1661 1217 1715 nihil
1254 1661 1410 1716 aliud
1449 1678 1510 1716 se
1541 1663 1611 1716 de
1641 1679 1841 1717 sacra-

207 1749 399 1802 mentis
428 1748 477 1782 “
508 1764 710 1803 eorum
743 1748 1121 1819 comperisse,
1147 1766 1324 1821 quam
1369 1754 1552 1805 cestus
1608 1751 1839 1806 antelu-

206 1853 360 1891 canos
388 1838 507 1908 (40)
534 1837 602 1891 ad
637 1836 967 1891 canendum
1001 1838 1110 1908 (41)
1141 1838 1370 1894 Christo
1402 1844 1465 1893 ut
1508 1840 1550 1873 ⁸⁷
1612 1844 1723 1895 Deo
1782 1844 1839 1895 et

206 1926 265 1979 ad
314 1925 825 1980 confcederandam
885 1926 927 1959 ⁸⁸
986 1926 1383 1998 disciplinam,
1433 1927 1835 1999 homicidium,

203 2014 561 2083 adulterium,
598 2014 884 2080 fraudem,
918 2014 1248 2085 perﬁdiam,
1277 2020 1334 2070 et
1366 2019 1571 2071 caetera
1618 2016 1837 2071 scelera

202 2103 579 2172 prohibentes.
631 2103 794 2157 Tunc
841 2102 1130 2172 Traianus
1162 2102 1479 2174 rescripsit,
1515 2103 1624 2160 hoc
1650 2120 1837 2175 genus

198 2190 566 2262 inquirendos
592 2191 830 2261 quidem
866 2206 981 2247 non
1013 2207 1162 2262 esse,
1197 2190 1424 2248 oblatos
1454 2208 1588 2248 vero
1639 2192 1837 2264 puniri

1867 1884 1914 1949 B

1952 599 2051 666 gat
2083 594 2463 664 inquirendos
2496 600 2562 649 ut
2592 595 2952 659 innocentes,
2985 602 3041 650 et
3072 597 3312 651 mandat
3354 597 3605 667 punien-

1954 683 2061 737 dos
2090 684 2133 717 ⁴⁹
2163 689 2227 738 ut
2264 690 2554 739 nocentes.
2587 684 2777 739 Parcit
2805 691 2863 737 et
2915 686 3095 749 saevit,
3156 685 3493 741 dissimulat
3548 691 3605 743 et

1954 771 2388 826 animadvertit.
2422 773 2569 836 Quid
2597 773 2973 843 temetipsum
3001 774 3045 808 ⁶⁰
3075 790 3323 829 censura
3355 776 3603 832 circum-

1952 860 2163 914 venis?
2196 862 2243 915 si
2277 862 2544 929 damnas,
2578 879 2680 917 cur
2714 878 2825 916 non
2858 868 2914 917 et
2941 864 2984 898 ⁵¹
3019 863 3269 933 inqunris
3299 866 3320 916 Ρ
3378 865 3421 917 si
3486 883 3601 921 non

1953 947 2224 1017 inquiris,
2288 966 2391 1003 cur
2450 966 2563 1004 non
2622 954 2678 1004 et
2723 950 3018 1005 absolvis?
3051 952 3396 1006 Latronibus
3426 954 3599 1007 vesti-

1951 1037 2163 1108 gandis
2194 1038 2237 1071 ²⁵
2270 1054 2369 1109 per
2401 1037 2701 1093 universas
2732 1040 3063 1109 provincias
3095 1040 3370 1094 militaris
3430 1041 3603 1097 statio

1952 1127 2229 1194 sortitur;
2263 1125 2321 1179 in
2354 1142 2482 1181 reos
2512 1126 2839 1197 majestatis
2870 1131 2925 1181 et
2956 1127 3222 1198 publicos
3254 1127 3451 1183 hostes
3484 1146 3607 1184 om-

1951 1214 2043 1269 nis
2075 1214 2249 1270 homo
2278 1214 2447 1269 miles
2469 1219 2576 1281 est,
2612 1216 2681 1269 ad
2715 1215 2926 1280 socios,
2961 1216 3029 1270 ad
3092 1216 3357 1272 conscios
3418 1233 3603 1289 usque

1950 1303 2252 1374 inquisitio
2299 1304 2651 1359 extenditur.
2705 1304 2905 1359 Solum
2947 1304 3343 1360 Christianum
3377 1306 3600 1378 inquiri

1950 1410 2066 1447 non
2100 1394 2254 1459 licet,
2289 1394 2481 1449 oll‘erri
2516 1393 2669 1463 licet,
2704 1394 2870 1465 quasi
2907 1393 3065 1447 aliud
3096 1401 3249 1449 esset
3281 1400 3481 1450 actura
3512 1396 3603 1451 in-

1950 1481 2187 1552 quisitio
2215 1498 2390 1552 quam
2424 1480 2780 1537 oblationem
2816 1482 2878 1537 ‘3.
2913 1482 3218 1537 Damnatis
3267 1484 3421 1539 274
3464 1500 3602 1556 ergo

1950 1570 2251 1636 oblatum;
2288 1586 2458 1641 quem
2492 1587 2662 1625 nemo
2686 1570 2869 1624 voluit
2899 1570 3275 1641 requisitum,
3300 1572 3399 1642 qui
3432 1578 3598 1643 puto,

1940 1659 2067 1729 jam
2101 1675 2211 1712 non
2246 1659 2375 1713 ideo
2403 1659 2617 1713 meruit
2648 1675 2902 1730 pmnam,
2938 1660 3075 1729 quia
3107 1676 3322 1715 nocens
3356 1666 3466 1731 est,
3497 1663 3599 1718 sed

1950 1747 2112 1818 quia,
2146 1764 2257 1801 non
2293 1747 2701 1817 requirendus,
2733 1747 3009 1802 inventus
3033 1754 3122 1803 est
3168 1749 3229 1802 δι.
3264 1753 3465 1819 Itaque
3496 1766 3599 1806 nec

1950 1839 2009 1891 in
2041 1836 2141 1891 illo
2172 1853 2240 1891 ex
2272 1838 2456 1891 forma
2490 1836 3248 1907 malorumjudicandorum
3269 1839 3443 1908 agitis
3464 1856 3599 1911 erga

1949 1944 2077 1992 nos,
2112 1926 2263 1996 quod
2299 1926 2520 1981 caateris
2571 1926 2922 1998 negantibus
2967 1927 3258 1982 adhibetis
3287 1932 3599 1996 _tormenta

1945 2016 2016 2071 ad
2050 2016 2469 2081 confitendum,
2505 2014 2647 2070 solis
2696 2015 3046 2071 Christianis
3096 2017 3166 2070 ad
3219 2019 3595 2087 negandum;

1944 2121 2101 2173 cum,
2136 2105 2185 2159 si
2219 2103 2446 2158 malum
2479 2108 2654 2171 esset,
2689 2121 2795 2160 nos
2827 2105 3063 2175 quidem
3101 2109 3598 2177 negaremus,’§vos

1944 2209 2076 2249 vero
2098 2193 2361 2249 conﬁteri
2385 2192 2698 2249 tormentis
2722 2193 3174 2266 compelleretis.
3208 2194 3407 2266 Neque
3439 2196 3597 2251 enim

1608 2337 1812 2398 Varias
1843 2336 2165 2399 lectiones.

254 2442 296 2475 "
322 2440 652 2496 Numerum
683 2440 855 2496 abest.
886 2447 1018 2497 Par.
1050 2443 1171 2513 Βία.

198 2513 235 2546 ⁸⁸
259 2517 406 2568 Tunc
439 2514 614 2569 abest
640 2514 888 2568 Parisin.
967 2514 1011 2548 ⁴⁶
1041 2513 1305 2569 Heraldus
1334 2531 1361 2568 θ
1389 2532 1490 2569 ms.
1525 2520 1578 2570 el
1608 2517 1830 2571 (lavere.
1859 2533 1889 2571 ε
1916 2516 2032 2572 cod.
2063 2516 2226 2571 Fuld.
2278 2516 2693 2583 sacramentis;
2753 2516 2961 2571 Scmler
3016 2518 3114 2571 all.
3171 2533 3183 2572 :

1248 2442 1291 2476 ‘3
1322 2442 1617 2498 Rhenanus
1648 2445 1707 2498 in
1735 2444 1820 2500 ed.
1851 2446 1893 2500 I.
1926 2454 1977 2500 et
2009 2443 2264 2500 Gelenius
2298 2470 2309 2500 .
2345 2443 2830 2501 concelebrasset.
2907 2445 2953 2479 “
2981 2444 3305 2501 Invenisset
3332 2448 3587 2501 Parisin.

3249 2518 3452 2574 sacris.
3503 2517 3589 2590 Cf.

195 2585 351 2639 Plinii
399 2602 532 2656 epp.
599 2585 684 2651 10,
715 2585 803 2637 96.
881 2585 923 2618 ⁴τ
955 2586 1037 2639 Ita
1069 2585 1227 2641 Fuld.
1251 2602 1271 2646 ,·
1302 2585 1471 2641 Rhen.
1504 2593 1561 2641 et
1591 2587 1693 2641 Ch.
1725 2593 1781 2642 et
1815 2589 1958 2655 Deo;
1991 2590 2095 2643 alii
2124 2606 2142 2642 :
2175 2588 2279 2643 Ch.
2313 2595 2371 2643 et
2402 2596 2533 2645 Deo.
2610 2589 2653 2622 ‘8
2685 2588 3105 2643 Conferendam
3140 2591 3319 2643 Paris.
3398 2590 3443 2623 ‘9
3475 2585 3589 2644 Pu-

192 2656 501 2732 niri‘Paris.
550 2656 895 2732 __‘°_Woui_v.,
928 2657 1043 2732 Rig.
1075 2661 1123 2712 et
1162 2659 1384 2713 Haverc.
1418 2659 1812 2730 temetipsam.
1889 2660 1931 2696 ⁵⁸
1966 2664 2033 2716 Et
2062 2660 2229 2716 abest.
2263 2661 2455 2715 Franc.
2532 2661 2578 2694 δ²
2612 2660 3039 2732 Investigandis
3073 2663 3255 2716 Paris.

192 2728 259 2783 tio
285 2728 514 2784 Semler.
549 2729 597 2762 ⁵⁸
621 2728 722 2783 Est
750 2728 905 2784 abest
933 2730 1082 2784 aliis.

3342 2661 3386 2696 ⁵³
3416 2661 3588 2717 Obla-

1624 2830 2147 2890 Commentarius.

186 2932 247 2987 Et
294 2933 522 3003 optime
580 2934 930 3006 Spartianus
979 2934 1049 2989 de
1076 2934 1284 2989 Severo
1318 2950 1331 2987 :
1367 2956 1395 2985 «
1430 2933 1492 2988 In
1524 2950 1640 3005 qua
1670 2933 1831 3006 lega-

183 3006 346 3074 tione,
378 3020 572 3077 quum
606 3005 1241 3077 quidamrmunicipum
1282 3022 1525 3060 suorum
1580 3005 1830 3077 Leptita-

189 3092 307 3149 nus,
340 3076 820 3149 prmcedentibus
851 3076 1132 3149 fascibus,
1168 3082 1232 3131 ut
1261 3077 1574 3149 antiquum
1622 3076 1830 3133 contu-

187 3146 477 3203 bernalem
522 3149 673 3219 ipse
704 3146 965 3219 plebeius
997 3148 1335 3218 complexus
1366 3146 1541 3218 esset,
1575 3150 1830 3204 fustibus

184 3232 300 3293 cum
332 3220 443 3293 sub
475 3218 681 3293 elogio
705 3218 970 3293 ejusdem
1002 3220 1278 3293 praeconis
1310 3221 1827 3293 cecidit,Legatum

185 3292 237 3342 P.
267 3292 325 3345 lt.
359 3292 543 3347 homo
575 3290 839 3348 plebeius
869 3290 1083 3347 temere
1113 3292 1382 3348 amplecti
1417 3292 1555 3348 noli.
1607 3290 1653 3341 ›ἷ
1684 3293 1829 3348 Hinc

185 3309 237 3342 ιι.
267 3309 325 3345 n.
359 3309 543 3347 nomo
618 3309 839 3346 leneius
869 3309 1083 3347 temere
1113 3309 1204 3347 am
1252 3309 1382 3348 lecti
1417 3309 1555 3348 non.
1607 3315 1635 3341 ››
1684 3309 1826 3348 mne

185 3369 363 3434 noster
408 3309 867 3433 intelﬁgendus,
917 3380 1052 3418 cum
1100 3309 1303 3419 scrigit
1342 3364 1411 3418 ad
1432 3364 1745 3434 Scapulam,
1776 3381 1826 3419 c.

187 3433 254 3504 «’r:
288 3456 313 3481 ιι
346 3439 584 3489 Pudens
608 3434 786 3489 etiam
822 3435 1069 3489 missum
1105 3437 1174 3490 ad
1208 3452 1270 3491 se
1295 3433 1737 3504 Christianum,
1768 3436 1828 3491 in

186 3502 357 3576 elogio
390 3506 795 3561 concussione
825 3509 953 3575 ejus
984 3507 1298 3576 intellecta,
1352 3508 1599 3572 dimisit,
1644 3502 1828 3564 scisso

184 3577 369 3650 eodem
401 3578 602 3650 elogio
634 3578 764 3633 sine
793 3588 1127 3633 excussiore
1151 3595 1371 3649 negans
1398 3597 1459 3634 se
1490 3580 1827 3634 auditurum

187 3646 580 3705 hominemf»
634 3650 700 3704 Et
742 3650 808 3704 de
855 3650 1066 3705 Corona
1111 3646 1330 3717 militis,
1382 3667 1432 3705 c.
1464 3653 1545 3707 5:
1585 3652 1829 3706 «Omne

185 3727 358 3776 autem
393 3721 564 3791 quod
598 3729 800 3777 contra
832 3726 1100 3777 naturam
1132 3728 1239 3791 est,
1273 3722 1521 3778 monstri
1574 3728 1830 3777 meretur

185 3797 360 3846 notam
394 3809 615 3848 omnes
648 3809 1032 3864 penes,penes
1064 3810 1169 3849 nos
1202 3810 1332 3848 vero
1364 3796 1539 3850 etiam
1572 3792 1826 3863 elogium

181 3865 554 3935 sacrilegii,in
574 3864 759 3919 Deum
793 3871 1016 3920 natura:
1047 3865 1351 3920 dominum
1384 3871 1441 3921 et
1473 3870 1827 3919 auctorem.»

180 3936 241 4008 D_c
266 3938 493 4001 Anima,
536 3952 585 3990 c.
624 3938 687 3989 17
721 3952 734 3989 :
770 3958 797 3983 ‹‹
833 3938 951 3991 Imo
977 3938 1103 4008 jam
1136 3954 1207 4008 ne
1237 3938 1381 4008 ipsis
1414 3937 1651 4008 quidem
1691 3952 1827 3991 cau-

179 4004 737 4079 sis_adscribendum
773 4014 861 4063 est
889 4004 1132 4063 fallacia:
1163 4004 1447 4079 elogium:
1476 4032 1503 4057 ››
1537 4008 1673 4063 ΗΑν.

234 4077 337 4146 (38)
373 4081 610 4134 Plinius
634 4080 788 4133 enim
817 4080 1105 4135 secundus.
1140 4077 1331 4149 Magni
1383 4081 1554 4135 istius
1605 4082 1826 4133 natura:

179 4145 526 4219 lndigatoris
586 4166 674 4221 ex
708 4166 907 4205 sorore
963 4167 1165 4221 nepos,
1226 4145 1501 4206 omnibus
1522 4152 1649 4221 jam
1680 4150 1826 4205 satis

181 4225 357 4293 notus,
389 4224 577 4293 cuius
603 4220 931 4293 etiamnum
962 4220 1192 4278 exstant
1234 4223 1375 4277 tersi
1425 4227 1482 4277 et
1528 4221 1826 4292 elegantes

175 4291 559 4359 epistolarum
616 4292 753 4364 libri
804 4311 859 4359 x,
908 4310 1156 4364 quorum
1226 4293 1473 4349 ultimus
1542 4291 1827 4363 rescripta

178 4376 391 4437 quoque
421 4363 673 4435 Trajani
705 4363 1260 4437 Caesariscontinet,
1293 4365 1351 4419 in
1380 4364 1594 4437 quibus
1626 4370 1682 4419 et
1733 4365 1823 4419 di-

178 4434 353 4509 vinus,
417 4443 487 4493 ut
551 4434 794 4509 vocabat
834 4435 1107 4509 Scaliger,
1140 4437 1212 4509 ad
1244 4434 1657 4509 imperatorem
1690 4437 1825 4491 Tra-

170 4505 363 4579 j_anum
399 4508 823 4579 Panegyricus.
874 4505 1063 4579 Hujus
1120 4508 1288 4579 epist.
1333 4505 1438 4577 '97,
1500 4509 1597 4563 lib.
1656 4525 1721 4579 x,
1770 4513 1827 4562 et

177 4575 395 4647 Trajani
460 4575 847 4651 responsum,
903 4575 993 4652 ep.
1025 4580 1115 4648 91,
1149 4575 1509 4649 dignissimae
1541 4578 1825 4652 suntglegi

175 4652 367 4706 etnon
439 4650 686 4707 tantum
756 4652 824 4705 ad
894 4650 1046 4706 hanc
1114 4652 1324 4707 veteris
1396 4650 1829 4707 Christianismi

1941 2952 2075 2990 cum
2108 2935 2422 3008 quamdam
2456 2934 2813 3008 provinciam
2846 2940 3152 3007 regeret,et
3183 2936 3240 2990 in
3274 2938 3590 3008 magistra-

1939 3012 2002 3061 tu
2036 3024 2141 3061 suo
2176 3006 2457 3077 plurimos
2490 3006 2951 3061 Christianorum
2987 3006 3397 3073 interfecisset,
3436 3008 3585 3062 mul-

1940 3079 2191 3133 titudine
2216 3094 2416 3132 eorum
2451 3079 2809 3146 perterritus,
2870 3080 3133 3149 quaesivit
3185 3081 3252 3133 de
3309 3080 3582 3149 Trajano,

1940 3150 2080 3220 quid
2141 3150 2286 3204 facto
2337 3165 2484 3219 opus
2510 3149 2976 3216 esset,nuntians
3005 3151 3053 3205 ei
3092 3156 3296 3220 praeter
3326 3152 3585 3206 obstina-

1940 3222 2158 3276 tionem
2190 3238 2303 3276 non
2338 3221 2727 3288 sacrificandi,
2758 3226 2815 3276 et
2853 3222 3229 3277 antelucanos
3278 3226 3461 3279 coetus
3511 3224 3584 3278 ad

1860 3274 1903 3342 C
1940 3274 2271 3349 statuatis
2330 3274 2822 3350 cuidam'cseisis
2856 3274 3261 3359 engagiuim
3290 3274 3457 3365 lian
3484 3274 3582 3350 εδὖέ

1940 3365 2202 3436 reperiri,
2238 3366 2613 3436 praetereaad
2647 3365 3151 3420 confoederandam
3203 3366 3579 3436 disciplinam

1939 3435 2117 3492 vetari
2153 3437 2223 3490 ab
2254 3436 2344 3489 his
2377 3435 2710 3505 homicidia,
2760 3437 2931 3503 furta,
2989 3436 3294 3502 adulteria,
3358 3435 3589 3493 latroci-

1939 3510 2059 3576 nia,
2112 3513 2169 3563 et
2225 3506 2583 3580 hisisimilia.
2644 3509 2727 3562 Ad
2788 3526 2912 3578 quas
2945 3512 3585 3580 commotus'l‘rajanus

1942 3580 2285 3651 rescripsit:
2323 3578 2431 3633 hoc
2488 3596 2673 3649 genus
2732 3582 2970 3649 quidem
3030 3578 3421 3648 inquirendos
3472 3598 3585 3636 non

1938 3669 2089 3716 esse,
2145 3650 2370 3722 oblatos
2420 3667 2551 3705 vero
2604 3651 2801 3721 puniri
2860 3656 3146 3722 Oportcre.
3189 3652 3587 3709 Tertullianus

1938 3724 2111 3779 refert
2138 3724 2195 3776 in
2227 3721 2617 3791 Apologetico.
2655 3746 2681 3769 ››
2718 3722 2853 3777 ΗΑν.

2009 3796 2121 3865 (39)
2182 3793 2515 3860 Quzbusdam
2571 3794 2743 3863 gradu
2800 3794 2993 3863 pulsis.
3047 3794 3126 3848 Ex
3168 3793 3240 3849 iis
3270 3812 3351 3861 se,
3388 3796 3484 3865 qui
3518 3810 3586 3850 ex

1936 3864 2271 3921 honestiore
2317 3865 2520 3919 ordine
2570 3866 2639 3919 ad
2692 3867 2865 3919 istam
2916 3869 3134 3919 sectam
3186 3864 3583 3934 inclinabant,

1939 3954 2074 3991 nam
2110 3936 2178 3990 ad
2211 3936 2318 4009 hoc
2350 3952 2558 3991 nomen
2592 3936 2781 3991 omnis
2808 3937 3086 4003 conditio,
3119 3937 3295 3992 etiam
3329 3939 3587 4009 dignitas

1936 4008 2501 4079 trausgrediebatur.
2537 4016 2599 4061 ut
2631 4024 2809 4078 supra
2840 4009 3003 4062 dixit.
3028 4010 3187 4072 Quod
3220 4026 3355 4063 cum
3390 4008 3587 4064 Severi

1938 4078 2511 4151 etiamtemporibus
2542 4080 3137 4151 accideret.principis
3170 4081 3298 4149 ejus
3330 4081 3582 4135 clemen-

1937 4153 2078 4205 tiam
2113 4156 2166 4205 et
2191 4150 2485 4220 justitiam
2524 4152 2796 4221 praedicat
2826 4151 3064 4206 Tertull.
3103 4158 3301 4206 noster
3329 4153 3397 4206 ad
3454 4153 3585 4206 Scu-

1931 4225 2145 4294 pulam,
2201 4237 2251 4275 c.
2276 4223 2330 4294 _/i
2366 4238 2377 4276 :
2416 4243 2443 4271 «
2477 4223 2585 4277 Sed
2620 4227 2674 4277 et
2705 4223 3065 4278 clarissimas
3099 4222 3346 4277 feminas
3379 4228 3435 4278 et
3465 4224 3583 4277 cla-

1936 4291 2206 4350 rissimos
2237 4291 2390 4347 viros
2444 4294 2691 4349 Severus
2722 4296 2912 4349 sciens
2968 4295 3150 4364 hujus
3209 4300 3377 4349 sectae
3436 4310 3585 4363 esse,

1935 4384 2050 4421 non
2110 4365 2283 4421 modo
2343 4381 2455 4419 non
2518 4364 2687 4432 laesit,
2734 4383 2932 4421 verum
2967 4372 3025 4421 et
3056 4366 3388 4421 testimonio
3419 4384 3584 4422 exor-

1935 4437 2115 4506 navit,
2149 4441 2207 4493 et
2237 4436 2474 4507 populo,
2509 4437 2721 4492 furenti
2770 4437 2828 4492 in
2877 4455 2976 4493 eos
3024 4438 3217 4508 palam
3270 4438 3503 4494 restitit.
3554 4460 3581 4489 ››

1934 4511 2075 4565 ΗΑν.

2002 4583 2119 4649 (40)
2154 4583 2339 4637 Caelus
2370 4581 2742 4634 antelucanos.
2778 4582 2853 4631 De
2886 4583 3035 4633 cmtu
3071 4585 3160 4634 est
3190 4582 3343 4649 quod
3395 4586 3584 4651 notes,

1923 4653 2153 4707 solitam
2190 4654 2313 4707 dari
2349 4668 2545 4706 vocem
2580 4651 2729 4705 hanc
2762 4652 2937 4705 rebus
2970 4652 3177 4706 sacris.
3204 4653 3350 4707 Hinc
3387 4653 3583 4708 Meur-

172 4722 432 4777 notitiam
475 4722 824 4777 memoriter
854 4724 1137 4778 tenendis.
1172 4728 1317 4778 Nam
1350 4740 1448 4779 eas
1470 4722 1681 4794 legisse
1730 4740 1836 4778 suo
1870 4722 2044 4780 "sius
2078 4724 2224 4778 illud
2259 4723 2626 4779 Constantini
2664 4724 2944 4777 Mauassze
2974 4723 3032 4778 in
3063 4724 3390 4779 Annalibus
3424 4741 3436 4777 :

176 4796 419 4867 tempore
476 4794 925 4867 Hieronymum
951 4800 1112 4849 notat
1141 4795 1396 4867 Scaliger
1426 4796 1483 4850 in
1516 4794 1817 4850 laboribus

175 4860 535 4933 Eusebianis.
568 4860 831 4931 Orosius,
862 4864 957 4920 lib.
990 4882 1069 4922 vn
1094 4860 1326 4923 Hister.”
1349 4885 1398 4922 c.
1451 4868 1505 4933 8,
1557 4868 1627 4921 de
1675 4867 1815 4921 Tra-

170 4932 292 4999 jano
342 4957 355 4992 :
411 4962 438 4987 ‹‹
503 4942 569 4992 In
600 4938 1024 5008 persequendis
1053 4938 1397 4994 Christianis
1427 4954 1621 4994 errore
1652 4938 1816 4993 dece-

175 5009 298 5082 ptus»
320 5012 545 5082 tertius
575 5026 608 5064 a
641 5009 865 5082 Nerone
896 5025 1030 5063 cum
1062 5011 1283 5080 passim
1306 5017 1568 5082 repertos
1592 5009 1718 5079 cogi
1744 5010 1815 5064 ad

171 5080 622 5153 sacriﬁcandum
656 5079 850 5153 idolis,
882 5096 950 5137 ac
980 5079 1646 5139 detrectantes'interfici
1680 5099 1817 5153 pren-

174 5151 407 5223 cepisset
428 5152 802 5223 plurimique
835 5152 1338 5221 interﬁcerentur;
1367 5154 1533 5209 Plinii
1565 5151 1815 5208 Secundi

173 5222 259 5296 qui
286 5222 441 5280 inter
473 5222 725 5280 caeteros
755 5224 990 5296 judices
1046 5230 1381 5296 persecutor
1438 5227 1632 5296 datus
1670 5230 1813 5291 erat,

169 5292 335 5367 relatu
350 5366 353 5367 ν
369 5295 726 5352 admonitus
757 5292 854 5353 eos
870 5292 1140 5351 homines
1159 5306 1365 5367 praeter
1389 5295 1816 5353 confessionem

167 5362 1215 5441 ghdstirhonestaqueiconventicula
1262 5368 1407 5424 nihil
1457 5368 1817 5425 contrarium

168 5432 435 5495 Romanis
491 5432 727 5511 legibus
778 5440 985 5507 facere,
1038 5441 1255 5495 ﬁducia
1302 5456 1438 5496 sane
1488 5441 1817 5495 innocentis

166 5511 557 5584 confessionis
588 5512 807 5567 nemini
842 5517 1086 5566 mortem
1120 5529 1353 5584 gravem
1388 5530 1452 5567 ac
1487 5511 1819 5567 formidolo-

168 5594 275 5655 sam
308 5583 530 5651 videri,
569 5583 867 5655 rescriptis
902 5584 1057 5655 illico
1104 5583 1423 5640 levioribus
1469 5585 1819 5655 temperavit

164 5652 432 5727 edictum.
496 5677 529 5703 ››
568 5652 913 5727 _Hieronymi
961 5656 1137 5711 verba
1184 5673 1253 5710 ex
1304 5656 1551 5711 Eusebio
1584 5652 1642 5711 et
1672 5657 1815 5711 Ter-

163 5720 394 5780 tulliano
428 5723 694 5782 conﬂata
723 5720 863 5782 sunt
894 5727 951 5781 in
995 5727 1281 5783 Chronico
1330 5745 1435 5784 suo
1483 5728 1815 5784 Eusebiano

165 5792 221 5849 ad
267 5812 502 5853 annum
557 5798 762 5854 mundi
808 5796 1070 5857 XXCXXI
1106 5816 1120 5856 ε
1160 5823 1181 5852 α
1221 5800 1445 5857 Plinius
1484 5801 1815 5867 Secundus,

1997 4830 2160 4886 Οὗτοι
2191 4827 2279 4882 καὶ
2310 4829 2413 4902 γὰρ
2446 4826 2786 4902 ἀθροίσαντες
2820 4823 3013 4902 ἄνδρας
3048 4829 3135 4881 (leo
3151 4830 3436 4903 ρορήτους,

1925 4938 2008 4993 ita
2038 4937 2230 4992 reddit
2262 4952 2275 4989 :
2317 4956 2337 4984 ι
2376 4941 2512 4989 Nam
2548 4935 2603 4989 hi
2641 4933 3044 5006 religiosorum
3080 4935 3385 4992 hominum
3430 4941 3581 4992 coetu

1926 5016 2146 5065 coacto.
2186 5032 2205 5056 ι
2247 5008 2557 5079 Dionysius
2609 5007 2861 5079 Exiguus
2912 5006 3065 5079 hanc
3112 5025 3310 5062 vorem
3361 5011 3460 5063 dat
3489 5009 3581 5063 in-

1924 5086 2252 5151 terpretans
2309 5079 2367 5133 in
2404 5078 2563 5131 'Vita
2623 5078 3011 5151 SLPachomii
3048 5095 3059 5132 :
3096 5102 3123 5129 ‹‹
3160 5081 3580 5136 Monacborum

1928 5150 2176 5209 cmtibus
2210 5152 2586 5222 aggregabat.
2625 5172 2652 5197 »
2684 5150 2812 5204 Lac.

2001 5224 2109 5292 (41)
2139 5223 2215 5278 Ad
2246 5220 2577 5278 ctincndum.
2614 5222 2780 5275 Pium
2824 5220 3189 5287 exercitium,
3240 5223 3311 5277 de
3362 5238 3476 5292 quo
3529 5227 3587 5279 et

1925 5295 1996 5350 ad
2051 5298 2281 5353 Uxorem
2324 5294 2429 5349 lib.
2480 5311 2540 5355 ιι,
2574 5308 2700 5363 cap.
2733 5294 2767 5347 9
2802 5310 2814 5348 :
2851 5314 2877 5341 «
2908 5297 3033 5347 Non
3061 5292 3274 5349 furtiva
3308 5294 3583 5366 signatio,

1928 5384 2044 5421 non
2072 5367 2298 5436 trepida
2328 5366 2665 5437 gratulatio.
2700 5382 2814 5419 non
2850 5369 3014 5419 muta
3048 5365 3380 5421 benedictio
3425 5383 3438 5420 :
3494 5384 3585 5422 so-

1927 5443 2073 5493 nant
2101 5438 2252 5493 inter
2276 5439 2423 5492 duos
2452 5437 2667 5492 Psalmi
2698 5442 2755 5491 et
2791 5437 3019 5507 Hymni,
3053 5443 3108 5492 et
3142 5445 3346 5494 mutuo
3374 5456 3579 5509 provo-

1927 5518 2081 5571 cant.
2114 5510 2247 5580 quis
2280 5510 2488 5563 melius
2522 5510 2635 5564 Deo
2668 5524 2773 5563 suo
2806 5514 2992 5562 canet.
3056 5531 3083 5557 ››
3144 5510 3339 5565 Scribe
3398 5515 3585 5580 cantet

1924 5582 2012 5638 vel
2072 5579 2255 5637 carnal.
2306 5582 2375 5635 Et
2431 5582 2723 5635 Exhortat.
2784 5580 2857 5633 ad
2905 5581 3177 5645 Castz'tal.,
3233 5600 3283 5637 c.
3322 5581 3386 5633 10
3419 5597 3431 5631 :
3464 5602 3489 5627 ‹‹
3521 5579 3574 5629 Si

1928 5654 2250 5709 orationem
2276 5653 2413 5708 fecit
2442 5654 2510 5708 ad
2548 5652 3120 5724 Dominumkpmpe
3171 5659 3258 5706 est
3278 5648 3467 5724 ⁸(δαὶ-10.
3519 5647 3576 5700 Si

1926 5726 2242 5798 Scriptura:
2302 5724 2631 5798 incumbit,_
2669 5728 2826 5779 totus
2876 5718 2996 5778 illic
3048 5718 3153 5777 est.
3189 5724 3238 5775 Si
3275 5718 3573 5774 Psalmum

1928 5796 2103 5869 canit,
2138 5797 2328 5871 placet
2358 5797 2490 5855 sibi.
2526 5820 2555 5847 »
2589 5796 2731 5852 Hav.
