4072 6190
410 312 524 371 321

930 308 1459 372 TERTULLIANI
1504 308 1831 371 Ol’EHUM
1878 309 2077 369 PARS
2122 307 2279 367 1.-
2309 307 2585 368 SEBIES
2632 309 2678 381 Ι,
2724 308 3298 372 APOLOGETICA.

3702 311 3819 373 322

412 441 543 509 ideo
575 440 861 512 putaretis
891 457 1007 496 non
1037 440 1081 475 ⁵³
1112 439 1462 512 requirenda
1492 440 1602 511 (42)
1637 439 2062 512 quaestionibus
2091 451 2145 516 Α
2176 437 2338 493 sione
2369 454 2757 509 perseverare,
2793 455 2971 510 quam
3010 443 3388 510 necessitate,
3442 459 3558 498 non
3611 443 3841 515 jnstitia

412 529 646 595 scelera,
683 529 824 599 quia
852 529 994 583 certi
1042 530 1249 585 essetis
1293 529 1523 584 admitti
1577 545 1645 584 ea
1692 544 1759 582 ex
1802 529 2058 582 nominis

412 618 800 687 confessione,
870 619 971 689 qui
1040 619 1215 673 hodie
1281 618 1351 673 de
1417 619 1685 672 confesso
1739 617 2055 685 homicida,

413 710 661 763 scientes
694 707 1076 762 homicidium
1110 708 1250 778 quid
1285 706 1774 775 sit,nihilominus
1798 707 2063 761 ordinem

410 796 767 867 extorquetis
799 796 1044 851 admissi
1081 813 1093 851 :
1130 813 1243 867 quo
1275 796 1627 867 perversius,
1663 812 1795 850 cum
1850 812 2064 866 pressu-

412 886 587 941 matis
608 886 678 939 de
704 884 1020 941 sceleribus
1046 885 1264 940 nostris
1288 901 1356 939 ex
1407 884 1662 940 nominis
1696 883 2061 939 confessione

408 975 452 1009 ⁵6
509 974 719 1045 cogitis
776 973 1086 1028 tormentis
1136 974 1206 1027 de
1234 974 1631 1028 confesssione
1663 973 1964 1037 decedere,
2000 978 2064 1029 ut

408 1069 690 1135 negantes
714 1079 923 1117 nomen
950 1063 1168 1134 pariter
1190 1062 1391 1133 utique
1419 1078 1701 1134 negemus
1724 1067 1779 1118 et
1818 1061 2058 1135 scelera,

406 1154 477 1207 de
497 1152 708 1221 quibus
733 1167 801 1206 ex
822 1151 1208 1207 confessiome
1231 1151 1487 1206 nominis
1525 1151 2057 1223 praesumpseratis.

408 1243 539 1309 Sed,
571 1241 796 1312 opinor,
832 1258 946 1295 non
978 1240 1152 1295 vultis
1184 1258 1290 1296 nos
1321 1241 1532 1312 perire,
1564 1256 1714 1311 quos
1771 1241 2059 1312 pessimos

410 1329 667 1385 creditis.
735 1329 829 1384 Sic
895 1330 1051 1384 enim
1120 1329 1321 1385 soletis
1372 1329 1562 1384 dicere
1610 1329 1916 1384 homicidas
1965 1330 2053 1385 57:

412 1422 575 1489 Nega
621 1418 665 1451 ⁵⁸
698 1418 827 1488 ,(43)
880 1433 891 1472 :
946 1417 1155 1472 laniari
1205 1417 1317 1489 (44)
1341 1418 1567 1488 ijubere
1598 1417 1975 1489 sacrilegum,
2007 1417 2059 1472 si

408 1506 673 1563 confiteri
704 1509 1176 1577 perseveraverit.
1235 1506 1295 1561 Si
1355 1524 1470 1561 non
1529 1507 1612 1562 ita
1668 1507 1846 1578 agitis
1905 1507 2058 1563 circa

408 1596 556 1653 ‘275
595 1599 891 1665 nocentes,
925 1612 1060 1667 ergo
1087 1611 1192 1650 nos
1216 1594 2054 1667 innocentissimosjudicatis,

407 1700 541 1741 cum
571 1684 737 1756 quasi
770 1684 1282 1739 innocentissimos
1306 1701 1420 1739 non
1444 1685 1621 1741 vultis
1641 1684 1701 1740 in
1732 1701 1799 1740 ea
1830 1684 2053 1739 confes-

2189 528 2582 582 damnandam
2631 545 2665 582 a
2694 528 2857 583 vobis
2918 529 3140 586 sciatis.
3199 532 3566 588 Vociferatur
3614 533 3837 589 homo:

2168 616 2537 671 Christianus
2570 633 2730 673 sum.
2767 619 2927 682 Quod
2982 624 3071 675 est
3122 621 3302 687 dicit;
3362 628 3424 676 tu
3482 622 3569 676 vis
3627 621 3826 677 audire

2174 707 2329 776 quod
2365 722 2481 761 non
2512 712 2620 761 est.
2658 706 2932 762 Veritatis
2963 711 3371 780 extorquendae
3401 711 3700 782 praesides,
3753 712 3823 766 de

2173 795 2342 850 nobis
2375 796 2517 851 solis
2548 796 2923 851 mendacium
2956 799 3272 855 elaboratis
3302 800 3650 856 audire.Hoc
3669 817 3825 868 sum,

2170 883 2385 956 inquit,
2422 885 2578 956 quod
2611 886 2849 956 quaeris,
2874 903 2946 942 an
2979 886 3091 941 sim
3119 905 3131 955 ;
3161 888 3301 959 quid
3337 906 3428 943 me
3458 893 3700 959 torques
3760 889 3819 943 in

2170 974 2565 1044 perversum?
2626 974 2924 1045 confiteor,
2977 982 3034 1031 et
3089 981 3366 1048 torques;
3412 978 3550 1048 quid
3583 979 3826 1045 faceres,

2168 1062 2216 1117 si
2250 1063 2733 1135 negarem?Plane
2764 1063 2894 1120 aliis
2928 1066 3277 1137 negantibus
3302 1083 3417 1121 non
3441 1066 3609 1122 facile
3639 1067 3819 1122 ﬁdem

2167 1153 2664 1221 accommodatis;
2697 1152 2885 1223 nobis,
2907 1153 2955 1209 si
2990 1154 3416 1226 negaverimus,
3446 1155 3646 1211 statim
3678 1172 3810 1211 cre-

2167 1240 2325 1296 ditis.
2359 1242 2642 1312 Suspecta
2672 1241 2749 1295 sit
2781 1242 2942 1297 vobis
2972 1244 3016 1277 δθ
3045 1242 3160 1299 ista
3194 1243 3565 1315 perversitas,
3598 1260 3671 1298 ne
3704 1260 3823 1314 qua

2166 1329 2252 1384 vis
2283 1328 2459 1385 lateat
2489 1330 2547 1384 in
2580 1329 2807 1385 occulto
2841 1331 2992 1386 276
3027 1331 3162 1403 (45),
3192 1348 3319 1398 quae
3376 1348 3479 1387 vos
3529 1332 3815 1389 adversus

2166 1417 2437 1485 formam,
2472 1419 2755 1474 adversus
2785 1424 3056 1474 naturam
3083 1420 3626 1490 judicandi,contra
3655 1420 3821 1492 ipsas

2167 1523 2401 1578 quoque
2440 1506 2598 1578 leges
2633 1507 2925 1563 ministret
2948 1509 2993 1543 ⁸ο
3042 1509 3178 1578 (46).
3244 1509 3361 1564 Nisi
3412 1508 3570 1564 enim
3628 1509 3823 1575 fallor,

2164 1593 2325 1666 leges
2375 1595 2562 1651 malos
2609 1596 2733 1651 erui
2774 1596 2886 1667 (47)
2911 1597 3144 1666 jubent,
3177 1614 3292 1652 non
3326 1597 3646 1665 abscondi;
3681 1614 3827 1652 con-

2166 1684 2353 1740 fessos
2376 1683 2642 1739 damnari
2672 1685 2784 1756 (48)
2820 1686 3233 1757 praescribunt,
3266 1701 3383 1742 non
3414 1684 3662 1743 absolvi.
3705 1685 3827 1743 Hoc

1833 1782 2034 1843 Variae
2066 1782 2386 1844 lectiones.

476 1880 520 1913 ⁵⁵
549 1880 674 1935 Νοιι
707 1880 991 1950 putaretis
1016 1878 1366 1950 requirenda
1396 1879 1515 1950 Rig.

406 1966 556 2008 νόθας
586 1968 606 2008 :
638 1951 714 2006 sit
746 1952 935 2016 nobis,
968 1952 1161 2007 Pamel
1188 1955 1237 2006 et
1268 1951 1475 2007 Semler
1506 1968 1518 2006 :
1554 1951 1620 2006 fit
1651 1951 1842 2020 nobis,
1871 1953 2059 2008 caeteri
2087 1967 2269 2008 omnes
2304 1968 2317 2007 :
2353 1951 2431 2005 sit
2474 1951 2667 2019 vobis;
2718 1951 3007 2020 legendum
3051 1956 3283 2023 fortasse
3330 1970 3350 2007 .-

476 2024 520 2058 ⁶⁰
552 2025 787 2078 infestet
826 2024 1087 2079 Wouwer.

1591 1879 1636 1915 ⁸³
1670 1879 1744 1952 De
1775 1879 2040 1935 confesso
2072 1879 2249 1935 Latin.
2326 1880 2367 1914 ⁵⁷
2392 1877 2733 1952 Homicidas
2764 1880 2930 1952 Fran.
3006 1880 3049 1914 ⁸⁸
3078 1878 3303 1952 Negare
3332 1882 3504 1936 Fran.

3600 1881 3645 1916 ⁵³
3675 1886 3826 1937 Bar—

3402 1953 3478 2007 sit
3523 1951 3583 2008 in
3633 1954 3825 2010 vobis.

1842 2093 2367 2156 Commentarios.

478 2192 587 2261 (42)
621 2191 885 2268 ideonon
916 2193 1204 2268 putaretis.
1244 2196 1317 2245 La
1337 2190 1520 2268 Cerda
1549 2190 1634 2268 sic
1666 2190 1853 2268 legit_:
1889 2195 2055 2268 «__Ne-
2084 2204 2131 2268 Β
2162 2187 2494 2268 admonetis
2525 2187 2905 2268 homicidam,
2940 2194 3017 2268 ut_
3035 2193 3204 2263 neget
3235 2190 3759 2268 ho_micidiu_m;_ita_
3776 2191 3827 2247 si

406 2280 518 2335 que
540 2264 694 2318 enim
728 2263 853 2319 ideo
873 2280 986 2318 non
1006 2267 1228 2335 putatis
1254 2264 1607 2334 requirenda
1633 2261 2050 2335 quaestionibus

403 2333 643 2405 scelera,
675 2336 811 2405 quia
843 2337 983 2390 certi
1008 2333 1223 2390 essetis
1281 2333 1512 2389 admitti
1544 2352 1611 2389 ea
1654 2333 1735 2390 lex
1792 2333 2048 2389 nominis

401 2409 787 2462 confessione.
849 2408 952 2471 Qui
1014 2407 1207 2471 hodie,
1267 2408 1337 2461 de
1397 2408 1663 2461 confesso
1730 2406 2046 2472 homicida,

407 2480 659 2533 scientes
691 2478 1069 2532 homicidium
1105 2478 1257 2548 quod
1293 2478 1390 2545 sit,
1427 2496 1484 2532 ιι.
1519 2496 1569 2533 ο.
1600 2494 1658 2548 q.
1692 2476 1986 2532 admissi?
2018 2498 2045 2525 ››

398 2551 614 2604 Addita
654 2558 788 2604 nota
819 2549 1293 2622 interrogationis
1324 2554 1389 2622 et
1445 2551 1894 2622 explricans‘gui
1946 2565 2049 2622 per

404 2623 692 2692 quomodo.
752 2622 959 2675 Affinis
1020 2619 1154 2676 huic
1208 2621 1376 2676 valde
1434 2619 1534 2676 est'
1569 2621 1730 2675 locus
1762 2619 1819 2674 in
1842 2620 2047 2692 lib._ad

404 2690 524 2747 Nat.
560 2710 617 2757 ll,
653 2709 778 2762 cap.
812 2693 898 2755 43,
935 2710 1107 2761 quem
1156 2692 1215 2747 in
1271 2692 1519 2764 gratiam
1577 2693 1851 2748 JCtorum
1909 2690 2043 2745 illu-

400 2765 619 2831 strabo,
644 2770 701 2817 et
727 2765 1071 2818 emendabo.
1105 2763 1407 2835 Scriptura
1439 2764 1589 2819 male
1620 2781 1721 2836 per
1763 2763 2042 2835 injuriam

399 2836 683 2907 temporis
714 2837 915 2889 habita
945 2838 1064 2891 haec
1092 2842 1181 2890 est
1212 2860 1226 2891 :
1266 2859 1285 2885 ιι
1322 2835 1772 2899 Οιιοιῐιοόοί...ἀο
1802 2835 2043 2906 fugitivo

398 2909 591 2979 palam
628 2910 845 2961 factum
895 2908 1152 2963 solemus
1202 2912 1265 2979 et,
1304 2925 1538 2977 operam
1586 2909 1713 2977 ejus
1758 2924 2041 2979 percon...

399 2978 585 3034 abusu
622 2981 969 3034 nundinare.
1009 3003 1028 3028 η
1064 2978 1269 3034 Sumni
1302 2981 1413 3051 viri
1440 2982 1627 3051 Rig.et
1653 2978 2042 3035 Gothofredus

399 3054 687 3123 attingere
720 3069 833 3106 non
865 3055 1004 3105 sunt
1042 3051 1189 3106 ausi.
1241 3050 1459 3122 Supple
1508 3050 1633 3106 meo
1683 3052 1943 3123 periculo
1974 3055 2044 3123 iet

402 3122 589 3178 scribe
624 3140 636 3178 :
675 3145 702 3194 ‹ί‹
733 3124 1054 3191 Quomodo,
1099 3123 1330 3192 quando
1363 3126 1430 3177 de
1464 3124 1702 3194 fugitivo
1736 3123 1928 3193 palam
1963 3122 2042 3194 fa:

397 3200 578 3259 ctum,
612 3193 871 3249 solemus
903 3200 959 3249 et
990 3210 1223 3265 operam
1257 3196 1385 3261 ejus
1416 3193 1808 3265 percontando
1831 3193 2041 3249 abusui

401 3266 750 3319 nundinare.
786 3287 813 3314 ››
850 3267 1053 3319 Nullus
1081 3265 1391 3334 dubitabit,
1425 3266 1523 3335 qui
1557 3266 1748 3319 locum
1783 3266 2043 3336 inspexe-

396 3336 492 3391 rit.
524 3337 770 3391 Utenim
806 3353 910 3392 nos
941 3336 1086 3400 JCti,
1139 3336 1350 3407 inquit,
1402 3338 1553 3391 male
1612 3337 1790 3391 nimis
1845 3336 2039 3405 inqui-

394 3409 574 3463 rendo
633 3409 881 3475 agimus,
944 3409 1181 3462 modum
1233 3411 1529 3478 patrandae
1571 3409 1715 3478 luga;
1742 3409 2039 3477 docentes,

404 3481 484 3533 ita
514 3485 571 3535 et
605 3484 777 3547 postea
812 3480 1023 3533 fabulis
1055 3478 1176 3533 suis
1207 3485 1275 3534 de
1306 3479 1446 3533 Diis.
1486 3480 1654 3551 ,Dixit
1702 3498 1881 3551 supra
1931 3480 2040 3534 hoc

398 3552 839 3637 eodemﬂcapite
869 3567 880 3604 :
911 3573 944 3637 ‘«
973 3552 1236 3637 “Quando
1267 3552 1318 3606 si
1348 3552 1419 3605 de
1449 3550 1646 3621 aliquo
1679 3550 1922 3637 nocente
1948 3568 2041 3637 ρο·
2069 3568 2113 3637 C

396 3621 699 3694 gnoscitis,
735 3639 847 3676 non
875 3625 1072 3677 statim
1098 3624 1361 3678 confesso
1386 3639 1451 3676 eo
1477 3638 1686 3679 nomen
1712 3623 2037 3689 homicida,

396 3694 483 3749 vel
515 3694 804 3765 sacrilegi,
838 3696 921 3747 vel
957 3694 1182 3758 incesti,
1215 3694 1612 3763 etc.,contenti
1644 3696 1775 3750 sitis
1806 3696 1875 3750 ad
1908 3711 2041 3766 pro-

396 3767 814 3837 nuntiandum,
850 3766 959 3820 nisi
993 3772 1047 3820 et
1072 3766 1489 3837 consequentia
1518 3767 2040 3836 exigatis,qualita-

401 3843 519 3893 tem
556 3837 711 3907 facti,
744 3836 957 3901 locum,
992 3836 1308 3903 modum,»
1347 3843 1454 3893 etc.
1488 3842 1627 3892 HAV.

466 3909 581 3979 (43)
613 3910 700 3963 Sic
729 3911 876 3964 enim
906 3910 1087 3964 soletis
1113 3911 1292 3966 dicere
1350 3910 1659 3977 homicida,
1712 3907 1879 3978 Nega.
1938 3910 2040 3960 La-

397 3981 945 4051 niarijub.sacr.Qui
970 3982 1295 4051 torquendo
1317 3980 1645 4035 Christiano
1670 3979 2040 4050 praesidebat,

398 4053 591 4108 dicere
639 4051 879 4121 solebat,
940 4053 1087 4119 Nega
1137 4058 1190 4108 te
1240 4069 1367 4107 esse
1397 4052 1836 4107 Christianum:
1873 4051 2041 4120 quasi

393 4130 725 4206 suggereret
792 4141 895 4194 per
943 4124 1111 4206 “quod
1181 4125 1420 4206 evadere
1470 4123 1834 4206 illenppsse‘t,
1881 4124 2040 4204 idem

391 4194 790 4251 Christianum
825 4196 1201 4250 confitentem
1236 4196 1495 4264 torqueri
1528 4194 1915 4250 nihilominus
1940 4194 2041 4263 ju-

396 4268 566 4322 bebat
598 4284 611 4322 :
645 4283 779 4321 cum
811 4272 1005 4321 tamen
1040 4267 1257 4321 frustra
1282 4274 1622 4338 torqueatur
1651 4267 1751 4337 qui
1803 4266 2039 4338 conﬁte-

394 4344 508 4393 tur.
544 4343 748 4410 Itaque
799 4354 1143 4410 perversam
1193 4344 1249 4393 et
1314 4337 1631 4394 absurdam
1677 4337 2038 4410 judiciorum

396 4406 668 4463 formam'
709 4406 896 4481 carpit
953 4408 1382 4477 Tertullianus;
1444 4406 1923 4481 Nempe,‘inquit.
1957 4406 2040 4461 sic

397 4480 599 4535 soletis
630 4480 1152 4536 dicere’homicidte
1212 4482 1509 4537 conﬁtenti
1546 4499 1559 4537 :
1592 4480 1748 4551 Nega
1801 4487 1857 4551 te
1914 4495 2043 4533 esse

395 4552 773 4625 homicidam,
804 4569 1010 4625 nempe
1041 4554 1323 4625 sacrilego
1356 4553 1556 4608 fatenti
1591 4550 2040 4625 seisacrilegum

397 4623 691 4696 admoveri
737 4624 961 4692 jubetis
987 4623 1298 4679 tormenta.
1333 4625 1428 4696 lpe
1458 4624 1859 4696 Tertullianus
1885 4623 1989 4696 lib.
2023 4640 2042 4676 ι

395 4695 465 4749 ad
495 4696 847 4749 Nationes:«
896 4700 1042 4749 Sane
1101 4695 1465 4750 caeteros’ad
1524 4697 1633 4751 hoc
1689 4695 1931 4749 tenditis
1989 4699 2046 4749 et

399 4766 850 4830 excarniﬁcatis,
910 4773 972 4819 ut
1030 4774 1245 4835 negent
1302 4784 1429 4821 esse
1482 4768 1633 4836 quod
1677 4783 1805 4821 esse
1836 4766 2041 4820 dicun-

394 4842 511 4903 tur,
549 4860 575 4886 »
609 4844 715 4891 etc.
752 4838 851 4891 llic
884 4854 1014 4892 vero
1040 4839 1097 4910 in
1133 4839 1511 4908 sequentibus
1545 4839 1855 4910 legendum
1888 4838 2042 4893 vide-

394 4914 547 4980 tur},
573 4931 600 4957 ‹‹
637 4910 690 4960 Si
726 4926 839 4963 non
872 4909 950 4963 ila
981 4908 1154 4980 agitis
1186 4911 1342 4964 circa
1371 4908 1665 4966 nocentes.
1704 4932 1731 4958 ››
1766 4915 1914 4963 ΡΑΜ.

466 4979 578 5050 (44)
611 4981 859 5034 Laniari'
904 4979 1218 5037 Tormenta
1279 4998 1510 5052 nempe,
1570 4981 1845 5051 qualibus
1886 4979 2041 5052 ,Phi-

393 5050 544 5105 lotas
602 5053 754 5123 apud
789 5053 1078 5120 Curtium,
1110 5071 1184 5122 vr,
1218 5070 1258 5107 ιι
1294 5071 1306 5107 :
1336 5076 1363 5101 «
1395 5050 1503 5124 Sed
1536 5050 1846 5124 pcstquam
1882 5050 2041 5124 intu-

392 5138 671 5197 mescens
696 5140 903 5195 corpus
936 5124 1252 5188 ulceribus,
1288 5123 1651 5197 flagellorum
1682 5123 1834 5197 ictus
1867 5123 2044 5178 nudis

394 5196 629 5251 ossibus
660 5196 930 5252 incussos
965 5199 1108 5252 ferre
1140 5214 1253 5251 non
1288 5196 1513 5267 poterat
1539 5216 1551 5265 ,
1582 5218 1610 5247 »
1664 5196 1761 5266 qui
1820 5211 1921 5267 pro
1978 5210 2043 5248 eo

395 5268 548 5336 quod
586 5274 784 5323 noster
816 5270 1047 5336 laniari,
1080 5268 1225 5323 dixit
1259 5266 1515 5324 lacerari.
1573 5288 1593 5315 α
1654 5268 1754 5322 Per
1802 5266 2044 5320 ultimos

392 5338 602 5394 deinde
653 5342 970 5404 cruciatus,
1008 5346 1203 5411 utpote
1234 5341 1571 5405 damnatus,
1606 5343 1662 5392 et
1694 5338 1950 5411 inimicis
1982 5338 2043 5392 in

393 5411 641 5480 gratiam
706 5413 857 5482 regis
887 5410 1300 5481 torquentibus
1332 5411 1637 5465 laceratur.
1671 5433 1698 5482 gi
1733 5410 2042 5479 Proprium

394 5483 504 5537 hoc
534 5480 869 5537 verbum—fin
903 5480 1347 5553 gladiatoribus,
1382 5482 1535 5535 unde
1569 5480 1909 5535 acclamatio
1954 5499 2041 5535 se-

392 5562 569 5608 natus
601 5555 670 5607 de
702 5555 977 5608 cadavere
1016 5554 1319 5609 Commodi
1366 5553 1523 5623 apud
1584 5553 1989 5623 Lampridium
2027 5569 2040 5607 :

394 5648 421 5697 ς(
459 5625 654 5679 Hostis
697 5626 896 5697 patriae
954 5624 1266 5697 parricida,
1324 5622 1632 5697 gladiator,
1672 5622 2041 5697 inspoliario

394 5695 670 5761 lanietur,
698 5694 726 5748 ἰ
765 5698 1010 5753 Sensum
1045 5696 1379 5750 Tertulliam
1410 5695 1577 5750 unice
1607 5694 1815 5765 tetigit'
1841 5694 2043 5751 Hera]-

394 5767 507 5824 dus
538 5767 639 5840 qui
669 5767 764 5825 hic
793 5772 911 5826 est:
933 5767 1050 5826 Vos
1082 5766 1305 5825 scilicet
1333 5767 1393 5825 in
1426 5766 1746 5840 quaestione
1774 5766 2045 5825 habenda

2161 2262 2492 2328 confitetur,
2528 2262 2699 2332 cujus
2739 2262 2823 2317 rei
2868 2263 3061 2333 gratia
3115 2262 3501 2334 quaestionem
3559 2262 3822 2333 habetis,

2157 2337 2379 2405 tamen,
2443 2336 2610 2403 quasi
2649 2334 3005 2405 confessum
3064 2336 3347 2400 nondum,
3400 2334 3713 2405 torquetis.
3751 2337 3816 2390 Id

2157 2411 2313 2459 certe
2352 2404 2509 2475 leges
2540 2403 2872 2476 prohibent,
2924 2421 3028 2461 nec
3075 2423 3177 2462 vos
3211 2406 3442 2473 facitis;
3499 2403 3818 2463 nobiscum

2157 2477 2360 2549 itaque,
2414 2477 2463 2531 si
2496 2481 2798 2549 nocentes
2830 2493 3060 2546 sumus,
3094 2479 3248 2549 agite
3278 2482 3343 2531 ut
3372 2493 3506 2532 cum
3540 2479 3810 2533 nocenti-

2155 2548 2269 2603 bus
2302 2563 2314 2601 :
2349 2546 2506 2618 loqui
2541 2564 2644 2620 per
2671 2547 2918 2603 ironiam
2957 2546 3329 2619 patethuld.
3392 2548 3534 2620 legit
3591 2550 3818 2605 laniari

2154 2620 2375 2675 debere.
2438 2621 2500 2673 1n
2559 2619 2780 2675 caeteris
2827 2636 2938 2676 ms.
2974 2621 3157 2691 Lugd.
3189 2625 3313 2675 Bat.
3341 2619 3551 2675 Barrmi
3572 2620 3715 2677 edit.
3752 2628 3817 2677 et

2154 2692 2287 2765 Her.
2323 2692 2534 2765 etpftig.
2561 2690 3168 2762 consentit,quom6do
3198 2691 3607 2765 etiamiJunius
3639 2691 3812 2765 legit,

2153 2764 2256 2818 sed
2291 2762 2441 2817 male
2470 2763 2908 2833 interpretatur.
2946 2768 3126 2829 Pam.,
3159 2765 3213 2819 la
3242 2764 3424 2819 Cerda
3443 2769 3501 2818 et
3531 2762 3809 2821 Rhenan.

2152 2835 2406 2906 pessime
2439 2834 2694 2906 legunt,<<
2729 2835 2883 2897 Quos
2914 2839 3202 2906 pessimos
3234 2834 3471 2906 creditis
3500 2835 3608 2905 (sic
3639 2836 3809 2891 enim

2152 2905 2353 2979 soletis
2383 2905 2594 2973 dicere)
2633 2905 2983 2979 homicidas.
3040 2907 3278 2979 Negatis
3335 2905 3542 2961 laniari
3591 2907 3815 2977 jubere

2151 2977 2521 3047 sacrilegum,
2556 2999 2586 3027 »
2613 2984 2746 3045 etc.;
2780 2979 2947 3049 quasi
2972 2977 3053 3033 ita
3103 2977 3361 3034 medium
3424 2984 3818 3049 suggererent

2151 2995 2521 3047 sacrilegum,
2556 2999 2586 3027 »
2613 2995 2746 3045 etc.;
2780 2995 2947 3103 quasi
2972 2995 3053 3033 ita
3103 2995 3361 3034 medium
3424 2995 3816 3049 suggererent

2150 3066 2275 3131 quo,
2296 3050 2625 3131 evaderent,
2658 3054 2799 3131 et‘ta
2825 3066 2855 3105 e
2891 3050 3121 3131 «quid.
3164 3050 3259 3131 hic
3329 3050 3574 3131 induere
3628 3050 3816 3131 vellet

2149 3121 2565 3188 Tertullianus,
2599 3121 2768 3191 quale
2799 3119 3085 3193 respicit»
3109 3121 3166 3176 in
3201 3122 3346 3177 libro
3377 3120 3446 3176 ad
3475 3119 3811 3191 Scapulam,

2150 3209 2201 3249 c.
2235 3195 2286 3248 4.
2318 3193 2528 3257 Quanti
2561 3198 2759 3248 autem
2788 3193 2847 3261 [i.
2882 3209 2930 3247 e.
2967 3196 3155 3264 quot.]
3188 3215 3217 3243 ‹‹
3251 3194 3525 3262 praesides
3556 3198 3613 3247 et
3661 3210 3809 3249 con-

2151 3266 2466 3321 stantiores
2498 3268 2554 3319 et
2582 3264 3488 3333 erudeliores,dissimulaverunt
3509 3264 3580 3319 ab
3602 3265 3816 3335 hujus-

2152 3337 2307 3392 modi
2341 3336 2611 3392 caussis?
2644 3342 2708 3391 ut
2737 3336 2972 3392 Cinctus
3004 3338 3275 3401 Severus,
3296 3337 3392 3405 qui
3422 3335 3641 3408 Thistri
3673 3337 3813 3408 ipse

2149 3409 2312 3464 dedit
2343 3407 2663 3463 remedium
2696 3408 2987 3478 quomodo
3019 3408 3443 3479 responderent
3462 3407 3813 3478 Christiani,

2151 3485 2215 3535 ut
2245 3481 2460 3534 dimitti
2496 3487 2756 3551 possent.
2793 3502 2821 3529 »
2862 3478 2969 3534 Ubi
3028 3478 3145 3535 non
3201 3478 3389 3551 placet
3442 3479 3809 3547 crudeliores,

2151 3552 2376 3623 corrigo
2424 3557 2474 3606 et
2506 3550 2673 3606 iidem
2700 3553 2974 3618 meliores,
3008 3552 3105 3619 qui
3137 3550 3340 3623 lapsus
3371 3566 3439 3605 ex
3470 3551 3815 3606 litterarum

2150 3625 2331 3679 ductu
2364 3623 2530 3677 facile
2562 3622 2780 3692 liquere
2805 3622 3432 3694 potest.’l‘alemipsum
3453 3626 3815 3694 Augustum,

2150 3696 2251 3751 sed
2296 3711 2364 3749 ex
2416 3695 2822 3749 misericordia
2877 3696 3191 3765 injustum,
3252 3694 3564 3763 descripsit
3620 3696 3806 3750 nobis

2148 3766 2460 3822 Suetonius
2507 3766 2565 3819 in
2616 3766 2748 3820 Vita
2777 3768 2926 3836 ejus,
2967 3782 3145 3821 χχχιιι
3178 3782 3191 3820 :
3225 3786 3254 3815 ‹‹
3289 3765 3446 3820 Dixit
3475 3768 3671 3820 autem
3696 3767 3815 3836 jus

2150 3854 2264 3894 non
2298 3837 2597 3907 diligentia
2628 3839 2798 3892 modo
2830 3838 3193 3905 summa,sed
3224 3843 3282 3892 et
3307 3837 3579 3903 lenitate,
3613 3836 3815 3907 siqui-

2151 3912 2285 3965 dem
2319 3908 2613 3964 manifesti
2647 3908 2942 3980 parricidii
2976 3926 3163 3978 reum,
3210 3924 3281 3963 ne
3336 3907 3501 3980 culeo
3546 3909 3821 3963 insuere-

2150 3987 2265 4046 tur,
2316 3982 2469 4051 quod
2522 3979 2784 4036 nonnisi
2817 3980 3067 4036 confessi
3099 3980 3442 4035 afficiuntur
3471 3979 3578 4035 hac
3611 3996 3819 4050 poena,

2151 4055 2231 4107 ita
2267 4050 2451 4107 fertur
2478 4050 2867 4124 interrogasse
2901 4068 2912 4106 :
2946 4052 3173 4124 Patrem
3205 4060 3372 4106 tuum
3412 4067 3538 4124 non
3588 4052 3819 4107 occidi-

2152 4125 2223 4180 sti
2247 4124 2273 4177 ?
2330 4145 2357 4171 ››
2405 4124 2513 4178 Sed
2545 4128 2603 4177 et
2638 4123 2726 4179 hic
2757 4124 2868 4179 loci
2898 4130 3127 4179 acetum
3151 4123 3422 4195 Septimii
3458 4123 3719 4195 adverte,
3756 4127 3824 4178 et

2148 4211 2349 4251 vocem
2380 4199 2759 4267 tyrannorum
2795 4195 3113 4267 propriam,
3146 4200 3209 4249 ut
3232 4194 3482 4267 Gallieni
3514 4194 3575 4267 in
3606 4194 3820 4249 vindi-

2151 4267 2338 4323 canda
2369 4265 2656 4322 seditione
2687 4266 2775 4322 vel
2796 4265 2874 4322 ad
2904 4265 3117 4323 senum
3150 4270 3205 4320 et
3233 4266 3527 4321 infantum
3549 4265 3823 4321 interne-

2151 4340 2377 4394 cionem
2409 4353 2420 4392 :
2456 4339 2659 4393 Laeera
2691 4356 2709 4393 :
2742 4339 2939 4405 occide,
2971 4338 3209 4404 concide,
3243 4338 3395 4409 apud
3445 4336 3819 4393 Trebellium

2151 4410 2491 4465 Pollionem.
2526 4413 2665 4464 Hav.

2222 4482 2335 4554 (45)
2365 4481 2441 4554 Ne
2469 4498 2577 4552 qua
2606 4482 2690 4537 vis
2722 4480 2911 4554 lateat,
2927 4480 2989 4532 in
3021 4479 3249 4554 occulto.
3298 4482 3572 4554 satanam
3624 4477 3823 4554 intel-

2150 4550 2326 4625 lig‘it.'
2368 4550 2590 4625 Pariter
2658 4550 3031 4625 Lactantius,
3083 4552 3262 4625 lauit.
3332 4552 3641 4625 Divina},
3705 4551 3735 4603 1
3806 4567 3824 4603 :

2156 4649 2176 4675 ε
2199 4620 2477 4690 ἶμιειιιοω
2510 4624 2667 4679 istud
2696 4639 2764 4676 ex
2794 4630 2977 4677 causa
3003 4622 3127 4677 ﬁeri
3163 4621 3477 4692 putemus?
3502 4620 3615 4692 nisi
3668 4636 3823 4677 esse

2152 4696 2407 4766 aliquam
2465 4710 2795 4767 perversam
2856 4691 3226 4767 potestatem,
3280 4711 3405 4764 quae
3432 4691 3697 4767 veritatis
3733 4692 3830 4748 sit

2153 4764 2330 4839 super
2359 4764 2616 4821 inimica.
2652 4788 2680 4815 ››
2713 4770 2831 4839 etc_._
2854 4764 3061 4820 Noster
3100 4764 3254 4819 infra
3309 4770 3477 4821 vocat
3531 4766 3830 4820 rationem

2150 4836 2368 4895 minqu
2399 4839 2755 4910 operationis.
2790 4836 2927 4910 ΗΑν.

2222 4912 2333 4982 (46)
2364 4904 2508 4982 Quae
2537 4926 2626 4965 vos
2654 4917 2846 4982 contra
2874 4909 3260 4982 ipsas_quoque
3313 4904 3453 4976 leges
3500 4904 3829 4982 ministret.

2152 4976 2269 5037 Hoc
2301 4976 2407 5037 est.
2437 4981 2571 5043 Quis
2602 4986 2804 5037 contra
2834 4976 2994 5051 ipsas
3024 4976 3181 5050 leges
3223 4984 3413 5033 vestro
3474 4976 3832 5034 ministerio

2153 5060 2374 5109 utatur.
2410 5053 2558 5108 ΡΑΜ.

2228 5126 2339 5198 (l7)
2370 5123 2949 5198 EratqjabentrAmat
2978 5119 3085 5198 hoc
3114 5119 3356 5198 verbum
3389 5116 3837 5198 “Tertujlianus

2154 5189 2242 5251 in'
2274 5189 2684 5268 disquisitione
2740 5193 3082 5268 judici‘aria
3109 5191 3180 5268 de
3230 5189 3528 5268 maleﬁcia.
3561 5192 3831 5268 supra:

2156 5291 2184 5317 «
2218 5268 2260 5323 Ο
2294 5261 2511 5340 quanta
2544 5265 2703 5319 illius
2736 5264 2999 5340 priesidis
3030 5261 3239 5340 gloria,
3286 5262 3333 5317 si
3384 5261 3637 5340 eruisset
3695 5262 3840 5340 ali-

2155 5333 2326 5410 queui
2392 5339 2488 5409 qui
2553 5333 2785 5410 centum
2813 5336 2935 5406 jam
2972 5333 3226 5390 iniantes
3265 5333 3639 5390 comedisset.
3676 5355 3706 5381 ››
3756 5335 3845 5391 Et

2154 5407 2307 5464 infra
2337 5407 2465 5465 c.‘7
2501 5425 2513 5462 :
2550 5431 2575 5456 «
2638 5407 2896 5461 Dicimur
2951 5410 3144 5462 tamen
3201 5421 3451 5474 semper,
3514 5420 3621 5458 nec
3680 5421 3839 5475 vos,

2155 5483 2308 5548 quod
2368 5487 2488 5535 tam
2537 5478 2635 5532 diu
2668 5478 2919 5533 dicimur
2972 5494 3170 5533 eruere
3228 5477 3471 5533 curatis.
3504 5480 3655 5548 Ergo
3704 5485 3842 5533 aut

2153 5546 2360 5615 eruite,
2423 5552 2471 5606 si
2531 5550 2787 5618 creditis,
2848 5556 2948 5606 aut
3005 5550 3183 5606 nolite
3237 5550 3492 5617 credere,
3540 5546 3643 5617 qui
3683 5564 3841 5606 non

2153 5624 2410 5681 eruistis.
2445 5645 2473 5673 »
2503 5621 2645 5682 Hav.

2223 5695 2337 5825 S48)
2396 5695 2674 5778 Confessos
2732 5694 3014 5750 damnari.
3064 5691 3143 5747 Ex
3194 5688 3600 5774 vetustissima
3654 5686 3843 5776 lege.

2223 5766 2395 5825 .lust.
2429 5767 2595 5825 Catil.
2632 5783 2706 5825 ιιι
2736 5784 2750 5825 :
2784 5789 2813 5819 ‹‹
2846 5766 2924 5825 De
2955 5766 3263 5825 confessis.
3294 5766 3469 5823 sicuti
3515 5761 3588 5819 de
3620 5776 3843 5821 mam-

2153 5761 2395 5828 Sallust.
2429 5761 2595 5829 Galil.
2632 5783 2706 5825 ιιι
2736 5784 2750 5825 :
2784 5789 2813 5819 ‹‹
2846 5766 2924 5825 De
2955 5763 3263 5836 confessis,
3294 5762 3469 5823 sicuti
3515 5761 3588 5819 de
3620 5761 3852 5821 mani-
