4072 6190
235 336 342 396 329

1321 337 1917 399 APOLOGETICUS
1962 339 2143 398 ADV.
2192 340 2525 400 GENTES.

3510 336 3630 397 330

231 482 350 523 nem
384 484 399 521 :
433 466 615 521 Bonus
636 466 725 519 vir
753 466 927 522 Caius
958 467 1123 521 Seius
1157 468 1533 537 (58),tantum
1569 469 1722 540 quod
1748 467 1861 540 (59)
1891 477 1947 542 Α
1977 469 2279 525 amasios!
2313 469 2469 525 Facti
2501 473 2637 525 sunt
2666 467 3002 523 Christiani.
3035 469 3119 523 Ita
3165 483 3376 523 nomen
3427 483 3629 523 emen-

230 554 599 611 Christianus.
645 556 791 610 Item
826 554 980 611 alius
1015 573 1027 611 :
1062 557 1180 627 Ego
1217 557 1394 613 miror
1422 558 1467 592 ⁷³
1503 559 1746 613 Lucium
1780 575 1871 613 sa-

222 647 455 717 pientem
496 645 692 698 virum
738 650 974 715 repente
1011 646 1227 700 factum
1263 646 1872 703 Christianum.Nemo

221 738 522 789 retractat:
589 732 799 788 Nonne
848 733 977 788 ideo
1036 734 1224 790 bonus
1258 736 1450 800 Caius,
1510 741 1564 791 et
1616 736 1873 807 prudens

222 823 413 879 Lucius
444 824 511 888 τε,
544 840 579 893 q
608 822 708 876 uia
738 822 1108 877 Chritianus
1132 823 1159 877 ‘2
1188 830 1290 878 aut
1322 826 1450 879 ideo
1481 825 1871 893 Christianus,

222 916 343 983 quia
374 912 645 982 prudens
676 914 736 964 et
768 912 956 967 bonus
980 910 1007 963 ?
1041 913 1307 967 Laudant
1327 931 1449 984 quae
1471 914 1685 978 sciunt,
1720 914 1871 967 vitu-

219 1006 406 1074 perant
436 1016 569 1072 quaa
618 1000 915 1071 ignorant,
950 1005 1005 1055 et
1035 1001 1091 1054 id
1143 1003 1298 1072 quod
1350 1002 1565 1070 sciunt,
1620 1020 1686 1057 eo
1717 1003 1870 1073 quod

217 1090 491 1162 ignorant,
526 1095 933 1160 corrumpunt
962 1107 974 1156 ;
1009 1106 1142 1144 cum
1177 1090 1252 1145 sit
1275 1091 1501 1160 justius
1545 1091 1773 1145 occulta
1804 1091 1873 1145 de

219 1177 532 1233 manifestis
558 1178 1147 1248 prejudicare,quam
1182 1179 1494 1233 manifesta
1520 1180 1590 1234 de
1620 1180 1873 1234 occultis

217 1267 627 1338 praedamnare.
674 1266 813 1335 Alii,
873 1282 1023 1337 quos
1085 1273 1238 1322 retro
1298 1273 1433 1323 ante
1492 1267 1601 1322 hoc
1658 1284 1870 1323 nomen

212 1372 395 1427 vagos,
426 1355 599 1421 viles,
640 1355 942 1427 improbos
974 1356 1089 1426 (60)
1142 1362 1441 1425 noverant,
1493 1374 1561 1411 ex
1608 1358 1737 1428 ipso
1769 1358 1867 1411 de-

214 1448 401 1499 notant
431 1444 569 1514 (61),
607 1459 723 1513 quo
766 1442 1010 1499 laudant
1039 1445 1116 1511 7‘;
1142 1444 1400 1501 caecitate
1423 1446 1540 1501 odii
1576 1446 1635 1499 in
1660 1448 1871 1500 suffra-

214 1533 360 1605 gium
415 1532 795 1603 impingunt.
857 1534 991 1596 Qua.-
1072 1532 1323 1589 mulier!
1376 1550 1554 1605 quam
1632 1534 1872 1603 lasciva,

216 1638 375 1693 quam
408 1621 622 1676 festiva
656 1621 669 1675 l
703 1620 818 1685 Qui
842 1622 1117 1692 juvenis!
1154 1639 1332 1693 quam
1381 1623 1658 1692 lascivus,
1692 1640 1870 1695 quam

1985 559 2205 614 dationi
2242 559 2589 630 imputatur.
2623 557 2902 613 Nonnulli
2944 557 3118 612 etiam
3160 558 3231 611 de
3279 556 3632 611 utilitatibus

1987 647 2111 703 suis
2142 664 2273 702 cum
2306 649 2438 703 odio
2474 649 2585 702 isto
2622 648 3021 718 paciscuntur,
3078 647 3335 700 contenti
3394 645 3633 715 injuria,

1985 737 2123 790 dum
2178 753 2248 792 ne
2306 738 2461 792 domi
2518 738 2790 801 habeant,
2851 737 3001 805 quod
3058 735 3326 789 oderunt.
3389 735 3633 790 Uxorem

1975 825 2101 895 jam
2134 826 2177 859 ⁷⁵
2229 826 2499 896 pudicam
2546 826 2656 895 (62)
2709 825 2955 879 maritus
3004 825 3127 893 jam
3172 840 3287 878 non
3335 823 3634 895 zelotypus

1984 914 2177 983 ejecit,
2210 915 2396 968 ﬁlium
2436 916 2562 984 jam
2614 916 2949 979 subjectum
2999 918 3162 983 pater
3208 918 3354 967 retro
3406 913 3632 983 patiens

1983 1004 2295 1072 abdicavit,
2330 1004 2475 1059 28l
2516 1005 2887 1070 servumjam
2923 1001 3152 1055 ﬁdelem
3186 1002 3459 1055 domibus
3490 1000 3629 1055 olim

1986 1091 2143 1145 mitis
2166 1092 2237 1145 ab
2269 1092 2453 1146 oculis
2488 1091 2759 1163 relegavit
2797 1107 2807 1144 :
2844 1096 2908 1143 ut
2938 1089 3190 1159 quisque
3250 1089 3357 1143 hoc
3398 1089 3633 1143 nomine

1984 1181 2331 1234 emendatur
2360 1181 2620 1234 offendit.
2654 1178 2825 1233 Tanti
2872 1195 2986 1233 non
3028 1184 3116 1233 est
3148 1179 3391 1244 bonum,
3426 1177 3631 1248 quanti

1982 1274 2071 1323 est
2100 1269 2300 1323 odium
2324 1270 2365 1302 ⁷⁷
2396 1268 2882 1324 Christianorum.
2911 1268 3076 1321 Nunc
3110 1267 3311 1338 igitur,
3357 1267 3405 1321 si
3440 1265 3634 1321 nomi-

1983 1357 2076 1412 nis
2106 1359 2305 1412 odium
2336 1365 2444 1425 est,
2478 1360 2610 1429 quis
2646 1358 2947 1412 nominum
2994 1361 3191 1411 reatus
3220 1355 3247 1409 Ἰ
3277 1356 3412 1418 Quae
3461 1372 3634 1409 accu-

1983 1447 2134 1501 satio
2162 1446 2601 1517 vocabulorum,
2655 1446 2767 1500 nisi
2826 1446 2875 1500 si
2936 1450 3039 1499 aut
3088 1444 3405 1499 barbarum
3466 1449 3637 1498 sonat

1984 1536 2182 1605 aliqua
2206 1552 2316 1591 vox
2348 1535 2627 1601 nominis,
2650 1540 2749 1589 aut
2770 1535 3230 1600 intaustum,aut
3262 1532 3635 1603 maledicum,

1986 1629 2090 1679 aut
2120 1624 2487 1694 impudicum
2511 1625 2538 1678 ?
2568 1623 2933 1678 Christianus
2964 1625 3425 1692 vero,quantum
3457 1619 3636 1675 inter-

1650 1730 1854 1791 Variee
1884 1730 2207 1791 lectiones.

283 1827 326 1861 ⁷³
354 1825 548 1901 Rigalt
580 1833 651 1901 et
700 1828 929 1881 Haverc.
965 1842 1007 1901 ge
1040 1830 1169 1901 eod.
1223 1826 1376 1882 Fuld.
1425 1832 1547 1898 Ego
1596 1827 1782 1901 miror
1825 1828 1986 1901 Luc:,
2036 1834 2149 1901 etc.
2186 1846 2198 1896 ;
2234 1830 2350 1901 Ego
2404 1828 2715 1883 Lucium...
2778 1828 2910 1883 Chr.
2974 1826 3239 1901 defero,

220 1899 466 2023 plurimis
491 1897 647 1952 codd.
682 1914 791 1953 non
822 1900 994 1967 magis
1017 1898 1384 1968 desideratur,
1417 1897 1580 1969 quam
1618 1916 1669 1953 v.
1707 1898 1906 1953 miror.
1944 1899 2060 1954 Led
2093 1901 2163 1954 cl‘.
2200 1902 2269 1955 ad
2284 1897 2435 1957 'Nat.
2470 1918 2519 1955 c.
2556 1902 2606 1954 4.
2643 1902 2767 1955 ΗτἘε
2797 1902 2956 1969 Leop.

264 1972 420 2023 ucius
453 1987 505 2023 s.
542 1970 754 2023 Lutius
785 1986 831 2023 s.
872 1970 1115 2023 Lusius:
1156 1970 1307 2023 codd.
1345 1973 1531 2023 Ursini
1560 1975 1611 2023 et
1633 1972 1895 2023 Seriverii
1928 1986 1940 2023 ε
1970 1971 2246 2023 lascivus.
2325 1973 2368 2006 ⁷⁵
2407 1973 2665 2023 Wouwer.
2697 1988 2766 2023 ea:
2794 1980 2917 2023 vett.
2945 1971 2956 2023 l

3302 1823 3444 1896 quod
3491 1841 3540 1880 v.
3575 1825 3637 1878 in

3035 1900 3080 1932 7"
3113 1897 3274 1953 Codd.
3330 1897 3581 1967 plerique
3610 1912 3622 1948 :

264 1972 420 2024 ucius
453 1987 505 2024 s.
542 1970 754 2023 Lutius
785 1986 831 2024 s.
872 1970 1115 2037 Lusius;
1156 1970 1307 2025 codd.
1345 1973 1531 2027 Ursini
1560 1975 1611 2025 et
1633 1972 1895 2025 Scriverii
1928 1986 1940 2024 ε
1970 1971 2246 2027 lascivus.
2325 1973 2368 2006 ⁷⁵
2407 1973 2665 2027 Wouwer.
2697 1988 2766 2026 ea:
2794 1980 2917 2025 vett.
2945 1970 3038 2024 lib.
3075 1972 3153 2024 sic
3191 1969 3321 2037 legit
3356 1986 3367 2022 :
3403 1984 3471 2021 ex
3502 1969 3629 2038 ipso

224 2043 644 2115 quodenotant
674 2039 955 2115 laudant;
988 2058 1038 2096 c.
1080 2058 1132 2115 o.
1165 2042 1199 2115 i.
1236 2059 1283 2115 s.
1318 2043 1361 2115 i.
1389 2043 1818 2115 Quodimulier,
1854 2043 2005 2113 quod
2043 2043 2278 2109 lasciva,
2305 2045 2459 2115 quod
2488 2040 3318 2112 l‘estiva.Quodjuvenis,quod
3349 2038 3628 2106 lascivus,

220 2114 357 2184 quod
389 2114 684 2178 amasius,
712 2113 851 2167 facti
883 2118 1024 2168 sunt
1052 2113 1388 2169 Christiani.
1466 2115 1509 2149 ⁷⁸
1537 2114 1669 2169 Jam
1701 2114 1867 2169 obest.
1903 2116 2085 2169 Paris.
2163 2117 2205 2150 ⁷⁷
2237 2113 2367 2171 Jam
2395 2116 2549 2170 addit
2578 2117 2763 2170 Paris.

1658 2216 2182 2275 Commentarios.

284 2311 385 2379 (58)
421 2309 592 2365 Caius
643 2310 823 2365 Seius.
882 2310 1072 2365 Verba
1128 2316 1268 2366 sunt
1296 2311 1729 2367 Jureconsultis
1762 2313 1868 2366 fre-

1992 2310 2220 2378 ὶαυτοὺς,
2255 2308 2324 2365 δι’
2354 2313 2427 2366 ὧν
2465 2311 2807 2365 σκώπτουσιν
2850 2309 3190 2379 ἐπαςνοῦντες
3240 2305 3421 2379 αὑτὸν,
3477 2310 3534 2361 et
3563 2307 3633 2360 de

225 2383 629 2452 quentissima,
666 2383 782 2455 ubi
800 2382 1049 2453 exempli
1081 2384 1287 2453 gratia,
1324 2384 1539 2455 aliquid
1575 2383 1869 2438 inculcare

224 2454 411 2507 volunt
438 2456 511 2508 de
548 2453 821 2525 personis
851 2455 907 2508 in
945 2471 1176 2525 genere.
1217 2456 1342 2509 Lac.

292 2527 397 2596 (59)
459 2527 701 2580 Tantum
758 2528 917 2595 quod.
980 2527 1304 2581 Familiaris
1371 2526 1607 2580 Auctori
1672 2529 1870 2579 nostro

229 2595 426 2651 locutio
471 2615 484 2651 :
544 2598 865 2652 Suetonius
911 2614 1143 2669 quoque
1194 2598 1250 2652 in
1303 2598 1548 2659 Nerone,
1609 2614 1658 2651 c.
1691 2600 1744 2662 6,
1802 2598 1872 2651 de

232 2674 478 2740 tempore
513 2669 840 2723 nativitatis
860 2671 987 2740 ejus
1023 2687 1035 2724 :
1071 2694 1096 2718 ‹‹
1123 2671 1374 2724 Tantum
1401 2670 1554 2739 quod
1580 2670 1873 2724 exoriente

231 2741 358 2805 sole,
393 2757 540 2810 pene
574 2745 643 2795 ut
690 2742 867 2795 radiis
915 2741 1252 2812 priusquam
1304 2746 1453 2796 terra
1509 2742 1871 2809 contingere-

229 2816 333 2884 tur.
362 2836 389 2861 ››
423 2821 651 2868 Sensus
681 2820 770 2867 est
799 2817 1083 2868 Neronem
1125 2814 1505 2884 intercepisse
1554 2814 1751 2867 radios
1782 2829 1872 2867 so-

230 2882 387 2957 lgaree.
423 2884 527 2954 qui
564 2885 730 2956 prius
761 2887 956 2955 ipsum
991 2902 1165 2957 quam
1202 2882 1416 2940 terram
1453 2886 1579 2938 luce
1608 2902 1715 2939 sua
1748 2901 1874 2957 per-

233 2955 864 3027 iuderuntzsumpsit,
926 2955 1234 3027 ut'plura,
1294 2959 1365 3011 ab
1427 2957 1713 3011 Lucretio.
1776 2956 1876 3011 llle

233 3026 325 3081 lib.
356 3044 417 3091 11,
446 3028 555 3081 2%
589 3045 603 3082 :

367 3134 604 3182 Tantum
635 3133 778 3195 quod
813 3146 1007 3183 nomen
1040 3138 1300 3183 mutatum
1331 3133 1503 3183 dicere
1534 3134 1725 3196 possis.
1776 3184 1777 3189 η

227 3239 455 3294 Veteres
485 3240 689 3294 excusi
721 3239 936 3294 habent
970 3241 1063 3295 hic
1094 3241 1184 3296 sed
1212 3240 1401 3296 mulus
1440 3244 1657 3295 tantum
1713 3241 1873 3311 quod,

230 3312 367 3380 quod
403 3312 681 3382 putidum
717 3311 861 3364 nulli
896 3314 1167 3367 meliores
1201 3313 1327 3367 libri
1354 3330 1494 3367 mss.
1529 3319 1873 3379 agnoscunt,

230 3390 279 3435 et
304 3384 660 3449 Salmasius,
697 3383 908 3453 Rigalt.
943 3385 997 3438 la
1027 3386 1207 3440 Cerda
1256 3385 1603 3454 etrScaliger
1659 3385 1872 3439 delent.

231 3456 447 3525 Tantum
482 3455 633 3525 quod
666 3456 815 3509 idem
851 3457 1003 3525 quod
1037 3458 1247 3511 (tlrmcis
1278 3453 1424 3523 πλὴν
1459 3453 1575 3508 ὅσοι
1608 3456 1695 3508 vel
1728 3454 1874 3522 πλήν

234 3522 324 3600 δςι.
358 3522 671 3595 Synesius,
702 3522 919 3600 citante
948 3530 1239 3600 Stephano
1265 3526 1409 3595 πλὴν
1444 3527 1567 3581 ὅσον
1603 3526 1875 3600 ηὐξάμην.

232 3596 313 3721 ξε
343 3615 583 3669 quoque
615 3596 1324 3670 Aristophanes-Nubibus
1385 3601 1529 3655 dixit
1588 3598 1733 3665 πλὴν
1796 3600 1876 3651 ὅτι

282 3685 358 3721 ιν.

282 3685 358 3722 ιν.

300 3742 404 3812 {00)
445 3742 641 3808 l’agos,
675 3740 833 3795 viles.
864 3743 1159 3811 improbos.
1205 3744 1369 3812 Vagus
1427 3743 1498 3796 ob
1547 3741 1878 3807 libidinem,

239 3809 365 3865 viles
394 3814 469 3866 ob
503 3811 736 3882 copiam
772 3813 864 3867 sui
895 3809 1232 3881 vilil‘actam,
1265 3809 1535 3884 improbos
1576 3815 1647 3868 ob
1690 3830 1881 3867 mores

242 3883 414 3938 malos
450 3900 463 3936 :
501 3900 665 3953 vagos
698 3884 841 3939 istos
877 3901 975 3953 per
1022 3887 1307 3940 ambulare
1344 3883 1631 3955 expressit
1679 3888 1882 3938 Adria-

241 3970 341 4009 nus
369 3960 565 4010 Caesar
598 3956 655 4009 in
690 3956 791 4010 illo
814 3958 883 4010 ad
922 3957 1150 4012 Florum
1185 3960 1369 4029 epigr.
1405 3958 1557 4028 apud
1588 3957 1881 4028 Spartian.

475 4079 590 4135 Ego
626 4077 749 4127 nolo
781 4079 965 4128 Florus
995 4094 1129 4141 esse,

476 4142 773 4190 Ambulare
805 4156 900 4203 per
932 4144 1201 4202 tabernas,

485 4204 723 4252 Latitare
756 4218 850 4263 per
879 4208 1128 4266 popinas,

479 4266 684 4315 Calices
710 4267 815 4329 pati
843 4268 1123 4317 rotundos.

305 4380 410 4449 (61)
447 4385 535 4437 Bx
566 4382 684 4449 ipso
716 4380 997 4451 denotant,
1050 4388 1159 4439 etc.
1214 4383 1509 4437 Pamelius
1559 4388 1615 4437 et
1647 4383 1773 4453 Rig.
1808 4382 1889 4437 le-

248 4457 430 4526 gunt:
468 4476 494 4501 (ι
530 4453 611 4526 Ea
644 4453 771 4526 ipso
802 4455 1103 4520 denotant,
1138 4457 1290 4526 quod
1326 4456 1590 4519 laudant,
1636 4456 1891 4509 caecitate

248 4522 439 4598 odiiin
475 4524 828 4598 suffragium
861 4522 1217 4598 impingunt.
1253 4528 1386 4589 Ome
1423 4528 1673 4598 mulier!
1713 4543 1889 4596 quam

248 4591 490 4669 lasciva!
530 4591 711 4665 quam
738 4591 979 4669 festival
1016 4591 1119 4661 om
1148 4600 1395 4667 juvenes
1422 4596 1433 4650 Ι
1456 4600 1553 4669 qui
1590 4591 1802 4652 Lucius
1829 4598 1840 4651 l
1866 4620 1892 4644 »

252 4663 451 4741 ﬂigalt,
488 4689 516 4713 ‹‹
544 4663 732 4741 gnam
769 4666 993 4724 lusiusl
1030 4663 1205 4741 quam
1248 4663 1527 4738 amasius,
1589 4671 1722 4723 facti
1758 4674 1896 4724 sunt

252 4735 582 4812 Christiani:
622 4761 648 4787 n
682 4742 783 4794 Ms.
846 4741 988 4795 Fuld
1048 4735 1078 4791 'u
1114 4744 1191 4795 Ex
1242 4742 1349 4795 hoc
1408 4735 1534 4812 ipso
1592 4743 1893 4808 denotant,

254 4810 391 4876 quod
428 4810 688 4883 laudant,
708 4812 962 4867 caecitate
995 4813 1197 4879 odii,in
1232 4810 1579 4883 sull'ragium
1613 4831 1891 4868 enarran-

257 4883 355 4959 tes,
386 4898 517 4959 qua:
543 4880 781 4959 mulier,
815 4901 990 4959 quam
1026 4885 1259 4949 lasciva,
1292 4880 1469 4959 quam
1515 4885 1719 4959 festiva
1750 4884 1761 4938 l
1797 4884 1896 4955 qui

250 4954 496 5025 juvenis.
526 4970 708 5025 quam
740 4954 951 5017 iusius,
995 4972 1168 5025 quam
1205 4954 1602 5016 amasius.etc.
1633 4954 1895 5011 Rbendn.

1980 2389 2206 2458 Zenone
2244 2380 2351 2450 ;Ο’ἷ
2390 2405 2452 2458 γε
2502 2384 2595 2455 μὲν
2651 2381 2889 2453 κωμικοὶ
2942 2378 3228 2434 Elii/Orat»:
3282 2378 3629 2458 ἒςπᾳινοῦντες

1979 2455 2138 2508 αὐτὸν
2170 2453 2256 2508 διὰ
2285 2450 2412 2508 τῶν’
2444 2450 2816 2526 σδέωμμάτών,
2868 2456 2905 2517 i,
2940 2471 3015 2518 e.,
3080 2474 3107 2501 «
3161 2450 3374 2526 Comici
3428 2455 3631 2526 tamen

1980 2529 2407 2598 imprudentes,
2462 2522 2618 2581 hunc
2676 2528 2816 2579 dum
2869 2526 3247 2598 Vivituperant,
3311 2522 3627 2598 laudant.)

1979 2594 2255 2673 Spectant
2288 2601 2357 2655 ad
2392 2600 2701 2673 sequentia
2727 2598 2829 2651 illa
2867 2597 3056 2673 Nostri
3090 2598 3164 2650 ad
3193 2596 3537 2673 Scap.,_cap.
3571 2594 3625 2673 2,

1982 2665 2150 2725 «'nec
2181 2671 2416 2726 aliunde
2447 2665 2759 2725 n'oseibiles
2791 2686 2966 2740 quam
2997 2669 3067 2722 de
3108 2665 3515 2722 emendatione
3546 2665 3629 2719 vi-

1981 2744 2196 2798 tiorum
2233 2744 2637 2813 pristinorum.
2673 2764 2699 2791 n
2734 2746 2873 2794 ΗΑν.

2052 2816 2164 2885 (62)
2196 2808 2329 2870 fam
2356 2815 2636 2888 pudicam.
2676 2814 2866 2888 Rhen,
2895 2816 2952 2864 et
2986 2808 3299 2888 ms.Lugd.
3333 2808 3457 2888 Eat.
3492 2820 3629 2888 uate-

1984 2878 2095 2941 rein
2121 2878 2399 2957 pudicam.
2438 2886 2519 2939 Ita
2554 2886 2652 2940 lib.
2708 2884 2782 2937 Ad
2834 2884 3020 2950 Scarp.
3077 2878 3213 2949 cap.
3237 2881 3290 2943 3,
3336 2878 3629 2957 Claudius

1985 2950 2420 3012 Herminiamus
2446 2958 2683 3026 indigne
2718 2958 2823 3008 l'ert
2838 2968 3062 3007 iurarem
3090 2967 3249 3004 suam
3273 2951 3345 3026 ad
3366 2950 3507 3003 hanc
3526 2964 3634 3002 sce-

1985 3034 2107 3084 tam
2136 3033 2421 3084 transisse.
2459 3022 2655 3082 li‘ieb'at
2687 3028 2739 3079 id
2778 3042 2953 3097 prava
2990 3022 3630 3097 Vpriesumptione,,quae

2029 3109 2181 3155 atere
2215 3106 2405 3172 potest
2427 3117 2494 3154 ex
2526 3093 2821 3165 sacrilegis
2855 3094 3080 3172 Apuleii
3105 3094 3429 3172 verbisAs.
3465 3093 3637 3171 Aur:-

2029 3118 2181 3155 atere
2215 3118 2405 3172 ροιθδι
2427 3118 2494 3154 ex
2526 3118 2821 3165 sacrilegis
2855 3118 3080 3166 Apumll
3116 3118 3317 3172 verum.
3334 3118 3429 3172 n.1,.
3465 3118 3637 3171 aur:-

1984 3118 2085 3228 ΕΙ).
2122 3190 2178 3226 1x
2209 3189 2223 3227 :
2255 3194 2282 3221 ‹‹
2316 3173 2477 3225 Tunc
2497 3171 2707 3240 spretis
2740 3175 2914 3238 atque
2936 3166 3175 3221 calcatis
3207 3166 3420 3240 d_iv1nis
3445 3179 3661 3240 dumi--

1986 3247 2182 3307 nibus,
2217 3244 2273 3298 in
2304 3245 2484 3297 vicem
2521 3233 2684 3297 certae
2717 3233 3037 3307 religionis,
3072 3236 3324 3290 mentitae
3342 3233 3631 3303 sacrilega

1985 3317 2454 3388 praesumptione
2476 3316 2589 3388 Dei,
2624 3328 2797 3385 quem
2832 3311 3169 3388 pradicaret
3198 3309 3461 3388 unicum,
3495 3322 3629 3385 con-

1989 3378 2142 3443 iietis
2173 3378 2677 3442 observationibus
2710 3378 2929 3443 vacuis.
2965 3380 3169 3436 fallens
3208 3396 3413 3433 omnes
3444 3378 3635 3431 homi—

1989 3478 2113 3523 nes,
2139 3465 2196 3514 et
2230 3460 2509 3513 miserum
2539 3458 2811 3512 maritum
2838 3452 3452 3529 decipiensmatutino
3476 3464 3635 3529 mero

1988 3538 2045 3587 et
2076 3522 2351 3586 continuo
2384 3537 2584 3599 stupro
2618 3544 2829 3601 corpus
2864 3522 3248 3595 manciparat.
3270 3544 3323 3601 i1
3356 3522 3638 3601 Loquitur

1990 3605 2068 3658 ibi
2105 3605 2174 3657 de
2206 3594 2512 3657 matutinis
2545 3594 3003 3655 Christianorum
3038 3594 3635 3658 cenventibus,sacris

1912 3681 1954 3747 α
1992 3675 2113 3729 illis
2145 3681 2201 3729 et
2224 3675 2515 3747 innocuis,
2549 3674 2647 3747 sed
2681 3689 2713 3747 a
2745 3669 3061 3747 gentilibus
3113 3666 3431 3747 mendaciis
3456 3668 3513 3747 et
3541 3679 3636 3747 ca-

1994 3747 2240 3801 lumniis
2262 3736 2904 3800 oneratis.0mniavero
2938 3740 3059 3793 haec
3093 3755 3192 3808 per
3220 3736 3449 3808 hyphen
3468 3737 3638 3804 juxta

1994 3818 2366 3888 antiquitatis
2398 3832 2617 3871 morem
2677 3810 3203 3888 suntscrib‘enda
3225 3808 3637 3888 jam-pudicam

1992 3876 2379 4018 getrp'patiens,
2412 3887 2759 3958 iam-fidelis,
2781 3884 3125 3951 olim-mitis,
3151 3876 3398 3951 ut'apud
3430 3876 3635 3950 Virgil.

2038 3979 2098 4019 cc
2129 4004 2139 4017 .
2174 3979 2212 4016 1.

2148 4071 2391 4130 Namque
2422 4066 2522 4115 erit
2552 4064 2633 4113 ille
2666 4064 2797 4113 mihi
2832 4074 3041 4123 semper
3073 4062 3234 4121 Deus,

1998 4172 2055 4223 et
2085 4168 2269 4235 Georg.
2305 4182 2395 4231 111,
2425 4165 2514 4227 92,
2566 4164 2635 4217 de
2668 4161 2850 4216 nobili
2909 4175 3080 4231 equo,
3142 4156 3244 4228 qui
3303 4158 3368 4211 ut
3423 4154 3649 4209 Ennius

1997 4242 2149 4296 senio
2188 4236 2450 4308 confeetu’
2491 4237 2740 4306 quiescit.

2000 4347 2153 4395 Hunc
2182 4358 2398 4407 quoque
2418 4343 2521 4407 ubi,
2536 4346 2628 4390 aut
2644 4339 2830 4407 morbo
2842 4333 3250 4407 gravis,autjam
3266 4332 3480 4407 segnior
3497 4329 3654 4379 annis

2096 4400 2464 4457 Deﬁ'citfabde
2495 4404 2652 4452 domo
2686 4400 2961 4461 nec-turpi
2992 4400 3209 4461 ignosce
3244 4400 3496 4444 senectae.

2002 4509 2067 4561 In
2102 4505 2271 4575 cujus
2302 4500 2781 4575 interpretatione
2813 4495 3062 4565 turpiter
3093 4510 3153 4548 se
3180 4490 3655 4575 datngil'aniusin

2006 4564 2201 4633 Indice
2234 4564 2594 4637 Lucretiano,
2628 4572 2728 4640 qui
2760 4570 2884 4639 ipse
2916 4564 3151 4638 quoque
3182 4583 3223 4635 1,
3261 4564 3359 4618 125
3393 4579 3405 4617 ε

2132 4682 2279 4732 Unde
2313 4681 2413 4728 sibi
2445 4681 2687 4741 eyortam
2717 4688 2925 4736 semper
2956 4672 3196 4721 ﬂorentis
3227 4669 3447 4717 Homeri

2129 4740 2519 4794 Commemorat
2548 4740 2799 4803 speciem.

2009 4859 2115 4898 nec
2148 4842 2259 4895 alio
2293 4842 2463 4895 modo
2500 4837 2763 4899 Publius,
2790 4850 2939 4888 vers.
2970 4832 3071 4885 731
3111 4846 3123 4885 :

2135 4950 2301 4996 Suum
2334 4944 2775 5007 sequiturlumen
2810 4951 3019 5000 semper
3050 4936 3381 4985 innocentia.

256 5022 470 5114 ἕλιξί)Ξο
503 5024 809 5107 qenqtant'
837 5022 1173 5114 69]”ng
1204 5046 1310 5114 θερ-
1338 5050 1378 5114 ,”
1416 5029 1522 5114 Μῗ·
1559 5045 1730 5114 quiem
1752 5046 1897 5114 ,(⁷οη-
1934 5051 1976 5114 Ι)
2009 5044 2308 5112 Quomodo
2332 5041 2672 5097 acclamatio
2696 5043 2935 5093 senatus
2957 5033 3110 5114 appd
3140 5027 3664 5114 Vopiscumfrobo

257 5094 378 5170 tulit
409 5095 736 5170 Scriverius
768 5115 780 5151 :
818 5121 841 5147 ‹‹
880 5100 960 5154 Ex
993 5100 1119 5170 ipso
1143 5101 1293 5169 quod
1321 5094 1896 5167 denotant,laudant,

258 5166 323 5241 al.
357 5165 741 5241 collaudant;
779 5193 805 5216 ››
841 5180 894 5224 et
955 5165 1085 5225 mox
1122 5165 1198 5225 ;’‹‹
1231 5173 1384 5241 quod
1447 5165 1678 5235 mulier,
1741 5172 1895 5241 quod

259 5233 487 5313 lasciva.
526 5241 678 5313 quod
714 5241 932 5305 festiva,
967 5244 1119 5313 quod
1147 5233 1406 5311 juvenis,
1436 5246 1590 5313 quod
1627 5233 1899 5305 lascivus,

302 5308 405 5388 uod
440 5310 727 5388 amasius,
763 5335 790 5360 »
819 5308 1001 5388 Acte,
1039 5308 1404 5388 approbante
1454 5308 1586 5369 illo.
1646 5317 1905 5385 Scaliger

297 5383 505 5449 enique
528 5398 604 5459 ex_
636 5383 869 5459 ingenio
901 5383 1226 5459 corrigebat
1257 5388 1582 5453 retondius,
1610 5410 1634 5435 ‹‹
1671 5404 1736 5441 eo
1774 5383 1902 5459 ipso

265 5449 560 5533 denotant.
594 5449 855 5510 laudant.
893 5481 915 5533 ξ
953 5449 1266 5533 Diogenes
1298 5449 1905 5533 Laertius'pariterne

264 5522 648 5596 Aristophane
680 5532 737 5580 et
769 5529 1006 5583 comicis
1039 5522 1179 5584 dicit
1212 5530 1366 5596 illos,
1411 5531 1549 5584 dum
1591 5522 1903 5585 'Socratem

266 5594 565 5677 traducere
594 5603 648 5652 et
682 5600 1010 5677 vituperare
1041 5594 1449 5677 conantur.veo
1483 5603 1611 5677 ipso
1644 5602 1904 5677 laudare.

268 5665 450 5722 Verba
483 5668 610 5738 ejus
643 5674 781 5724 sunt
813 5665 882 5727 in
925 5676 1178 5731 Socratis
1224 5674 1359 5731 Vita
1392 5692 1405 5732 :
1442 5665 1523 5727 Oi.
1550 5671 1906 5739 λανθάνουσιν

586 5797 853 5862 Paeon.
904 5802 955 5863 Ι.

2011 5103 2349 5187 imperatori
2378 5116 2546 5176 facta,
2581 5110 2969 5187 accipi-etiam
2999 5103 3190 5159 debet
3223 5103 3245 5187 ξΔ
3274 5128 3320 5187 ‹‹⁸
3337 5103 3666 5187 Probe-Au-

2013 5175 2204 5262 guste,
2235 5189 2315 5242 dii
2348 5175 3141 5262 te_servent.Elim-«lignus,
3198 5181 3269 5262 et.
3297 5175 3549 5262 fortisct
3572 5175 3669 5262 ju:

2016 5247 2165 5323 stus,
2262 5264 2369 5312 etc.
2406 5258 2670 5325 Denique
2700 5253 2796 5306 ille
2855 5252 3164 5325 dominus“
3193 5247 3521 5325 oli‘mvmz'tis
3575 5247 3668 5299 est

2016 5319 2286 5388 Terentio
2319 5332 2452 5384 Afro
2485 5319 2603 5382 heri
2632 5323 3094 5395 semper-lenitas.
3130 5320 3289 5381 Quod
3323 5336 3438 5395 non
3472 5319 3672 5395 obser-

2016 5412 2214 5459 vatum
2251 5404 2501 5465 etinl'ra,
2537 5405 2600 5454 ut
2667 5389 2773 5452 suo
2835 5396 2955 5447 loco
3012 5393 3257 5458 dicetur,
3319 5389 3670 5459 elegantiam

2019 5495 2124 5532 suo
2158 5474 2380 5531 auctori
2414 5478 2613 5527 nostro
2646 5467 2973 5527 abstulit,et
3005 5466 3251 5519 nitorem
3290 5466 3523 5519 Lucano
3551 5476 3675 5514 ma-

2021 5548 2232 5622 gniﬁco
2263 5552 2463 5618 poetic,
2498 5543 2595 5615 qui
2626 5541 2726 5597 lib.
2760 5556 2836 5606 1x,
2873 5538 2972 5593 148
2995 5537 3076 5591 ita
3108 5536 3389 5605 legendus
3424 5552 3436 5588 :

2147 5679 2395 5731 Evolvam
2430 5679 2589 5729 busto
2616 5675 2953 5741 jam-numen
2986 5669 3233 5734 gentibus
3264 5668 3388 5718 Isim
3422 5665 3548 5713 lin.

3276 5789 3346 5847 li
