4072 6190
390 358 510 418 335

911 358 1438 421 TERTULLIANI
1484 355 1811 420 OPERUM
1854 356 2057 417 PARS
2103 357 2153 417 l.
2182 388 2264 401 —-
2292 356 2569 417 SERIES
2615 356 2664 431 l,
2708 353 3276 415 APOLOGETICA.

3655 364 3762 425 336

387 492 515 565 ipso
547 492 961 565 prajudicatur
1001 491 1195 560 licere,
1231 493 1385 564 quod
1420 494 1565 548 bene
1596 493 1680 548 tit.
1716 492 1775 548 Si
1824 492 2043 547 bonum
2074 494 2128 560 Α
2160 489 2377 547 doloris
2426 489 2824 555 incusserunt,
2860 492 2925 542 ut
2968 488 3026 543 in
3079 505 3304 545 secessu
3340 492 3448 563 (76)
3477 493 3659 550 inedia
3704 498 3769 554 de

387 581 663 637 invenero
695 597 847 647 esse,
882 581 1033 651 quod
1083 580 1174 635 lex
1223 586 1324 635 tua
1372 580 1701 653 paohibuit,
1735 597 1929 636 nonne
1977 598 2045 635 ex

386 669 486 725 illo
539 669 877 741 prajudicio
932 669 1238 740 prohibere
1263 687 1354 725 me
1404 687 1517 724 non
1568 674 1759 740 potest
1788 671 1852 738 ⁸⁷,
1887 670 2040 741 quod

391 755 442 812 si
470 756 691 811 malum
727 760 900 823 esset,
929 756 1058 826 jure
1108 756 1441 828 prohiberet
1470 757 1498 812 '?
1528 758 1586 813 Si
1620 756 1709 813 lex
1752 760 1855 813 tua
1883 774 2043 812 erra-

386 846 488 911 vit,
536 848 696 916 puto,
751 846 822 900 ab
876 844 1111 899 homine
1160 852 1442 918 concepta
1494 852 1616 913 est;
1652 864 1842 918 neque
1885 846 2041 902 enim

393 934 463 988 de
498 934 637 990 coelo
672 932 788 988 ruit
819 933 955 1004 (75).
992 933 1287 989 Miramini
1337 935 1630 991 hominem
1683 935 1836 992 286
1868 941 1970 990 aut
1998 936 2042 969 ⁸⁸

392 1040 585 1078 errare
636 1023 894 1094 potuisse
939 1023 995 1076 in
1039 1022 1166 1095 lege
1220 1025 1543 1094 condenda,
1577 1028 1676 1079 aut
1726 1024 2044 1095 resipuisse

392 1113 437 1147 3°
467 1112 523 1165 in
560 1111 923 1183 reprobanda
950 1110 962 1165 Ι
998 1116 1199 1167 Nonne
1231 1114 1274 1147 9°
1304 1118 1361 1167 et
1390 1113 1578 1184 ipsius
1612 1115 1852 1186 Lycurgi
1886 1114 2043 1185 leges

393 1217 427 1256 a
483 1200 938 1255 Lacedaemoniis
990 1201 1333 1270 emendata,
1375 1207 1603 1257 tantum
1655 1204 1876 1258 auctori
1936 1219 2042 1257 suo

2153 581 2471 651 semetipso
2514 578 2841 650 judicarit?
2870 577 3071 633 Nonne
3100 579 3145 613 9°
3174 584 3232 633 at
3256 596 3355 636 vos
3398 583 3503 653 (77)
3534 584 3771 655 quotidie

2151 669 2564 739 experimentis
2597 667 3070 722 illuminantibus
3118 670 3388 724 tenebras
3426 672 3769 742 antiquitatis

2152 761 2333 813 totam
2367 756 2527 811 illam
2581 761 2833 811 veterem
2866 761 2922 810 et
2950 755 3317 825 squalentem
3369 756 3565 813 silvam
3594 759 3769 832 legum

2152 846 2317 901 novis
2350 844 2765 917 principalium
2799 844 3216 916 rescriptorum
3250 846 3364 917 (78)
3394 851 3448 901 et
3476 848 3772 905 edictorum

2153 935 2459 991 securibus
2510 933 2798 989 truncatis
2827 934 2868 969 ⁹¹
2905 938 2961 987 et
3006 933 3228 989 caditis
3254 935 3281 988 ?
3315 934 3511 992 Nonne
3550 939 3777 993 vanissio

2153 1040 2279 1079 mas
2312 1023 2520 1095 Papias
2555 1023 2666 1091 (79)
2700 1022 3012 1093 leges,qua
3044 1027 3176 1078 ante
3209 1022 3422 1078 liberos
3454 1024 3665 1096 suscipi
3696 1043 3776 1081 co-

2152 1117 2313 1183 gunt,
2365 1128 2544 1183 quam
2591 1110 2759 1166 Julia
2787 1112 2830 1145 ⁹²
2875 1111 3316 1166 matrimonium
3371 1112 3485 1183 (80)
3534 1114 3779 1169 contrahi

2152 1201 2301 1257 287
2375 1204 2508 1272 post
2572 1204 2747 1255 tanta
2816 1199 3180 1255 auctoritatis
3264 1203 3617 1255 senectutem
3680 1204 3776 1273 (81)

1808 1302 2013 1362 Varia
2044 1300 2368 1360 lectiones.

459 1388 503 1422 ⁸⁷
536 1387 624 1442 Sic
646 1387 761 1443 cod.
794 1386 989 1457 Lugd.,
1022 1388 1257 1460 Herald.
1290 1393 1339 1443 et
1366 1388 1589 1444 Semter.
1618 1408 1632 1460 ;
1667 1390 1923 1446 Gelenius
1954 1406 1972 1443 :
2008 1388 2308 1459 prohibuit
2356 1403 2591 1456 nomen,
2632 1403 2701 1460 ex
2753 1385 2851 1441 illo
2883 1385 3204 1460 prohibere
3256 1402 3350 1460 me
3387 1402 3520 1460 _non
3569 1391 3780 1458 potest;

388 1460 589 1529 Rigalt.
622 1468 672 1514 et
706 1456 935 1514 Haverc.
970 1476 983 1514 :
1019 1478 1075 1514 n.
1110 1476 1157 1514 e.
1192 1459 1229 1514 i.
1285 1456 1625 1531 prajudico'
1651 1461 1959 1531 prohibere
2008 1456 2137 1515 eam
2190 1477 2299 1513 non
2355 1475 2546 1529 posse.
2576 1529 2589 1531 _
2623 1459 2668 1492 ⁸⁸
2702 1462 2818 1511 Aut
2862 1456 3002 1531 delet
3048 1459 3228 1512 Paris.
3306 1458 3351 1491 3°
3386 1456 3688 1531 Recepisse
3729 1475 3785 1513 se

387 1532 596 1602 Paris.)
656 1531 699 1565 ⁹⁰
727 1531 851 1586 Non
884 1531 1040 1585 enim
1075 1532 1190 1601 Rig.
1268 1533 1310 1567 91
1347 1529 1577 1594 l’amct.,
1604 1529 1877 1588 Heraldus
1907 1534 2120 1602 aliique
2149 1548 2174 1602 :7
2205 1532 2529 1597 truncatis;
2563 1529 2815 1601 Scaliger
2844 1534 2893 1584 et
2922 1529 3165 1585 Scriver.
3205 1546 3219 1587 :

3258 1530 3521 1585 runcatis
3546 1547 3559 1597 ;
3596 1531 3786 1599 Rigalt.

394 1601 675 1670 rustatis;
708 1605 936 1658 Havere.
972 1603 1244 1658 ruscatis.
1322 1604 1367 1638 ⁹²
1404 1606 1650 1661 Wouwer
1679 1622 1707 1660 e
1736 1606 1843 1661 MS.
1881 1601 2057 1675 quam
2088 1601 2256 1658 Julia
2287 1604 2640 1674 permittunt
2669 1609 2843 1656 matr.
2876 1607 2985 1655 etc.

1833 1703 2355 1763 Commentarius.

460 1790 568 1861 (75)

388 1863 697 1917 Evidenter
722 1878 853 1916 vero
879 1864 1064 1925 tangit
1090 1868 1145 1916 et
1166 1862 1369 1917 irridet
1391 1863 1603 1918 ancilia
1618 1868 2040 1931 Romanorum,

389 1940 446 1988 et
474 1934 656 2005 Troja
684 1932 927 2004 originis
957 1933 1343 1988 {Eneadarum
1399 1934 1721 1989 Palladium
1759 1953 1770 1990 :
1806 1952 1874 1991 ex
1905 1951 2044 2005 quo-

392 2022 524 2060 rurn
559 2004 889 2059 imitatione
919 2004 1088 2074 illud,
1118 2007 1268 2075 quod
1304 2004 1555 2076 legimus
1586 2008 1642 2061 in
1676 2009 1795 2076 Act.
1838 2004 2038 2076 ApOst.

390 2094 504 2150 xix,
533 2077 706 2150 .35‘de
740 2078 880 2150 urbe
932 2074 1159 2147 Epheso
1190 2074 1404 2150 aditus
1438 2094 1451 2133 :
1486 2083 1591 2145 Τῆς
1640 2074 2041 2150 μεγάληςήθεᾶς

392 2142 723 2221 Ἀρτέμιδος
745 2147 831 2199 καὶ
861 2150 955 2200 τοῦ
982 2142 1611 2221 'Atom'coSQNympaa
1641 2142 1874 2221 quoque
1905 2154 2043 2219 Ege-

390 2221 491 2294 riae
516 2236 651 2294 cum
685 2219 875 2276 Numa
912 2220 1198 2291 Pompilio
1232 2219 1583 2291 colloquium
1615 2219 1909 2294 suggillare
1943 2238 2043 2293 pa-

390 2292 535 2346 riter
562 2290 812 2347 videtur.
847 2295 990 2346 HAV.

462 2363 573 2449 (76)
610 2364 670 2449 Ψ
702 2363 763 2417 in
792 2378 1035 2449 accessu,
1083 2365 1200 2449 etc‘.
1228 2361 1387 2424 Quod
1442 2378 1641 2417 verum
1696 2361 2042 2416 Plutarchus

393 2431 675 2500 affirmat,
710 2434 806 2488 sed
843 2439 1080 2503 propter
1127 2431 1301 2487 aliam
1335 2449 1599 2499 causam,
1632 2451 1759 2487 cum
1810 2450 2041 2504 nempe,

389 2506 562 2575 quasi
612 2507 803 2559 denuo
853 2506 922 2559 ad
974 2504 1286 2557 ()raculum
1337 2507 1727 2574 profecturus,
1777 2506 2040 2559 Laceda-

388 2576 618 2631 monios
648 2576 1458 2644 obstrinxissetjurejurando
1483 2577 1638 2647 leges
1684 2593 1823 2630 suas
1846 2577 2042 2630 incor-

390 2654 594 2717 ruptas
622 2648 693 2701 ad
727 2649 979 2702 reditum
1013 2655 1367 2716 servaturos,
1401 2666 1527 2718 qua
1582 2652 1643 2702 ut
1674 2664 1905 2719 semper
1928 2648 2040 2719 rim-

391 2724 562 2774 mota
619 2725 939 2785 manerent,
976 2736 1273 2789 nunquam
1332 2720 1521 2787 rediit,
1571 2720 1667 2775 sed
1730 2718 1815 2774 ini
1847 2718 2043 2774 Crissa

392 2792 589 2845 inedia
638 2796 883 2845 mortem
939 2790 1050 2845 sibi
1101 2790 1400 2845 conscivit.
1439 2792 1573 2845 Post
1629 2808 1762 2845 vero
1822 2791 2041 2845 multas

394 2864 536 2917 alias
567 2863 724 2933 leges
754 2862 980 2934 legibus
1016 2862 1255 2933 Lycurgi
1285 2864 1545 2933 adjectae
1579 2862 1759 2918 fuisse
1798 2862 2039 2918 demon-

394 2938 543 2990 strat
573 2934 727 2989 idem
760 2933 1004 3005 Gregius
1036 2934 1129 3000 lll,
1162 2935 1210 2988 1.

464 3007 575 3076 (77)
608 3007 797 3061 Nonne
822 3004 1008 3071 et’vos,
1042 3009 1152 3061 etc.
1185 3005 1268 3059 Ab
1300 3004 1510 3060 exteris
1537 3005 1610 3060 ad
1661 3004 1819 3075 ipsos
1872 3004 2038 3059 Rom.

392 3078 807 3133 transitionem
871 3078 1023 3145 facit,
1071 3094 1218 3148 quos
1280 3077 1535 3146 quotidie
1596 3077 1762 3131 docet
1819 3080 2040 3131 veteres

625 1791 695 1844 De
739 1789 866 1844 casto
915 1792 1050 1844 ruit.
1110 1788 1377 1857 Διοπετὴς
1432 1796 1496 1845 ut
1544 1795 1748 1847 notant
1794 1791 2039 1860 interpr.
2074 1795 2121 1858 B
2154 1791 2364 1861 fragm.
2396 1791 2485 1844 tit.
2522 1790 2608 1854 16,
2642 1789 2699 1844 in
2734 1787 2981 1861 princip.
3015 1790 3220 1859 agens)
3256 1790 3347 1844 vir
3377 1791 3433 1842 et
3485 1803 3628 1843 uiror
3657 1789 3792 1861 inter

2157 1878 2212 1915 se
2241 1856 2476 1916 Eolidum
2505 1878 2698 1933 capere
2734 1856 2986 1931 possunt,
3018 1856 3279 1915 vcluti'si
3326 1870 3557 1929 uterque
3602 1859 3679 1933 uel
3722 1856 3795 1910 al-

2150 1938 2358 1988 teruter
2390 1949 2581 1988 eorum
2628 1934 2872 1987 nondum
2920 1933 3038 1999 eius
3085 1937 3272 1988 aetati:
3303 1934 3405 1999 sit,
3438 1948 3561 2004 qua:
3608 1932 3794 1985 libero:

2154 2006 2352 2073 exigit,
2383 2004 2438 2058 id
2467 2013 2565 2069 est,
2598 2004 2648 2058 .ςί
2678 2007 2763 2058 vir
2792 2006 2976 2058 minor
3018 2020 3295 2059 annorum
3327 2006 3540 2074 viginti
3572 2006 3795 2074 quinque

2152 2072 2378 2143 sinaut
2408 2093 2548 2131 uxor
2595 2092 2870 2130 annorum
2902 2076 3118 2143 viginti.
3150 2078 3229 2131 Ac
3264 2092 3337 2130 ne
3370 2072 3506 2145 quis
3538 2072 3796 2129 dubitare

2153 2148 2429 2218 deinceps
2461 2148 2648 2218 possit
2676 2152 2906 2202 atatem
2936 2156 3089 2219 certe
3120 2146 3248 2219 lege
3280 2145 3798 2219 Papiasuscipien-

2154 2220 2246 2274 dis
2272 2214 2477 2274 liberis
2495 2214 3227 2285 delinitam,Tertullianu's
3252 2214 3390 2273 cum
3414 2214 3669 2289 Ulpiano'
3689 2214 3795 2270 col-

2154 2290 2309 2346 latus
2349 2292 2682 2361 Apologetici
2713 2308 2789 2356 ιν,
2822 2292 2991 2344 faciet
3022 2308 3034 2344 :
3069 2292 3261 2345 Nonne
3310 2292 3665 2353 vanissimas,
3699 2292 3797 2341 etc.

2152 2362 2553 2434 Suscipiendis
2602 2362 2783 2433 igitur
2836 2361 3177 2434 liberisgea,
3229 2377 3415 2434 quam
3476 2361 3618 2416 dixi.
3672 2364 3801 2412 atas

2154 2432 2532 2505 Lege—Papia
2563 2432 2845 2505 pratinita
2895 2434 3021 2487 fuit.
3052 2432 3270 2505 Verum
3329 2433 3517 2487 laxior
3546 2449 3580 2505 a
3607 2436 3803 2505 Severo

2153 2502 2493 2570 constituta,
2530 2502 2738 2576 nempe
2786 2504 2905 2573 illa,
2938 2522 3112 2573 quam
3164 2504 3460 2575 Ulpianus
3511 2504 3614 2559 ait.
3646 2503 3713 2556 Et
3742 2502 3805 2555 ad

2154 2578 2496 2648 nuptiarum
2529 2577 3062 2632 contrahendarum
3095 2580 3329 2632 atatem
3366 2578 3424 2630 id
3459 2576 3808 2630 Sozomcnus

2153 2651 2223 2703 de
2274 2650 2333 2704 L.
2366 2650 2523 2704 Julia
2578 2654 2634 2720 et
2681 2649 2862 2720 Papia
2908 2648 3235 2720 agensilib.
3280 2665 3323 2715 ι,
3358 2664 3491 2720 cap.
3536 2648 3596 2712 9,
3627 2660 3811 2720 errore

2152 2720 2499 2790 transtulit:
2556 2715 2783 2789 Νόμοςξ
2819 2715 3034 2790 inquit,
3089 2719 3153 2785 ἦν
3202 2715 3512 2790 Ῥωμαίόις
3564 2715 3810 2781 παλαιὸς,

2153 2790 2256 2844 ἀπὸ
2290 2789 2457 2844 εἶόιοσι
2507 2792 2595 2844 καὶ
2645 2787 2798 2845 ὲτὲνεὲε
2846 2787 3001 2857 ἐτῶν,
3033 2792 3141 2842 τῶν
3185 2787 3327 2843 ’ἴσωκὶ
3392 2790 3675 2859 ἀξιοῦσθαι
3712 2807 3810 2839 κω-

2153 2860 2298 2916 λύων
2330 2861 2457 2925 τοὺς
2487 2861 2744 2934 -ἀγάμους
2791 2861 2867 2932 μή
2916 2859 3210 2934 τοιοιξτοις,
3250 2863 3814 2934 dice_re_debuit_So-

2150 2951 2433 2989 zomonus
2482 2930 2730 2994 aréxvouc
2761 2930 2863 2988 seu
2910 2930 3161 2997 ἄπαιδας,
3196 2951 3316 2989 non
3368 2931 3648 3003 ἀγάμους.
3678 2932 3814 2986 Deti-

2152 3006 2274 3061 nita
2306 3009 2500 3078 itaque
2559 3006 2682 3077 lege
2734 3006 2905 3077 Pupio
2964 3004 3369 3078 suscipiendis
3421 3004 3631 3078 liberis
3679 3007 3812 3078 atas

2153 3078 2299 3144 fuit;
2335 3075 2543 3147 nempe
2572 3075 2887 3133 vicesimus
2920 3075 3162 3148 quintus
3194 3093 3399 3133 annus
3434 3077 3493 3131 in
3533 3075 3816 3148 masculo,

390 3151 692 3228 abrogare,
727 3150 1031 3228 corrigere,
1066 3146 1243 3228 novas
1289 3148 1750 3228 superinducere‘
1787 3153 1864 3228 et.
1893 3165 2031 3202 san-
2068 3160 2111 3228 α
2147 3146 2483 3228 vicesimus
2506 3149 2563 3203 in
2621 3150 2838 3228 femina
2869 3166 2883 3203 :
2925 3146 3095 3228 intra
3127 3165 3308 3228 quam
3367 3154 3606 3203 atatem
3636 3146 3813 3228 leges

390 3222 505 3275 cire
537 3220 711 3289 leges.
744 3220 866 3273 Huc
918 3220 1138 3291 faciunt
1168 3235 1294 3289 qua
1330 3220 1483 3291 legas
1516 3221 1666 3291 apud
1728 3222 2035 3274 Auctorem

394 3296 655 3346 nostrum
690 3292 913 3345 Ex/wrl.
949 3290 1017 3344 ad
1047 3293 1379 3357 castitatem,
1411 3290 1643 3359 cap.6,«
1677 3294 1822 3344 Puto
1840 3298 2038 3346 autem

392 3363 716 3417 humanam
767 3361 1243 3417 constitutionem
1281 3368 1455 3432 atque
1493 3363 1791 3417 decretum
1842 3369 2042 3431 postea

395 3434 661 3505 pristinis
712 3432 1107 3505 praevalere,»
1144 3433 1354 3505 Notum
1407 3433 1583 3488 etiam
1628 3439 1717 3488 est
1750 3435 1806 3489 S.
1843 3438 1900 3487 C.
1935 3433 2041 3505 Or-

396 3503 686 3568 iitianum,
717 3503 933 3577 factum
968 3503 1144 3558 Orﬁto
1174 3509 1230 3558 et
1278 3504 1443 3559 Netto
1474 3520 1634 3577 (coss,
1668 3506 1738 3559 de
1787 3521 1900 3577 quo
1949 3504 2041 3558 in-

395 3577 751 3648 telligendus
776 3576 1163 3648 Hieronymus
1193 3577 1433 3648 adann.
1455 3576 1711 3631 CLXXIX
1746 3594 1758 3630 ;
1794 3576 1821 3627 (ἱ
1860 3578 2043 3647 [mpe-

400 3654 619 3703 ratores
669 3647 873 3702 multis
906 3648 1095 3702 multa
1143 3647 1333 3717 largiti
1387 3653 1568 3703 sunt:
1603 3654 1659 3702 et
1710 3649 2041 3718 pecuniam,

400 3737 525 3792 qua
559 3720 698 3792 fisco
727 3718 1068 3783 debebatur,
1090 3719 1417 3792 provinciis
1447 3721 1828 3775 concedentes
1880 3721 2045 3775 tabu-

400 3790 487 3846 las
518 3791 851 3845 debitorum
884 3791 940 3845 in
978 3790 1165 3844 medio
1189 3792 1459 3845 Romanae
1482 3792 1643 3845 urbis
1668 3792 1788 3845 foro
1812 3792 2041 3846 incendi

399 3862 705 3918 fecerunt:
741 3880 805 3917 ac
856 3879 927 3916 ne
977 3862 1116 3932 quid
1168 3863 1272 3932 [ita
1306 3863 1447 3933 lege]
1501 3863 1741 3916 bonitati
1792 3864 2040 3930 deesset,

400 3936 581 3990 duras
631 3951 894 4006 quasque
924 3934 1078 4005 leges
1118 3934 1283 3988 novis
1332 3934 1851 3989 constitutionibus
1902 3941 2043 3989 tem-

437 4010 695 4063 erarunt.
723 4028 752 4058 ››

471 4024 695 4062 rarunt.
723 4028 752 4058 ››

394 4024 580 4147 Ρε’(78)
610 4076 1016 4147 Principalium
1040 4084 1452 4146 rescriptorum.
1476 4079 1730 4147 Rursum
1751 4075 1781 4130 J
1793 4092 2038 4131 urecon-

394 4146 682 4206 sultorum
716 4146 966 4221 phrasis.
1004 4147 1093 4215 D.,
1128 4165 1164 4221 1_.
1198 4148 1263 4221 de
1295 4147 1443 4221 Orig.
1468 4146 1688 4221 jur.,_l.
1725 4164 1783 4213 ll,
1819 4148 1887 4221 de
1923 4165 2039 4221 qua

389 4223 687 4293 Zephyrus
710 4218 731 4276 Ξ
755 4218 1053 4293 Rescripta
1078 4218 1441 4289 principalia,
1464 4219 1741 4293 mandata
1755 4218 2035 4290 principis

386 4290 761 4357 dicebantur,
793 4291 1006 4362 quibus
1031 4300 1262 4362 ‘sponte
1293 4308 1401 4345 sua
1450 4290 1719 4360 precibus
1764 4299 2035 4346 exoratus

388 4364 725 4434 imperator,
760 4359 931 4417 alicui
958 4359 1191 4432 privata
1217 4359 1472 4431 persona
1493 4362 1579 4416 vel
1627 4363 2032 4417 communitati

386 4434 608 4506 aliquid
658 4438 761 4488 aut
809 4434 1107 4506 concedat,
1152 4439 1253 4506 aut
1300 4434 1622 4506 excluebat,
1674 4450 1799 4506 qua
1847 4451 1915 4489 ex
1965 4453 2030 4490 eo

2147 3221 2320 3275 Julia
2351 3227 2522 3276 antea
2551 3237 2622 3273 ne
2656 3222 2891 3291 quidem
2926 3219 3379 3275 matrimonium
3414 3219 3697 3275 contrahi
3728 3234 3816 3272 co-

2151 3294 2385 3364 gebant,
2450 3299 2512 3347 ut
2555 3292 2841 3363 superiori
2890 3292 3014 3347 loco
3066 3292 3489 3347 Tertullianus
3541 3294 3729 3364 docet.
3778 3291 3821 3342 A

2152 3363 2269 3434 qua
2301 3369 2494 3418 autem
2528 3373 2693 3419 atate
2742 3364 3182 3419 matrimonium
3236 3364 3409 3435 leges
3451 3363 3652 3418 Jullia
3687 3377 3821 3435 conf

2150 3431 2324 3501 trahi,
2358 3435 2445 3490 vel
2492 3435 2677 3507 Papia
2723 3431 3680 3507 liberos(suscipere'coegerint,
3717 3431 3824 3507 dici

2153 3508 2378 3578 liquido
2432 3523 2545 3560 non
2580 3506 2803 3578 potest.
2836 3506 3087 3562 Proinde
3118 3507 3369 3561 tertium
3407 3508 3570 3575 quod
3608 3509 3667 3561 in
3701 3506 3829 3578 Ter-

2154 3577 2386 3632 tulliani
2436 3577 2629 3633 verbis
2673 3580 2914 3633 dubium
2969 3578 3167 3641 haeret,
3201 3580 3505 3649 quidnam
3562 3577 3831 3631 videlicet

2154 3651 2229 3704 sit
2260 3650 2430 3714 illud,
2462 3652 2615 3719 quod
2641 3651 2916 3705 Severum
2944 3649 3099 3720 leges
3125 3650 3370 3722 Papias,
3407 3667 3546 3720 qua
3583 3666 3831 3722 prama-

2156 3727 2282 3776 ture
2338 3722 2552 3776 liberos
2613 3722 2831 3791 suscipi
2869 3722 3174 3793 cogebant,
3209 3721 3556 3778 exclusisse
3589 3721 3828 3793 "scribit,

2154 3810 2393 3848 sensum
2446 3795 2599 3848 hunc
2646 3789 2823 3848 habet
2868 3789 3236 3864 perspicuum
3294 3794 3431 3864 [qui
3488 3799 3697 3848 tamen
3746 3789 3833 3845 vel

2155 3864 2569 3935 sagacissimus
2629 3865 2913 3919 hactenus
2964 3864 3125 3935 fugit]
3162 3868 3495 3920 :Severum
3562 3864 3836 3919 videlicet

2152 3937 2427 3991 laxiorem
2490 3939 2556 3990 ad
2617 3936 3023 4006 suscipiendos
3074 3936 3290 3991 liberos
3343 3942 3619 4001 atatem,
3657 3951 3832 4005 quam

2150 4007 2242 4063 lex
2279 4008 2455 4079 Papia
2500 4009 2730 4070 fecerat,
2767 4006 3107 4079 indulsisse,
3157 4008 3541 4078 definivisse,
3594 4008 3836 4063 reducto

2150 4096 2276 4149 qua
2306 4078 2607 4150 superiore
2638 4080 2980 4135 Tertulliani
3000 4078 3121 4134 loco
3156 4096 3267 4134 non
3302 4083 3554 4136 caeteris
3581 4088 3833 4141 tantum,

2148 4152 2248 4206 sed
2308 4157 2365 4207 et
2419 4152 2753 4221 Apologctici
2812 4150 3101 4206 scoliastis
3158 4150 3571 4220 doctissimis,
3606 4152 3831 4206 incomo

2188 4228 2310 4277 erta
2377 4223 2612 4278 fuerunt
2678 4222 2988 4289 hactenus,
3057 4222 3407 4294 accipienda
3483 4241 3734 4281 censeo.
3810 4244 3829 4271 ι

2194 4311 2286 4351 AV.

2214 4383 2325 4451 (80)
2354 4383 2524 4438 Julia,o
2568 4384 2990 4436 matrimonium
3036 4383 3313 4437 contrahi.
3374 4383 3464 4440 La
3526 4384 3727 4439 Cerda
3784 4385 3836 4437 et

2140 4454 2381 4509 Scriver.
2423 4471 2491 4508 ex
2535 4454 2764 4508 Wouw.
2818 4452 2959 4508 Coll.
3010 4455 3143 4526 addi
3192 4455 3411 4509 volunt
3459 4460 3840 4526 permittunt,

386 4504 1814 4598 ERPPP,f.‘:‘i¥‘if“fitz_‘381‘{EPE_T8}9E‘PF}9FE‘?EEI
1848 4507 2107 4598 {seen
2143 4542 2487 4598 perperam;
2777 4526 2930 4580 enim
2983 4525 3321 4598 est._,1egem
3386 4504 3661 4598 ra’p'i'adi

382 4577 493 4631 fuit
515 4577 837 4649 principem
858 4592 1225 4649 quemquam
1242 4582 1585 4645 prasentem
1604 4578 1821 4649 scripto
1844 4578 2024 4649 adire,

382 4646 757 4717 qua'scripta
805 4646 985 4703 libelli
1036 4648 1330 4717 supplices
1359 4647 1677 4703 aMartiale
1723 4646 2023 4717 dicuntur,

380 4726 579 4777 nostra
603 4726 945 4789 tempestate
966 4719 1441 4788 supplicationes.
1480 4721 1623 4774 PAM.

447 4793 556 4861 (79)
596 4793 922 4846 Vanissimas
968 4792 1175 4860 Papias
1208 4792 1458 4861 legeaAd
1493 4809 1637 4856 quas
1670 4792 1727 4846 in
1778 4792 2021 4847 deorum

374 4862 548 4917 etiam
600 4866 977 4933 generatione
1010 4861 1199 4933 lepide
1248 4864 1477 4927 alludit,
1514 4864 1611 4918 lib.
1648 4880 1708 4931 11,
1744 4880 1870 4933 cap.
1908 4866 1971 4918 1‘2
2006 4882 2018 4921 ε

372 4956 399 4983 ‹‹
432 4935 612 4989 Erant
646 4937 797 4990 unde
851 4933 1079 5006 calibes
1111 4936 1209 4989 diu
1243 4940 1300 4989 et
1350 4935 1498 4997 orbi,
1533 4940 1845 5006 antequam
1902 4952 2020 4989 ma-

371 5006 465 5059 riti
500 5011 557 5061 et
588 5012 859 5076 parentes
882 5007 908 5060 ‘?
935 5028 961 5054 »
988 5005 1129 5059 Cum
1160 5024 1291 5061 vero
1314 5005 1755 5063 clarissimus’ct
1777 5007 2014 5063 doctiss.
2048 5030 2051 5035 ·

367 5078 753 5134 Gothofredus
800 5079 859 5133 in
893 5078 1053 5133 Notis
1084 5079 1207 5134 suis
1236 5081 1305 5133 ad
1361 5081 1534 5133 finem
1570 5096 1695 5149 cap.
1727 5080 1784 5144 6,
1816 5078 1916 5132 lib.
1956 5096 2014 5148 11,

367 5149 445 5220 Ad
492 5151 615 5206 Nat.
651 5150 870 5205 scribat
920 5150 974 5204 in
1034 5149 1190 5205 hunc
1248 5151 1487 5205 modum
1546 5155 1819 5205 Severum
1870 5149 2012 5220 imp.

364 5219 594 5290 legibus
627 5223 785 5294 Papii
840 5223 1141 5294 derogassc,
1177 5238 1290 5275 non
1342 5223 1515 5276 etiam
1550 5239 1647 5277 eas
1700 5219 2012 5294 abrogasse,

365 5294 539 5361 quod,
588 5292 801 5364 ianit,
848 5294 993 5349 falso
1043 5292 1336 5363 plerisque
1386 5294 1665 5347 traditum
1706 5292 1841 5346 alibi
1884 5293 2007 5360 jam

365 5364 617 5419 refutare
665 5364 927 5435 memini,
962 5370 1194 5435 gratum
1249 5364 1579 5435 positurum
1635 5380 1722 5418 me
1773 5380 2007 5433 operam

403 5437 579 5497 utavi,
613 5436 657 5490 si
707 5438 943 5492 maximi
979 5437 1080 5489 viri
1118 5440 1313 5491 notam
1356 5452 1421 5490 ex
1472 5435 1906 5489 commentariis
1938 5436 2005 5489 ad

381 5524 543 5574 egem
577 5507 797 5561 Juliam
853 5510 921 5561 de
963 5507 1313 5560 maritandis
1362 5506 1665 5560 ordinibus
1719 5506 1811 5561 hic
1862 5507 2008 5561 insc-

356 5564 569 5659 reiiem.
597 5580 674 5659 ita
704 5581 908 5659 scribit
939 5580 1005 5632 ad
1043 5595 1169 5659 cap.
1204 5580 1272 5630 23
1308 5578 1472 5659 Legis
1502 5578 1671 5659 Julia
1696 5584 1757 5659 et
1797 5579 2000 5659 Papia}.

352 5672 379 5698 ‹‹
413 5650 695 5704 Orbitatis
727 5651 912 5720 poenis
961 5649 1243 5720 coniuges
1276 5665 1391 5702 non
1435 5651 1803 5715 tenebantur,
1838 5649 1886 5702 si
1920 5651 2006 5702 vir

351 5722 613 5773 nondum
647 5719 934 5776 annorum
986 5719 1189 5789 viginti
1246 5720 1525 5789 quinque,
1560 5736 1704 5775 uxor
1740 5720 2001 5775 nondum

346 5790 554 5859 viginti
585 5797 784 5849 essent
813 5808 825 5847 :
858 5791 1165 5860 Aliquando
1195 5790 1301 5862 (ait
1333 5791 1615 5863 Ulpianus
1639 5793 1710 5848 de
1731 5796 1768 5844 L
1797 5792 1999 5863 Papia,

2139 4598 2295 4669 gisse
2327 4597 2543 4651 liberos
2575 4597 2873 4666 suscipere
2905 4600 3038 4651 ante
3070 4596 3213 4651 illud
3251 4596 3529 4669 tempus,
3557 4617 3683 4669 quo
3718 4616 3841 4653 ma—

2134 4668 2481 4723 trimonium
2496 4675 2550 4723 et
2572 4685 2920 4739 congressus
2943 4669 3225 4738 nuptialis
3242 4668 3551 4737 jam’ante
3578 4668 3841 4738 despon-

2135 4742 2277 4795 satis
2304 4742 2673 4814 indicebatur
2703 4757 2804 4811 per
2834 4741 3019 4809 legem
3060 4740 3299 4814 Juliam,
3335 4743 3636 4814 adeoque
3671 4742 3842 4797 illam

2133 4829 2369 4884 rogasse
2419 4810 2937 4881 orbitatis'pmnas
2986 4816 3099 4884 τοῖς
3148 4810 3419 4881 ἀτέκνοις,
3480 4810 3636 4870 ειὶῃρ
3692 4815 3841 4869 illud

2130 4883 2384 4969 tempus,
2419 4901 2534 4955 quo
2579 4885 2696 4969 hac
2748 4883 3283 4969 pmpaspalibatus
3326 4883 3675 4969 irrogabat
3722 4890 3843 4943 τοῖς

2128 4953 2363 5031 iit-(piper;
2399 4953 2594 5031 {quas
2648 4953 2804 5026 leges
2837 4954 3044 5031 Papias
3095 4956 3221 5031 ideo
3263 4953 3670 5031 vanissimas
3731 4975 3841 5031 Po‘

2128 5028 2240 5081 tuit
2270 5028 2580 5099 appellare,
2615 5044 2748 5082 cum
2784 5027 3106 5098 praisertim
3145 5028 3476 5082 Christiani
3522 5032 3668 5098 jam
3709 5027 3841 5084 tum

2127 5099 2300 5154 ﬁnem
2352 5098 2545 5154 Saculi
2596 5102 3020 5171 exspectarent.
3082 5098 3316 5154 Scilicet
3361 5115 3523 5154 cum
3586 5106 3843 5156 mature

3320 5172 3729 5241 .sponsaha

2193 5366 2304 5433 (81)
2371 5367 2552 5421 Tanta:
2618 5365 2967 5421 auctoritatis
3031 5373 3381 5421 senectutem.
3469 5367 3714 5424 Cicero
3785 5368 3854 5425 de

2122 5436 2370 5501 Legibus.
2406 5437 2440 5489 l.
2475 5439 2564 5489 21.
2597 5458 2622 5484 ‹‹
2657 5442 2796 5489 Sunt
2851 5442 3008 5493 certa
3044 5437 3239 5507 legum
3294 5436 3513 5501 verba,
3581 5440 3848 5506 Quinte,

2120 5524 2305 5583 neque
2337 5508 2417 5561 ita
2443 5509 2655 5578 prisca,
2693 5508 2833 5562 utin
2886 5511 3177 5565 veteribus
3204 5526 3270 5564 ex
3290 5508 3371 5583 iis
3404 5512 3851 5583 sacratisque

2116 5576 2343 5652 legibus
2379 5596 2391 5633 :
2427 5576 2483 5652 et
2514 5585 2731 5652 tamen,
2767 5598 2882 5650 quo
2916 5584 3047 5652 plus
3079 5578 3463 5636 auctoritatis
3517 5576 3850 5651 habeant,

2115 5648 2671 5730 paulo'anti‘quiora,
2704 5648 2876 5730 quam
2909 5648 3449 5730 sermqestxn
3501 5648 3850 5730 Arnobius

2111 5719 2389 5847 lsiénjliter
2435 5719 2797 5806 inverteratas
2848 5727 3142 5797 religiones
3196 5723 3340 5780 dixit
3389 5720 3460 5776 in
3539 5726 3845 5802 princip.

2135 5810 2149 5846 1
2199 5809 2243 5847 r1
2276 5811 2470 5847 Drlml.

2135 5809 2243 5847 ωτι
2274 5811 2470 5866 primi.
