4072 6190
300 231 419 290 337

1412 228 2011 291 APOLOGETICUS
2056 230 2216 291 ADV
2231 272 2244 289 .
2293 230 2624 293 GENTES.

3606 234 3723 297 338

289 362 416 417 heri
463 365 709 418 Severus
759 363 1277 418 constantissimus
1321 362 1651 434 principum
1702 362 1810 431 (82)
1852 377 1947 416 ex-
1976 371 2030 435 Α
2059 360 2180 415 bita
2228 361 2647 433 proscriptione
2678 362 2724 396 ⁹²
2782 362 3119 418 suffundere
3180 363 3387 419 maluit
3456 364 3719 421 hominis

287 451 510 507 clusit?
535 452 647 507 Sed
676 456 735 506 et
776 451 1074 522 judicatos
1106 457 1257 508 retro
1288 451 1346 507 in
1396 456 1588 522 partes
1621 450 1805 507 secari
1837 450 1950 521 (83)

291 558 321 595 a
370 541 764 596 creditoribus
814 540 970 612 leges
1021 547 1208 613 erant,
1244 557 1534 597 consensu
1590 545 1785 595 tamen
1840 558 1949 611 pu-

284 629 435 685 blico
470 631 792 687 crudelitas
822 636 1023 701 postea
1066 648 1231 686 erasa
1270 635 1359 686 est
1392 635 1445 684 et
1478 631 1532 684 in
1568 630 1809 701 pudoris
1842 646 1947 684 no-

282 723 406 775 tam
437 719 653 792 capitis
686 737 857 792 pcena
888 720 1039 776 288
1070 736 1237 776 versa
1267 721 1379 792 (84)
1405 737 1419 787 ;
1452 720 1739 775 bonorum
1774 718 1945 772 adhi-

2059 450 2426 522 sanguinem,
2460 468 2635 523 quam
2670 451 2967 507 effundere
2990 452 3123 523 (85).
3148 453 3298 515 Quot
3329 453 3520 509 adhuc
3549 455 3713 510 vobis

2058 541 2439 612 repurgandze
2464 541 2506 574 9‘
2548 540 2704 612 leges
2755 541 2956 604 latent,
2993 557 3139 612 quas
3186 558 3373 613 neque
3425 559 3715 599 annorum

2059 646 2341 684 numerus
2376 631 2483 701 (86)
2518 646 2707 701 neque
2733 631 3101 685 conditorum
3137 630 3395 701 dignitas
3424 647 3718 686 commen-

2057 719 2174 785 dat,
2208 722 2307 774 sed
2362 719 2609 792 aequitas
2657 718 2828 775 sola?
2876 725 2934 773 et
2965 719 3091 775 ideo
3145 736 3279 775 cum
3314 720 3466 776 289
3498 720 3713 793 iniquae

1718 815 1921 876 Variae
1962 813 2282 876 lectiones.

354 912 398 947 θ’
428 912 787 986 Proscriptio
820 914 943 985 Rz'g.
1020 911 1064 949 9‘
1090 913 1503 987 Repugnandaa
1534 912 1719 968 Paris.

1731 1002 2252 1064 Commentarius.

272 1098 579 1169 sponsalia
608 1098 815 1155 tierent
842 1098 995 1154 inter
1026 1099 1343 1167 Romanos,
1371 1115 1558 1155 annos
1588 1098 1811 1168 aliquot
1843 1098 1934 1151 in-

271 1170 539 1226 dulserat
568 1171 659 1227 lex
684 1172 864 1241 Julia,
899 1176 1209 1242 antequam
1264 1172 1591 1228 necessario
1624 1169 1843 1240 nuptiae
1877 1174 1934 1225 et

270 1258 633 1313 congressus
684 1246 913 1307 tierent,
946 1260 1079 1298 cum
1112 1243 1344 1299 interim
1395 1243 1737 1313 desponsati
1772 1243 1931 1296 frue-

270 1323 477 1387 rentur
510 1316 665 1387 Vjure
723 1316 1086 1369 maritorum.
1147 1317 1217 1369 At
1271 1331 1374 1387 per
1429 1316 1617 1386 legem
1689 1314 1930 1384 Papiam

273 1386 459 1459 coacti
496 1386 735 1441 fuerunt
768 1386 1056 1441 maturius
1079 1388 1216 1443 dare
1248 1404 1481 1459 operam
1520 1387 1734 1451 liberis,
1760 1388 1931 1459 cujus

268 1460 349 1511 rei
414 1458 646 1527 longior
704 1460 927 1513 vacatio
981 1460 1232 1513 dabatur
1287 1457 1390 1530 per
1442 1459 1629 1530 legem
1686 1457 1927 1530 Juliam.

269 1530 433 1596 Quod
474 1530 623 1585 bene
652 1531 1095 1595 esttenendum,
1116 1547 1249 1586 cum
1283 1529 1397 1585 huc
1430 1529 1635 1585 rursus
1660 1529 1931 1599 reSpiciat

267 1601 325 1656 in
356 1600 462 1655 lib.
498 1601 566 1656 de
595 1603 949 1672 Monogamia.
984 1620 1033 1656 c.
1066 1604 1131 1656 91
1169 1620 1182 1657 :
1219 1625 1246 1651 «
1284 1603 1455 1657 Aliud
1488 1607 1576 1657 est
1607 1602 1653 1656 si
1686 1608 1741 1656 et
1772 1603 1927 1673 apud

268 1673 573 1745 Christum
617 1674 843 1745 legibus
874 1674 1051 1729 Juliis
1083 1675 1174 1745 agi
1207 1676 1474 1744 credunt,
1507 1680 1563 1729 et
1590 1674 1929 1729 existimant

268 1744 507 1800 caelibes
554 1750 611 1801 et
639 1744 814 1801 orbos
861 1763 928 1801 ex
980 1744 1329 1802 testamento
1384 1747 1478 1802 Dei
1513 1746 1766 1801 solidum
1810 1763 1921 1800 non

269 1833 441 1890 posse
470 1834 699 1889 capere.
731 1836 756 1869 ιο
797 1819 955 1873 Adde
987 1819 1057 1873 de
1108 1818 1265 1873 hisce
1295 1819 1521 1890 legibus
1557 1818 1819 1889 Lipsium
1853 1819 1922 1871 ad

268 1889 565 1953 Tacitum,
599 1891 798 1943 Annal.
832 1906 916 1955 ιιι,
948 1891 1038 1944 25.
1074 1894 1216 1943 Hav.

341 1960 455 2031 (8‘2)
488 1960 979 2016 Constantissimus
1007 1964 1342 2032 principum.
1369 1960 1549 2023 Quem
1581 1957 1925 2032 hocielogio,

266 2035 333 2104 ut
387 2030 669 2104 arbitror,
726 2035 953 2087 ornavit
1006 2030 1143 2103 quia
1194 2030 1296 2089 ille
1351 2033 1477 2104 ipse
1536 2035 1643 2097 est,
1677 2030 1772 2104 Ain,
1810 2048 1924 2101 quo

265 2100 469 2159 laudat
496 2104 561 2159 in
595 2105 694 2158 lib.
744 2105 815 2159 ad
862 2100 1153 2175 Scapulam
1200 2121 1249 2159 c.
1301 2105 1354 2172 4,
1377 2100 1569 2175 'hanc
1596 2102 1777 2157 animi
1806 2100 1925 2157 vir-

266 2179 471 2239 tutem,
509 2192 689 2247 quam
743 2174 1015 2234 Horatius
1070 2178 1128 2232 in
1160 2176 1455 2233 constanti
1507 2174 1619 2230 sibi
1655 2175 1921 2246 requirit,

265 2262 398 2302 cum
427 2248 576 2303 dicit
612 2265 626 2303 :

484 2362 697 2411 Justum
728 2365 781 2410 et
808 2365 1049 2411 tenacem
1080 2362 1336 2424 propositi
1366 2361 1537 2409 virum

484 2424 602 2472 Non
633 2424 829 2473 civium
860 2426 1020 2474 ardor
1046 2438 1211 2487 prava
1232 2424 1600 2486 jubentium...

486 2488 664 2535 Mente
694 2488 866 2550 quatit
893 2487 1081 2536 solida.

255 2600 324 2675 Et
353 2600 841 2675 elegantissimus
889 2604 1053 2658 locus
1088 2607 1192 2675 est
1221 2604 1372 2675 apud
1408 2602 1617 2656 zElium
1655 2602 1921 2675 Lampri-

256 2672 427 2727 dium
460 2691 577 2744 quo
608 2674 812 2729 nullus
844 2675 1054 2730 melius
1085 2674 1194 2730 hoc
1244 2672 1501 2730 auctoris
1534 2675 1757 2727 dictum
1788 2672 1920 2727 illu-

256 2750 454 2799 strare
484 2750 694 2815 potest.
729 2746 830 2801 Ille
878 2747 947 2802 de
982 2747 1307 2801 Alexandro
1357 2746 1706 2815 imperatore
1735 2750 1916 2799 Mam-

255 2832 419 2869 mzeas
452 2817 591 2883 ﬁlio,
635 2821 725 2871 cui
756 2819 943 2872 Severi
989 2835 1305 2887 cognomen
1357 2817 1483 2882 fuit,
1518 2818 1599 2871 ita
1630 2818 1866 2872 disserit
1900 2832 1912 2870 :

257 2910 281 2961 ςε
315 2887 407 2942 Ob
442 2889 743 2959 ingentem
776 2890 1029 2961 vigorem
1062 2890 1242 2944 animi
1275 2896 1332 2945 et
1363 2889 1688 2961 mirandam
1721 2887 1918 2959 singu-

253 2957 567 3031 laremque
592 2957 979 3017 constantiam
1006 2966 1209 3016 contra
1230 2961 1485 3017 militum
1518 2957 1912 3028 insolentiam,

257 3031 461 3085 Severi
492 3048 703 3087 nomen
736 3050 770 3087 a
801 3032 1088 3087 militibus
1120 3033 1307 3088 eidem
1340 3033 1592 3087 inditum
1625 3036 1731 3098 est,
1757 3033 1913 3101 quod

253 3101 340 3155 illi
383 3102 686 3174 ingentem
736 3103 796 3158 in
840 3104 1149 3175 praesentia
1196 3103 1601 3173 reverentiam,
1637 3120 1911 3174 magnam

254 3174 418 3245 apud
453 3181 717 3245 posteros
738 3174 979 3245 gloriam
1015 3177 1257 3247 peperit,
1278 3194 1408 3231 cum
1443 3192 1508 3230 eo
1542 3176 1908 3241 accessisset,

255 3251 315 3300 ut
350 3247 429 3299 de
460 3247 640 3301 animi
684 3248 894 3303 virtute
941 3264 1153 3303 nomen
1203 3247 1507 3319 acceperit.
1541 3270 1569 3295 ››
1600 3247 1681 3302 De
1712 3252 1910 3302 nostro

249 3323 465 3391 Severo
516 3320 716 3391 Victor
746 3336 759 3374 :
800 3338 822 3367 α
856 3324 996 3375 Acer
1042 3321 1297 3391 ingenio,
1332 3318 1401 3375 ad
1435 3320 1633 3391 omnia
1661 3336 1785 3390 qum
1818 3318 1906 3373 in-

250 3390 549 3463 tendisset
584 3390 643 3445 in
676 3390 1299 3463 ﬁnemrpersevéraus.
1352 3390 1760 3447 Benevolentia
1784 3406 1906 3463 quo

248 3459 599 3534 inclinasset
640 3459 1005 3534 mirabili-ac
1055 3468 1369 3534 perpetua;
1421 3464 1491 3520 ad
1525 3459 1905 3534 quaerendum

250 3533 530 3604 diligens,
552 3535 623 3588 ad
647 3533 1014 3605 largiendum
1036 3533 1295 3590 liberalis
1322 3553 1334 3602 ;
1369 3536 1426 3589 in
1460 3533 1680 3590 amicos
1702 3533 1905 3589 inimi-

250 3620 471 3676 cosque
522 3606 736 3676 pariter
781 3605 1114 3662 vehemens.
1152 3629 1172 3654 ι
1226 3607 1387 3672 Quod
1444 3622 1579 3661 vero
1609 3623 1676 3661 ex
1726 3612 1904 3676 Spar-

244 3675 409 3750 tiano
441 3675 685 3750 adducit
714 3676 932 3750 Rigalt.
958 3678 1013 3733 id
1049 3695 1165 3733 non
1197 3684 1316 3733 tam
1350 3680 1420 3733 ad
1453 3677 1689 3733 laudem
1723 3675 1902 3750 quam

247 3747 557 3802 infamiam
629 3754 683 3803 et
740 3747 1143 3804 crudelitatem
1213 3750 1405 3804 Severi
1466 3747 1758 3820 pertinet}
1824 3750 1903 3805 ita

248 3821 407 3875 enim
460 3820 629 3875 locus
677 3821 947 3891 integer:
983 3844 1010 3871 «
1052 3822 1490 3876 Damnabantur
1536 3828 1726 3876 autem
1777 3820 1901 3891 ple-

246 3891 434 3962 rique,
491 3908 597 3946 cur
630 3893 811 3961 jocati
862 3898 1079 3956 essent,
1113 3892 1214 3946 alii
1262 3909 1365 3947 cur
1412 3894 1751 3961 tacuissent,
1803 3893 1898 3947 alii

246 3978 342 4016 cur
372 3962 661 4034 pleraque
695 3964 939 4035 ﬁgurate
974 3964 1280 4030 dixissent,
1308 3970 1371 4019 ut
1399 3970 1555 4019 esset
1584 3964 1903 4034 imperator

243 4048 365 4088 vere
412 4036 673 4089 nominis
722 4036 838 4098 sui,
886 4053 1017 4091 vere
1068 4036 1358 4100 Pertinax,
1407 4052 1541 4091 vere
1571 4042 1835 4091 Severus.
1867 4056 1893 4088 υ

243 4107 607 4190 Capitolinnus
630 4122 873 4190 quoque
922 4110 1007 4190 de,
1040 4107 1296 4190 Macrino
1330 4124 1342 4161 :
1378 4128 1406 4156 «
1441 4108 1586 4189 Nam
1637 4111 1695 4161 et
1723 4107 1898 4190 Seve-

244 4193 365 4249 rum
406 4194 470 4232 se
511 4178 875 4233 Pertinacem
923 4178 1182 4235 voluerat
1213 4179 1539 4249 nuncupari
1578 4198 1590 4234 :
1625 4196 1748 4248 quae
1782 4180 1897 4233 duo

243 4246 319 4301 illi
351 4250 701 4319 asperitatis
734 4250 973 4306 nomina
1004 4248 1370 4307 videbantur.
1408 4246 1432 4299 ιῖ
1469 4256 1538 4305 At
1566 4246 1803 4315 nomen,
1835 4250 1893 4305 in

244 4336 351 4394 quo
383 4321 488 4394 alii
523 4320 897 4394 asperitatem
931 4327 1230 4394 notarunt,
1264 4323 1336 4378 ab
1380 4322 1512 4378 aliis
1540 4321 1739 4377 virtuti
1770 4322 1894 4376 ani-

244 4390 315 4445 mi
347 4392 482 4447 dari
514 4390 722 4463 potuit.
757 4393 902 4448 Hav.

305 4464 420 4535 (83)
454 4466 618 4521 Retro
674 4467 731 4520 in
786 4474 971 4532 partes
1022 4480 1218 4520 secari.
1277 4464 1491 4518 Vocem
1526 4470 1697 4535 Aretro
1748 4464 1785 4517 i.
1840 4478 1889 4517 ρ.

244 4533 593 4603 ιηῑθ,ὀιίω,
623 4552 693 4591 ex
734 4552 846 4592 ms.
882 4536 1044 4591 Fuld.
1096 4535 1346 4591 inseruit
1378 4533 1685 4606 Rigaltius.
1722 4540 1893 4590 Extra

244 4607 541 4676 crepidam
604 4613 864 4663 nostram
914 4614 1021 4678 est,
1072 4608 1334 4674 definire,
1380 4625 1452 4661 an
1510 4607 1647 4663 olim
1699 4623 1894 4663 revera

245 4680 360 4755 tam
387 4679 630 4755 crudele
674 4679 1010 4755 exemplum
1058 4679 1713 4755 fueritexhibitumLan
1756 4695 1890 4755 vero

246 4750 363 4817 ipse
393 4750 576 4805 homo
606 4750 979 4807 venundatus
1020 4755 1079 4805 et
1107 4753 1259 4822 quod
1294 4768 1362 4805 ex
1390 4750 1490 4805 illo
1521 4751 1891 4822 redibat,iin-

246 4823 328 4873 ter
382 4823 705 4878 creditores
764 4823 938 4878 fuerit
989 4821 1325 4878 dissectum.
1379 4822 1590 4877 Praeter
1634 4821 1889 4877 nobilem

242 4889 465 4961 JCtum,
502 4895 603 4965 qui
632 4895 917 4967 singulari
942 4895 1128 4967 capite
1149 4895 1219 4949 de
1250 4894 1360 4948 hac
1391 4893 1514 4966 lege
1547 4896 1687 4967 agit,
1712 4892 1891 4948 videri

244 4966 295 5014 et
321 4980 413 5018 am
450 4972 645 5038 potest
671 4967 1021 5038 Salmasius,
1042 4966 1122 5038 de
1154 4967 1402 5035 Uusurz’s,
1437 4984 1492 5037 p.
1525 4966 1649 5020 544.
1685 4966 1891 5020 Noster

246 5038 449 5114 patara
478 5042 751 5093 austerus
781 5037 1053 5114 severiori
1076 5038 1323 5093 adhaesit
1344 5039 1665 5114 sententiae.
1686 5040 1890 5114 itaque

243 5101 387 5183 hinc
404 5126 614 5183 rursus
646 5111 918 5165 eumdem
939 5108 1170 5183 illustre
1187 5116 1242 5165 et
1267 5108 1509 5179 explico,
1529 5126 1662 5167 cum
1686 5101 1891 5164 scribit

245 5177 453 5252 inlib.’
482 5182 549 5237 de
592 5184 895 5246 Patientia,
928 5198 1056 5252 cap.
1088 5182 1121 5233 7
1156 5197 1169 5235 :
1210 5202 1236 5233 α
1260 5177 1391 5237 Jam
1443 5184 1542 5252 qui
1593 5183 1887 5237 minutum

247 5248 349 5303 sibi
380 5251 604 5324 aliquid
654 5258 756 5309 aut
802 5248 1113 5319 furtofaut
1160 5253 1378 5326 vi,,aut
1424 5248 1600 5309 etiam
1634 5253 1887 5326 ignavia,

247 5334 354 5398 non
388 5330 725 5398 constanter
755 5326 1046 5380 sustinere
1072 5324 1380 5398 constituit
1415 5343 1425 5379 :
1466 5324 1767 5382 nescioran
1801 5324 1885 5379 fa-

245 5391 474 5468 cile,vel
508 5413 573 5452 ex
608 5398 971 5467 animo,ipse
1002 5396 1081 5450 rei
1114 5412 1231 5450 suae
1249 5412 1490 5452 manum
1523 5398 1737 5453 inferre
1761 5413 1885 5468 pos:

248 5466 329 5517 set
356 5464 415 5539 in
450 5484 625 5524 causa
655 5464 1057 5539 eleemo'synae.
1091 5468 1231 5539 Quis
1266 5468 1419 5523 enim
1453 5471 1524 5525 ab
1556 5470 1669 5526 alio
1701 5464 1885 5525 secari

248 5538 484 5615 qmnino
513 5558 628 5615 non
660 5538 987 5605 sustinens,
1011 5538 1386 5615 ipse__t'err_um
1409 5541 1477 5615 in
1509 5559 1748 5615 corpore
1778 5556 1884 5597 suo

247 5605 403 5682 ducit
423 5610 453 5664 ?
480 5632 504 5663 ιι
541 5614 832 5669 Admonet
878 5626 974 5667 me
1021 5605 1236 5666 nobilis
1266 5610 1362 5666 hic
1408 5612 1591 5682 locus,
1614 5605 1691 5671 ἰιι
1720 5630 1787 5671 ex
1818 5627 1884 5668 eo

255 5674 517 5739 llustrem
548 5685 609 5741 id
641 5686 792 5757 quod
828 5684 1049 5757 legitur
1076 5683 1232 5755 apud
1262 5674 1617 5759 Matthaeum,
1647 5706 1697 5745 c.
1734 5700 1884 5751 xxxv,

1956 1852 2005 1916 B

2041 1097 2104 1183 51
2137 1115 2148 1163 ;
2184 1103 2240 1153 et
2270 1099 2419 1183 L’uc;
2462 1115 2565 1169 xu,
2589 1100 2731 1183 ‘46:
2766 1097 2863 1183 Kaii
2912 1094 3271 1183 διχοῖομήλσξι
3326 1097 3482 1183 αὖτὸγ
3510 1100 3614 1182 ’καὶ
3642 1099 3707 1155 τὸ

2047 1168 2209 1243 μέρος
2261 1167 2423 1223 αὐτοῦ
2476 1167 2609 1241 μεὲὰ
2658 1170 2787 1243 τῶνί
2819 1167 3125 1243 campi-cev
3179 1167 3329 1241 θήσει
3368 1190 3379 1227 :
3423 1173 3523 1228 ubi
3573 1190 3699 1229 orn-

2043 1242 2182 1295 nino
2231 1243 2299 1296 ad
2354 1243 2613 1314 corporis
2660 1260 2728 1297 ex
2778 1241 3041 1316 hacileige
3088 1245 3441 1316 supplicium
3482 1246 3699 1316 respici

2043 1319 2205 1387 puto,
2239 1315 2504 1384 quamvis
2536 1316 2668 1369 inde
2699 1316 2766 1368 ad
2825 1314 3468 1387 spiritualem'sensum
3502 1314 3695 1373 trans-

2041 1384 2401 1461 ferri__posse
2453 1403 2565 1461 non
2620 1384 3163 1461 negemfadeoque
3196 1390 3266 1443 ad
3316 1389 3465 1444 hanc
3509 1391 3697 1461 legem

2040 1454 2263 1531 alludi’;
2313 1459 2468 1527 quod
2502 1454 2855 1531 supplicium
2907 1454 3082 1513 certe'
3109 1461 3363 1529 gravius,
3398 1454 3697 1531 quam'vel

2040 1528 2377 1583 dimensum
2430 1531 2559 1599 ejus
2611 1530 2889 1584 diurnum
2944 1528 3225 1600 minuere,
3278 1539 3341 1586 ut
3370 1528 3495 1587 vult
3527 1533 3692 1601 Beza,

2038 1616 2284 1675 eumque
2308 1600 2615 1675 agreliquis
2650 1618 2938 1675 separare,
2974 1607 3074 1657 aut
3103 1603 3278 1657 etiam
3312 1604 3560 1675 flagellis
3584 1600 3692 1660 0&4

2038 1672 2170 1727 dere
2201 1678 2257 1727 et
2289 1673 2627 1739 dilacerare,
2663 1672 2816 1743 quod
2842 1673 3016 1728 habet
3045 1672 3423 1731 Casaubonus
3457 1677 3525 1730 ad
3556 1681 3689 1731 Suc-

2035 1744 2347 1818 ionii_Aug.
2382 1761 2432 1798 c.
2471 1746 2556 1818 13,
2590 1746 2689 1815 qui
2723 1746 2952 1818 ibidem,
2974 1745 3160 1818 legem
3197 1748 3383 1816 ipsam
3420 1749 3596 1818 (quod
3634 1753 3690 1803 et

2038 1814 2131 1891 hic
2181 1816 2313 1870 facit
2359 1814 2701 1891 Junius)’ex
2750 1814 3059 1891 notissimo
3092 1814 3269 1891 _Gellii
3319 1814 3684 1891 loco—affert,

2035 1888 2135 1941 sed
2167 1892 2396 1941 tantum
2432 1893 2494 1941 ut
2528 1889 2731 1943 doceat
2761 1888 3039 1942 dissecari
3092 1888 3361 1945 homines
3384 1891 3509 1959 jam
3543 1888 3684 1947 olim

2036 1959 2218 2033 fuisse
2250 1959 2306 2013 in
2339 1976 2472 2022 usu,
2494 1976 2607 2014 non
2629 1966 2690 2014 ut
2723 1959 3061 2014 indelocum
3092 1961 3190 2033 SS.
3217 1960 3682 2033 illustret,quem

2036 2031 2200 2095 alter,
2239 2036 2302 2084 ut
2353 2038 2512 2102 puto,
2547 2033 2628 2085 ita
2677 2033 2936 2086 nondum
2989 2032 3287 2103 explicuit.
3339 2031 3550 2089 Servus
3590 2035 3683 2089 hic

2036 2103 2294 2173 perfidus
2325 2104 2479 2173 apud
2512 2103 2910 2174 Evangelistas
2942 2104 3075 2228 qluis
3108 2103 3279 2170 alius,
3305 2121 3482 2176 quam
3508 2107 3682 2161 bono-

2036 2191 2167 2228 rum
2218 2175 2441 2228 domini
2491 2176 2603 2228 sui.
2655 2177 2871 2228 quibus
2924 2176 3091 2228 ilum
3142 2176 3382 2228 absente
3431 2193 3494 2228 se
3541 2195 3682 2228 orsa-

2035 2191 2167 2248 rum
2218 2175 2441 2248 domini
2491 2176 2603 2238 sui,
2655 2177 2871 2245 quibus
2924 2175 3091 2230 illum
3142 2176 3394 2248 absente;
3431 2193 3503 2248 se__
3540 2195 3685 2248 pras-

2006 2246 2248 2330 iecerat
2285 2246 2600 2330 decoctor?
2648 2244 2829 2330 patet,
2858 2248 2994 2330 quia
3045 2248 3286 2330 absente
3340 2246 3443 2330 illo
3469 2244 3679 2330 ἅρξετᾳι

2034 2314 2220 2370 ἐσθίειν
2271 2336 2327 2370 τε
2357 2317 2445 2370 καὶ
2493 2314 2666 2370 πίνειῆ
2704 2314 2837 2389 μετὰ
2872 2314 2988 2369 ’τῶν
3019 2318 3347 2388 μεθυόντων,
3395 2323 3451 2373 et
3494 2314 3563 2374 ei
3593 2322 3679 2374 vi-

2033 2390 2292 2443 nolentia
2322 2389 2746 2463 iniviolentiam
2779 2406 3006 2463 versus,
3037 2406 3350 2463 conversos
3382 2406 3541 2461 suos,
3578 2393 3679 2463 qui

2033 2467 2187 2516 recta
2217 2462 2535 2516 monebant
2575 2458 2813 2515 τύπτειν.
2860 2461 3007 2524 Quid
3043 2462 3175 2516 inde
3208 2463 3318 2517 nisi
3351 2458 3569 2532 grande
3595 2458 3683 2521 ass

2032 2533 2287 2587 alienum
2321 2532 2555 2588 domino
2588 2550 2693 2606 suo
2725 2533 3067 2606 contrahere
3101 2535 3333 2606 potuit?
3361 2537 3492 2589 Jam
3524 2552 3678 2606 vero,

2032 2621 2295 2675 regresso
2327 2606 2584 2677 domino,
2608 2604 2693 2659 vel
2725 2604 3097 2676 rigidissimae
3119 2604 3265 2677 legis
3292 2622 3523 2676 pcenam
3558 2604 3681 2663 me;

2032 2677 2143 2730 reri
2201 2676 2389 2747 potuit
2443 2676 2541 2730 ille
2599 2678 2763 2730 famae
2822 2676 3231 2748 bonorumque
3297 2678 3519 2733 domini
3580 2679 3671 2735 sui

2030 2748 2331 2818 prodigus.
2363 2748 2419 2801 Si
2454 2764 2684 2819 quoque
2719 2749 2837 2819 haec
2868 2749 2939 2803 ad
2974 2753 3227 2803 mentem
3262 2748 3672 2819 solumtrans-

2029 2820 2424 2893 ferridebent,
2452 2817 2561 2893 cur
2588 2836 2700 2893 non
2752 2818 3193 2893 elegantissimo
3242 2822 3414 2893 verbo
3447 2817 3674 2893 διχοου-

2030 2890 2143 2961 μέω
2169 2890 2272 2961 (ita
2302 2906 2431 2945 vero
2452 2890 2758 2960 scripsisse
2789 2891 2978 2962 dicere
3008 2908 3120 2962 non
3147 2892 3363 2962 ausim)
3388 2892 3477 2946 usi
3499 2890 3677 2949 sunt?

2026 2958 2183 3033 quod
2234 2964 2484 3018 formare
2535 2958 2799 3033 poterant
2845 2979 2878 3016 a
2926 2958 3231 3034 διχόθυμος
3262 2958 3413 3032 quod
3467 2970 3670 3019 notum

2023 3040 2113 3089 est
2143 3036 2295 3104 apud
2339 3034 2822 3104 Lexicographos.
2876 3034 3131 3103 Denique
3161 3035 3210 3089 si
3244 3051 3358 3104 quo
3390 3037 3563 3091 modo
3596 3037 3669 3091 ab

2023 3106 2371 3177 antiquitate
2420 3105 2679 3175 adjuvari
2733 3121 2975 3177 possem,
3026 3105 3235 3177 lubens
3282 3122 3530 3177 ea_quae
3574 3124 3670 3162 se-

2024 3174 2286 3250 quuntur
2339 3178 2421 3231 ita
2467 3174 2815 3250 explicarem
2866 3175 2955 3229 καὶ
2979 3176 3058 3250 ea
3111 3174 3274 3250 μέρος
3321 3174 3487 3231 αὐτόὖ
3536 3178 3672 3248 μετά

2020 3252 2149 3321 τῶνγ
2192 3248 2494 3319 ὑποκριτῶν
2543 3249 2717 3316 θήσει,
2770 3249 2909 3321 ise.
2953 3248 3245 3321 Adissect'as
3296 3250 3423 3319 ejus
3473 3256 3670 3321 partes

2022 3322 2109 3392 [ut
2141 3320 2424 3391 hodieque
2457 3321 2520 3374 ﬁt
2568 3320 2626 3375 in
2670 3319 2903 3446 Anglia]
2949 3319 3009 3374 in
3040 3320 3137 3375 illo
3168 3319 3291 3376 loco
3324 3319 3665 3391 suspendet,

2022 3393 2113 3446 ubi
2158 3392 2622 3446 facinorosorum
2671 3397 2727 3446 et
2773 3408 2840 3446 ex
2909 3408 3012 3446 eae
3059 3391 3448 3446 dissectorum
3481 3393 3663 3446 hvno-

2021 3391 2113 3466 ubi
2158 3392 2622 3448 facinorosorum
2671 3397 2727 3447 et
2773 3408 2840 3447 ex
2885 3391 3012 3463 lege
3059 3391 3448 3449 dissectorum
3481 3393 3663 3466 hypo-

2016 3465 2321 3532 critarum,

2168 3570 2266 3628 Qui
2294 3569 2477 3619 Curios
2506 3567 2763 3617 simulant
2797 3571 2849 3617 et
2878 3567 3230 3618 Bacchanalia
3258 3568 3466 3629 vivunt,

2013 3678 2271 3747 adeoque
2318 3677 2631 3749 creditores
2680 3691 2820 3730 suos
2870 3691 2979 3749 aere
3030 3681 3375 3747 emungunt,
3417 3693 3661 3749 corpora

2011 3746 2391 3819 sepeliuntur.
2443 3748 2619 3803 Prout
2666 3763 2868 3801 servus
2918 3746 3013 3801 ille
3060 3746 3537 3819 apudiPlautum
3587 3749 3658 3804 de

2011 3818 2198 3887 cruce,
2241 3824 2517 3875 consueto
2550 3834 2850 3875 servorum
2897 3819 3204 3943 supplicio,
3237 3818 3295 3873 in
3328 3836 3440 3890 quo
3473 3826 3655 3889 pater,

2011 3909 2172 3943 avus.
2233 3893 2471 3943 abavus.
2525 3891 2773 3943 tritavus
2829 3905 2966 3943 senu
3002 3889 3043 3943 ti
3105 3896 3271 3943 erant
3328 3892 3654 3943 iocabatur.

2010 3909 2172 3961 avus,
2233 3893 2471 3957 abavus,
2525 3891 2773 3944 tritavus
2829 3889 3045 3961 sepulti
3105 3896 3271 3944 erant
3321 3889 3654 3959 jecabatur,

2010 3960 2163 4017 certe
2195 3981 2295 4033 pro
2347 3962 2552 4017 rostris
2583 3978 2733 4017 caesa
2785 3961 2972 4015 cervix
3022 3960 3338 4030 dextraque
3367 3962 3657 4019 Ciceronis

2008 4032 2307 4107 pependit.
2338 4035 2669 4102 ibidemque
2719 4033 2910 4107 capita
2961 4032 3455 4103 proscriptorum;
3510 4041 3575 4107 ut
3604 4042 3658 4089 et

2007 4105 2136 4161 aliis
2185 4108 2243 4159 in
2300 4106 2461 4170 locis,
2524 4105 3205 4177 proponebanturzmos
3263 4120 3330 4158 ex
3386 4106 3652 4174 Appiano

2007 4178 2295 4250 praecipue
2326 4177 2469 4232 satis
2512 4175 2705 4250 notus.
2740 4176 2886 4250 _Scio
2920 4175 3028 4250 hoc
3059 4181 3423 4246 postremum
3456 4180 3653 4250 tamen

2004 4247 2373 4319 aliter'posse
2420 4248 2625 4318 accipi,
2658 4248 2758 4301 sed
2803 4264 2907 4301 nec
2946 4247 3065 4300 haec
3113 4248 3543 4303 contemnenda
3568 4248 3651 4302 vi-

2005 4318 2252 4386 dentur;
2288 4321 2369 4375 ita
2398 4321 2552 4375 enim
2597 4321 2665 4373 de
2697 4319 2821 4388 ipso
2869 4318 3080 4373 Severo
3112 4323 3309 4374 noster
3340 4335 3352 4374 :
3391 4341 3417 4369 ‹‹
3450 4320 3560 4374 Sed
3592 4324 3650 4376 et

2002 4392 2361 4449 clarissimas
2410 4392 2660 4447 feminas
2708 4394 2765 4444 et
2811 4388 3169 4445 clarissimos
3218 4390 3373 4446 viros
3404 4393 3649 4448 Severus

2001 4465 2191 4521 sciens
2224 4465 2403 4533 hujus
2446 4468 2615 4518 sectae
2648 4477 2795 4525 esse,
2829 4478 2944 4516 non
2995 4462 3166 4517 modo
3200 4480 3312 4517 non
3346 4462 3513 4531 laesit,
3547 4480 3649 4519 ve-

2000 4554 2132 4592 rum
2164 4539 2219 4590 et
2248 4535 2588 4590 testimonio
2630 4534 2948 4599 exornavit,
3000 4537 3056 4589 et
3082 4534 3298 4605 populo
3340 4535 3557 4591 furenti
3588 4536 3648 4592 in

2004 4625 2108 4665 eos
2138 4606 2325 4678 palam
2357 4607 2630 4663 restitit.»
2659 4606 2797 4660 Hav.

2069 4676 2182 4751 (84)
2218 4682 2279 4733 Et
2326 4680 2385 4751 in
2432 4678 2659 4746 pudoris
2703 4680 2895 4733 notam
2940 4676 3136 4751 capitis
3183 4693 3343 4751 paena
3386 4693 3648 4733 conversa

1996 4748 2091 4806 est.
2127 4752 2340 4805 Totum
2372 4750 2481 4805 hoc
2512 4752 2678 4805 abest
2726 4765 2759 4802 a
2808 4764 2917 4802 ms.
2954 4748 3139 4817 Lugd.
3190 4749 3311 4803 Bat.
3347 4765 3450 4803 nec
3478 4754 3649 4805 vacat

1998 4822 2346 4893 suspicione.
2381 4821 2620 4877 Redolet
2661 4820 2813 4893 enim
2868 4820 3063 4893 nescio
3110 4820 3249 4891 quid
3282 4819 3482 4875 alienae
3518 4838 3643 4876 ma-

1999 4890 2132 4953 nus.
2166 4896 2223 4947 in
2254 4894 2438 4949 alieno
2471 4909 2642 4966 Opere
2674 4890 3088 4966 maleAsedulaa.

2070 4966 2180 5037 (85)
2209 4963 2534 5037 Suﬁunderé
2580 4964 2780 5037 maluit
2827 4963 3077 5037 hominis,
3112 4964 3437 5033 sanguinem
3468 4978 3647 5037 quam

1995 5034 2593 5107 eﬁﬂnderefOptatus,
2616 5036 2717 5090 lib.
2741 5050 2826 5107 11,:
2868 5054 2888 5081 α
2920 5034 3645 5107 Fundentessanguinem,

1996 5105 2112 5163 nun
2146 5105 2426 5180 corporis,
2460 5111 2559 5165 sed
2594 5105 2911 5180 pudoris.)
2966 5111 3033 5160 At
3063 5108 3195 5180 quis
3224 5105 3372 5180 alius
3406 5106 3646 5180 pudoris

1997 5176 2265 5251 sanguis,
2293 5198 2466 5250 quam
2507 5176 2763 5251 corporis
2784 5176 2823 5251 ῨΔ
2857 5178 3169 5251 Gregorius
3222 5176 3490 5241 Baeticus,
3525 5179 3647 5233 sive

1996 5248 2135 5323 quis
2160 5248 2323 5307 alius
2359 5258 2563 5308 auctor
2606 5248 2741 5306 libri
2792 5248 3031 5323 de_Fidc
3079 5250 3336 5305 adversus
3367 5251 3597 5323 Aritmos
3626 5266 3646 5303 :

1998 5318 2386 5407 ilmpudens'
2430 5341 2630 5407 eorum
2666 5323 2824 5401 frons
2872 5318 2991 5388 illa,
3028 5326 3278 5407 quae‘e'st
3321 5323 3443 5407 sin‘e
3468 5322 3644 5407 ‘signo

1994 5391 2247 5464 Domini,
2277 5397 2496 5452 crebris
2525 5391 2995 5452 testimoniorum
3028 5393 3323 5463 lapidibus
3371 5394 3643 5449 elidenda

1995 5471 2103 5530 est,
2136 5471 2202 5521 ut
2228 5468 2275 5524 si
2309 5486 2423 5525 nou
2446 5486 2578 5525 caro
2608 5466 2841 5521 illorum
2865 5466 3114 5521 eti‘undit
3136 5482 3403 5522 cruorem
3435 5464 3640 5519 multis

1995 5538 2208 5594 effossa
2263 5541 2626 5606 vulneribus,
2687 5541 2881 5609 tamen
2936 5536 3025 5592 vel
3075 5538 3264 5609 pudor
3317 5535 3635 5593 suti‘usione

1996 5610 2302 5678 sanguinis
2333 5614 2659 5669 erubescat.
2694 5631 2721 5658 ››
2754 5607 2879 5663 Rm.

2065 5682 2177 5754 (86)
2222 5682 2367 5751 Quas
2419 5700 2595 5758 neque
2648 5694 2924 5737 annorum
2977 5693 3261 5734 numerus.
3321 5678 3408 5731 Tu
3464 5690 3632 5744 quas,
