4072 6190
288 210 388 267 341

1371 205 1965 265 APOLOGETICUS
2012 206 2188 266 ADV.
2240 210 2568 269 GENTES.

3564 204 3681 263 342

285 343 417 399 29!
455 355 581 396 eum
612 338 994 412 praerogativa
1039 336 1302 409 suffragii
1337 338 1428 393 sui
1475 338 1608 411 (91).
1641 340 1911 409 Senatus,
1940 341 1995 406 Α
2027 340 2178 397 292
2237 341 2727 405 Christianorum,
2760 336 3057 395 Consulite
3093 335 3547 393 commentarios
3577 354 3679 391 ve-

282 432 407 503 quia
456 446 564 484 non
602 430 728 500 ipse
781 429 1144 500 probaverat,
1179 427 1442 498 respuit;
1479 427 1666 482 Caesar
1695 428 1752 482 in
1785 444 1918 482 sen-

282 518 447 575 tentia
469 518 1105 590 mansit,comminatus
1127 516 1453 588 periculum
1476 517 1918 572 accusatoribus

2029 434 2182 485 stros
2208 455 2222 497 -,
2254 430 2373 485 illic
2394 429 2694 501 reperietis
2718 429 2975 500 primum
2996 431 3282 482 Neronem
3305 427 3414 499 (92)
3447 426 3505 480 in
3527 425 3677 481 hanc

2028 526 2247 575 sectam
2288 536 2426 576 cum
2474 519 2726 575 maxime
2773 522 2967 573 Romae
3007 516 3119 588 (93)
3162 515 3439 571 orientem
3489 512 3673 569 Caesa-

1723 618 1871 676 Com
1883 620 2244 681 mentarius.

272 716 388 769 dem
414 720 611 769 contra
634 715 957 786 principem
982 731 1159 769 ausus
1184 714 1393 768 fuisset
1418 730 1430 779 ;
1466 714 1617 783 quod
1652 730 1720 768 ex
1741 714 1908 767 chro-

271 786 489 858 nologia
521 792 736 857 pateat,
794 787 1199 840 Christianum
1260 802 1485 858 nomen
1523 793 1908 858 reogtemporo

268 857 350 912 vix
398 856 600 912 notum
652 862 846 912 Romae
898 857 1099 912 fuisse.
1151 858 1376 921 Quibus
1426 857 1574 911 addo
1613 856 1909 912 infensum

302 930 446 984 otius
475 930 776 984 Tiberium
804 928 1204 999 utJudaao,ita
1235 934 1289 983 et
1318 928 1650 982 Christiano
1686 929 1909 983 nomini

285 1002 452 1067 uisse,
490 1008 553 1056 ut
583 1002 738 1057 clare
770 1008 929 1073 patet
958 1017 1037 1073 ex,
1066 1005 1313 1073 Sueten.
1336 1017 1461 1069 cap.
1494 1001 1564 1054 36
1594 1016 1614 1073 :A
1639 1022 1666 1047 ‹‹
1713 1003 1906 1055 Exter-

266 1089 361 1126 nas
391 1071 794 1157 caeremonias,
817 1072 1543 1157 EgyptiosJudaicosque
1568 1071 1722 1153 ritus
1753 1089 1908 1127 com-

260 1146 494 1217 pescuit.
524 1147 862 1201 Judaeorum
883 1144 1268 1217 juventulemi
1295 1160 1396 1216 per
1425 1144 1677 1217 speciem
1711 1161 1904 1217 sacra-

258 1215 426 1288 inenti
498 1218 558 1272 in
627 1216 957 1288 provincias
1024 1215 1505 1288 graviorishcoeli
1579 1216 1903 1281 distribuit,

257 1287 509 1358 reliquos
542 1286 734 1361 gentis
766 1286 1053 1357 ejusdem,
1074 1287 1160 1343 vel
1191 1286 1725 1361 similiasectantes
1750 1288 1905 1361 Urbe

258 1359 566 1426 submovit,
598 1362 706 1416 sub
740 1377 912 1431 poena
940 1365 1230 1431 perpetuis
1278 1359 1601 1426 servitutis,
1649 1360 1759 1431 nisi
1794 1361 1901 1414 ob-

254 1436 709 1512 temperassent.
729 1430 893 1512 anilia
919 1430 1021 1502 per
1048 1430 1303 1512 similia“
1318 1438 1583 1512 sectantes
1616 1430 1758 1512 nulli
1790 1431 1903 1512 nisi

255 1501 563 1559 Christiani
632 1503 881 1574 intelligi
920 1501 1213 1574 ipossunt.
1275 1503 1331 1556 Si
1389 1519 1523 1557 vero
1583 1501 1902 1574 aliquando

254 1575 533 1647 curiosior
584 1575 875 1644 Tiberius,
926 1575 1189 1647 privatus
1240 1574 1430 1628 adhuc
1479 1574 1665 1647 lithodi
1699 1591 1899 1647 agens,

251 1646 561 1717 Diogenem
611 1646 1094 1714 Grammaticum,
1136 1648 1427 1716 disputare
1476 1646 1901 1701 Sabbatis'soli-

249 1726 381 1784 tum,
415 1724 480 1773 ut
506 1726 712 1774 narrat
740 1720 976 1774 Sueten.
1011 1734 1137 1789 cap.
1170 1719 1260 1782 32,
1294 1717 1496 1773 audire
1529 1717 1636 1771 fuit
1666 1717 1893 1784 avidus,

249 1789 370 1844 huic
400 1790 736 1862 deChristo
780 1790 1039 1862 opinioni
1074 1790 1219 1844 nihil
1271 1790 1356 1860 (ut
1386 1789 1624 1860 quidem
1651 1792 1894 1860 putabat

248 1861 599 1933 Torrentius)
662 1861 939 1933 conferre
1014 1862 1662 1933 potest.AContrarium
1735 1863 1889 1916 enim

247 1932 398 1987 docet
426 1932 767 1989 Suetonius.
800 1935 871 1988 Et
900 1931 1038 1987 sane
1078 1931 1296 1988 creduli
1348 1932 1524 1987 nimis
1571 1932 1809 1988 fuerunt
1838 1938 1895 1989 et

245 2004 535 2075 simplices
594 2006 771 2076 prisci
816 2005 901 2059 illi
946 2009 1167 2072 Patres,
1226 2004 1325 2075 qui
1383 2004 1577 2076 oblata
1616 2022 1890 2075 quascun-

242 2077 537 2202 quetaxplde
570 2074 890 2148 aripientes
913 2076 1204 2148 plumbeis
1235 2074 1387 2147 saepe
1417 2074 1886 2149 gladiis’pugna-

242 2164 338 2202 run
371 2187 383 2200 .
467 2164 561 2202 Αν.

242 2152 383 2203 runt.
416 2152 561 2202 Hav.

307 2219 427 2273 llaec
501 2218 787 2273 audacior
844 2218 1095 2273 subinde
1152 2234 1218 2272 ac
1276 2222 1479 2289 praeter
1540 2216 1778 2273 solitum
1834 2218 1888 2273 vi

239 2290 533 2359 repentina
586 2289 905 2345 altercandi
947 2291 1004 2343 in
1054 2294 1277 2344 veteres
1333 2290 1529 2345 Patres
1583 2291 1886 2360 abreptus,

240 2360 689 2431 Havercampius
736 2362 1036 2416 intendere
1084 2378 1198 2415 non
1258 2361 1570 2416 dubitavit.
1623 2362 1885 2425 Quonam

237 2437 431 2489 amabo
455 2437 597 2502 jure
622 2434 649 2486 ?
677 2434 793 2487 Sub
819 2435 1033 2488 lectore
1057 2433 1259 2503 judice
1293 2431 1365 2485 lis
1397 2440 1541 2488 esto.

296 2509 467 2560 Porro
503 2504 698 2558 multa
726 2510 867 2559 sunt
895 2521 959 2559 ac
992 2504 1267 2574 praeclara
1298 2504 1590 2568 Veterum,
1626 2519 1730 2558 nec
1752 2504 1881 2574 jam

296 2522 467 2560 verro
503 2522 698 2558 murta
726 2522 867 2559 sunt
895 2522 959 2559 ac
1034 2522 1267 2558 raeciara
1305 2522 1590 2568 veterum,
1626 2522 1730 2558 nec
1752 2522 1881 2574 Jam

234 2575 341 2647 ulla
371 2593 513 2631 sane
546 2576 897 2630 credulitate
926 2522 1027 2629 vel)
1049 2574 1426 2647 simplicitate
1458 2575 1661 2641 nimia,
1697 2576 1889 2645 plum-

234 2646 393 2702 beovs
422 2647 624 2719 gladio
657 2646 1108 2719 despicabilium
1136 2646 1492 2711 testimonia,
1518 2647 1732 2719 quibus
1764 2647 1884 2702 haec

235 2718 516 2790 aTiberio
551 2720 625 2774 ad
671 2718 945 2774 Senatum
993 2720 1063 2773 de
1114 2722 1299 2774 morte
1339 2719 1623 2790 stupenda
1672 2718 1884 2773 Christi

236 2789 424 2845 relatio
456 2791 869 2846 confirmatur.
910 2795 1105 2845 Exstat
1132 2789 1627 2847 enimvero’testis
1672 2790 1731 2843 in
1765 2807 1883 2845 me-

237 2862 406 2917 moria
458 2863 775 2917 hominum
835 2862 1061 2933 primus
1108 2863 1164 2918 S.
1220 2862 1490 2918 Justinus
1551 2862 1768 2932 Martyr
1825 2863 1883 2916 in

234 2935 480 3005 Apologia
519 2934 595 2989 ad
642 2937 999 3005 imperatores
1026 2936 1230 3003 prima,
1267 2934 1460 2988 Romen
1493 2939 1548 2988 et
1580 2950 1883 3004 prepemo-

238 3006 363 3059 dum
395 3013 534 3061 ante
560 3008 715 3060 fores
748 3005 1295 3073 Curiaadata,oculis
1327 3007 1590 3075 subjecta
1620 3005 1881 3059 hostium

235 3078 427 3132 sedula
455 3078 682 3132 invidia
708 3053 1103 3143 audientium:
1128 3076 1342 3149 quibus
1372 3053 1521 3132 hadnc
1542 3075 1883 3131 facillimam
1917 3053 1958 3120 (ἶ

236 3149 619 3220 redarguendi
666 3166 732 3204 ac
782 3150 839 3203 in
900 3148 1113 3204 falsum
1147 3148 1455 3204 revocandi
1488 3165 1693 3203 ausam
1745 3149 1884 3203 dare

238 3236 339 3275 non
373 3219 569 3291 potuit
600 3226 803 3275 tantus
833 3220 1163 3291 eximieque
1192 3236 1386 3274 rerum
1434 3219 1640 3275 notitia
1668 3224 1886 3274 Auctor

235 3295 693 3347 commendatus.
721 3293 913 3347 Testis
942 3297 1031 3347 est
1066 3293 1135 3346 ab
1168 3293 1297 3362 ipso
1328 3292 1625 3347 secundus
1654 3308 1757 3346 nec
1778 3291 1884 3346 im-

235 3379 326 3432 par
354 3364 446 3418 hic
475 3369 682 3419 noster
710 3363 1123 3430 Tertullianus,
1157 3369 1470 3419 accuratus
1519 3380 1587 3418 ex
1618 3362 1883 3418 omnium

233 3435 485 3491 confesso
524 3453 725 3492 rerum
758 3440 1121 3507 vetustarum
1178 3436 1505 3507 indagator,
1540 3452 1604 3489 ac
1633 3436 1881 3505 praefatae

233 3507 555 3563 traditionis
621 3508 763 3563 adeo
819 3506 1186 3576 peculiariter
1234 3506 1465 3572 certior,
1500 3511 1565 3560 ut
1608 3506 1787 3561 semel
1828 3511 1883 3561 et

241 3577 433 3634 iterum
458 3580 622 3635 idem
650 3579 708 3633 in
737 3578 968 3649 scriptis
990 3595 1164 3649 quam
1198 3577 1485 3633 latissime
1516 3578 1882 3649 evulgandis,

234 3649 661 3722 invidiaiquam
712 3649 1113 3705 inlensissima
1167 3651 1427 3719 legendis
1467 3651 1885 3721 conscripserit

237 3722 318 3793 (cf.
348 3722 404 3776 S.
436 3721 662 3777 Justin.
707 3724 857 3792 Apol.
906 3739 943 3790 1,
980 3739 1035 3776 n.
1087 3722 1194 3786 35;
1242 3722 1483 3776 Tertull.
1526 3724 1797 3793 Apologet.
1828 3739 1881 3776 v.

237 3791 304 3845 id.
336 3794 469 3864 xxi).
523 3791 1058 3864 Testes’praeterea
1104 3793 1423 3847 habuimus
1462 3791 1576 3848 sibi
1606 3793 1883 3847 continuo

236 3866 629 3931 succedentes,
660 3864 978 3935 albumque
1008 3880 1184 3921 suum
1206 3864 1458 3936 singulis
1508 3864 1737 3919 seculis
1770 3864 1885 3919 cal-

239 3936 417 4008 culum
446 3937 823 4008 adjicientes,
858 3938 1173 3991 Eusebium
1208 3953 1417 4007 nempe
1446 3937 1883 4005 Caesariensem,

238 4010 283 4061 S.
329 4007 622 4064 Joannem
676 4008 1181 4078 Chrysostomum,
1243 4008 1513 4063 Orosium
1577 4008 1885 4079 Augustini

240 4079 537 4149 disciplina
568 4081 867 4147 edoctum,
906 4080 1248 4151 Gregorium
1293 4084 1556 4135 nostrum
1587 4081 1883 4134 Turonen-

238 4159 527 4222 sem,tum
561 4153 889 4206 Cedrenum
910 4197 924 4220 ,
951 4152 1496 4222 Nicophorumque.
1532 4156 1887 4222 czeterosque

241 4220 521 4293 inferioris
572 4224 676 4277 aevi
738 4221 1077 4291 permultos.
1102 4220 1227 4293 '(Cf.
1268 4220 1456 4278 Euseb.
1501 4224 1637 4277 Hist.
1689 4220 1881 4277 eccles.

238 4289 408 4366 lib._v,
446 4312 497 4350 c.
531 4296 589 4357 2,
615 4296 668 4349 S.
702 4289 996 4366 JLACrhys.
1040 4289 1200 4366 hom.
1233 4296 1322 4359 26,
1360 4295 1406 4348 lI
1438 4295 1616 4364 Epist.
1653 4296 1721 4349 ad
1756 4299 1881 4350 Cor.

242 4369 290 4416 et
313 4364 455 4438 alios
486 4370 632 4420 vett.
680 4364 930 4438 collatos
952 4367 1101 4438 apud
1137 4365 1266 4419 Nat.
1301 4366 1456 4420 Alex.
1491 4370 1631 4421 sect.
1669 4370 1717 4433 1,
1756 4383 1803 4420 c.
1836 4372 1880 4431 t,

237 4436 357 4490 etJ.
388 4438 448 4492 C.
483 4441 684 4493 Otton.
724 4438 758 4504 Ι,
791 4438 860 4491 de
902 4437 954 4491 S.
990 4436 1205 4493 'Justin.
1240 4440 1460 4508 scriptis
1513 4442 1568 4492 et
1610 4438 1881 4504 doctrina,

238 4521 285 4581 p_.
330 4509 448 4563 110.
494 4514 617 4564 not.
668 4508 807 4581 145).,
829 4508 952 4581 imo
1003 4509 1243 4581 ipsimet
1289 4510 1685 4579 suffragantur
1741 4526 1880 4580 gen-

238 4578 370 4651 tium
406 4582 747 4650 scriptores,
784 4579 1006 4635 Plinius
1030 4578 1245 4651 nempe
1276 4598 1410 4636 cum
1443 4578 1511 4635 ei:
1532 4581 1690 4635 illius
1721 4578 1880 4651 epis-

240 4650 346 4705 tola
372 4653 442 4706 ad
479 4653 801 4723 Trajanum
826 4656 1022 4707 contat
1043 4653 1097 4708 id
1135 4650 1478 4721 praesidibus
1500 4654 1678 4707 moris
1703 4650 1881 4708 fuisse

241 4736 592 4793 quaecunque
645 4724 707 4777 in
759 4724 1055 4793 provincia
1118 4741 1225 4779 sua
1283 4725 1616 4779 acciderant
1664 4741 1882 4780 memo-

242 4796 431 4857 renda.
466 4796 991 4867 adimperatorem
1024 4796 1283 4862 deferre;
1319 4801 1441 4850 tum
1477 4796 1882 4867 Suetonium,a

242 4880 344 4939 quo
368 4866 696 4935 Tiberium,
730 4867 866 4922 licet
910 4868 1064 4923 circa
1097 4872 1238 4923 Deos
1289 4884 1355 4922 ae
1407 4866 1745 4939 religionem
1781 4885 1879 4923 ne-

241 4935 657 5008 gligentiorem,
692 4940 871 4993 fuisse
921 4939 1307 4994 nihilominus
1346 4935 1618 4994 audiendi
1648 4940 1880 4995 Judaeos

240 5006 663 5082 Christianosve
693 5011 1063 5082 disputantes
1094 5011 1329 5065 avidum
1364 5012 1697 5082 accepimus
1722 5016 1879 5077 ;tum

242 5078 463 5135 demum
501 5078 898 5152 Lampridium
946 5082 1017 5136 ab
1067 5081 1196 5153 ipso
1244 5078 1653 5152 Havercainpio
1683 5082 1881 5137 lauda-

246 5154 378 5225 tum,
410 5169 518 5208 nec
551 5153 795 5225 obscure
820 5154 1158 5208 innuentem
1194 5170 1367 5225 quam
1403 5153 1650 5209 sollicite
1681 5154 1881 5223 plures

242 5220 505 5297 Caesares.
530 5242 663 5297 quae
693 5224 1038 5281 Christianis
1087 5220 1461 5289 interessent.
1495 5220 1882 5297 investigave-

245 5293 367 5369 rint.
392 5293 605 5369 “Nec
634 5297 876 5369 insuper
905 5297 1151 5351 arduum
1183 5304 1236 5369 et
1279 5297 1553 5368 quaelibet
1587 5293 1882 5368 praeallata

243 5364 1337 5445 Tanaquillthabri-AHavercampique
1390 5364 1736 5445 argumenta
1791 5386 1879 5445 re;

248 5439 521 5511 scindere.
568 5443 713 5511 Nam
741 5441 839 5511 ad
882 5439 1170 5511 primum,
1210 5439 1483 5496 sabinde
1516 5441 1788 5508 occurrit,
1822 5441 1878 5494 id

246 5504 381 5562 hanc
409 5509 750 5565 Tertulliani
782 5504 1398 5576 sententiam,nullam
1432 5513 1556 5567 erui
1592 5529 1659 5567 ex
1687 5504 1882 5567 emen-

246 5580 355 5634 titis
400 5582 589 5656 Pontii
619 5582 784 5638 Pilati
830 5584 974 5639 actis
1028 5601 1154 5655 qua:
1198 5584 1710 5656 circumferuntur,
1764 5584 1882 5640 imo

248 5665 371 5727 vero
399 5653 916 5727 ab_instrumentis
962 5653 1202 5711 senatus
1250 5655 1500 5727 publicis
1540 5673 1610 5711 ae
1652 5653 1880 5711 diurnis

247 5720 499 5795 depromi
534 5742 546 5781 :
579 5728 733 5799 quod
780 5744 925 5785 sane
952 5732 1073 5784 tam
1106 5720 1400 5798 audacter,
1434 5727 1550 5784 nisi
1579 5726 1885 5784 habuisset

2060 718 2253 772 enitus
2284 719 2341 773 in
2369 724 2758 783 compertum,
2790 716 2995 770 afferre
3024 731 3139 768 non
3172 713 3575 768 susttnuisset.
3604 743 3673 753 ——

2060 733 2253 772 enitus
2284 736 2341 773 1n
2369 735 2493 773 com
2544 733 2758 783 ertum,
2790 733 2995 770 auerre
3024 733 3139 768 non
3172 733 3575 768 susunmsset.
3604 743 3673 753 ~—

2018 733 2174 842 gulis
2202 791 2272 845 ad
2304 735 2651 857 secunifrum,
2686 788 3058 859 praelaudatis
3110 786 3281 859 modo
3336 785 3673 859 auctoribus

2061 862 2286 931 aganis,
2320 864 2535 917 factum
2565 856 2745 915 fuisse
2774 859 3002 931 videtur
3025 863 3082 913 et
3112 856 3351 927 insuper
3374 856 3671 931 ex_eode_m

2061 878 2286 931 agams,
2320 878 2535 917 IuCtum
2565 878 2745 915 101856
2774 878 3002 914 νιαθῐυῐ·
3025 878 3082 913 Θῐσ
3112 878 3351 927 ιηευρεπ
3374 878 3442 911 ex
3468 878 3671 912 ΕΟΟΘῘΠ

2019 878 2296 987 guetonio
2329 934 2684 999 noverimus,
2718 931 2883 997 nihil,
2918 929 3007 984 vel
3057 931 3382 1000 imperante
3419 927 3673 1000 Tiberio,

2018 1005 2302 1060 accidisse
2332 1006 2451 1060 sive
2482 998 2723 1075 parvum
2759 1004 2877 1058 sive
2926 998 3249 1075 magnum._
3280 1004 3347 1055 ut
3394 998 3668 1070 publicis,

2016 1076 2327 1146 privatisve
2360 1073 2550 1144 rebus,
2581 1076 2733 1146 quod
2764 1092 2879 1129 non
2913 1074 3089 1129 fuerit
3119 1074 3191 1146 ad
3221 1073 3499 1146 senatum
3531 1087 3670 1146 con-

2014 1142 2178 1203 tinuo
2209 1149 2484 1204 relatum.
2533 1142 2619 1202 Ad
2670 1147 2929 1215 tertium,
2972 1144 3310 1199 memineris
3343 1142 3511 1197 velim
3537 1144 3661 1213 jam

2015 1220 2339 1287 Tiberium,
2374 1237 2542 1275 secus
2594 1221 2726 1274 licet
2760 1215 3098 1273 consulente
3129 1220 3335 1271 senatu
3368 1232 3433 1269 ae
3466 1215 3666 1286 depre-

2015 1296 2205 1357 cante,
2241 1293 2533 1363 respuisse
2578 1289 3095 1363 templa,juraque
3146 1287 3340 1342 divina
3388 1303 3522 1363 qua;
3569 1303 3666 1341 ne-

2014 1363 2157 1417 mini
2192 1358 2451 1434 proinde,
2477 1364 2603 1436 ipso
2639 1358 2976 1434 superstite,
3001 1358 3255 1415 asenatu
3278 1358 3525 1414 cont'erri
3558 1375 3664 1430 par

2013 1440 2157 1490 erat.

2084 1506 2239 1561 Nihil
2285 1522 2417 1560 vero
2466 1522 2532 1561 eo
2590 1504 2697 1559 loci
2739 1504 2927 1559 facere
2976 1501 3408 1572 chronologiam
3454 1500 3657 1571 liquet,

2012 1595 2146 1633 eum
2180 1580 2249 1633 de
2280 1578 2407 1650 ipso
2451 1577 2678 1650 Christo
2709 1576 2766 1650 in
2798 1575 3001 1630 Judma
3047 1590 3221 1650 passo
3262 1579 3318 1650 et
3346 1590 3542 1650 coram
3563 1576 3661 1650 tot

2011 1651 2259 1707 testibus
2290 1643 2562 1715 redivivo,
2596 1647 2837 1704 minime
2866 1664 2999 1702 vero
3030 1643 3100 1701 de
3122 1645 3356 1701 nomine
3387 1643 3664 1699 Christia-

2015 1688 2259 1707 ...........s
2290 1688 2539 1704 ηυιηω
2597 1688 2837 1704 ............
2878 1688 2998 1702 ,νη
3030 1688 3100 1701 ue
3124 1688 3356 1701 ..........e
3391 1688 3638 1699 ...ων-η.

1930 1688 1978 1753 Β
2008 1738 2215 1799 norum
2259 1722 2448 1799 serius
2491 1692 2723 1799 ociusve
2774 1723 3111 1799 nuncupato
3141 1718 3410 1799 agitetur.
3443 1719 3657 1799 —‘Nec

2002 1794 2239 1849 demum
2290 1795 2359 1847 de
2408 1798 2571 1863 grato
2629 1793 2930 1846 infensove
2971 1788 3199 1846 Tiberii
3234 1788 3654 1863 inquirendum

2001 1870 2088 1919 est
2110 1865 2325 1927 animo,
2344 1857 2661 1917 duvmmodo
2683 1868 2739 1918 et
2773 1863 2961 1932 reipsa
2981 1866 3206 1917 constat
3228 1857 3451 1915 varium
3474 1857 3657 1915 fuisse

2002 1938 2073 1991 ad
2108 1954 2253 1991 nova
2283 1935 2631 2006 insolitaque
2656 1950 3046 2006 pronum,nee
3078 1932 3317 2006 proinde
3348 1948 3381 1986 a
3410 1936 3652 2006 stupen-

2000 2009 2073 2063 da
2106 2025 2296 2063 rerum
2332 2009 2388 2061 in
2412 2003 2615 2062 Judiea
2644 2003 2939 2075 gestarum
2974 2004 3253 2060 relatione
3282 2003 3526 2060 arrectis
3551 2018 3652 2060 au-

1998 2081 2162 2135 ribus
2193 2079 2486 2135 audienda
2513 2078 2793 2134 alienum.

2070 2156 2156 2206 An
2186 2168 2340 2217 vero,
2372 2151 2565 2221 inquit
2611 2147 2991 2205 doctissimus
3032 2146 3240 2221 Monsi,
3270 2144 3486 2214 scripta
3527 2144 3647 2221 haec

1997 2222 2165 2277 Pilati
2200 2224 2269 2277 ad
2296 2217 2589 2278 Tiberium
2628 2224 2799 2276 modo
2832 2220 3151 2291 supersint,
3188 2220 3499 2291 incertum.
3534 2217 3644 2291 Ne:

1998 2311 2110 2364 que
2149 2295 2301 2350 enim
2340 2294 2562 2350 Pseudo
2595 2288 2958 2363 Hegesippus
2991 2290 3089 2361 qui
3122 2289 3347 2364 litteras
3382 2288 3547 2364 Pitati
3579 2289 3649 2364 ad

1998 2360 2295 2421 Tiberium
2331 2368 2532 2421 recitat
2564 2366 2620 2418 in
2656 2360 2763 2420 sna
2808 2360 3075 2433 Epitome
3128 2361 3260 2416 libri
3305 2360 3655 2433 Josephide

1996 2439 2143 2493 Bello
2172 2438 2416 2507 Judaico,
2451 2444 2567 2492 tam
2603 2441 2824 2491 asserta
2858 2432 3173 2507 auctoritas
3205 2437 3294 2507 est
3326 2436 3390 2486 ut
3420 2448 3452 2485 a
3473 2432 3657 2507 nobis

1996 2509 2167 2565 fidem
2201 2503 2559 2580 extorqueat.
2585 2508 2767 2562 Multo
2792 2523 2922 2580 vero
2948 2504 3409 2580 incertissimum
3438 2503 3485 2580 si
3510 2504 3656 2558 forte

1996 2582 2296 2652 supersint
2332 2575 2482 2635 inter
2504 2580 2688 2635 multa
2717 2586 2781 2652 et,
2797 2579 2961 2652 varia
2994 2578 3047 2631 id
3076 2578 3312 2652 generis
3344 2575 3571 2652 scripta
3600 2580 3658 2630 et

1994 2648 2255 2708 ex'mss.
2309 2655 2554 2707 vetustis
2604 2651 2905 2706 codicibus
2963 2650 3253 2719 evulgata,
3328 2648 3651 2719 genuinum

1996 2724 2136 2794 quid
2169 2725 2265 2789 sit,
2291 2725 2500 2793 quidve
2525 2724 2816 2793 spurium.
2847 2721 3063 2794 Horum
3098 2718 3652 2794 actoremexempla

1996 2791 2165 2866 plura
2195 2791 2429 2866 collegit
2457 2796 2525 2849 Jo
2559 2791 2772 2849 Albert.
2812 2792 3112 2847 Fabricius
3164 2794 3226 2866 in
3252 2791 3469 2866 codice
3510 2807 3648 2861 apo-

1995 2864 2210 2938 crypho
2240 2864 2377 2921 Nov:
2402 2866 2785 2938 Testamenti,
2823 2869 2970 2938 part.
2991 2881 3044 2938 Δι,
3081 2882 3133 2938 p.
3170 2864 3295 2938 298,
3328 2867 3543 2938 et__part
3575 2879 3646 2929 1v,

1996 2933 2207 3009 p.156.
2236 2939 2404 2993 Aliud
2438 2954 2541 3008 ego
2574 2937 2646 2991 ab
2678 2937 2769 3009 his
2802 2933 3137 3009 l'abricianis
3171 2933 3649 3009 planediversum

1997 3004 2277 3080 quantum
2330 3004 2573 3080 fugievnti
2624 3008 2789 3063 oculo
2822 3006 3128 3080 inspicere
3172 3004 3383 3076 ipotui)
3442 3010 3649 3080 nactus

1998 3075 2128 3136 sum
2162 3082 2220 3136 in
2271 3075 2674 3136 vetustissimo
2706 3079 2901 3135 codice
2933 3075 3125 3133 saeculi
3158 3075 3280 3145 vin,
3315 3076 3493 3145 quod,
3527 3075 3647 3131 Deo

1994 3154 2193 3235 dante.
2254 3169 2387 3235 cum
2434 3170 2551 3235 per
2597 3152 2779 3206 otium
2821 3150 3025 3235 licebit
3083 3148 3252 3235 mihi,
3310 3148 3643 3235 describam

1993 3230 2051 3281 et
2097 3224 2156 3278 in
2205 3219 2505 3280 anecdotis
2552 3240 2677 3294 quae
2708 3222 2976 3289 meditor,
3019 3237 3124 3277 suo
3173 3225 3434 3290 tempore
3481 3219 3645 3274 evul-

2034 3296 2163 3351 abo.
2198 3300 2335 3350 Enn.

1994 3313 2339 3438 “($323:
2386 3366 2754 3437 praerogativa
2806 3364 3211 3438 suffragiisui.
3266 3362 3417 3438 Sane
3467 3378 3644 3438 quam

1995 3432 2329 3494 mirandum
2362 3432 2434 3509 [si
2468 3432 2688 3506 verum]
2739 3438 2795 3490 in
2851 3432 2959 3492 hoc
3001 3434 3283 3509 principe,
3318 3432 3417 3505 qui
3448 3432 3647 3509 omnia

1995 3528 2062 3565 ex
2091 3517 2330 3565 senatus
2360 3505 2706 3565 auctoritate
2739 3512 2924 3563 tacere
2944 3506 3088 3563 velle
3115 3506 3425 3571 videretur,
3444 3505 3647 3560 simul-

1994 3582 2153 3637 ]andi
2185 3583 2369 3637 mirus
2400 3582 2627 3648 artifex,
2663 3585 2723 3634 ut
2757 3580 2970 3649 passim
3006 3577 3285 3633 describit
3315 3577 3553 3632 Tacitus
3579 3593 3642 3631 ιιι

1994 3659 2051 3708 et
2098 3672 2153 3709 1v
2199 3656 2401 3709 Annal.
2452 3655 2737 3723 cujusque
2780 3650 3157 3723 sententiain
3191 3649 3369 3703 simili
3394 3666 3539 3723 casu
3574 3650 3644 3703 de

1996 3725 2163 3809 libris
2210 3721 2860 3809 Sibyllinis—prgvaluit
2909 3740 2921 3777 :
2965 3744 3032 3809 ἀἱ
3064 3721 3345 3809 Balatumi
3388 3721 3638 3809 indenad

1995 3798 2192 3851 Patres
2218 3790 2597 3860 Quintilliano
2630 3796 2890 3849 Tribuno
2926 3793 3078 3863 plebi
3108 3795 3175 3848 de
3209 3793 3356 3846 libro
3388 3790 3638 3863 Sibyllae.

1995 3886 2165 3938 quem
2198 3868 2469 3924 Caninivs
2500 3866 2698 3923 Gallus
2732 3866 3072 3938 Quindecim
3123 3865 3209 3917 vir
3256 3863 3459 3933 recipit
3486 3864 3640 3938 inter

1994 3934 2229 3996 caeteros
2252 3941 2512 4009 ejusdem
2532 3938 2699 3999 vatis,
2724 3943 2781 3991 ot
2800 3954 2865 3991 ea
2883 3936 2953 3991 de
2976 3953 3033 3990 re
3057 3934 3637 4009 senatusconsultum

1994 4006 2340 4082 postularat.
2374 4012 2493 4074 Quo
2536 4028 2635 4081 per
2665 4009 3050 4082 dicessionem
3086 4006 3254 4071 facto,
3289 4007 3452 4082 misit
3482 4006 3638 4059 litte—

1994 4078 2089 4137 ras
2130 4086 2316 4139 Cmsar
2363 4078 2587 4137 modice
2630 4080 2933 4134 tribunum
2994 4078 3327 4148 increpans,
3362 4078 3634 4146 ignarum

1994 4155 2218 4225 antiqui
2253 4156 2433 4209 moris
2464 4155 2535 4209 ob
2560 4154 2884 4223 juventam.
2922 4148 3084 4205 Gallo
3118 4148 3446 4225 exprobrat,
3477 4149 3632 4225 quod

1994 4222 2269 4294 scientiae,
2295 4225 2893 4295 eaeremoniarumque
2925 4228 3109 4290 vetus,
3134 4222 3353 4295 incerto
3386 4224 3640 4287 auctore,

1992 4304 2127 4354 ante
2159 4291 2508 4354 sententiam
2543 4291 2939 4367 collegiifnon
2974 4298 3038 4367 ut
3070 4292 3303 4367 assolet,
3338 4291 3485 4367 lecto
3540 4308 3643 4360 per

1995 4372 2306 4442 magistros
2354 4364 2757 4442 aestimatoque
2806 4364 3642 4442 carmine,_appdminfrequen-

1914 4424 1961 4487 D
1991 4424 2125 4497 tetri)
2153 4424 2420 4497 senatum
2469 4424 2702 4511 egisset.
2740 4455 2875 4511 nvi.
2922 4424 3118 4511 Annal.
3153 4424 3237 4500 l2,
3282 4424 3638 4511 Tertulliano

1991 4514 2263 4568 adhaeret.
2297 4506 2627 4582 Christo’pb.
2663 4509 2965 4582 Cellarius,
3002 4507 3236 4562 Dissert.
3270 4524 3381 4582 11v.
3426 4506 3565 4582 Hav.

2060 4586 2170 4655 (92)
2204 4586 2453 4639 Primum
2487 4578 2859 4655 It'eronemrEt
2882 4581 3003 4635 haec
3034 4596 3271 4655 quoque
3297 4579 3369 4633 ad
3398 4578 3640 4655 verbum

1989 4650 2297 4727 descripsit
2339 4654 2638 4727 Eusebius
2675 4659 2731 4710 et
2777 4653 2837 4707 in
2885 4652 3346 4727 Commentarios
3392 4650 3644 4727 suo_s__de

1989 4728 2124 4782 Hist.
2180 4722 2376 4782 Eccles.
2422 4725 2692 4790 contulit,
2746 4730 2810 4778 ut
2868 4724 3087 4778 notavit
3141 4724 3377 4790 Junius,
3437 4722 3636 4776 addito

1990 4798 2205 4869 insigni
2234 4801 2557 4854 deauctore
2590 4801 2788 4851 nostro
2810 4794 3166 4862 testimonio,
3200 4795 3298 4866 qui
3322 4799 3637 4869 postquam

1990 4865 2266 4926 omnibus
2297 4871 2534 4937 ﬂagitiis
2567 4869 2845 4923 infamem
2879 4872 3162 4922 Neronem
3213 4865 3487 4932 ostendit,
3554 4865 3638 4920 ita

1991 4942 2219 4998 orditur
2251 4960 2263 4997 :
2298 4965 2325 4992 «
2360 4942 2461 4998 His
2492 4940 2673 5013 igitur
2703 4938 2979 4995 omnibus
3017 4940 3235 5007 deerat,
3270 4943 3334 4994 ut
3363 4939 3487 5008 ipse
3517 4937 3637 5007 pri-

3348 5027 3481 5065 mus
3512 5025 3600 5065 ΘΧ.

2065 5155 2174 5225 (93)
2207 5154 2337 5209 Cum
2362 5157 2612 5210 maxime
2634 5158 2831 5211 Romae.
2866 5154 2973 5208 Ms.
2996 5153 3158 5208 Fuld.
3188 5154 3428 5208 maxime
3462 5155 3648 5210 Romae

1991 5224 2174 5281 Rhen.
2209 5232 2265 5282 et
2294 5231 2454 5281 Pam.
2491 5229 2620 5282 Tum
2664 5228 2908 5281 maxime
2942 5227 3135 5293 Romae,
3177 5224 3232 5279 id
3267 5231 3356 5280 est
3386 5230 3647 5296 tempore

1989 5298 2258 5354 Neronis.
2290 5302 2412 5352 Non
2450 5299 2640 5370 placet
2670 5324 2684 5365 ;
2718 5315 2930 5353 sensus
2961 5301 3068 5367 est,
3102 5313 3216 5351 non
3263 5296 3399 5351 alibi
3436 5298 3643 5369 magis,

1990 5387 2166 5441 quam
2193 5371 2385 5425 Romae
2405 5370 2555 5425 hanc
2578 5374 2795 5426 sectam
2821 5386 2960 5425 suos
2982 5373 3300 5425 sectatores
3321 5370 3646 5426 invenisse:

1991 5444 2146 5513 quod
2190 5443 2433 5498 innuere
2470 5443 2699 5499 videtur
2726 5442 2961 5498 Tacitus
2992 5459 3063 5497 xv
3092 5440 3301 5503 Annal,
3334 5443 3395 5495 41
3425 5459 3437 5495 :
3474 5466 3501 5491 ‹‹
3535 5447 3649 5496 Re-

1993 5529 2312 5584 pressaque
2341 5514 2400 5569 in
2450 5531 2701 5585 praesens
2737 5513 3028 5570 exitabilis
3063 5513 3403 5585 superstitio
3434 5528 3641 5585 rursus

1992 5582 2338 5657 erumpebat
2378 5582 2491 5640 non
2542 5587 2710 5641 modo
2749 5603 2850 5657 per
2896 5582 3157 5641 Judaaam
3187 5582 3640 5657 originem_ejus

1993 5653 2287 5723 malifsed
2315 5672 2416 5728 per
2445 5659 2656 5715 Urbem
2690 5653 2869 5713 etiam
2913 5674 2924 5711 :
2962 5674 3076 5727 quo
3130 5658 3340 5728 cuncta
3382 5653 3641 5728 undique

1992 5729 2209 5786 atrocia
2230 5724 2404 5801 atque
2421 5731 2692 5803 pudenda
2708 5724 3033 5793 confluunt,
3062 5724 3633 5782 celebranturndlav.
