4072 6190
347 298 466 357 343

872 295 1401 359 TEBTULLIANI
1449 296 1774 359 ΟΡΕῆοΜ
1821 296 2020 356 PARS
2064 295 2115 355 Ι.
2144 328 2219 339 -
2250 295 2525 358 SERIES
2571 297 2616 368 Ι,
2667 295 3237 359 APOLOGETICA.

3640 299 3757 357 344

332 429 498 484 riano
533 428 685 484 298
731 427 927 501 gladio
962 430 1073 501 (94)
1124 428 1423 484 ferocisse.
1466 429 1575 483 Sed
1624 427 1729 482 tali
1774 427 2003 482 dedica-
2039 436 2089 499 Α
2118 433 2277 482 verat
2315 431 2371 482 et
2406 427 2792 495 Domitianus,
2842 428 3033 499 portio
3063 429 3083 463 ⁵
3115 427 3359 484 Neronis
3389 437 3410 471 σ
3453 428 3524 482 de
3554 429 3761 483 credu-

336 526 461 573 tore
493 519 895 573 damnationis
932 524 1139 573 nostras
1166 519 1278 587 (95)
1310 519 1486 572 etiam
1518 517 1859 589 gloriamur.
1890 515 1997 581 Qui

333 608 491 663 enim
537 606 647 662 scit
670 608 857 677 illum,
885 608 1211 679 intelligere
1242 614 1453 678 potest,
1492 623 1605 661 non
1642 606 1751 661 nisi
1778 605 1999 676 grande

350 698 441 767 96)
480 694 714 767 aliquod
757 698 977 751 bonum
1023 714 1056 751 a
1102 696 1325 753 Nerone
1374 697 1747 751 damnatum.
1782 695 1997 749 Tenta-

2110 515 2269 571 litatc
2290 526 2307 557 τ
2329 517 2437 586 (97)
2463 534 2477 583 ;
2513 518 2612 571 sed
2646 534 2763 588 qua
2784 522 2842 572 et
2866 517 3041 573 homo
3063 519 3082 551 ⁸
3104 518 3239 588 (98),
3264 516 3431 571 facile
3462 525 3718 587 cceptum
3740 519 3759 552 ’

2109 605 2565 675 repressit,294
2592 605 2876 661 restitutis
2909 606 3085 661 etiam
3110 622 3255 675 quos
3278 606 3629 677 relegaverat
3654 606 3759 673 (99)

2106 693 2275 748 Tales
2306 710 2539 765 semper
2588 694 2756 750 nobis
2808 694 3170 750 insecutores
3206 695 3269 761 ιο,
3315 694 3545 764 injusti,
3576 694 3763 767 impii,

1808 817 2014 880 Variae
2044 815 2344 877 lectiones

418 928 439 960 ⁵
470 925 832 981 Ρτεεηοωὶηθ
878 929 1012 980 Ner.
1065 926 1243 982 Paris.

1336 925 1357 958 ⁸
1389 924 1742 980 Ριιωωοοίιιι
1786 922 2032 979 Neronis
2090 923 2289 979 Wouw.

2392 923 2412 956 ⁷
2446 922 2721 981 Eamdem
2765 924 3174 982 crudelitatem
3243 924 3449 983 Wou-w.
3552 923 3575 957 ⁸
3623 923 3769 988 Quia

350 1000 530 1055 Paris.
562 996 749 1070 quid?
786 997 1046 1053 Wouwer.
1124 998 1145 1032 θ
1171 997 1489 1069 Receptum
1521 998 1705 1053 Paris.
1787 997 1832 1034 ιο
1861 999 2265 1051 Perseoutores
2303 995 2565 1051 Wouwer.

1816 1111 2340 1174 Commentarius.

353 1236 485 1275 mus
528 1236 595 1275 ex
662 1219 1113 1290 imperatoribus
1153 1219 1431 1275 Romanis
1482 1218 1761 1291 etiamin
1808 1218 2005 1291 ipsum

354 1293 536 1347 Deum
597 1289 917 1362 impietatis
974 1307 1138 1346 arma
1211 1296 1591 1355 converteret,
1651 1289 2011 1345 sicut'Ter-

354 1364 637 1418 tullianus
657 1364 742 1417 vir
759 1366 1111 1433 scriptorum
1134 1362 2004 1430 nobilissimus,defert,dicens:

354 1436 717 1500 Consulite,»
741 1442 849 1489 etc.
872 1434 1250 1506 Hieronymus
1276 1436 1331 1489 in
1356 1435 1638 1489 Chronico
1656 1435 2002 1488 Eusebiano:

354 1531 381 1558 ‹‹
418 1508 650 1561 Primus
680 1506 826 1577 Nero
856 1524 1032 1577 super
1052 1508 1251 1561 omnia
1281 1507 1499 1561 scelera
1532 1522 1637 1560 sua
1664 1506 1842 1560 etiam
1878 1522 2005 1575 per-

353 1575 711 1634 secutionem
744 1579 893 1632 inter
921 1575 1283 1633 Christianos
1309 1580 1459 1633 facit.
1490 1600 1508 1624 ι
1538 1578 1746 1631 Noster
1776 1592 2007 1646 quoque

357 1652 565 1705 iterum
609 1667 657 1704 c.
714 1650 798 1715 15,
844 1650 964 1704 adv.
1011 1652 1286 1705 Gnosticos
1346 1670 1357 1705 :
1426 1670 1446 1696 α
1504 1650 1662 1703 Vitas
1714 1650 2007 1703 Caesarum

356 1723 637 1793 legimus;
663 1722 944 1776 orientem
970 1724 1142 1776 iidem
1171 1726 1360 1777 Romae
1386 1720 1611 1792 primus
1635 1720 1783 1793 Nero
1805 1737 2011 1775 cruen-

357 1795 518 1849 tavit.
552 1816 577 1841 »
611 1795 749 1847 Inde
783 1794 1038 1863 intellige
1072 1795 1226 1848 istud
1261 1794 1470 1856 Urosii,
1507 1793 1605 1862 qui
1642 1792 1737 1846 ubi
1776 1792 1875 1846 lib.
1909 1808 2007 1861 vu,

360 1882 486 1937 cap.
534 1866 590 1929 8,
637 1866 701 1919 de
740 1867 1127 1920 Persecutione
1175 1867 1274 1920 sub
1340 1866 1569 1931 Traiano
1628 1864 1779 1918 facta
1836 1865 2011 1917 verba

361 1937 515 2001 fecit,
548 1937 711 1991 addit
745 1952 757 1990 :
792 1960 817 1985 ‹‹
856 1937 1267 1991 Verumtamen
1301 1938 1577 1991 continuo
1608 1941 1803 1990 Romae
1835 1952 2011 1989 aurea

364 2011 575 2063 domus
608 2025 639 2061 a
668 2012 996 2062 Neronetot
1028 2010 1266 2079 privatis
1303 2007 1667 2080 publicisque
1700 2009 1874 2062 rebus
1904 2011 2013 2080 im-

364 2080 868 2152 pensisncondita,
922 2080 1225 2152 repentino
1284 2079 1664 2149 conflagravit
1695 2079 2012 2152 incendio:

362 2150 427 2205 ut
456 2150 802 2220 intelligeret
856 2151 1036 2205 missa
1079 2152 1253 2206 etiam
1304 2154 1375 2207 ab
1425 2152 1537 2205 alio
1599 2152 1922 2221 persecutio
1956 2150 2013 2204 in

362 2224 508 2294 ipsis
539 2223 838 2293 polissime
870 2224 1286 2288 monumentis,
1321 2242 1353 2278 a
1385 2238 1499 2293 quo
1533 2223 1783 2291 primum
1818 2228 2015 2277 exorta

361 2300 539 2364 esset,
576 2302 750 2365 atque
796 2295 1030 2366 in_ipso
1078 2301 1309 2349 auctore
1356 2296 1573 2366 puniri.
1606 2317 1635 2345 ››
1692 2295 1841 2349 Fecit
1882 2311 2014 2349 vero

362 2364 705 2422 amoliendas
738 2364 963 2419 invidias
995 2384 1169 2421 causa
1200 2364 1374 2438 quam
1413 2367 1649 2421 incensa
1674 2366 1859 2420 Roma
1876 2383 2014 2420 con-

364 2439 489 2493 ﬂari
518 2437 628 2491 sibi
661 2437 915 2491 videbat.
948 2439 1083 2493 Hav.

439 2510 546 2579 (94)
603 2510 917 2563 Ca’sariano
980 2510 1185 2578 gladio.
1238 2513 1398 2563 Certe
1446 2507 1675 2579 gladius
1724 2508 1832 2562 hoc
1893 2509 2016 2562 loco

367 2597 472 2648 pro
506 2580 666 2634 omni
693 2582 1080 2635 instrumento
1102 2581 1405 2651 accipitur,
1430 2596 1542 2649 quo
1567 2597 1723 2633 mors
1747 2581 2014 2633 infertur.

372 2652 514 2706 Nam
549 2668 662 2705 non
697 2652 944 2705 dubium
980 2653 1118 2723 quin
1150 2654 1543 2707 ’l‘ertullianus
1578 2652 1852 2721 loquatur
1882 2668 2016 2706 cum

371 2728 638 2792 respectu
671 2724 741 2777 ad
779 2728 1006 2777 Petrum
1040 2729 1097 2779 et
1126 2725 1367 2779 Paulum
1406 2740 1418 2778 :
1453 2725 1612 2794 atqui
1656 2727 1856 2778 Petrus
1903 2739 2016 2777 non

369 2794 562 2866 gladio
592 2796 771 2848 vitam
804 2794 969 2849 finiit.
1005 2797 1135 2850 Lac.

441 2868 554 2934 (95)
614 2867 730 2921 Tati
777 2866 1091 2923 dedicatore
1151 2867 1527 2921 damnationis
1587 2867 1809 2920 nostrae.
1874 2863 2022 2918 Dixit

368 2937 728 2993 dedieutorem
760 2946 1081 3007 auctorem,
1116 2938 1449 2992 institutore
1485 2935 1761 3007 primum.
1800 2936 1880 2989 ita
1909 2953 2019 3006 pa:-

365 3011 663 3064 nitentiam
692 3010 1050 3079 dedicaverit,
1105 3010 1144 3063 i.
1178 3026 1227 3064 e.
1264 3008 1489 3079 primus
1521 3007 1798 3071 instituit,
1824 3007 1923 3061 lib.
1959 3009 2023 3061 de

370 3082 565 3135 Paenit.
599 3098 648 3136 c.
693 3084 747 3143 2,
781 3086 838 3135 et
872 3082 925 3135 in
958 3083 1064 3136 hoc
1097 3082 1311 3151 Apolog.
1348 3097 1473 3151 cap.
1528 3082 1613 3143 12,
1665 3081 1725 3133 in
1773 3080 2021 3149 patibulo

374 3155 625 3219 primum
656 3168 855 3222 corpus
888 3155 982 3208 Dei
1030 3156 1193 3207 vestri
1221 3152 1523 3213 dedicatur,
1562 3152 1615 3203 id
1650 3157 1737 3204 est
1778 3151 2022 3205 inchoa-

368 3230 481 3277 tur.
534 3225 621 3277 Ad
672 3221 933 3293 Septimii
982 3225 1165 3279 nostri
1218 3226 1393 3277 verba
1433 3224 1683 3291 respexit
1734 3221 2023 3293 Sulpitius

370 3299 637 3360 Severus,
690 3312 819 3348 cum
874 3296 1080 3351 scribit
1130 3296 1185 3349 in
1246 3297 1479 3349 Historia
1538 3310 1717 3355 sacra,
1787 3293 1887 3347 lib.
1950 3294 2021 3357 ll,

2117 1219 2262 1273 tiam
2293 1217 2537 1273 descivit
2567 1233 2743 1290 quam
2778 1217 2854 1292 ad
2881 1217 3283 1288 cupiditatem.
3329 1219 3461 1292 »Εἰ
3486 1237 3617 1292 cap.
3655 1223 3717 1276 11
3759 1211 3774 1251 ³

2120 1311 2149 1339 ‹‹
2190 1296 2322 1343 Erat
2370 1296 2565 1345 autem
2595 1289 2732 1343 non
2773 1289 2966 1345 solum
3009 1306 3251 1361 magnas,
3285 1291 3384 1347 sed
3435 1299 3491 1347 et
3544 1289 3782 1349 callidis

2116 1362 2551 1432 inOpinatasque
2582 1362 2836 1431 saevitiae,
2871 1383 2898 1409 ››
2931 1366 3042 1416 etc.
3076 1361 3213 1416 lev.

2190 1435 2301 1507 (98)
2335 1437 2451 1501 Qua
2480 1439 2529 1488 et
2560 1433 2737 1507 homo.
2800 1435 2927 1488 llaec
2968 1439 3057 1487 est
3102 1433 3325 1503 optima
3373 1433 3544 1490 lectio
3599 1452 3783 1507 quam

2119 1505 2260 1559 editi
2290 1513 2349 1559 et
2382 1522 2528 1559 mss.
2556 1505 2825 1559 meliores
2856 1511 3209 1574 agnoscunt,
3235 1507 3409 1560 etiam
3446 1508 3507 1562 L.
3542 1505 3782 1561 chum

2121 1576 2179 1630 in
2211 1576 2375 1630 Fuld.
2410 1577 2484 1630 sit
2503 1577 2641 1643 Quia
2671 1576 2830 1631 homo
2861 1587 2916 1631 et
2941 1577 3092 1647 apud
3130 1577 3311 1631 Rhea.
3347 1580 3488 1645 Quia
3516 1587 3569 1632 et
3598 1579 3781 1645 homo,

2124 1650 2317 1729 minus
2348 1649 3015 1729 "sincere.milanc_e_nim
3065 1650 3439 1729 scripturam
3468 1654 3787 1729 contirmat

2121 1722 2246 1790 ipse
2279 1720 2431 1773 infra
2460 1736 2587 1791 cap.
2619 1720 2688 1773 30
2717 1737 2729 1773 :
2754 1743 2779 1791 ς(
2807 1720 3009 1774 Sciunt
3032 1720 3163 1790 quis
3187 1719 3304 1774 illis
3335 1722 3558 1777 dederit
3587 1723 3784 1791 impe-

2123 1793 2298 1859 rium,
2341 1790 2547 1846 sciunt
2576 1808 2694 1859 qua
2754 1790 3037 1846 homines.
3106 1814 3133 1840 ››
3193 1792 3420 1848 Petron.
3483 1816 3509 1842 «
3544 1790 3691 1849 Nam
3727 1798 3787 1850 et

2123 1862 2298 1917 homo
2323 1880 2477 1917 sum.
2507 1886 2532 1911 ››
2570 1862 2701 1916 Vult
2730 1864 2919 1917 dicere
2950 1862 3343 1920 Tertullianus
3375 1865 3783 1920 Domitianum

2124 1937 2222 2005 qui
2256 1952 2365 1989 non
2400 1936 2588 1989 instar
2616 1934 2859 1989 Neronis
2881 1950 3114 1989 omnem
3144 1935 3315 2005 plane
3346 1936 3786 1993 humanitatem

2124 2012 2381 2069 exuerat,
2420 2008 2649 2061 tandem
2687 2014 2945 2061 mutasse
2976 2008 3349 2061 sententiam.
3383 2010 3518 2063 llxv.

2198 2079 2308 2152 (99)
2342 2080 2617 2133 Restitutis
2646 2080 2817 2152 etiam
2848 2080 3371 2152 quosirelegaverat.
3423 2080 3503 2134 Ex
3535 2079 3788 2152 Egesip-

2127 2166 2197 2220 po
2232 2151 2321 2219 (ex
2353 2167 2465 2220 quo
2498 2150 2715 2219 noster)
2749 2152 2964 2220 pariter
2993 2155 3049 2205 et
3086 2150 3477 2207 Tertullianus
3511 2150 3736 2222 repetit
3773 2169 3787 2208 :

2126 2222 2247 2275 hinc
2280 2222 2587 2288 Eusebius,
2621 2222 2755 2277 Hist.
2800 2224 2927 2276 eccl.
2972 2239 3057 2285 III,
3109 2223 3179 2276 2O
3226 2238 3239 2276 :
3298 2242 3319 2270 ι
3373 2224 3457 2277 Ad
3510 2224 3630 2278 haec
3675 2229 3789 2278 Do-

2128 2293 2595 2360 mitianus,cum
2645 2308 2831 2363 neque
2890 2294 2947 2347 in
2999 2294 3084 2348 eis
3142 2295 3456 2365 quicquam
3514 2295 3794 2350 criminis

2128 2366 2431 2429 inveniret,
2464 2372 2521 2419 et
2552 2364 2862 2419 utilitatem
2913 2381 3112 2419 eorum
3164 2364 3311 2420 cum
3347 2366 3597 2421 maxime
3645 2383 3796 2421 con-

2129 2441 2431 2497 temneret,
2469 2437 2627 2491 abire
2676 2453 2774 2490 eos
2820 2435 3000 2490 libere
3042 2436 3231 2505 jubet.
3272 2437 3379 2491 Sed
3425 2445 3481 2493 et
3512 2454 3790 2508 persecu-

2127 2510 2368 2575 tionem,
2402 2525 2577 2579 quam
2611 2509 2917 2563 adversum
2953 2508 3236 2563 Ecclesias
3267 2510 3473 2579 agitari
3496 2513 3793 2580 jusserat,

2131 2580 2284 2633 datis
2343 2596 2576 2635 rursum
2632 2580 2994 2650 compescuit
3042 2580 3334 2635 edictis.»
3388 2582 3515 2635 llaec
3544 2582 3792 2651 quidem

2130 2651 2475 2721 Egesippus.
2524 2652 2707 2720 Cujus
2747 2652 2919 2705 verba
2949 2657 3273 2722 recoquunt
3304 2660 3431 2722 post
3462 2654 3793 2709 Eusebium

2129 2728 2377 2777 Zonaras
2408 2728 2582 2793 atque
2613 2723 2994 2793 Nicephorus,
3030 2726 3348 2779 scribentes
3380 2724 3794 2780 Domitianum

2130 2790 2613 2867 natanaﬁcafdtti
2671 2790 3088 2867 πρὸστάγμαιτος
3126 2794 3261 2867 »τὸν
3310 2794 3445 2847 κατὰ
3495 2801 3597 2863 τῆς
3656 2801 3793 2851 Ἐχ-

2129 2863 2363 2933 κλησίας
2398 2862 2636 2939 διωγμὸν
2672 2862 2723 2919 ἱ(
2745 2883 2793 2920 e.
2852 2862 3048 2939 edicta
3070 2865 3214 2921 edito
3244 2866 3496 2939 Ecclesiae
3521 2884 3794 2939 persecu-

2132 2940 2340 3012 tionem
2393 2936 2973 3012 repi‘essifﬁse.__lnter
3036 2936 3142 2992 hos
3195 2937 3482 3007 relegatos
3522 2936 3798 3012 'quoque

2131 3008 2420 3064 Eusebius
2450 3014 2507 3063 et
2535 3025 2602 3063 ex
2632 3007 2731 3062 illo
2763 3007 3149 3079 Hieronymus
3181 3016 3435 3064 narrant.
3467 3033 3493 3059 ι(
3528 3007 3796 3068 Flaviam

2133 3081 2494 3135 Domitillam
2550 3080 2723 3134 Flavii
2782 3080 3097 3135 Clementis
3152 3081 3414 3136 consulis
3468 3100 3536 3137 ex
3587 3100 3798 3141 sorore

2134 3158 2367 3225 neptem
2420 3154 2478 3206 in
2538 3151 2792 3206 insulam
2834 3154 3104 3225 Pontiam
3152 3154 3487 3223 relegatum,
3536 3155 3675 3225 quia
3730 3173 3802 3212 se

2136 3224 2525 3298 Christianam
2558 3228 2770 3298 testata
2800 3223 2894 3290 sit,
2949 3224 3081 3298 uad
3123 3241 3340 3298 annum
3372 3227 3529 3289 2110,
3557 3223 3636 3282 de
3667 3245 3799 3298 quo

2136 3295 2326 3349 Flavio
2350 3295 2645 3349 Clemente
2666 3301 2721 3349 et
2744 3295 2865 3364 ipso
2889 3313 2918 3349 a
2952 3295 3163 3349 Christi
3183 3296 3363 3351 sacris
3390 3298 3541 3351 haud
3575 3295 3803 3365 alieno,

372 3365 529 3435 pauli
575 3339 1276 3440 deductionemﬂomam
1329 3368 1538 3420 factam
1574 3367 1796 3440 _Neron_e
1848 3339 2022 3440 impe:
2053 3339 2096 3406 Ο
2136 3366 2380 3440 patrueli
2426 3384 2556 3421 vero
2588 3339 2975 3440 imperatoris
3024 3384 3129 3440 nos
3192 3367 3362 3440 plura
3409 3370 3480 3423 ad
3523 3385 3573 3423 c.
3606 3372 3701 3437 40,
3738 3343 3799 3440 2:

374 3447 533 3492 rante
566 3455 578 3492 :
616 3461 641 3485 ‹‹
677 3438 782 3504 Qui
816 3455 929 3492 non
980 3439 1168 3493 dicam
1229 3454 1457 3508 regum,
1490 3437 1587 3490 sed
1623 3436 1885 3490 omnium
1921 3437 2023 3491 ho-

372 3509 599 3565 minum
622 3514 680 3565 et
710 3508 797 3563 vel
822 3510 1171 3564 immanium
1206 3510 1525 3564 bestiarum
1551 3508 2020 3573 sordidissimus,

376 3581 591 3653 dignus
647 3581 889 3650 exstitit,
924 3584 1022 3653 qui
1078 3581 1535 3652 persecutionem
1569 3580 1627 3653 in
1661 3579 2023 3653 Christianos

376 3652 603 3721 primus
637 3654 936 3723 inciperet.
974 3676 999 3701 ››
1034 3653 1099 3706 Et
1130 3670 1260 3706 mox
1285 3670 1327 3706 τι
1360 3652 1461 3705 Hic
1496 3652 1721 3721 primus
1752 3652 2023 3706 Christia-

377 3741 518 3778 num
540 3741 749 3779 nomen
781 3724 978 3778 tollere
999 3741 1272 3793 agressus
1290 3724 1634 3794 cstzquippe
1657 3739 1889 3793 semper
1912 3724 2021 3777 ini-

380 3796 855 3851 micavirtutibus
874 3798 1009 3849 vitia
1029 3802 1247 3859 sunt,et
1270 3795 1789 3866 optimiquiqueab
1809 3796 2024 3865 impro-

369 3868 461 3921 bis
494 3869 659 3939 quasi
686 3870 1099 3937 exprobrantes
1119 3868 1849 3939 aspiciuntur,namquefeo
1874 3872 2020 3939 tem-

367 3938 732 4009 pore'divina
764 3941 915 4009 apud
954 3940 1161 3993 Urbem
1205 3939 1406 4009 religio
1439 3938 1779 3992 invaluerat.
1818 3961 1843 3986 ››
1878 3938 2016 3992 Hav.

436 4010 548 4080 (96)
605 4011 721 4066 Non
765 4012 875 4065 nisi
906 4010 1137 4077 grande.
1188 4010 1297 4071 Qui
1347 4009 1491 4064 nihil
1544 4009 1849 4073 laudabat,
1906 4009 2019 4063 nisi

364 4083 581 4147 grande
632 4082 875 4147 malum,
927 4080 1239 4135 Suetonius
1290 4082 1360 4135 de
1408 4097 1494 4144 eo,
1548 4098 1675 4150 cap.
1721 4081 1834 4134 29:
1881 4103 1907 4129 ‹‹
1941 4082 2020 4136 Ex

362 4154 663 4209 nonnullis
694 4152 972 4221 comperi,
1005 4152 1520 4221 persuasissimum
1551 4152 1828 4207 habuisse
1856 4169 2013 4217 eum,

360 4227 655 4280 nominem
690 4225 991 4294 pudicum,
1028 4229 1127 4276 aut
1158 4223 1275 4276 ulla
1308 4223 1566 4293 corporis
1601 4229 1761 4287 parte
1803 4241 2015 4294 purum

359 4312 487 4351 esse
522 4316 533 4351 :
566 4313 765 4351 verum
802 4294 1109 4365 plerosque
1141 4295 1519 4349 dissimulare
1564 4296 1767 4349 vitium
1810 4301 1866 4350 et
1897 4296 2014 4350 cal-

356 4366 584 4423 liditate
615 4370 884 4437 obtegere
934 4384 946 4420 :
998 4366 1243 4436 ideoque
1300 4366 1577 4433 professis
1626 4367 1778 4435 apud
1816 4384 1879 4422 se
1910 4369 2011 4423 ob-

360 4440 746 4507 scaenitatem,
780 4443 987 4493 caetera
1017 4454 1252 4508 quoque
1304 4439 1668 4492 concessisse
1717 4437 1945 4493 delicta.
1985 4460 2012 4489 ))

362 4514 485 4563 Imo
539 4512 609 4563 de
660 4526 774 4579 quo
826 4514 1089 4581 portento
1142 4526 1340 4564 recens
1390 4516 1540 4573 nato,
1592 4509 1860 4565 ominosa
1908 4527 2015 4565 vox

362 4581 595 4634 Domitii
646 4581 825 4650 patris
870 4586 1109 4652 excepta
1159 4585 1266 4643 est,
1320 4603 1346 4629 »
1399 4581 1550 4634 inter
1590 4582 2015 4650 gratulationes

364 4654 684 4707 amicorum
721 4651 1365 4723 negantis,’quidquam
1402 4669 1469 4707 ex
1502 4668 1563 4707 se
1589 4658 1645 4707 et
1676 4653 2012 4723 Aggripina,

358 4724 470 4778 nisi
506 4724 870 4787 detestabile,
908 4729 965 4778 et
1021 4723 1176 4778 malo
1214 4722 1440 4791 publico
1474 4725 1632 4779 nasci
1669 4722 1949 4795 potuisse,
1984 4747 2010 4775 »

354 4800 415 4849 ut
450 4802 647 4852 narrat
678 4796 832 4851 idem
867 4796 1007 4850 ibid.
1042 4812 1168 4865 cap.
1201 4796 1253 4849 6.
1291 4798 1423 4848 HAV.

425 4867 535 4935 (97)
574 4870 641 4922 De
669 4869 1007 4922 credulitate.
1044 4867 1175 4920 Haec
1224 4882 1357 4919 vera
1386 4870 1474 4921 est
1504 4871 1591 4920 est
1635 4870 1691 4921 et
1728 4882 2008 4933 germana

351 4934 546 5002 lectio,
581 4957 751 5010 quam
787 4940 1096 4995 confirmat
1138 4943 1352 5010 noster.
1406 4954 1453 4992 c.
1514 4940 1570 4992 11
1613 4955 1624 4993 :
1662 4962 1687 4986 «
1724 4939 1883 5003 Quod
1919 4942 2007 5010 ta-

350 5025 483 5064 men
534 5008 786 5082 potiores
840 5014 991 5065 viros
1043 5010 1193 5080 apud
1245 5009 1462 5063 inferos
1495 5009 1872 5082 reliquistis;
1898 5008 2003 5063 ali-

350 5081 626 5150 quem’de
659 5084 944 5150 sapientia
973 5086 1285 5143 Socratem,
1310 5082 1380 5134 de
1403 5081 1634 5150 justitia
1664 5081 1999 5147 Aristidem,

352 5152 422 5205 de
468 5154 679 5209 militia
726 5154 1197 5209 Themistoclem.
1254 5153 1323 5207 de
1367 5153 1728 5207 sublimitate
1759 5153 1999 5206 Alexan-

346 5224 540 5293 drum,
618 5228 689 5281 de
749 5226 1023 5281 felicitate
1104 5224 1480 5294 Polycratem,
1544 5226 1614 5278 de
1668 5224 2001 5293 eloquentia

349 5294 823 5363 Demosthenem,
864 5320 889 5345 ››
922 5303 977 5351 et
1017 5296 1148 5351 aliis
1199 5294 1357 5350 locis.
1416 5297 1574 5350 Haud
1619 5312 1750 5349 vero
1784 5296 2001 5350 frustra

350 5368 577 5423 addidit
614 5370 680 5424 de
704 5371 1055 5433 credulitate,
1080 5368 1136 5421 in
1173 5366 1274 5422 illa
1304 5366 1461 5421 enim
1492 5383 1554 5420 se
1582 5367 1835 5421 ostendit
1867 5383 1997 5438 por-

345 5438 563 5495 tionem
616 5441 880 5504 Neronis,
916 5441 973 5494 in
1005 5438 1247 5509 reliquis
1290 5438 1448 5492 vitiis
1490 5440 1667 5503 magis
1715 5439 1891 5503 homo,
1935 5442 1999 5493 ut

345 5526 480 5566 mox
511 5513 781 5581 subjecit.
816 5513 1095 5567 Naturam
1128 5513 1280 5564 hanc
1329 5510 1457 5577 ejus
1503 5509 1798 5581 evidenter
1827 5511 1997 5565 docet

343 5583 401 5637 in
436 5585 534 5638 illo
567 5580 905 5639 muscarum
939 5583 1364 5653 captandarum
1400 5580 1994 5653 Horario.Suetonius

344 5671 470 5723 cap.
500 5657 552 5721 3,
586 5656 686 5725 qui
715 5661 769 5710 et
801 5671 893 5709 am
930 5650 1055 5726 cap.
1084 5654 1167 5717 10,
1205 5652 1285 5705 ita
1314 5651 1385 5726 de
1414 5650 1763 5726 adloquitur
1793 5670 1805 5707 :
1832 5676 1859 5703 ‹‹
1882 5654 1990 5708 Sed

345 5722 534 5796 neque
580 5722 637 5780 in
686 5722 1028 5790 clementiae,
1068 5739 1255 5796 neque
1312 5723 1371 5796 in
1418 5722 1755 5796 abtinentiie
1794 5729 1993 5779 tenore

346 5794 675 5872 permansit
705 5814 718 5854 :
754 5802 808 5854 et
840 5803 1034 5854 tamen
1076 5794 1391 5867 aliquando
1436 5794 1682 5853 celerius
1713 5796 1785 5853 ad
1822 5796 1991 5853 suavi-

2132 3444 2206 3491 At
2236 3438 2428 3512 Nervas
2460 3438 2677 3512 rectius
2727 3439 2931 3493 tribuit
2957 3438 3218 3504 Orosius,
3251 3439 3367 3512 lib._
3405 3457 3503 3507 vn,
3540 3457 3668 3512 cap.
3703 3444 3741 3494 '7
3782 3438 3797 3498 ὲ

2137 3531 2163 3557 ‹‹
2198 3511 2298 3563 Hic
2331 3510 2519 3580 prima
2558 3510 2741 3564 edicto
2782 3527 2888 3564 suo
2940 3515 3181 3565 cunctos
3210 3510 3438 3566 exsules
3472 3510 3793 3571 revocavit.

2132 3580 2377 3657 Undeet
2404 3582 2669 3657 Joannes
2698 3580 3152 3657 apostolushac
3182 3584 3433 3657 generali
3456 3584 3796 3657 indulgen-

2130 3654 2209 3707 tia
2256 3652 2860 3727 liberatusAEpheSUin
2908 3652 3100 3727 rediit.
3148 3676 3173 3703 ››
3220 3656 3289 3709 Et
3325 3652 3673 3727 _Xiphilmus
3727 3659 3797 3714 in

2131 3728 2326 3798 Nerva
2366 3740 2377 3778 :
2430 3724 2491 3780 Ὀ
2540 3722 2804 3798 Νερούας.
2848 3722 2971 3783 τούς
3011 3743 3071 3798 fta
3116 3722 3467 3798 κρινομένοῦς
3517 3726 3598 3780 ἐπ’
3658 3728 3797 3782 ἀσε-

2131 3787 2250 3871 ϐεᾼίει
2305 3795 2511 3871 ἀφεῖκε,
2568 3787 2656 3871 κάξ
2728 3792 2854 3871 seu:
2920 3787 3225 3871 rcpeﬁvovr'a;
3276 3787 3569 3871 ’κατήγαγε
3627 3799 3668 3855 i.
3734 3818 3794 3856 θ.

2130 3867 2369 3940 «Nerva
2401 3884 2521 3931 eos,
2554 3868 2651 3937 qui
2687 3868 2765 3921 rei
2799 3867 2950 3921 facti'
2981 3875 3149 3940 erant
3189 3867 3799 3940 impietatistintelli-

2128 3938 2615 4015 gitChristianos_,
2642 3945 2701 3993 ut
2727 3956 2906 4009 supra
2929 3956 2998 4015 ex
3019 3938 3200 4015 Dione
3223 3941 3444 4015 alicubi
3480 3938 3798 4015 notamus)

2129 4010 2400 4079 absolvit,
2446 4011 2797 4083 exsulesque
2833 4011 3080 4064 restitui.
3136 4035 3163 4060 ››
3192 4012 3356 4083 Cum
3408 4014 3603 4083 itaque
3636 4010 3795 4070 con;

2127 4086 2241 4155 stet
2280 4099 2394 4136 non
2420 4082 2857 4155 Domitianum,
2892 4098 3104 4135 simum
3145 4082 3312 4137 illum
3358 4089 3415 4138 et
3458 4082 3793 4155 sanguina-

2128 4153 2302 4217 rium,
2336 4154 2435 4207 sed
2492 4154 2868 4208 mitissimum
2914 4169 3113 4207 senem
3163 4155 3407 4209 Nervam
3467 4153 3789 4214 Cocceium

2126 4240 2426 4279 revocasse
2455 4225 2762 4296 relegatos.
2799 4242 2910 4280 non
2952 4225 3245 4281 immerito
3290 4244 3562 4284 summus
3601 4231 3798 4285 Scali-

2126 4311 2227 4365 ger
2257 4296 2314 4349 in
2347 4297 2414 4350 N.
2449 4298 2543 4378 ad:
2588 4298 2794 4378 Euseb.
2831 4314 2885 4367 p.
3072 4297 3417 4354 Tertulliani
3464 4300 3573 4356 hoc
3601 4299 3793 4378 ᾳφάλ-

2127 4386 2200 4437 μα
2236 4366 2571 4444 μνημρνικόγ
2625 4372 2805 4444 notat,
2836 4366 2937 4422 aut
2976 4367 3212 4444 illorum
3238 4366 3732 4444 _quosreequit'ur
3773 4391 3790 4430 :

2124 4456 2155 4493 a
2187 4456 2304 4508 qua
2334 4439 2504 4508 culpa
2534 4438 2944 4495 doctissimum
2978 4438 3205 4496 Patrem
3238 4438 3616 4511 liberabis,'si
3642 4462 3791 4501 cum

2124 4511 2633 4583 codiceVaticano
2664 4516 2854 4567 totum
2889 4511 2995 4583 hoc
3023 4528 3343 4583 expungas.
3377 4515 3430 4568 Si
3464 4532 3598 4571 vero
3630 4518 3795 4572 mihi

2123 4580 2345 4651 aliquid
2394 4583 2795 4646 deferendum,
2831 4582 3066 4652 scripsit
3097 4580 3290 4653 potius
3344 4592 3566 4652 auctor,
3608 4591 3795 4643 resti-

2120 4656 2322 4719 tuistis,
2357 4672 2493 4721 non,
2527 4656 2795 4710 restituti:
2825 4672 2842 4708 :
2884 4655 3037 4724 quod
3072 4658 3380 4726 sequentia
3409 4659 3722 4715 conﬁrmat
3768 4676 3787 4713 :

2129 4746 2148 4774 ι
2184 4728 2218 4779 Α
2254 4726 2473 4794 quibus
2505 4728 2813 4781 damnatos
2863 4726 3170 4781 restituere
3227 4727 3381 4783 soliti
3429 4730 3592 4789 estis.
3632 4754 3657 4779 η
3707 4731 3799 4787 Ut

2118 4795 2197 4849 ita
2220 4797 2809 4873 dicat‘Domitianum
2859 4814 2970 4873 non
3022 4799 3092 4851 ad
3146 4799 3320 4854 finem
3372 4818 3559 4871 usque
3616 4821 3796 4873 aeque

2116 4868 2326 4947 acriter
2376 4870 2741 4947 Christianos
2789 4884 2917 4923 esse
2962 4872 3359 4947 ipersecutum
3392 4890 3409 4947 ;A
3460 4868 3586 4947 imo
3635 4868 3789 4947 pop.

2115 4943 2279 4995 Rom.
2337 4948 2535 5007 postea
2585 4942 2836 4995 reditum
2898 4940 3200 4995 exsulibus
3249 4943 3595 5001 indulsisse.
3636 4940 3791 5004 ’Βέε

2116 5016 2271 5066 certe
2302 5012 2457 5067 clara
2485 5018 2659 5081 esset,
2695 5014 2742 5068 si
2784 5013 2842 5066 in
2877 5011 2957 5066 ita
3008 5011 3065 5066 in
3112 5030 3255 5069 mss.
3300 5021 3573 5079 exstaret,
3606 5040 3635 5066 ‹‹
3670 5022 3790 5075 sed

2113 5085 2300 5156 Nerva
2347 5084 2536 5140 bonus
2588 5085 2753 5139 facile
2810 5090 3063 5156 cceptum
3125 5088 3421 5156 repressit,
3482 5090 3794 5149 restitutis

2112 5154 2287 5208 etiam
2322 5172 2470 5225 quos
2506 5156 2880 5225 relegaverat.
2919 5177 2945 5204 ››
2979 5155 3079 5210 Ille
3137 5154 3291 5212 certe
3322 5158 3793 5219 laudatissimus

2114 5226 2549 5303 princepsfuit,
2583 5228 2683 5297 qui
2716 5232 2927 5303 cuncta
2960 5227 3017 5280 in
3055 5228 3266 5303 melius
3290 5233 3563 5303 mutavit,
3587 5234 3787 5303 placi-

2111 5297 2221 5421 ξοδ
2247 5298 2685 5421 atomitissimus
2716 5297 3047 5370 appellatus
3107 5317 3139 5355 a
3182 5302 3470 5371 Martiale,
3502 5297 3603 5360 lib:
3645 5324 3791 5378 viil,

2145 5385 2238 5421 an.
2345 5410 2356 5421 .

2108 5383 2238 5439 cap.
2269 5383 2356 5422 ‘IU.

2200 5465 2407 5523 Quanta
2442 5468 2594 5530 quies
2625 5466 2839 5531 placidi,
2873 5466 3022 5517 lauta
3058 5472 3138 5518 est
3184 5469 3434 5521 facundia
3465 5473 3672 5525 Nervas.

2105 5553 2175 5608 Et
2197 5571 2296 5619 x11,
2320 5555 2354 5608 6
2387 5572 2400 5610 :

2197 5641 2468 5708 Qantingit
2506 5646 2755 5696 Ausonia:
2789 5660 3067 5708 procerum
3100 5648 3410 5700 mitissimus
3440 5651 3576 5702 aulas

2194 5704 2384 5767 Nerva,
2400 5704 2539 5757 'licet
2570 5713 2680 5758 toto
2717 5704 2862 5759 nunc
2894 5709 3143 5760 Helicone
3174 5710 3294 5761 frui.

2099 5793 2383 5866 Expresso
2433 5796 2600 5855 bonus
2655 5800 2839 5858 Nerva
2886 5797 3101 5856 dicitur
3143 5802 3516 5875 Symmacho,
3577 5822 3615 5876 ι,
3670 5807 3779 5866 13.
