4072 6190
238 296 325 356 345
1283 284 1841 349 APOLOGETICUI

1956 285 2102 347 tDV.
2154 284 2483 346 GENTES.
3464 284 3586 346 346

237 434 408 497 turpes,
438 438 580 493 quos
613 420 803 493 etipsi
835 421 1114 475 damnare
1144 420 1462 486 consuetis,
1515 424 1569 475 et
1624 436 1657 473 a
1687 418 1816 490 qui:
1849 423 1902 487 Α
1933 418 2009 473 Μ.
2042 418 2261 472 Aurelii
2294 419 2368 489 (3)
2401 416 2731 489 gravissimi
2764 416 3135 489 imperatoris
3181 416 3581 488 requirantur,

238 516 317 569 bus
343 514 629 566 damnatos
663 510 966 566 restituere
998 509 1154 565 soliti
1213 509 1375 564 estis.
1427 508 1707 563 Caeterum
1754 508 1826 563 de
1937 507 2155 578 qutbus
2188 506 2350 561 illam
2386 508 2430 542 ¹²
2459 506 2852 578 germauicam
2888 506 3045 561 sitim
3094 506 3168 577 (4)
3216 507 3587 562 Christiano-

235 608 297 658 tot
319 600 501 656 exinde
561 599 927 671 principibus
986 600 1197 670 [usque
1232 599 1297 668 ‘1]
1347 599 1417 653 ad
1475 597 1824 652 hodiernum
1936 614 2066 650 rum
2101 598 2243 650 forte
2277 596 2529 650 militum
2558 595 2991 666 precationibus
3044 597 3355 667 impetrato
3408 594 3584 650 imbri

235 692 443 747 divinum
477 689 921 759 humanumque
977 687 1344 759 sapientibus
1376 686 1472 758 (l),
1533 687 1687 741 edite
1719 686 1828 741 ali—
1938 686 2269 741 discussam
2303 689 2683 740 contestatur.
2708 685 2815 749 Qui
2848 686 3000 740 sicut
3032 701 3146 739 non
3181 684 3369 755 palam
3399 685 3477 755 (5)
3512 685 3583 739 ab

232 797 364 854 quem
392 777 805 833 debellatorem
859 777 936 848 (2)
995 775 1485 832 Christianorum.
1546 776 1695 832 295
1757 775 1830 830 At
1938 774 2224 843 ejusmodi
2258 774 2598 829 hominibus
2630 790 2859 845 poenam
2890 773 3243 842 dimovit,ita
3274 773 3387 828 alio
3411 774 3584 827 modo

232 887 312 927 nos
352 885 378 924 θ
426 868 719 923 contrario
776 867 1008 922 edimus
1066 870 1476 938 protectorem,
1530 864 1581 921 si
1618 864 1829 919 litterae
1939 863 2092 919 296
2125 862 2318 935 palam
2350 862 2629 935 dispersit
2657 864 2756 934 (6),
2789 863 3015 935 adjecta
3045 861 3218 919 etiam
3252 861 3325 934 (7)
3374 878 3588 917 accusa

1600 964 1807 1026 Variae
1844 962 2168 1024 lectiones.

283 1056 317 1093 ⁸³
344 1054 528 1127 Usque
557 1054 709 1111 abest
736 1055 923 1110 Paris.
1002 1054 1046 1088 ¹²
1074 1052 1240 1110 Illam
1270 1053 1421 1109 abes:
1450 1054 1633 1109 Paris.

1621 1140 2147 1203 Commentarius.

227 1244 289 1299 Ad
314 1258 423 1314 quae
449 1240 642 1297 felicia
671 1245 936 1314 tempora
965 1240 1188 1314 aspirat
1217 1243 1411 1296 mente
1442 1240 1594 1314 idem
1640 1247 1829 1314 poeta,
1941 1242 1999 1293 et
2026 1236 2264 1314 223,uui
2288 1241 2344 1292 et
2372 1237 2529 1293 hunc
2559 1238 2745 1314 Orosii
2775 1238 3241 1314 locumadducit
3272 1256 3284 1305 ;
3319 1259 3345 1287 «
3380 1237 3589 1314 Exsta-

228 1310 345 1370 duni
366 1316 415 1368 in
445 1330 587 1368 casu
619 1310 902 1368 columbas
934 1310 1061 1385 quae
1094 1312 1335 1385 delapsa
1366 1317 1490 1367 erat
1539 1312 1600 1367 in
1632 1312 1829 1367 sinum
1944 1327 2003 1364 re
2034 1311 2399 1385 etiamnunc
2428 1312 2579 1381 apud
2617 1310 2931 1385 plerosque,
2963 1311 3191 1385 litterae,
3214 1310 3588 1385 imperatoris

225 1386 444 1443 Aretullaa
468 1386 625 1440 inter
656 1385 769 1441 alia
789 1385 911 1440 hac
937 1380 1089 1440 ludit
1122 1380 1381 1451 libfvm,
1414 1385 1501 1438 32.
1946 1382 2223 1436 Antonini
2256 1383 2352 1436 ubi
2388 1380 2747 1437 invocatione
2778 1380 3034 1438 nominis
3064 1380 3318 1448 Christi,'
3335 1398 3434 1452 per
3476 1380 3587 1452 mi-

1947 1454 2075 1507 lites
2107 1453 2468 1508 Christianos
2499 1461 2555 1509 et
2584 1456 2736 1508 sitim
2764 1455 2921 1508 illam
2956 1453 3285 1525 depulsam,
3327 1451 3384 1508 et
3413 1451 3591 1509 colla-

1946 1530 2063 1579 tam
2099 1526 2313 1579 fatetur
2347 1526 2524 1580 fuisse
2554 1527 2876 1580 victoriam.
2915 1549 2941 1574 ››
2974 1527 3109 1582 ΗΑν.

2018 1597 2091 1665 (4)
2127 1597 2505 1651 Germanicam
2532 1599 2705 1652 sitim.
2767 1598 3072 1652 Inimicum
3133 1596 3405 1650 exercitui
3467 1610 3589 1649 ma—

1944 1666 2091 1740 lum,
2126 1670 2275 1738 quod
2309 1676 2503 1723 tamen
2537 1686 2686 1740 saepe
2713 1669 3018 1739 contingit,
3052 1669 3284 1740 Curtius
3327 1684 3441 1740 non
3475 1682 3590 1720 uno

321 1509 365 1560 Si
394 1511 617 1559 meliora
646 1510 747 1571 piae
776 1510 856 1558 fas
886 1512 969 1558 est
1002 1523 1216 1571 sperare
1249 1508 1435 1566 sorori,

376 1573 433 1621 Et
464 1572 753 1621 Dominum
782 1573 970 1620 mundi
999 1574 1209 1621 ﬂectere
1240 1576 1363 1620 vota
1391 1571 1574 1620 valent

325 1636 431 1684 Haec
460 1649 491 1683 a
524 1636 740 1684 Sardois
769 1636 865 1683 tibi
896 1636 1121 1683 forsitan
1151 1636 1319 1683 exulis
1348 1634 1474 1693 oris,

377 1699 556 1747 Fratre
589 1711 894 1759 reversuro,
925 1698 1117 1746 nuntia
1144 1699 1295 1746 venit
1326 1697 1456 1745 avis.
1490 1697 1617 1743 Hav.

280 1814 342 1883 ιι)
392 1813 657 1867 Divinum
725 1812 1136 1883 humanumque
1189 1812 1543 1883 sapientibus.
1604 1811 1842 1883 Summa
1872 1780 1918 1844 B

222 1884 345 1951 laus,
376 1901 552 1956 quam
582 1884 835 1955 Josepho
867 1882 1100 1955 quoque
1132 1883 1332 1938 Jacobi
1356 1883 1696 1956 patriarchae
1722 1882 1841 1937 ﬁlio

221 1973 371 2011 ausus
391 1954 483 2011 est
520 1954 781 2010 tribuere
803 1954 1027 2027 Trogus
1060 1956 1398 2027 Pompeius,
1432 1954 1841 2009 nobilissimus

224 2029 458 2099 scriptor,
490 2028 543 2081 si
583 2028 716 2097 ejus
746 2033 887 2082 sunt
917 2026 1114 2095 verba,
1167 2026 1295 2099 quae
1346 2026 1627 2097 leguntur
1684 2028 1838 2096 apud

220 2099 507 2166 Justinum,
543 2115 736 2164 xxxvx,
768 2102 802 2151 2
836 2114 849 2153 :
882 2121 909 2147 ‹‹
945 2099 1087 2153 Nam
1123 2106 1180 2153 et
1213 2099 1612 2169 prodigiorum
1669 2114 1835 2168 saga-

218 2173 455 2225 cissimus
484 2174 635 2242 erat,
670 2175 728 2224 et
750 2170 1114 2225 somniorum
1140 2171 1363 2242 primus
1387 2169 1838 2242 intelligentiam

220 2242 466 2309 condidit,
499 2241 771 2311 nihilque
801 2242 981 2297 divini
1003 2244 1157 2311 juris
1188 2242 1555 2313 humanique
1597 2241 1646 2296 ei
1680 2241 1839 2297 inco-

220 2314 416 2384 gnitum
448 2315 783 2368 videbatur.
822 2336 841 2363 υ
880 2318 1019 2367 ΗΑν.

272 2388 333 2454 (2)
366 2386 792 2439 Debellalorem.
829 2385 907 2439 Ex
938 2383 1205 2456 opposito
1251 2388 1614 2455 proteclorem
1646 2389 1838 2456 osten-

224 2456 292 2509 dit
319 2457 446 2527 quid
480 2474 588 2527 per
617 2455 1003 2511 debellatorem
1050 2455 1295 2527 intelligi
1342 2456 1496 2520 velit,
1548 2473 1663 2510 non
1714 2455 1839 2510 scil.

220 2533 636 2593 exstinctorem,
668 2528 769 2582 sed
796 2544 1219 2599 aggressorem,
1252 2532 1703 2599 persecutorem.
1738 2533 1841 2582 Eo-

216 2600 326 2653 dem
378 2617 509 2654 vero
562 2600 768 2654 ordine
826 2598 933 2654 hos
991 2617 1023 2653 a
1069 2598 1427 2654 Tertulliano
1506 2600 1844 2654 nominatos

216 2671 517 2743 imperatos
539 2670 788 2725 collocat
816 2671 1234 2739 Theodoretus,
1259 2670 1373 2743 nisi
1418 2672 1571 2741 quod
1605 2676 1843 2725 contra-

213 2742 283 2796 rio
311 2759 481 2797 censu
509 2742 860 2814 hosromnes
892 2748 1293 2814 persecutores
1340 2742 1619 2814 Ecclesiae,
1654 2747 1839 2808 vocet,

214 2829 363 2883 quam
386 2820 585 2869 tamen
618 2813 910 2869 debellare
941 2820 997 2869 et
1026 2815 1393 2884 exstinguere
1452 2813 1838 2885 nequiverint.

212 2886 543 2940 Convenient
578 2891 797 2955 autem,
822 2887 869 2939 si
902 2886 1064 2940 dicas
1094 2885 1173 2953 id,
1206 2885 1372 2957 quod,
1392 2902 1485 2940 res
1534 2890 1642 2951 est,
1692 2891 1843 2941 tecte

212 2958 424 3026 quidem
454 2974 690 3021 omnes,
737 2974 849 3011 non
899 2974 1031 3012 vero
1077 2964 1276 3027 aperta
1324 2956 1401 3025 vi,
1452 2961 1517 3011 ut
1563 2962 1734 3022 Nero,
1781 2962 1843 3027 ut

211 3028 581 3100 Domitianus,
614 3029 795 3100 fuisse
823 3034 1141 3099 grassatos.
1177 3029 1229 3083 Is
1260 3028 1461 3098 itaque
1484 3045 1543 3100 p.
1567 3028 1671 3084 126
1703 3026 1839 3082 εΤὸν

209 3094 255 3151 δὲ
281 3098 467 3153 ἀλιέων
498 3094 573 3153 τί
594 3098 684 3152 καὶ
714 3094 989 3164 τελῶνὼν,
1022 3105 1156 3168 etc.,
1191 3101 1228 3153 i.
1264 3116 1314 3154 e.
1349 3094 1380 3148 «ἶ
1410 3094 1663 3171 Αίιθξεε
1694 3116 1841 3172 quas

208 3172 368 3225 nostri
401 3173 728 3243 piscatores
758 3178 813 3227 et
844 3172 1159 3243 publicani,
1195 3188 1460 3242 quasque
1490 3179 1658 3228 sutor
1715 3178 1839 3227 ten-

212 3242 409 3297 torium
461 3245 737 3299 tulerunt
793 3242 860 3297 ac
935 3242 1408 3314 promulgarunt,
1472 3261 1585 3299 non
1643 3245 1840 3309 Caius;

206 3332 302 3368 non
329 3316 615 3370 Claudius
673 3315 989 3369 dissolvere
1047 3319 1383 3386 potuerunt,
1442 3332 1546 3369 nec
1604 3315 1700 3383 qui
1757 3315 1841 3370 eis

207 3388 461 3441 successit
493 3388 671 3444 Nero.
708 3386 810 3441 Hic
838 3387 991 3441 enim
1026 3386 1259 3441 tametsi
1293 3386 1440 3440 duos
1471 3388 1727 3457 optimos
1760 3386 1840 3441 le-

202 3457 488 3527 gislatores
550 3475 667 3513 sua
724 3458 1093 3512 immanitate
1153 3458 1566 3527 prostraverit;
1602 3462 1839 3513 Petrum

204 3546 434 3600 namque
468 3547 536 3584 ac
572 3529 819 3584 Paulum
849 3530 1099 3584 interlici
1124 3529 1343 3599 jussit;
1379 3536 1437 3584 at
1467 3537 1639 3599 certe,
1693 3546 1842 3599 quas

204 3598 275 3652 illi
304 3598 763 3673 promulgarunt
793 3598 1225 3671 leges,minime
1256 3598 1647 3657 sustulit.Non
1678 3598 1841 3655 deni-

202 3687 297 3739 que
344 3672 771 3743 Vespasianus,
834 3690 948 3727 non
1007 3674 1193 3737 Titus,
1254 3689 1367 3727 non
1430 3673 1839 3740 Domitianus;

203 3758 525 3815 quanquam
564 3744 773 3799 multis
829 3760 894 3798 ac
940 3744 1701 3815 variisimachinationibus
1746 3761 1842 3799 eas

205 3814 528 3887 Oppugnare
584 3814 1249 3887 contenderittmultos
1308 3816 1463 3870 enim
1513 3818 1583 3871 de
1652 3815 1841 3871 medio

202 3886 445 3956 sustulit,
481 3888 588 3959 qui
628 3904 689 3942 se
720 3887 948 3957 legibus
980 3886 1096 3942 illis
1126 3887 1486 3959 addixerunt,
1519 3904 1691 3942 omne
1722 3893 1840 3942 tor-

206 3958 522 4029 mentorum
561 3974 753 4029 genus
785 3964 986 4014 contra
1016 3976 1115 4013 eos
1164 3958 1489 4013 intendens.
1552 3960 1842 4029 Trajanus

200 4025 422 4102 insuper
450 4025 644 4102 atque
674 4030 1208 4096 Adrianus.magno
1232 4048 1293 4085 se
1324 4035 1608 4102 apparatu
1642 4025 1844 4085 contra

200 4114 280 4155 eas
306 4101 465 4174 leges
499 4101 937 4158 instruxerunt.
970 4105 1052 4156 Ac
1099 4101 1390 4172 Trajanus
1422 4102 1659 4173 quidem
1707 4107 1843 4157 Per-

200 4173 384 4228 sarum
411 4180 797 4245 potentatum
822 4173 1541 4245 dissolvit,Armeniosque
1562 4175 1845 4230 Romano-

200 4259 313 4300 rum
345 4244 513 4302 freno
551 4245 852 4314 subjecit;
885 4244 1184 4316 Scythicas
1234 4244 1511 4316 praeterea
1555 4247 1842 4302 natiomes

198 4318 465 4388 compulit
499 4319 763 4388 sceptris
795 4317 919 4372 suis
952 4333 1153 4387 parere
1187 4334 1199 4371 :
1235 4318 1594 4387 piscatorum
1646 4324 1843 4373 tamen

198 4390 484 4462 nostrique
518 4389 748 4445 sutoris
781 4388 936 4462 leges
966 4388 1195 4444 abolere
1227 4390 1599 4462 nonhpotuit.
1633 4390 1842 4444 Adria-

196 4473 289 4513 nus
317 4460 476 4525 vero,
512 4463 733 4517 urbem
782 4461 1138 4527 Judaaorum,
1185 4476 1217 4514 a
1267 4460 1481 4529 quibus
1530 4462 1841 4516 cruciﬁxus

196 4514 1029 4604 ρειρῑιιέίὲὶιίἑξιὸίέάιίἀίωίι
1059 4514 1138 4586 ρι’
1163 4514 1371 4587 evertit
1403 4514 1433 4586 τ’
1451 4514 1511 4587 ἀι
1539 4514 1842 4604 magis
1874 4514 1921 4577 D

194 4597 237 4654 in
267 4597 591 4661 Christum.
614 4604 1011 4659 crediderunt.
1056 4604 1303 4658 aducere
1361 4620 1394 4658 a
1449 4597 1681 4659 Christi»
1720 4597 1841 4660 ser-

193 4674 354 4747 vitute
382 4694 506 4731 non
544 4677 763 4747 potuit.
800 4698 827 4722 η
860 4675 999 4747 HAv.

254 4746 323 4817 (3)
379 4745 615 4804 Litlei-ze
667 4747 733 4802 M.
767 4746 1037 4818 (Aurelli.
1110 4745 1497 4818 Hieronymus
1556 4746 1626 4800 ad
1699 4763 1834 4801 ann.

192 4813 517 4875 Christianae
566 4836 695 4875 aera:
752 4817 1051 4872 CLXXIV:
1086 4838 1113 4865 ‹‹
1174 4813 1495 4888 Imperator
1550 4818 1838 4873 Antonius

195 4890 376 4963 multis
407 4895 740 4947 adversum
775 4907 836 4944 se
868 4888 1246 4963 nascentibus
1278 4889 1445 4963 bellis
1504 4904 1655 4963 saepe
1712 4890 1839 4963 ipse

194 4960 473 5028 intererat,
513 4980 679 5028 saepe
707 4963 887 5016 duces
929 4960 1329 5017 nobilissimos
1380 4960 1749 5026 destinebat,’
1777 4961 1836 5015 in

191 5032 384 5096 Quibus
417 5032 621 5091 semel
652 5033 956 5098 Pertinaci,
991 5039 1048 5087 et
1074 5032 1508 5103 excercitui,qui
1544 5048 1675 5087 cum
1700 5033 1839 5088 eoin

192 5103 513 5180 Quadorum
554 5106 792 5180 regione
822 5105 1143 5175 pugnabat,
1178 5104 1273 5158 siti
1296 5120 1608 5180 (oppresso,
1642 5104 1842 5174 pluvia

193 5171 451 5234 divinitus
488 5179 685 5233 missa
734 5171 868 5231 est:
902 5171 1032 5230 cum
1089 5192 1119 5229 e
1175 5171 1465 5231 contrario
1520 5171 1840 5231 Germanos

192 5252 236 5297 et
264 5248 571 5305 Sarmatas
611 5248 853 5303 fulmina
885 5252 1396 5317 persequerentur.
1446 5251 1503 5302 et
1552 5249 1839 5318 plurimos

194 5330 376 5390 rosum
414 5316 1098 5377 interﬁcerent.Exstant
1128 5318 1330 5373 litterae
1366 5319 1440 5373 M.
1465 5316 1683 5374 Aurelii
1714 5336 1842 5390 gra-

190 5389 396 5463 vissimi
434 5391 855 5463 Imperatoris,
888 5392 1112 5463 quibus
1134 5390 1295 5445 illam
1328 5389 1747 5463 Germanicam?)
1768 5391 1842 5446 si-

198 5462 283 5516 tim
314 5461 795 5520 Christianorum
821 5463 965 5518 forte
998 5461 1251 5518 militum
1278 5462 1716 5532 precationibus
1737 5462 1843 5517 im-

195 5537 395 5606 petrato
444 5535 642 5591 imbri
697 5536 1027 5590 discussam
1098 5538 1370 5589 testatur.
1436 5556 1464 5584 »
1524 5536 1605 5589 Ad
1665 5552 1838 5606 quem

195 5602 363 5677 locum
398 5610 658 5663 omnino
687 5607 973 5662 videndus
993 5606 1267 5677 Scaliger,
1302 5610 1359 5661 et
1381 5602 1840 5676 judicium-ejus

198 5674 255 5750 de
279 5680 621 5750 suppositis
653 5695 776 5749 quae
814 5678 993 5750 hujus
1046 5674 1421 5748 imperatoris
1477 5678 1716 5733 nomine
1740 5674 1839 5732 had

200 5748 365 5809 tinem
398 5748 1029 5826 ’ApologeticiJustini
1058 5751 1571 5821 circumferuntur,
1628 5767 1686 5822 p.
1739 5751 1845 5806 222

1948 1738 2093 1805 loco,
2130 1740 2395 1794 Lucanus
2426 1740 2525 1794 lib.
2561 1738 2636 1810 1x,
2671 1742 2741 1795 de
2799 1738 3051 1796 exercitu
3093 1738 3323 1794 Catonis
3370 1739 3429 1791 in
3488 1740 3591 1793 de-

1951 1812 2123 1884 sertis
2156 1812 2375 1884 Libyae,
2400 1812 2554 1882 apud
2588 1829 2761 1883 quem
2794 1813 3066 1867 Afranius
3097 1820 3153 1866 et
3211 1811 3470 1884 Petreius
3511 1810 3590 1884 _in

1951 1883 2235 1953 Hispania
2264 1881 2336 1937 ob
2365 1881 2515 1937 idem
2551 1881 2936 1939 infortunium
2971 1889 3165 1939 castra
3214 1883 3444 1938 tradere
3472 1881 3595 1936 vic-

1952 1955 2059 2028 tori
2091 1955 2300 2028 Caesari
2335 1956 2513 2028 coacti
2547 1961 2703 2023 sunt,
2739 1960 2801 2010 ut
2824 1955 3000 2012 latius
3032 1961 3200 2028 poeta
3252 1953 3593 2028 exsequitur

1950 2025 2052 2081 lib.
2085 2043 2157 2079 IV.
2194 2025 2548 2081 Germanicae
2582 2028 2759 2097 hujus
2784 2028 2936 2093 sitis,
2967 2025 3102 2083 cu‘m
3133 2031 3357 2081 Marcus
3389 2026 3593 2081 adver-

1952 2115 2053 2152 sus
2087 2098 2527 2170 Marcomannes
2559 2100 2754 2170 ecpias
2783 2100 3042 2165 duceret,
3076 2098 3344 2154 meminit
3389 2112 3593 2152 rursus

1948 2172 2167 2241 Auctor
2196 2168 2381 2241 inlib.
2418 2172 2491 2225 ad
2512 2168 2821 2241 Scapulam.
2864 2188 2912 2227 c.
2946 2173 2976 2226 4
3012 2189 3024 2227 :
3056 2194 3083 2221 ‹‹
3109 2172 3337 2226 Marcus
3359 2184 3595 2241 quoque

1948 2240 2219 2314 Aurelius
2254 2240 2310 2295 in
2341 2240 2685 2314 Germanica
2713 2245 3078 2314 expeditione
3126 2240 3592 2314 Christianorum

1952 2312 2207 2367 militum
2236 2313 2597 2368 orationibus
2629 2316 2699 2369 ad
2733 2310 2913 2370 Deum
2948 2314 3139 2383 factis,
3162 2314 3381 2367 imbres
3411 2312 3471 2367 in
3496 2310 3596 2367 siti

1949 2383 2052 2438 illa
2082 2384 2432 2453 impetravit.
2466 2385 2767 2449 Quomodo
2823 2404 2936 2441 non
2975 2384 3506 2457 genieulationibus
3538 2386 3597 2457 et

1942 2456 2413 2525 jejunationibus
2448 2458 2664 2511 nostris
2696 2458 2868 2512 etiam
2904 2455 3197 2514 siccitates
3231 2461 3369 2511 sunt
3398 2455 3599 2527 depulf

1953 2544 2061 2599 sa);
2095 2534 2234 2582 tunc
2264 2534 2322 2582 et
2354 2528 2607 2599 populus
2635 2530 2963 2584 acclamant
2989 2530 3105 2584 Deo
3137 2525 3599 2599 deorum,et‘qui

1954 2598 2113 2653 solus
2146 2604 2371 2669 potens,
2407 2598 2464 2654 in
2496 2600 2655 2655 Jovis
2688 2602 2923 2656 nomine
2956 2602 3072 2656 Deo
3105 2607 3303 2656 nostro
3334 2600 3598 2654 testimo-

1952 2671 2117 2725 nium
2152 2672 2425 2727 reddidit.
2465 2694 2483 2720 α
2519 2672 2846 2728 Invidentes
2879 2679 3072 2728 tamen
3120 2672 3316 2744 gloriae
3339 2670 3599 2744 (Christi:-

1953 2759 2163 2798 norum
2198 2743 2464 2813 gentiles,
2497 2744 2567 2797 ab
2600 2743 2715 2799 illis
2745 2745 2850 2798 hoc
2890 2746 3067 2799 decus
3122 2740 3353 2799 amoliri
3403 2740 3598 2797 conati

1952 2819 2116 2888 sunt.
2141 2818 2341 2888 Itaque
2370 2815 2628 2888 moribus
2662 2816 2882 2870 sanctis
2919 2815 3136 2871 Aurelii
3174 2813 3601 2888 ipsius‘tribuit

1951 2887 2011 2940 in
2044 2885 2174 2940 Vita
2204 2885 2333 2953 ejus
2386 2886 2746 2957 Capitolinus
2781 2904 2793 2941 :
2831 2910 2857 2936 «
2892 2888 3131 2942 Fulmen
3182 2889 3253 2942 de
3297 2885 3435 2940 cmlo
3470 2902 3597 2957 pre-

1952 2957 2117 3013 cibus
2151 2958 2240 3011 sui
2272 2961 2473 3012 contra
2504 2959 2762 3014 hostium
2824 2960 3356 3015 machinamentum
3418 2964 3600 3012 extor-

1954 3030 2051 3111 sit,
2084 3027 2435 3111 suis‘pluvi‘a
2466 3029 3010 3111 impetratal‘quum
3044 3030 3532 3111 siti_laborarent.
3568 3050 3596 3077 »

1958 3104 2076 3183 flqc
2108 3100 2614 3183 pertinet‘Jupiter
2644 3101 3043 3183 illetPluviust
3075 3104 3244 3173 cujus
3275 3101 3497 3183 iconem
3530 3117 3601 3155 ex

1954 3170 2237 3245 Columna
2268 3170 2599 3245 Antoniana
2629 3174 2899 3229 dedimus
2928 3180 2985 3229 et
3013 3174 3083 3229 de
3113 3170 3224 3245 quo
3259 3172 3597 3245 propediem

1952 3243 2309 3316 singularem
2386 3243 2864 3316 Dissertationem
2928 3243 3144 3316 przelo'
3183 3243 3596 3316 subjiciemus,

1950 3314 2380 3388 quamconfer,
2406 3315 2460 3388 si
2496 3316 2683 3388 placet
2713 3314 2960 3385 (leonem
3010 3318 3161 3372 hanc
3220 3314 3441 3388 passim
3475 3315 3595 3371 edi-

1951 3384 2299 3461 t‘amvideas
2334 3384 2541 3461 velim,
2562 3404 2773 3461 nempe
2804 3384 3380 3461 apudrBaron).'Hlv.

2024 3458 2097 3529 (5)
2133 3458 2247 3512 Non
2274 3459 2480 3528 palam.
2525 3456 2757 3515 Marcus
2807 3456 3079 3515 Aurelius
3124 3456 3188 3514 et
3227 3456 3595 3529 conscientiae

1953 3546 2073 3583 suae
2105 3529 2439 3584 satisfacere
2469 3530 2519 3584 ei
2554 3532 2784 3602 legibus
2824 3531 2971 3587 nihil
3030 3532 3335 3587 detrahere
3392 3528 3594 3602 voluit.

1954 3603 2153 3671 Itaque
2186 3618 2257 3655 ne
2289 3608 2705 3658 accusarentur
2735 3604 2920 3671 facile,
2952 3621 3183 3659 crucem
3235 3601 3597 3658 delatoribus

1952 3672 2275 3734 constituit,
2308 3688 2439 3726 eum
2472 3678 2666 3729 tamen
2719 3681 3023 3731 accusatos
3067 3682 3124 3731 et
3182 3675 3497 3741 convictos,
3531 3674 3599 3726 fi-

1952 3745 2204 3814 demque
2235 3744 2490 3819 abnuere
2522 3752 2857 3819 recusantes
2907 3765 3008 3817 per
3038 3746 3194 3819 leges
3214 3764 3386 3819 mors
3443 3751 3602 3800 certa

1952 3822 2230 3889 maneret.
2270 3816 2525 3889 Pessime
2556 3816 2752 3889 itaque
2782 3817 2842 3870 τὸ
2887 3816 2996 3873 non
3040 3816 3405 3874 sustulerunt
3443 3834 3595 3889 non:

1954 3887 2124 3954 nulli,
2167 3892 2231 3941 ut
2280 3887 2463 3942 Rhen.
2514 3887 2671 3944 Huic
2710 3889 2790 3945 rei
2836 3890 3002 3945 valde
3051 3890 3227 3944 affine
3277 3894 3385 3951 est,
3435 3888 3591 3958 quod

1953 3959 2292 4031 occurritin
2326 3959 2471 4013 libro
2505 3961 2727 4017 Esther.
2775 3978 2902 4029 cap.
2954 3979 3076 4027 vm,
3130 3962 3183 4026 8,
3230 3960 3287 4014 in
3324 3961 3594 4031 perditis-

1952 4030 2103 4104 simo
2133 4030 2654 4104 Judazorum‘statu
2688 4037 2744 4088 et
2774 4032 2927 4088 felici
2959 4032 3113 4089 exitu
3152 4030 3417 4104 periculi,
3445 4038 3510 4086 ut
3540 4035 3596 4085 et

1952 4102 2178 4158 Doniel.
2211 4118 2294 4167 IIl,
2325 4102 2414 4156 29.
2450 4102 2587 4157 ΗΑν.

2025 4173 2099 4243 (6)
2134 4174 2412 4245 Dispersit.
2449 4175 2505 4228 Id
2540 4179 2628 4229 est
2680 4174 2997 4230 frustratus
3054 4178 3162 4245 est,
3224 4172 3594 4241 annihilavit,

1953 4244 2011 4299 in
2044 4250 2246 4299 ventos
2278 4244 2527 4313 disjecit.
2563 4247 2701 4300 ΗΑν.

2023 4317 2101 4383 (7)
2134 4316 2351 4382 Adfecta
2382 4316 2578 4372 eliam.
2611 4318 2813 4372 Exstat
2855 4316 3035 4387 hujus
3084 4314 3454 4387 imperatoris
3502 4330 3594 4369 re-

1954 4387 2237 4458 scriptum
2272 4388 2341 4442 ad
2374 4390 2621 4443 Asianos
2653 4389 2805 4457 apud
2840 4389 3048 4443 Euseb.
3089 4389 3148 4442 in
3175 4387 3283 4444 lib.
3316 4405 3394 4454 1v,
3454 4388 3595 4441 Hist.

1956 4460 2094 4513 Eccl.
2130 4476 2257 4529 cap.
2292 4461 2377 4521 13,
2413 4462 2564 4531 quod
2616 4462 2892 4530 quoniam
2950 4460 3411 4531 longiusculum,
3462 4459 3597 4531 inde

1954 4534 2153 4600 petant
2183 4529 2454 4594 studiosi,
2486 4533 2543 4586 in
2580 4529 2692 4585 fine
2740 4534 2856 4587 haec
2900 4529 3192 4587 habentur
3224 4550 3236 4588 :
3278 4554 3297 4578 σ
3333 4532 3493 4596 Quod
3548 4529 3596 4585 si

1954 4600 2086 4672 quis
2112 4603 2380 4675 persistit
2432 4603 2795 4675 hujusmodi
2822 4604 3163 4659 hominibus
3210 4605 3453 4675 absque;
3477 4601 3597 4657 ullo

1954 4674 2200 4747 crimine
2231 4691 2459 4730 movere
2503 4674 2881 4747 negotia,ille
2940 4674 3177 4745 quidem
3236 4673 3597 4747 quildelatus

1950 4762 2054 4815 pro
2075 4745 2194 4818 (hoc
2227 4748 2462 4801 nomine
2494 4747 2688 4806 fuerit,
2724 4746 3077 4811 absolvatur,
3124 4745 3351 4802 etiamsi
3386 4747 3591 4818 probe-

1948 4821 2046 4871 tur
2070 4816 2124 4871 id
2159 4833 2287 4873 esse
2319 4819 2471 4888 quod
2502 4824 2558 4872 et
2578 4818 2875 4887 objicitur,
2908 4818 3297 4875 Christianus.
3324 4816 3597 4874 Isautem

1949 4888 2051 4961 qui
2078 4888 2299 4961 crimen
2332 4890 2614 4950 obtendit.
2651 4906 2783 4943 reus
2815 4908 2985 4960 pmna
3016 4890 3223 4961 ipsius,
3284 4908 3456 4961 quam
3491 4890 3597 4944 oh-

1942 4960 2103 5031 jecit,
2153 4960 2416 5015 exsistat.
2473 4983 2520 5033 nr
2554 4962 2716 5015 Adde
2773 4960 3081 5033 epistolam
3143 4960 3406 5024 Adriani.
3466 4978 3596 5033 quae

1951 5049 2081 5087 mox
2114 5032 2776 5104 reprmsentabimursln
2812 5032 2908 5086 illo
2948 5034 3254 5104 Rescripta
3300 5051 3433 5089 vero
3478 5032 3599 5088 Au-

1950 5104 2073 5159 relii
2102 5102 2247 5159 falae
2280 5106 2515 5174 ponitur
2544 5102 2836 5159 absolutio
2884 5102 3219 5159 Christiani.
3284 5104 3382 5160 Ille
3442 5105 3597 5161 enim

1949 5193 2065 5231 non
2097 5176 2527 5243 absolvebatur,
2563 5176 2608 5230 si
2657 5181 2993 5230 constanter
3036 5178 3209 5231 fidem
3243 5178 3595 5241 defenderet,

1949 5250 2047 5303 sed
2075 5249 2419 5322 necabatur.)
2445 5255 2505 5322 ut
2555 5252 2711 5322 patet
2743 5246 3004 5322 exemplo
3056 5249 3385 5321 Appollonii
3437 5250 3591 5322 apud

1952 5320 2221 5374 eumdem
2256 5318 2595 5383 Eusebium,
2628 5321 2767 5373 Hist.
2804 5320 2942 5373 Eccl.
2976 5338 3024 5373 v.
3059 5318 3162 5374 21f
3210 5326 3265 5376 et
3293 5318 3491 5378 videre
3510 5326 3599 5378 est

1950 5392 2101 5461 apud
2138 5391 2475 5455 Heraldum,
2531 5397 2591 5445 at
2622 5408 2736 5445 non
2798 5391 2964 5446 facile
3016 5394 3424 5459 accusabatur,
3475 5410 3597 5449 me-

1950 5466 2149 5517 tuente
2181 5462 2436 5517 delatore
2471 5462 2854 5517 certissimam
2899 5480 3148 5533 pmnam.
3198 5467 3307 5521 Sed
3356 5466 3413 5520 in
3468 5467 3597 5520 istis

1952 5533 2269 5608 Rescriptis
2300 5533 2486 5608 multa
2520 5535 2686 5608 fraus
2710 5533 3063 5608 dominatur.
3100 5539 3393 5608 ltaque,ut
3423 5537 3593 5608 Plinii

1952 5612 2084 5661 utar
2099 5606 2293 5661 verbis
2309 5607 2603 5675 exinsigni
2630 5605 2728 5661 illo
2754 5606 3095 5677 Panegyrico
3114 5605 3365 5674 Trajano
3415 5607 3587 5659 dicto:

1955 5681 2086 5749 «(At
2117 5682 2201 5749 tu,
2234 5679 2442 5744 Caesar,
2476 5696 2652 5749 quam
2688 5676 2996 5749 pulchrum
3028 5677 3437 5749 spectaculum
3464 5694 3589 5733 mo-

1952 5748 2045 5805 bis
2076 5748 2415 5821 exbibuisti,
2447 5748 2581 5806 cum
2633 5748 2877 5820 contigit
2930 5749 3184 5818 desuper
3228 5748 3445 5803 intueri
3492 5751 3592 5806 de-
