4072 6190
232 301 322 359 349
1280 290 1873 354 APOLOGETICUS
1917 289 2101 351 ADV.
2149 289 2474 351 GENTES.

3472 296 3594 356 350

234 447 336 487 nam
366 429 400 464 ¹⁰
424 426 526 481 ille
559 425 717 498 leges
750 426 859 495 (14)
892 425 1166 480 abierunt
1212 428 1515 497 sumptum
1549 430 1605 481 et
1630 424 1819 481 ambi-

1938 439 2052 478 non
2112 423 2436 493 saginatam
2501 420 2659 492 (16);
2698 438 2823 493 quis
2880 424 3196 494 patricium
3258 426 3388 498 (17),
3440 429 3595 499 quod

232 523 401 575 tionem
430 516 900 584 comprimentes,
934 532 1062 584 quae
1094 521 1328 569 centum
1379 532 1493 569 tera
1547 532 1661 569 non
1697 531 1820 568 am-

227 610 345 679 plius
373 608 419 659 in
467 620 689 659 ccenam
748 603 1035 658 subscribi
1078 605 1394 673 jubebant,
1428 620 1535 659 nec
1566 602 1824 674 amplius

225 711 359 767 quam
400 708 567 746 unam
624 691 824 746 inferri
877 691 988 762 (l5)
1048 692 1200 746 299
1253 691 1556 763 gallinam,
1590 696 1647 745 et
1695 706 1824 744 eam

1934 514 2130 567 decem
2167 511 2357 582 pondo
2390 509 2614 579 argenti
2664 510 2991 581 habuisset,
3027 530 3129 583 pro
3161 530 3372 585 magno
3422 516 3595 571 titulo

1936 600 2276 655 ambitionis
2333 604 2538 653 senatu
2597 602 3048 655 summovebant
3100 620 3113 667 ;
3178 619 3305 672 quae
3366 604 3597 659 theatra

1936 688 2281 760 stuprandis
2312 688 2425 758 (18)
2458 687 2721 742 moribus
2770 689 3018 745 orientia
3070 692 3278 746 statim
3329 694 3596 749 destrue-

1602 796 1805 857 Variae
1836 795 2161 857 lectiones.

278 889 313 923 η
337 886 618 951 Quomodo
648 887 777 941 Jun.

1606 956 2128 1016 Commentarius.

215 1068 391 1122 Sensus
420 1067 502 1118 est
526 1078 541 1118 :
564 1062 721 1126 leges
753 1078 885 1117 cum
919 1062 1178 1134 primum
1213 1062 1571 1129 feruntur,ut
1605 1062 1822 1117 ferven-

214 1147 303 1193 tem
330 1152 525 1206 aquam
560 1137 923 1206 timeri,post
946 1141 1009 1189 ut
1040 1135 1307 1189 eamdem
1339 1150 1554 1203 aquam
1590 1134 1820 1203 trigere,

209 1217 251 1264 et
277 1210 469 1278 absque
500 1224 653 1278 noxa
682 1206 1038 1276 transgredi.
1071 1206 1535 1262 Exurbz'taverunt
1573 1206 1821 1278 vero,gid

210 1287 276 1335 est
316 1296 344 1334 a
384 1276 542 1333 recta
600 1277 692 1333 via
742 1279 1122 1334 deﬂexerunt.
1180 1281 1265 1332 Ita
1314 1295 1524 1332 rursus
1577 1293 1701 1348 cap.
1736 1276 1816 1330 9:

216 1371 232 1399 σ
259 1352 344 1406 Per
389 1350 536 1421 quod
585 1351 909 1405 exorbitare
955 1366 1054 1404 eos
1108 1348 1306 1403 vultis.
1341 1370 1369 1398 ››
1412 1350 1478 1403 Et
1526 1349 1817 1421 cap.gl6:

210 1446 231 1472 α
260 1419 634 1477 Exorbitantes
683 1429 739 1477 et
769 1422 881 1492 ipsi
914 1437 948 1475 a
979 1421 1226 1476 Judaico
1277 1435 1457 1475 more.
1491 1440 1517 1469 ιδ
1554 1419 1625 1475 Et
1673 1419 1821 1474 libro

211 1496 259 1548 de
286 1494 461 1561 Pallio,
514 1510 644 1565 cap.
675 1494 711 1545 5
745 1508 758 1546 :
793 1516 820 1542 ‹‹
850 1492 906 1547 Si
941 1492 1077 1565 quid
1124 1492 1492 1557 exorbitavit,
1541 1492 1821 1565 reforma-

210 1572 270 1647 to,
302 1586 321 1615 ι
355 1563 675 1647 etpassim.
712 1564 1117 1647 Fuitmscilice't
1160 1570 1437 1647 tempus;
1455 1580 1578 1647 quo‘
1618 1563 1822 1647 Florus

209 1639 385 1692 diceret
415 1634 509 1690 lib.
549 1654 613 1702 ιι,
664 1652 791 1704 cap.
848 1635 958 1689 19:
1001 1655 1022 1683 α
1058 1636 1353 1690 Hactenus
1400 1634 1660 1705 Pupulus
1709 1638 1821 1688 Ro-

212 1725 380 1763 manus
410 1707 674 1778 pulcher,
705 1708 999 1778 egregius,
1031 1715 1294 1773 sanctus,
1330 1713 1506 1777 atque
1551 1705 1819 1777 magnifi-

208 1797 305 1835 cus.
336 1802 360 1828 »
385 1780 568 1834 Rhen.
603 1780 1016 1834 exorbitarunt.

383 1813 1026 1921 Eiiyiz'lzfnwiziéwzféél
1059 1846 1283 1903 Alludit
1312 1847 1383 1922 ad
1438 1846 1596 1919 leges
1627 1862 1824 1917 sump-
1851 1813 1899 1878 B

206 1920 409 1990 tuarias,
440 1929 493 1978 et
554 1924 627 1977 de
685 1921 933 1987 ambitu,
978 1938 1126 1992 quas
1186 1920 1397 1991 partim
1454 1926 1820 1992 retractasse,

204 1995 377 2065 partim
406 2011 471 2048 ex
520 1992 754 2065 integro
788 1990 1070 2065 sanxisse
1104 1990 1432 2065 Augustum
1474 1992 1614 2065 imp.
1650 1990 1820 2065 testis

202 2061 269 2118 est
310 2065 615 2121 Suetonius
653 2061 723 2120 in
774 2064 1029 2131 Octavio,
1062 2080 1191 2134 cap.
1225 2064 1313 2117 44.
1359 2063 1437 2117 Ex
1486 2063 1701 2131 quibus
1750 2061 1820 2115 de

204 2135 388 2191 Licinia
416 2138 537 2193 sive
592 2137 850 2191 centussi
885 2137 1029 2192 satis
1079 2140 1210 2206 apte
1256 2134 1559 2204 Zephyrus
1603 2134 1660 2186 in
1713 2149 1820 2186 sua

201 2210 525 2279 paraphrasi,
562 2210 721 2263 sicut
772 2208 823 2262 ei
856 2208 926 2263 de
976 2206 1272 2279 censoria,
1307 2222 1434 2279 quae
1466 2222 1534 2259 ex
1569 2220 1822 2279 censura

208 2276 413 2335 Fabricii
463 2280 698 2343 Licinii,
726 2280 896 2349 juxta
943 2278 1132 2349 Valer.
1166 2281 1339 2341 Max.,
1373 2277 1473 2330 lib.
1508 2293 1569 2340 ιι,
1606 2292 1728 2349 cap.
1767 2276 1819 2339 4,

206 2352 369 2406 decem
388 2351 619 2424 argenti
638 2348 820 2407 libras
846 2348 1108 2424 Senatori
1130 2349 1413 2403 duntaxat
1442 2348 1818 2424 concedebat,

207 2429 249 2475 et
271 2439 326 2477 ea
352 2419 480 2493 qua'
506 2424 847 2494 spectacula
891 2422 1202 2494 interdicta
1231 2425 1388 2489 sunt,
1421 2434 1487 2494 ac
1521 2420 1591 2494 de
1623 2419 1812 2489 digni,

204 2490 896 2566 tatnm'ingenuorumque
928 2493 1369 2566 insignibus,ut
1400 2490 1669 2566 pluribus
1703 2507 1817 2544 non

203 2565 263 2619 sit
284 2563 635 2637 opusfquod
667 2566 739 2621 ad
774 2563 871 2620 eas
903 2567 934 2619 4
964 2563 1120 2635 leges
1151 2564 1377 2637 attinet.
1412 2563 1551 2617 ΡΑΜ.

261 2637 355 2708 (15)
411 2636 588 2694 Unam
644 2638 849 2707 inferri
903 2638 1195 2705 gallinam.
1252 2636 1394 2708 cum
1454 2636 1658 2708 postea
1715 2646 1819 2708 nec

204 2702 627 2779 phmu'icopteris
680 2702 788 2765 sua
821 2702 1049 2769 raritas,
1080 2723 1187 2761 nec
1234 2702 1501 2779 psittacis
1549 2702 1819 2779 imitandi

199 2794 275 2834 ars
298 2775 462 2835 verba
492 2784 859 2855 nostratnec
891 2779 1094 2855 pavoni
1129 2775 1629 2855 suapulcbritudo
1656 2775 1821 2855 quid-

198 2864 346 2918 quam
378 2852 682 2923 prol'uerit.
716 2851 864 2914 Quid
892 2847 1137 2905 'mirum
1171 2847 1387 2923 itaque,
1428 2848 1486 2923 si
1530 2847 1822 2923 veteribus

196 2927 241 2975 et
266 2918 470 2978 sanctis
521 2923 669 2978 viris
721 2923 957 2992 indigna
992 2938 1232 2977 romano
1272 2918 1525 2991 imperio
1565 2918 1694 2992 visa
1730 2922 1820 2992 est

192 2994 369 3048 Metelli
403 2995 641 3050 luxuria
670 2995 697 3049 ‘t
727 2989 901 3066 quam
936 2999 1094 3048 taxat
1123 2989 1527 3066 Sallust.apud
1563 2989 1818 3045 Macrob.

196 3079 248 3127 ll,
277 3081 436 3121 serm.
472 3068 507 3119 9
540 3085 553 3121 :
596 3089 624 3115 ‹‹
659 3063 853 3136 Epulas
902 3082 1033 3119 vero
1082 3063 1597 3135 exquisitissimae;
1632 3076 1821 3136 neque

189 3152 272 3202 per
299 3154 525 3192 omnem
565 3132 741 3192 modo
792 3132 1323 3207 provinciam,_sed_
1349 3132 1726 3207 trans_maria
1755 3147 1821 3186 ex

192 3208 508 3264 Mauritania
556 3209 866 3265 volucrum
900 3214 957 3264 et
999 3209 1254 3263 ferarum
1312 3208 1607 3274 incognita
1650 3208 1823 3259 antea

192 3277 332 3346 plura
383 3296 625 3351 genera.
688 3302 716 3330 »
774 3280 883 3335 Ubi
944 3286 999 3333 et
1067 3277 1598 3351 pontiﬁcisgvetus
1657 3291 1818 3351 cmna

189 3345 1046 3428 vituperatur,_recenseturque
1070 3345 1239 3428 'inter
1269 3347 1455 3428 multa
1498 3345 1654 3428 gula;
1685 3346 1815 3428 irri-

190 3419 417 3495 tamenta
448 3424 677 3495 gallina
708 3424 909 3478 altilis.
944 3419 1244 3476 Videndus
1276 3420 1588 3495 Suetonius
1619 3419 1689 3472 de
1710 3419 1816 3495 in-

186 3492 345 3562 glun‘e
374 3489 673 3552 Caavsarum
711 3496 1125 3566 quorumdam.
1159 3491 1439 3548 Martialis
1478 3491 1676 3560 etiam,
1710 3489 1812 3544 lib.

186 3580 290 3620 xui.
319 3568 509 3639 Epigr.
543 3568 635 3620 70.

309 3671 517 3722 Miraris
550 3672 767 3736 quoties
796 3674 1128 3736 gemmantes
1158 3669 1384 3736 explicat
1412 3668 1539 3728 alas,

310 3736 369 3784 Et
398 3732 739 3799 potes'bunc
769 3732 912 3783 saevo
944 3734 1170 3794 tradere,
1203 3732 1353 3792 dure,
1385 3744 1577 3793 coquo.

182 3829 235 3881 Et
261 3831 488 3887 Publius
522 3833 711 3905 Syrus
759 3831 819 3887 in
865 3829 1197 3902 magniﬁcis
1240 3828 1358 3883 illis
1408 3827 1560 3898 apud
1617 3827 1815 3882 Petro-

182 3917 314 3958 mum
345 3906 621 3961 versibus
661 3921 673 3959 :

279 4019 379 4081 Tuo
411 4023 595 4081 palato
629 4019 843 4068 clausus
877 4030 1013 4080 pavo
1044 4016 1296 4081 pascitur,

280 4079 521 4132 Plumato
561 4084 794 4130 amictus
824 4079 956 4130 auro
992 4079 1332 4142 Babylonico.

280 4144 469 4193 Gallina
498 4146 605 4193 tibi
638 4143 934 4204 Numidica,
967 4143 1059 4191 tibi
1094 4137 1286 4204 gellius
1316 4137 1501 4204 spado.

279 4205 484 4269 Qiconia
515 4208 685 4256 etiam
715 4210 883 4269 grata,
916 4201 1221 4269 peregrina,
1255 4201 1484 4269 hospita,

280 4265 491 4317 Pietatis
524 4264 741 4324 cultrix“,
777 4264 1078 4331 gracilipes,
1112 4265 1323 4331 crotalis
1354 4264 1469 4331 tria,

282 4330 400 4379 Avis
427 4333 555 4380 exul
595 4326 806 4384 hiemis:
834 4330 1021 4378 titulus
1050 4326 1219 4389 tepidi
1252 4326 1507 4389 temporis

281 4392 538 4456 Nequitia:
565 4394 759 4442 nidum
790 4394 845 4441 in
876 4392 1070 4441 cacabo
1100 4392 1225 4440 fecit
1256 4395 1364 4439 tuo.

232 4504 329 4573 (16)
361 4509 477 4564 Non
530 4509 881 4575 saginatam.
910 4505 1090 4575 Cujus
1141 4503 1289 4574 gulae
1336 4501 1559 4573 primus
1608 4500 1813 4575 artifex

176 4554 1307 4639 Αάιῖἷιῖιὶζ’ὶιῖἷέὀῖἲὶιᾙξίριΤῖιῖρῗιῐιίὖ,
1338 4554 1484 4644 21.5.
1502 4554 1555 4627 "5'
1580 4589 1592 4628 ;
1615 4554 1657 4620 ’έέ
1690 4554 1813 4638 Qua
1845 4554 1888 4617 D

176 4647 415 4706 Auﬁdius
450 4651 649 4705 Lurco
701 4650 928 4720 primus
960 4648 1165 4720 sagina
1208 4663 1451 4717 corpora
1479 4644 1721 4720 vitiavit,
1756 4648 1812 4698 et

180 4723 363 4776 coactis
415 4716 807 4777 alimentisin
844 4716 1275 4776 adulte'rrinum
1314 4716 1590 4789 provexit
1637 4732 1812 4772 sano-

181 4801 297 4845 rem.
330 4814 355 4839 »
390 4793 602 4865 Itaque
638 4792 926 4848 Martialis
954 4792 1057 4846 lib.
1091 4808 1214 4858 xm,
1243 4807 1332 4861 ep.
1366 4790 1453 4844 62.

278 4907 515 4959 Pascitur
547 4914 609 4959 et
638 4909 779 4958 dulci
811 4908 984 4957 facilis
1017 4907 1218 4971 gallina
1247 4907 1435 4971 farina,

280 4971 515 5023 Pascitur
545 4979 603 5022 et
628 4973 878 5021 tenebris.
910 4970 1193 5034 Ingeniosa
1221 4970 1344 5031 gula
1375 4972 1469 5017 est.

176 5070 367 5131 Docent
421 5095 551 5133 rem
616 5078 796 5133 Varro
847 5081 903 5132 et
951 5074 1287 5131 Columella.
1322 5075 1580 5131 Joannes
1635 5072 1811 5127 etiam

176 5146 608 5222 §arisberiensis
642 5151 699 5205 in
752 5147 1113 5222 Policratico,
1148 5148 1267 5202 sive
1298 5145 1583 5222 de_Nugis
1615 5144 1812 5199 Curia-

178 5212 316 5286 lium,
368 5221 658 5276 Varronis
716 5222 831 5276 ista
893 5212 1294 5285 considerans,
1354 5219 1425 5273 de
1480 5212 1811 5287 temporum

177 5301 383 5345 suorum
420 5292 857 5348 incontinentis.
888 5292 1052 5346 addit
1085 5310 1097 5346 :
1136 5313 1163 5341 ‹‹
1194 5288 1349 5345 Nihil
1382 5292 1579 5344 autem
1611 5304 1811 5343 eorum

176 5355 322 5416 luxus
344 5364 467 5429 jam
505 5365 690 5419 habet
731 5369 951 5426 notam,
984 5362 1083 5417 sed
1116 5368 1205 5417 est
1234 5361 1529 5416 civilitatis
1561 5359 1810 5426 insigne,

178 5434 434 5504 quidquid
470 5438 837 5490 incentivum
869 5438 956 5490 est
984 5433 1188 5504 gulae.»
1224 5433 1447 5488 Dicitur
1476 5448 1607 5485 vero
1640 5430 1812 5504 Caius

177 5503 371 5577 ennius
408 5508 676 5562 Fannius
709 5513 899 5563 Roma
926 5506 1049 5577 lege
1084 5504 1474 5575 prohibuisse.
1507 5503 1809 5577 Tempori-

178 5571 266 5651 bus
293 5594 421 5634 vero
454 5579 757 5635 Caesarum
795 5596 897 5651 pro
928 5571 1167 5651 munere
1199 5577 1463 5651 habitum
1497 5579 1622 5642 est;
1657 5571 1813 5651 unde

178 5643 328 5725 Victus
360 5650 680 5725 Inscriptio
716 5643 907 5725 Boium
939 5650 997 5705 in
1026 5648 1133 5704 Via
1163 5649 1368 5721 Appia,
1400 5663 1575 5721 quam
1601 5647 1811 5718 produ-

180 5722 245 5773 ιιι
268 5722 603 5791 Reinesius,
638 5739 692 5794 p.
724 5724 851 5778 554.

2624 1078 2914 1118 CINNAMVS

2568 1150 2642 1188 TI.
2697 1150 2947 1188 CAESARIS

2534 1222 2710 1259 AVIVM
2760 1223 2981 1261 FABTOR

2411 1292 2459 1328 C.
2506 1290 2756 1332 SVLPICIO
2799 1294 3090 1332 NYMPHALI

2562 1364 2613 1401 FI
2624 1366 2711 1403 L10
2761 1365 2923 1403 FECIT
2935 1390 2945 1405 α

1931 1436 1999 1489 Et
2032 1434 2186 1510 apud
2218 1438 2528 1510 Gruterum
2559 1452 2762 1501 anxx,
2798 1437 2882 1499 15,
2918 1437 3295 1508 cognoscitur
3345 1439 3593 1510 Antigo-

1932 1524 2043 1580 nus
2079 1505 2245 1559 llrusi
2277 1507 2731 1580 Caesarianis.“
2784 1505 3021 1562 raa'roa'.
3059 1510 3175 1564 lmo
3209 1510 3279 1563 ad
3328 1505 3589 1580 privatos

1930 1578 2085 1653 hunc
2118 1580 2317 1631 luxum
2339 1576 2644 1653 transiisse
2664 1580 2942 1653 docemur
2969 1580 3184 1653 ibidem
3206 1576 3360 1653 apud
3380 1582 3588 1637 Reine-

1932 1650 2086 1704 sium
2136 1666 2333 1713 χχχιιι,
2364 1650 2419 1717 2,
2454 1649 2551 1703 ubi
2586 1650 2647 1703 L.
2685 1649 2816 1705 Vavi
2858 1651 3169 1708 Ambibuli
3230 1649 3592 1710 memoratur

1930 1738 2195 1777 AVIARIVS
2233 1737 2607 1775 ALTILIARIVS.

2001 1793 2113 1863 (17)
2145 1792 2271 1859 Quae
2313 1792 2637 1846 Patricium.
2693 1792 2887 1847 Refert
2916 1792 3112 1847 Valer.
3164 1797 3313 1848 Max.
3370 1795 3584 1850 Censo-

1931 1880 2051 1917 rem
2086 1863 2439 1930 Fabricium,
2474 1868 2683 1918 senatu
2735 1865 2986 1919 movisse
3018 1865 3352 1920 Cornelium
3411 1867 3588 1921 ΒΜῐί-

1931 1952 2096 2001 num,
2124 1936 2353 1989 duobus
2387 1934 2788 1990 consulatibus
2819 1942 2874 1990 et
2904 1937 3196 1992 dictatura
3222 1936 3587 2007 speciosissi-

1932 2023 2026 2060 ma
2061 2007 2348 2073 l‘unctum,
2383 2008 2536 2077 quod
2584 2011 2867 2077 tanquam
2902 2008 3054 2063 malo
3106 2009 3372 2079 exemplo
3414 2010 3587 2065 luxu-

1930 2078 2143 2152 riosus,
2178 2080 2396 2152 decem_
2434 2079 2624 2152 pondo
2654 2095 2787 2152 vasa
2822 2086 3097 2152 argentea
3127 2078 3537 2152 comparasset
3572 2098 3584 2135 :

1931 2150 2001 2203 ad
2036 2149 2144 2205 hoc
2176 2148 2507 2219 exemplum
2542 2150 2805 2221 adspirat
2835 2148 3422 2207 Tertullianusflaac.

2003 2222 2109 2290 (18)
2148 2222 2379 2277 Theatra
2436 2221 2755 2292 stuprandis
2811 2224 3055 2277 moribus
3112 2224 3376 2278 orientia.
3428 2222 3587 2278 Unde

1930 2294 2322 2365 consistorium
2374 2294 2742 2363 impudicitia:
2804 2300 2972 2349 vocat
3028 2294 3129 2351 lib.
3190 2295 3261 2348 de
3318 2296 3584 2365 Spectac.,

1931 2379 2057 2434 cap.
2112 2364 2310 2431 16;et
2355 2380 2478 2435 cap.
2535 2366 2619 2431 10,
2675 2369 2986 2419 sacrarium
3042 2366 3282 2419 Veneris.
3339 2364 3401 2419 In
3455 2382 3582 2435 qua:

1931 2451 2164 2505 spurca,
2197 2436 2520 2508 szeva,vitia
2552 2435 2870 2508 voluptatis
2901 2453 3115 2508 genera
3148 2438 3359 2492 acriter
3391 2436 3583 2491 decla-

1930 2511 2169 2559 marunt
2223 2506 2537 2574 scriptores
2592 2506 2927 2571 Christiani,
2987 2508 3298 2563 Salvianus
3359 2525 3372 2562 :
3433 2529 3461 2557 «
3520 2513 3585 2563 In

1928 2577 2194 2651 theatris
2228 2577 2371 2651 nihil
2405 2580 2623 2633 bonum
2674 2586 2836 2634 reatu
2885 2588 3071 2647 vacat,
3108 2582 3248 2651 quia
3278 2583 3335 2634 et
3366 2595 3586 2651 concuf

1930 2648 2231 2723 piscentiis
2265 2649 2499 2704 animus
2531 2655 2588 2704 et
2618 2651 2821 2706 auditu
2857 2648 3396 2723 aures,etﬁaspectu
3431 2649 3586 2705 oculi

1930 2719 2295 2792 polluuntur.
2333 2742 2360 2768 n
2421 2722 2764 2792 Cyprianus,
2824 2739 2911 2790 ep.
2974 2740 3032 2789 Il,
3092 2722 3172 2777 Ad
3227 2719 3503 2779 Donatum
3568 2740 3583 2775 :

1932 2812 1959 2864 ς(
1992 2791 2223 2864 Deinde,
2258 2791 2753 2862 morum'quanta
2804 2792 3012 2848 labes?
3052 2810 3180 2864 quae
3235 2795 3580 2864 probrorum

1930 2862 2233 2917 fomenta?
2263 2880 2387 2933 quae
2421 2864 2696 2919 alimenta
2723 2864 2995 2920 vitiorum
3018 2864 3045 2918 ‘t
3069 2862 3376 2920 histrionis
3408 2863 3582 2933 gesti-

1930 2935 2040 2989 bus
2072 2934 2388 3003 inquinari.
2426 2956 2451 2983 ››
2485 2934 2739 2990 Joannes
2771 2937 3242 3005 Chrysostomus,
3277 2938 3336 2989 in
3378 2934 3578 2990 Matth.

1928 3023 1982 3074 κ,
2017 3006 2174 3059 hom.
2207 3006 2275 3058 39
2309 3022 2320 3058 :
2349 3028 2374 3053 «
2408 3006 2645 3060 Malefici
2674 3012 2868 3061 autem
2914 3024 3105 3061 nonne
3129 3024 3161 3060 a
3185 3006 3574 3061 theatralibus

1927 3076 2085 3132 ludis
2110 3076 2284 3147 multi
2308 3078 2751 3132 constituuntur
2774 3078 2801 3131 ‘?
2824 3079 2966 3132 Nam
3002 3084 3064 3132 ut
3098 3079 3433 3133 universum
3469 3094 3573 3147 po-

1851 3186 1895 3254 C
1934 3148 2137 3219 pulum
2171 3149 2240 3202 ad
2275 3146 2395 3201 haec
2426 3149 2652 3218 possint
2680 3149 3149 3215 inﬂammare,ut
3182 3146 3573 3231 tripudiantes

1933 3236 2071 3275 suas
2103 3224 2541 3275 consequantur
2563 3220 2909 3275 voluntates.
2946 3228 3009 3275 ut
3038 3222 3332 3275 modestae
3364 3219 3573 3274 mulie-

1968 3238 2071 3275 uas
2103 3224 2541 3289 consequantur
2563 3220 2909 3292 voluptates,
2946 3228 3009 3275 ut
3038 3219 3332 3276 modestae
3364 3219 3573 3292 mulief

1927 3309 2019 3347 res
2070 3293 2413 3346 coministas
2463 3290 2861 3364 corrumpant,
2896 3293 2965 3346 ad
3016 3298 3245 3348 tantum
3297 3290 3575 3345 maleficii

1926 3380 2111 3433 genus
2141 3363 2505 3434 perveniunt,
2541 3369 2602 3417 ut
2635 3363 2738 3418 nec
2779 3364 2850 3418 ab
2882 3364 3116 3419 ossibus
3147 3364 3381 3434 quidem
3419 3378 3578 3417 mor-

1924 3433 2159 3490 tuorum
2190 3434 2697 3497 abstineant.0uid
2729 3436 2941 3500 dicam,
2975 3437 3127 3505 quod
3153 3433 3222 3489 ad
3256 3433 3578 3489 diabolicas

1926 3505 2032 3560 has
2065 3506 2406 3561 sodalitates
2441 3506 2782 3561 innumeras
2816 3506 2983 3561 multi
3016 3511 3371 3562 consumunt
3403 3522 3575 3575 pecu-

1926 3576 2101 3649 nias?
2125 3578 2267 3649 quid,
2288 3578 2358 3632 de
2381 3578 2657 3633 lascivia?
2680 3579 2819 3649 quid
2844 3580 2915 3633 de
2938 3577 3068 3634 aliis
3083 3577 3576 3634 malis?Animad-

1924 3648 2104 3704 vertis
2155 3653 2212 3702 te
2257 3648 2421 3703 illum
2472 3666 2619 3715 esse,
2655 3648 2752 3719 qui
2804 3650 3138 3704 universam
3170 3650 3349 3703 vitam
3385 3648 3577 3702 homi-

1926 3737 2067 3776 num
2094 3720 2327 3788 evertis,
2361 3737 2491 3775 cum
2526 3722 2597 3775 ad
2632 3720 2752 3775 haec
2803 3726 3042 3776 creteros
3092 3721 3298 3789 trahis,
3333 3737 3449 3773 non
3484 3736 3577 3775 me

1969 3792 2023 3846 ui
2051 3791 2457 3861 hujuscemodi
2480 3792 2874 3846 omnesludos
2899 3794 3255 3847 omittendos
3283 3808 3509 3847 censeo.
3542 3809 3571 3842 ιι

1978 3879 2144 3917 evera
2192 3863 2347 3917 enim
2399 3863 2577 3933 pestis
2610 3864 2729 3918 hinc
2778 3870 2835 3917 et
2865 3863 3114 3919 interius
3147 3865 3289 3918 bene
3332 3865 3572 3918 moratae

1923 3935 2298 4004 Reipublicae,
2334 3939 2397 3988 ut
2422 3935 2565 3989 bene
2616 3939 2779 3990 notat
2810 3935 3081 3990 Zosimus
3112 3936 3171 3989 in
3198 3934 3525 3990 Theodosio
3559 3949 3573 3987 :

1925 4028 1953 4054 ‹‹
1986 4007 2260 4068 Tantum,
2293 4005 2509 4077 inquit,
2542 4006 2872 4077 complures
2905 4007 2964 4061 in
2987 4007 3138 4062 Urbe
3170 4004 3579 4077 mimiridicu-

1922 4077 2138 4150 lorum,
2161 4084 2215 4131 et
2246 4076 2528 4150 quidquid
2564 4080 2633 4133 ad
2667 4076 3108 4134 ubscmnitatem
3140 4082 3196 4132 et
3226 4076 3577 4150 ﬂagitiosam

1925 4146 2730 4221 dissolutanique'musicam
2784 4151 3057 4221 pertinet,
3107 4165 3173 4221 ac
3224 4152 3451 4221 tantum
3504 4146 3577 4221 ad

1925 4217 2315 4289 corruptelam
2375 4217 2958 4291 praecipitavitfideo
3018 4220 3075 4273 in
3135 4220 3361 4289 Repub.
3421 4217 3577 4291 quod

1924 4288 2139 4346 essent.
2176 4292 2274 4361 qui
2308 4288 2515 4346 horum
2552 4288 2908 4347 dementiam
2941 4288 3332 4346 imitarentur.
3364 4312 3390 4340 »
3425 4288 3580 4343 Faci-

1924 4381 2038 4418 nus
2086 4364 2242 4418 enim
2294 4362 2445 4429 illos,
2496 4382 2640 4434 quos
2692 4364 2983 4433 inquinat,
3036 4366 3245 4433 aequat,
3281 4367 3352 4434 et,
3383 4376 3576 4431 puram

1921 4452 2127 4489 noxam
2149 4435 2480 4489 contrahunt
2503 4433 2670 4489 aures
2692 4442 2741 4490 et
2761 4436 2973 4505 linguae
2986 4435 3314 4505 secundum
3338 4433 3579 4487 Lactan-

1923 4508 2097 4573 tium,
2131 4505 2355 4560 scilicet
2385 4513 2444 4560 ut
2492 4506 2691 4561 definit
2741 4506 3022 4575 Apuletus
3066 4505 3168 4560 lib.
3224 4504 3326 4559 ult.
3383 4504 3571 4559 Miles.

1922 4600 1949 4627 ‹‹
1983 4578 2143 4642 Quod
2185 4579 2370 4632 facere
2401 4580 2643 4633 vetitum
2677 4579 2950 4641 est,idem
2984 4582 3042 4632 et
3073 4577 3400 4649 adispicere
3432 4577 3577 4649 veti-

1920 4654 2046 4706 tum
2071 4655 2177 4705 est.
2212 4653 2456 4704 Peccare
2476 4650 2739 4704 videlicet
2762 4656 2817 4704 ct
2856 4654 3089 4720 peccato
3113 4647 3303 4705 favere
3336 4647 3578 4719 perinde

1921 4726 2029 4776 est.
2072 4745 2090 4770 ιι
2134 4721 2263 4775 Ideo
2314 4729 2508 4775 noster
2557 4720 2801 4776 Tertull.
2857 4722 2954 4792 qui
3011 4722 3069 4775 in
3120 4720 3223 4776 lib.
3281 4720 3347 4774 de
3394 4723 3573 4789 Spect.

1921 4794 2104 4847 eodem
2153 4794 2405 4862 facinore
2454 4793 2772 4848 obstrictum
2820 4798 3172 4862 spectatorem
3229 4807 3355 4846 cum
3398 4798 3577 4845 actore

1922 4864 2084 4931 dicit,
2118 4864 2196 4917 ita
2243 4864 2314 4917 de
2363 4880 2593 4920 carcere
2645 4863 2908 4934 loquitur
2956 4863 3012 4918 in
3065 4863 3168 4918 lib.
3201 4862 3270 4917 ad
3316 4862 3575 4934 Μαι-(μνη

1921 4953 2047 5006 cap.
2080 4936 2114 4987 2
2147 4950 2158 4989 :
2196 4957 2224 4984 «
2257 4939 2377 4989 Non
2413 4935 2574 4991 vides
2625 4932 2846 4990 alienos
2878 4938 3037 4999 deos,
3072 4952 3187 4991 non
3216 4932 3573 5001 imaginibus

1921 5023 2120 5063 eorum
2156 5006 2429 5071 incurris,
2462 5024 2572 5061 non
2609 5007 2900 5061 solemnes
2953 5007 3256 5062 nationum
3291 5006 3417 5059 dies
3446 5006 3577 5075 ipsa

1923 5077 2332 5134 commistione
2392 5079 2744 5149 participas,
2802 5096 2917 5133 non
2977 5078 3284 5133 nidoribus
3344 5076 3575 5149 spurcis

1920 5150 2266 5213 verberaris,
2301 5148 2418 5204 non
2449 5148 2804 5205 clamoribus
2837 5150 3323 5215 spectaculorum.
3359 5148 3576 5202 atroci-

1921 5227 2039 5277 tate
2076 5221 2162 5277 vel
2214 5220 2426 5293 t'urore,
2488 5222 2571 5276 vel
2624 5220 2988 5293 impudicitia
3034 5221 3569 5293 celebrandis__czef

1922 5294 2078 5349 deris
2112 5310 2123 5346 :
2159 5308 2272 5346 non
2306 5292 2363 5346 in
2398 5293 2523 5349 loca
2554 5289 2863 5348 libidinum
2902 5294 3267 5363 publicarum
3302 5289 3453 5347 oculi
3481 5291 3569 5346 tui

1923 5365 2261 5435 impingunt
2297 5380 2309 5417 :
2344 5382 2512 5420 vacas
2546 5383 2576 5421 a
2621 5366 2941 5433 seandatis,
2976 5384 3007 5420 a
3056 5364 3506 5425 tentationibus.
3542 5381 3575 5419 a

1923 5435 2427 5492 recordationibus
2460 5437 2651 5492 malis.
2689 5460 2714 5486 ιι
2751 5438 2887 5502 Quae
2918 5438 3041 5506 ipsa
3074 5443 3206 5492 ante
3237 5436 3439 5491 oculos
3473 5436 3577 5490 ha-

1923 5508 2051 5564 buit
2075 5508 2370 5576 Chrysost.
2406 5525 2539 5563 cum
2562 5510 2708 5564 dixit
2730 5509 2889 5564 hom.
2913 5510 3007 5573 6'2,
3038 5508 3107 5563 ad
3127 5526 3255 5578 pop.
3276 5507 3538 5578 Antioch._
3558 5523 3576 5560 :

1925 5602 1952 5629 ‹‹
1986 5585 2046 5635 In
2081 5577 2307 5633 theatro
2342 5584 2535 5636 autem
2574 5581 2770 5636 omnia
2801 5576 3327 5641 contraria.irisus,
3361 5576 3573 5644 inepti-

1920 5653 2087 5726 tudo,
2122 5649 2446 5726 diabolicae
2497 5653 2704 5726 fastus,
2739 5653 2969 5713 effusio.
3018 5651 3320 5726 temporis
3349 5648 3573 5726 impen-

1922 5717 2107 5792 dium,
2137 5728 2194 5779 et
2215 5723 2511 5794 superflua
2532 5717 2757 5781 dierum
2781 5717 3172 5793 consumptio',
3207 5717 3373 5774 malas
3406 5717 3574 5787 cupi-
