4072 6190
432 351 549 410 355

953 348 1480 410 TERTULLIANI
1526 348 1850 411 OPEItUM
1904 348 2098 409 PARS
2145 347 2193 408 I.
2234 380 2305 394 —
2334 348 2613 410 SERIES
2657 349 2710 426 Ι,
2753 348 3319 410 APOLOGETICA.

3689 357 3801 416 356

432 498 564 538 vero
586 483 713 553 jam
747 481 856 551 (35)
885 485 943 536 et
966 487 1166 535 votum
1198 485 1307 550 est,
1338 480 1509 550 quasi
1562 479 1924 535 matrimonii
1958 480 2075 534 fru-
2107 491 2161 556 Α
2190 479 2592 552 Cynocephalo
2610 479 3048 553 (37),Capitolio
3080 480 3397 551 prohibitos
3426 480 3634 551 [inferri
3656 485 3795 557 (38)],

430 578 578 626 ctus.
639 572 825 624 Etiam
884 571 1039 624 circa
1086 570 1246 640 ipsos
1303 570 1443 623 deos
1499 574 1722 624 vestros
1776 585 1901 639 ques
1954 584 2082 639 pro-

428 665 624 731 specte
680 661 724 693 ³ο
780 659 1154 712 decreverant
1232 664 1424 727 patres
1482 658 1680 726 vestri,
1743 658 1920 712 iidem
1980 674 2079 712 vos

429 747 946 819 obsequentissimi
994 746 1340 801 rescidistis.
1374 747 1646 801 Liberum
1690 753 1912 817 patrem
1944 762 2077 800 cum

429 838 785 909 mysteriis“l
820 836 944 890 suis
975 833 1247 889 consules
1279 842 1519 889 senatus
1551 836 1700 890 305
1737 836 2080 889 auctoritate

427 944 543 981 non
576 926 747 980 modo
784 926 943 989 urbe,
978 926 1079 979 sed
1114 924 1386 978 universa
1416 923 1583 977 Italia
1614 923 2077 978 eliminaverunt.

427 1015 770 1086 Serapidem
803 1021 858 1068 et
895 1014 1110 1068 Isidem
1144 1019 1201 1069 et
1230 1012 1646 1083 Harpocratem
1670 1011 1782 1084 (36)
1815 1028 1948 1067 cum
1971 1027 2080 1067 suo

2192 569 2248 623 id
2281 575 2369 624 est
2399 569 2562 624 curia
2592 571 2836 625 deorum
2871 569 3095 641 pulsos,
3129 568 3258 622 Piso
3306 576 3361 624 et
3391 568 3655 626 Gabinius
3683 590 3797 629 con-

2191 658 2350 713 sules
2408 660 2543 730 (39),
2590 676 2705 714 non
2769 661 2967 730 utique
3017 659 3350 725 Christiani,
3399 660 3603 714 eversis
3645 660 3796 715 etiam

2192 747 2310 802 aris
2367 764 2570 803 eorum
2620 748 3050 813 abdicaverant,
3103 747 3362 817 turpium
3410 754 3465 802 et
3510 749 3801 804 otiosarum

2191 837 2684 907 superstitionum
2736 838 2872 891 vitia
2919 836 3277 891 cohibentes.
3312 837 3409 890 His
3455 853 3549 891 vos
3592 838 3800 891 restitu-

2192 925 2267 980 tis
2302 926 2413 994 (40)
2445 942 2741 980 summam
2775 926 3140 994 majestatem
3173 924 3524 980 contulistis.
3563 924 3660 979 Ubi
3692 925 3802 979 reli-

2191 1014 2305 1085 gio,
2343 1015 2440 1069 ubi
2472 1015 2762 1070 veneratio
2813 1013 3136 1084 majoribus
3185 1012 3381 1068 debita
3432 1030 3463 1067 a
3492 1013 3681 1068 vobis?
3708 1017 3799 1068 Ha-

1849 1112 2049 1170 Variee
2093 1112 2413 1173 lectiones.

498 1211 542 1246 ³ο
571 1211 743 1267 Rhen.
773 1227 792 1264 :
823 1213 1148 1281 perspecte.
1182 1211 1325 1280 Rig.,
1359 1210 1516 1276 Hav.,
1549 1209 1718 1264 Seml.
1752 1214 2078 1280 prospecte,
2108 1212 2226 1266 cod.
2260 1210 2415 1265 Fuld.
2450 1214 2669 1282 specte.
2746 1211 2787 1243 3‘
2820 1210 2956 1265 Suis
2984 1210 3126 1264 delet
3154 1209 3399 1264 Parisin.

1870 1310 2389 1370 Commentariun.

429 1423 545 1461 uno
577 1410 634 1461 et
664 1404 936 1465 muliebri
990 1405 1338 1477 corpusculo
1388 1403 1672 1475 bajulare.
1706 1425 1733 1453 »
1768 1404 1937 1458 Hisce
1967 1404 2076 1459 ita-

432 1494 546 1550 que
579 1480 752 1532 rebus
785 1494 920 1532 cum
951 1481 1238 1532 obnoxius
1265 1477 1341 1531 sit
1371 1479 1687 1550 mulierum
1715 1477 1967 1550 animus,
2001 1478 2081 1531 ita

428 1548 491 1605 in
524 1550 653 1604 illas
697 1550 992 1603 invehitur
1033 1551 1172 1603 Cato
1220 1550 1373 1620 apud
1428 1549 1675 1620 Livium,
1725 1548 1826 1601 lib.
1860 1564 2029 1601 xxxrv
2064 1565 2076 1601 :

430 1643 458 1671 α
490 1622 635 1687 Quid
688 1622 1001 1675 honestum
1046 1622 1202 1675 dictu
1249 1619 1456 1675 saltem
1508 1619 1781 1675 seditioni
1834 1626 2078 1690 praeten-

427 1693 587 1748 ditur
613 1693 931 1748 muliebri?
964 1696 1026 1746 ut
1056 1709 1197 1747 auro
1230 1698 1285 1747 et
1315 1708 1575 1763 purpura
1608 1691 1958 1763 fulgeamus,
1986 1692 2074 1745 in-

427 1765 677 1835 quiunt;
710 1784 737 1815 »
774 1769 831 1819 et
880 1780 1015 1818 mox
1048 1781 1059 1818 :
1095 1787 1122 1812 ‹‹
1157 1764 1238 1818 Ne
1289 1764 1443 1819 ullus
1490 1765 1696 1818 modus
1739 1763 2077 1832 sumptibus

424 1853 532 1891 nec
564 1836 806 1890 luxuria:
838 1836 934 1890 sit.
972 1858 1000 1884 ››
1032 1835 1095 1889 In
1146 1836 1361 1906 quibus
1414 1836 1570 1890 idem
1604 1836 1905 1890 ferendum
1939 1851 2071 1890 cen-

427 1916 512 1963 set
540 1907 759 1963 ibidem
794 1908 853 1961 L.
890 1907 1155 1961 Valerius
1215 1927 1235 1953 «
1273 1908 1590 1972 Munditias,
1624 1911 1680 1961 et
1722 1911 1985 1975 ornatus,
2018 1911 2074 1961 et

424 1980 639 2048 cultus,
675 1980 794 2033 haec
827 1978 1177 2032 feminarum
1209 1978 1465 2049 insignia
1495 1982 1669 2032 sunt:
1695 1977 1788 2033 his
1818 1978 2076 2049 gaudent

425 2056 482 2105 et
511 2051 859 2122 gloriantur,
893 2050 1050 2105 hunc
1091 2050 1385 2122 mundum
1440 2049 1787 2122 muliebrem
1819 2049 2073 2121 appella-

426 2121 565 2176 runt
598 2123 867 2193 .majores
917 2121 1122 2176 nostri.
1170 2142 1197 2169 ››
1250 2121 1454 2176 Irridet
1500 2121 1727 2193 nimias
1760 2121 2072 2192 Gregorius

423 2194 691 2248 Nazianz.
726 2194 869 2246 Adv.
914 2192 1211 2256 mulieres,
1247 2193 1392 2247 nihil
1440 2192 1765 2248 venustatis
1798 2194 2072 2247 accedere

426 2268 750 2330 affirmans,
776 2266 930 2335 quod
965 2264 1171 2318 Manus
1199 2281 1264 2318 ac
1288 2265 1464 2335 pedes
1489 2280 1666 2319 aureo
1693 2263 1921 2319 vinculo
1943 2281 2072 2319 con-

425 2338 740 2409 stringant,
765 2337 1076 2406 servilique
1106 2335 1291 2409 gloria
1323 2339 1611 2390 fruantur.
1649 2336 1903 2391 Docente
1934 2336 2074 2409 Bau-

423 2408 478 2464 lo
517 2414 536 2463 ι
567 2407 637 2464 ad
668 2409 820 2462 Tim.
855 2408 1006 2478 ii,_9,
1037 2407 1258 2478 cultum
1312 2409 1659 2478 feminarum
1693 2407 2069 2478 spectabilem

425 2498 553 2554 esse
584 2479 635 2533 ἐν
682 2476 990 2554 καταστολῇ
1036 2477 1273 2554 διοσμίῳ,
1298 2474 1693 2554 _p.a1:dt_ai’t305<
1725 2474 1831 2554 'ng
1864 2498 2071 2554 σωφρο-

425 2552 587 2631 ςύνης
640 2555 861 2631 κοςμεῖν
912 2547 1725 2631 ἓαύιξᾶςίμῆωέὐ,πλέγμασιν,
1778 2548 1812 2616 ἤ
1859 2547 2069 2631 χρόςξῷ,

426 2623 460 2688 ἢ
500 2621 873 2696 μαργαρίταις.
912 2623 1088 2690 Unde,
1116 2628 1188 2696 ut
1240 2621 1587 2677 Christianis
1636 2621 1953 2696 praesertim
1988 2622 2072 2675 in-

426 2694 656 2753 decora.
704 2700 1038 2749 exsecratur
1094 2694 1193 2748 illa
1240 2700 1585 2748 ornamenta
1631 2694 1780 2747 Zeno
1841 2698 2069 2760 Martyr,

426 2710 656 2753 decora.
704 2710 1038 2749 exsecratur
1094 2710 1193 2748 tua
1240 2710 1585 2748 ornamenta
1631 2710 1780 2747 Leno
1841 2710 1981 2747 mari
2025 2712 2069 2760 r,

426 2784 602 2820 serm.
638 2768 689 2824 2.
742 2765 807 2820 de
854 2767 1014 2819 Avar.
1052 2783 1065 2821 :
1103 2766 1387 2819 «Ancilla
1433 2766 1647 2819 Christi
1698 2765 1907 2819 falsum
1956 2710 2074 2819 i30-

426 2838 550 2892 lum
596 2837 863 2908 respuis?
910 2836 1045 2890 Mihi
1093 2838 1281 2907 crede,
1316 2837 1373 2891 in
1429 2841 1483 2891 te
1514 2836 1676 2904 colis,
1709 2837 1878 2908 cujus
1910 2854 2074 2892 orna-

426 2914 577 2975 tum,
611 2914 781 2979 cujus
821 2908 1136 2980 imaginem
1185 2926 1299 2963 non
1332 2909 1590 2979 deponit.
1640 2908 1722 2961 Ad
1756 2907 2071 2963 Ecclesium

428 2982 525 3036 Dei
580 2997 750 3051 opere
797 2981 956 3034 vario
989 2986 1174 3034 totum
1228 2980 1502 3034 inaurata
1548 2996 1781 3051 corpus,
1821 2996 2078 3034 exsecra-

426 3053 528 3107 bili
561 3052 794 3107 metallo
838 3052 1103 3123 procedis
1151 3058 1383 3123 onusta,
1420 3051 1633 3122 ubique
1665 3051 1931 3123 delicata,
1964 3053 2072 3107 sub

426 3124 681 3179 molibus
720 3122 885 3178 fortis
916 3126 1021 3191 (ita
1050 3122 1270 3193 corrigo
1321 3140 1424 3194 pro
1455 3139 1520 3178 eo
1553 3122 1702 3193 quod
1739 3122 1795 3176 in
1830 3139 1957 3178 meo
1988 3129 2077 3177 est

419 3196 699 3262 mollibus,
736 3196 791 3247 id
824 3195 979 3249 enim
1030 3195 1337 3264 sequentia
1369 3195 1515 3249 satis
1545 3195 1839 3265 evincunt)
1888 3196 2076 3264 deque

420 3267 548 3337 ipso
580 3266 772 3320 cultus
824 3267 1009 3335 rigore
1060 3266 1115 3319 in
1169 3267 1430 3320 oratione
1464 3282 1577 3320 non
1626 3264 1874 3320 ﬂecteris
1909 3282 1920 3319 ί
1959 3283 2072 3320 non

424 3355 632 3392 manus
665 3337 855 3391 tendis
891 3354 901 3391 :
941 3337 1233 3391 tumidum
1257 3337 1573 3391 monilibus
1599 3342 1800 3406 pectus
1824 3344 2071 3407 proster-

422 3428 559 3465 nere
603 3408 936 3465 dedignaris
973 3425 983 3461 :
1019 3423 1160 3461 sane
1210 3408 1490 3462 cervicem
1524 3424 1732 3463 curvas
1787 3425 1900 3463 non
1935 3409 2069 3464 reli-

422 3482 624 3552 gione,
658 3475 768 3534 sed
812 3480 1084 3549 pondere,
1138 3480 1374 3549 quando
1432 3475 2071 3552 égopoidymwiacies,

470 3571 551 3606 uae
575 3551 707 3621 plus
739 3568 841 3622 pro
860 3556 1064 3605 ornatu
1086 3568 1168 3616 es,
1194 3567 1370 3620 quam
1400 3567 1500 3620 pro
1525 3550 1713 3605 salute
1739 3550 2072 3607 sollicita?»

469 3630 490 3677 t
547 3629 742 3677 tamen
802 3622 1070 3677 vecordia
1126 3622 1246 3675 haec
1306 3622 1459 3693 viros
1517 3639 1749 3693 quoque
1809 3624 2073 3689 incessit,

420 3699 593 3768 prout
624 3694 887 3768 Mycillus
919 3695 987 3749 de
1017 3710 1078 3768 se
1110 3693 1261 3768 apud
1290 3692 1697 3768 Lucianumin
1724 3693 1905 3768 Galio,
1944 3714 2073 3768 pag.

417 3758 524 3839 245
584 3782 606 3839 ε⁵
650 3758 916 3839 Ἑγὼᾼδέ,
971 3764 1066 3831 τήν
1120 3758 1317 3839 ἐξιθῆςεαι
1365 3764 1463 3839 τῂν
1518 3760 1723 3839 Exeivou
1772 3758 2071 3839 ἔχωὺξκῖἲ

419 3832 768 3910 ἰδακτφλιουξ
798 3832 1003 3910 βαρεῖς,
1050 3837 1194 3901 ὅσον,
1246 3832 1530 3910 ἐκκαῖδξκα
1580 3832 1936 3907 ἐξημμὲκᾶὃῦς,
1968 3844 2074 3893 τῶν

419 3906 721 3961 δακτύλων.
758 3906 807 3962 ἱ.’
832 3906 880 3961 ei
916 3931 941 3957 «
978 3913 1061 3963 Me
1110 3908 1340 3962 interim
1396 3907 1554 3962 illius
1584 3906 1742 3963 veste
1774 3911 2074 3979 amictum,

416 3980 787 4051 annulosque
818 3996 1043 4051 graves,
1072 3980 1305 4034 circiter
1335 3980 1626 4034 sexdecim
1661 3980 1860 4050 digitis
1893 3984 2078 4039 inser-

417 4058 531 4118 tos,
584 4057 964 4122 gerentem.»
1003 4053 1124 4106 Imo
1176 4051 1377 4105 annuli
1427 4052 1785 4107 cuderentur
1834 4053 2079 4111 leviores

414 4133 471 4179 et
502 4124 819 4194 graviores,
854 4123 1035 4177 testivi
1070 4126 1126 4178 et
1156 4122 1461 4178 hiemales.

414 4266 887 4337 Chrysostomus,
922 4265 1079 4320 hom.
1112 4266 1201 4319 26.
1235 4263 1304 4319 ad
1340 4279 1467 4337 cap.
1500 4264 1589 4337 13ἵ
1610 4265 1735 4337 Act.
1767 4268 2026 4337 Apostol.

422 4360 447 4387 ι(
482 4334 637 4391 Nihil
672 4334 881 4393 fmdius
936 4337 1178 4391 muliere
1228 4352 1354 4407 qua
1388 4334 1444 4388 in
1481 4334 1899 4408 deliciisrag'it,
1934 4339 2079 4395 nihil

417 4409 651 4478 turpius
682 4427 749 4464 ea
780 4427 907 4480 qua:
931 4409 1091 4464 ebria
1115 4413 1203 4463 est
1238 4426 1250 4463 :
1285 4408 1637 4480 obscuratur
1659 4407 1742 4461 illi
1773 4407 1878 4464 fles
1898 4412 2079 4477 visus,

420 4477 689 4533 turbatur
722 4477 1007 4535 serenitas
1030 4486 1085 4533 et
1118 4481 1343 4551 pnritas
1375 4477 1703 4551 oculorum,
1730 4481 1901 4549 quasi
1927 4486 2080 4539 nube

419 4552 675 4621 quadam
722 4553 901 4605 radiis
947 4550 1239 4605 solari’bus
1287 4550 1659 4621 succedente.
1696 4552 1855 4621 Opus
1897 4552 2081 4609 illibe-

421 4620 539 4675 rale
571 4638 634 4676 ac
666 4623 892 4688 servile,
918 4628 972 4677 et
998 4624 1157 4677 omni
1191 4622 1556 4693 ignobilitate
1596 4620 1853 4691 plenum.
1888 4625 2070 4687 Quam

2180 1408 2308 1478 jam
2368 1407 2487 1462 ulla
2545 1406 2788 1476 repudio
2847 1405 3161 1473 erubescit,
3216 1409 3519 1478 postquam
3576 1403 3806 1459 illustres

2189 1476 2454 1550 quaedam
2488 1496 2554 1533 ac
2575 1478 2796 1533 nobiles
2822 1479 3072 1547 feminae,
3095 1476 3545 1532 nonconsulum
3569 1493 3809 1546 numero,

2187 1553 2285 1606 sed
2332 1551 2676 1605 maritorum
2732 1567 2918 1605 annos
2960 1566 3098 1605 suos
3131 1554 3494 1621 computant,
3525 1555 3579 1603 et
3622 1554 3813 1603 exeunt

2188 1623 2546 1678 matrimonii
2574 1638 2772 1691 causa,
2807 1623 3039 1677 nubunt
3070 1622 3328 1693 repudii.
3361 1643 3381 1669 ιι

2927 1727 3013 1775 Sic
3042 1726 3181 1776 ﬁunt
3209 1732 3330 1777 octo
3363 1726 3558 1784 mariti,

2370 1792 2614 1854 Quinque
2642 1804 2739 1854 per
2767 1794 3073 1839 autumnos.

2184 1890 2368 1961 inquit
2394 1889 2717 1957 Juvenalis,
2739 1905 2811 1953 νι,
2843 1888 2933 1942 20.
2961 1886 3324 1958 Imojudicio
3347 1884 3642 1951 Martialis,
3660 1884 3813 1951 v1,7:

2523 1997 2699 2045 Toties
2730 2008 2850 2058 qua:
2882 1994 3053 2058 nubit,
3087 1993 3332 2058 adultera
3361 1993 3475 2055 lege
3506 1996 3602 2041 est.

2367 2058 2619 2109 Oﬂ'endor
2651 2056 2858 2109 mm‘cha
2889 2056 3203 2119 simpliciter
3232 2057 3431 2106 minus.

2182 2152 2289 2207 Sed
2324 2150 2406 2205 ita
2432 2150 2586 2221 apud
2621 2154 2825 2221 gentes
2852 2146 2995 2202 olim

2397 2249 2566 2297 Lusus
2597 2251 2710 2295 erat
2740 2259 2902 2295 sacrae
2932 2245 3201 2294 connubia
3229 2244 3413 2293 fallere
3452 2243 3618 2294 taeda.

2184 2341 2247 2393 ut
2275 2341 2364 2392 est
2394 2337 2548 2401 apud
2583 2334 2833 2390 Martial.
2882 2351 2957 2401 v1,
2988 2334 3042 2389 2.
3075 2336 3147 2388 At
3181 2336 3245 2388 ut
3273 2350 3409 2389 vere
3439 2348 3649 2388 aureus
3695 2346 3789 2386 nos

2181 2413 2269 2464 ter
2300 2408 2540 2464 Publius
2573 2424 2742 2462 versu
2776 2408 2900 2461 425,

2334 2516 2524 2565 Mulier
2552 2528 2671 2577 quas
2711 2513 2892 2562 multis
2930 2510 3101 2572 nubit,
3134 2509 3321 2559 multis
3350 2522 3462 2558 non
3493 2509 3678 2573 placet.

2253 2614 2363 2685 (36)
2408 2612 2728 2685 Serapidem
2772 2619 2823 2666 et
2871 2609 3068 2685 Isidem
3111 2610 3618 2685 «τιςῌανροεναιεηιΣ
3668 2606 3815 2660 Prius

2184 2678 2410 2741 illud'et
2440 2678 2635 2739 delent
2665 2699 2775 2736 ms.
2812 2681 2976 2734 Fuld.
3011 2687 3068 2735 et
3100 2678 3277 2733 editio
3310 2678 3544 2734 Barraai.
3578 2679 3700 2733 Haec
3730 2694 3817 2748 pe-

2183 2758 2411 2828 regrina
2463 2756 2704 2809 numina
2746 2753 3060 2828 conjuncta
3103 2751 3211 2828 hoc
3244 2753 3421 2807 modo
3466 2750 3818 2828 apparentia

2182 2820 2431 2902 gemmis
2463 2829 2616 2898 apud
2658 2820 2952 2902 Certatim
2986 2824 3211 2902 tom.‘?:,
3250 2840 3420 2878 num.
3455 2820 3580 2888 468,
3624 2828 3678 2877 et
3707 2820 3820 2874 477.

2184 2895 2253 2959 Et
2284 2902 2399 2956 duo
2434 2895 2625 2971 priora
2655 2898 2871 2971 ibidem
2905 2911 3067 2971 num.
3102 2895 3225 2971 496.

2253 2975 2368 3043 (37)
2401 2963 2793 3043 Cynocephalo.
2842 2967 2947 3043 Qui
2988 2963 3634 3043 passim_in‘gemmis,
3686 2979 3824 3017 mar-

2186 3037 2531 3102 moribus’et
2562 3037 2821 3096 nummis
2853 3038 3197 3110 adjungitur
3229 3037 3395 3092 Isidi.

2258 3118 2365 3189 (38)
2416 3115 2678 3189 Capitolio
2730 3107 3314 3189 prphib'ihlos—inferfi.
3369 3107 3627 3189 Templis
3654 3109 3829 3189 "extra

2187 3176 2466 3259 po‘mn'aria
2492 3176 2742 3259 positis."
2785 3183 2888 3237 Dio
2939 3176 3177 3259 Cassius
3367 3195 3481 3259 xc:
3518 3176 3616 3259 Κᾳὶ
3648 3176 3826 3259 δῖιιςίε,

2185 3249 2319 3327 etc.,
2355 3262 2393 3312 i.
2427 3276 2474 3313 e.
2506 3249 2555 3306 ’‹‹
2588 3256 2695 3312 Ubi
2745 3271 2813 3308 en
2848 3252 3142 3308 sententia
3190 3252 3471 3327 obtinuit,
3521 3257 3588 3327 ut_
3620 3249 3831 3327 publice

2178 3319 2439 3403 jam'coli
2476 3329 2815 3403 inciperent,
2849 3332 3011 3403 extra
3044 3324 3393 3403 pomoerium
3427 3340 3528 3403 eos
3560 3319 3695 3403 deos
3722 3319 3827 3403 col-

2181 3395 2536 3459 locaverunt.
2573 3395 2608 3449 ›ἶ
2636 3399 2797 3454 Unde
2841 3398 2910 3451 de
2959 3396 3220 3466 Serapid.
3257 3397 3519 3450 Avenius
3548 3395 3698 3462 apud
3727 3398 3829 3445 Ma-

2183 3476 2469 3540 crobium,
2522 3472 2625 3526 lib.
2676 3488 2715 3537 1,
2766 3486 2892 3540 cap.
2922 3469 2957 3519 7
2990 3484 3001 3521 :
3039 3469 3208 3540 {Egre‘
3247 3484 3289 3522 α
3338 3468 3495 3522 vobis
3546 3466 3831 3540 admissum

2181 3548 2372 3603 audio.
2417 3537 2625 3613 Inferri
2670 3558 2803 3595 vero
2840 3537 3017 3594 deest
3048 3538 3107 3592 in
3152 3537 3253 3593 lib.
3307 3541 3393 3593 Ad
3424 3541 3554 3613 [γαί.
3590 3554 3629 3613 ι,
3664 3539 3832 3613 10,_ut

2184 3626 2242 3675 et
2272 3619 2364 3673 hic
2397 3620 2453 3672 in
2482 3608 2606 3671 'ms.
2642 3614 2804 3668 Fuld.
2837 3619 2893 3667 et
2923 3613 3128 3666 abesse
3182 3617 3398 3681 potest.
3434 3610 3686 3665 Omnino
3715 3608 3833 3663 vide

2186 3694 2279 3747 hic
2306 3686 2642 3745 Gothofredi
2675 3691 2871 3739 notam
2898 3684 2991 3737 ad.
3027 3682 3128 3737 lib.
3156 3682 3226 3735 ad
3254 3683 3543 3737 Nationes.

2260 3764 2364 3831 (39)
2399 3762 2623 3816 Eversis
2649 3759 2819 3831 etiam
2869 3757 2983 3831 aris
3011 3770 3217 3807 eorum.
3274 3755 3442 3817 Quod
3498 3747 3831 3831 plus‘sem‘el

2187 3819 2417 3890 accidit.
2478 3831 2580 3885 Dio
2630 3828 2866 3882 Cassius
2924 3826 3051 3880 loco
3110 3831 3441 3879 memorato
3494 3819 3517 3878 :—
3560 3821 3697 3883 Τοὺς
3742 3819 3834 3894 γὰρ

2186 3903 2347 3961 ναοὺς
2399 3900 2598 3969 αὐτῶν,
2648 3906 2780 3969 etc,,
2835 3899 2974 3969 i.re.
3027 3920 3053 3946 ‹‹
3099 3897 3312 3950 Eorum
3369 3896 3644 3952 divorum
3693 3894 3835 3969 fana,

2190 3994 2315 4048 quas
2366 3965 2636 4058 privatim
2687 3965 2951 4058 nonnulli
3000 3975 3441 4037 exstruxerant,
3475 3971 3716 4058 senatus
3754 3965 3840 4018 de-

2190 4038 2603 4117 molirijussit,
2652 4043 2807 4113 quod
2858 4058 2953 4117 e_o_s
2987 4056 3127 4117 non
3152 4056 3520 4117 magnopere
3554 4038 3844 4117 Ainter'nu-

2190 4121 2351 4175 mina
2396 4106 2761 4172 numerabat.
2800 4136 2819 4161 υ
2878 4113 3037 4183 Idem
3070 4109 3169 4164 lib.
3203 4106 3316 4164 xiii
3350 4106 3611 4183 :"EBogg
3634 4106 3840 4183 γνώμη,

2190 4197 2325 4257 etc.,
2356 4190 2395 4243 i.
2430 4207 2478 4243 e.
2514 4210 2541 4237 ‹‹
2579 4190 2776 4258 Itaque
2809 4182 3144 4258 aruspisces
3191 4183 3397 4258 omnia
3428 4179 3843 4258 templaisidis

2190 4253 3244 4333 Serapidisquedemolirijusserunt.
3272 4276 3299 4302 ››
3331 4255 3617 4333 Valerius
3641 4253 3785 4333 Mar.
3810 4267 3842 4315 ι,

2192 4353 2272 4401 ιιι,
2309 4324 2360 4387 3’.
2412 4354 2431 4381 ι
2468 4324 2530 4386 1λῖ
2562 4328 2831 4401 ίΕιιιίιὶιιξι
2886 4324 3097 4401 Paulus
3146 4324 3378 4401 consul,
3440 4343 3580 4401 cum
3616 4328 3842 4380 senatus

2192 4398 2362 4461 Isidis
2393 4410 2447 4458 et
2475 4400 2771 4473 Serapidis
2804 4400 2939 4453 fana
2968 4398 3253 4473 diruenda
3286 4399 3651 4473 censuisset,
3674 4409 3848 4466 eaque

2191 4494 2362 4532 nemo
2394 4468 2691 4546 Opificiu'rn
2725 4473 3007 4546 attingere
3039 4468 3314 4546 auderet:
3340 4472 3548 4546 posita
3569 4474 3847 4546 praetexta

2191 4540 2449 4605 securim
2476 4545 2713 4617 aripuit,
2746 4540 3064 4617 templique
3095 4541 3222 4617 ejus
3254 4540 3487 4595 foribus
3521 4543 3728 4617 afﬁxit.
3753 4561 3781 4617 ρ

2260 4620 2371 4691 (t0)
2404 4620 2496 4695 [lis
2528 4610 2614 4695 vos
2645 4610 2930 4695 restituti}.
2951 4612 3232 4695 .Memin‘it
3254 4614 3610 4695 “Augustin.
3645 4612 3716 4695 de
3743 4610 3847 4695 Civ.

420 4693 679 4747 insuavis
734 4700 823 4748 est
876 4682 1085 4749 mulier
1129 4682 1325 4747 vinum
1378 4682 1631 4764 spirans,
1667 4696 1818 4764 quod
1863 4682 1977 4752 olet
2006 4716 2071 4753 ac
2104 4687 2149 4753 D
2183 4682 2300 4755 Dei,
2328 4682 2367 4744 ii
2395 4692 2457 4744 14
2486 4708 2545 4745 ευ
2578 4691 2744 4764 Certe
2766 4687 2848 4764 vel
2875 4684 3083 4764 Priapo
3103 4683 3189 4737 vel
3215 4682 3393 4764 alicui
3418 4682 3847 4764 Cynocephalo:

419 4771 757 4838 corruptum
791 4770 897 4831 est,
932 4766 1073 4819 dum
1106 4770 1330 4819 eructat
1359 4766 1625 4818 carnium
1659 4773 2066 4838 corruptarum

416 4836 745 4904 humorem,
798 4843 1037 4907 gravata
1083 4842 1140 4892 et
1191 4837 1424 4891 excitari
1476 4853 1590 4890 non
1643 4836 1859 4901 valens.
1914 4843 2067 4896 rubi-

415 4908 608 4983 cunda
664 4926 838 4979 quam
892 4926 1065 4983 opus,
1124 4907 1689 4983 plenaoscitatione
1745 4916 1801 4983 et
1861 4929 2069 4983 magna

416 4978 649 5033 nebula.
683 4977 713 5028 3)
748 4985 881 5045 Quae
926 4977 1167 5034 totidem
1218 4977 1410 5034 verbis
1464 4980 1729 5035 invenias
1775 4982 1831 5036 in
1866 4977 2069 5039 Excer-

418 5056 519 5121 pta
565 5051 698 5105 inde
731 5051 971 5107 humilia
999 5053 1091 5118 54,
1136 5052 1212 5106 ad
1264 5052 1392 5119 Pop.
1428 5051 1677 5105 Antioch.
1734 5053 1871 5109 Vere
1917 5064 2072 5113 certe

419 5122 681 5195 Valerius
723 5123 1031 5185 Maximus,
1084 5140 1164 5187 v1,
1219 5138 1302 5195 ιιι,
1334 5124 1367 5174 9
1402 5138 1477 5195 :7«
1512 5122 1579 5176 Et
1630 5140 1769 5178 sane
1801 5142 2066 5195 quaecun-

420 5211 532 5266 que
566 5194 780 5249 femina
827 5195 939 5249 vini
996 5212 1169 5249 usum
1224 5194 1605 5248 immoderate
1659 5194 1900 5266 appetit,
1951 5218 2071 5255 om-

420 5265 593 5320 nibus
655 5272 711 5321 et
766 5266 1081 5321 virtutibus
1134 5268 1379 5336 januam
1441 5266 1679 5331 claudit,
1734 5265 1790 5321 et
1845 5272 2070 5327 deliciis

421 5338 625 5415 aperit:
660 5361 687 5387 ‹‹
712 5339 866 5415 Nam
903 5339 1158 5415 Iiuciano
1190 5338 1363 5391 etiam
1398 5342 1633 5415 auctore
1672 5338 1741 5415 de
1779 5341 1889 5415 Dea
1908 5344 2072 5415 Syria

419 5407 477 5480 ρζ
525 5410 629 5463 892
664 5428 676 5465 ;
710 5410 860 5480 ’Ἅμα
909 5407 965 5463 δὲ
1010 5408 1163 5480 οἴνῳ,
1215 5414 1353 5480 etc.,
1400 5408 1438 5480 ἱῗ
1476 5424 1540 5480 Δθ.
1577 5431 1620 5480 _«
1677 5410 1895 5467 Pariter
1935 5407 2069 5470 cum

416 5478 548 5534 vino
583 5478 944 5551 ingrediente
974 5487 1032 5536 et
1083 5478 1359 5550 Inquendi
1416 5478 1630 5532 fiducia
1661 5485 1883 5539 accedit
1915 5503 1927 5541 :
1965 5505 2068 5542 nec

418 5550 738 5608 admodum
790 5559 957 5625 turpe
1005 5558 1091 5625 est
1142 5569 1253 5625 non
1283 5550 1672 5625 impetrasse,
1719 5557 1818 5609 sed
1869 5574 2067 5613 eorum

420 5640 547 5694 qua:
579 5628 835 5694 aguntur
864 5619 1091 5693 singula
1120 5619 1398 5694 oblivioni
1429 5622 1762 5694 traduntur.
1797 5647 1825 5675 »

490 5690 935 5765 (35)'Repudium
964 5690 1258 5765 Berojam.
1286 5690 1499 5765 Mirum
1551 5692 1608 5747 ni
1659 5699 1729 5751 ad
1760 5696 1861 5753 illa
1895 5704 2069 5755 Sene-

420 5780 497 5817 cae
530 5764 994 5835 aspiraveritlib.
1028 5764 1119 5835 in,
1146 5764 1211 5822 de
1243 5764 1465 5834 bene/io.
1500 5781 1548 5821 c.
1586 5764 1650 5821 16
1684 5783 1695 5823 :
1734 5792 1761 5817 ‹‹
1796 5769 2069 5842 Nunquid

2183 4754 2479 4836 postremo
2512 4760 2597 4815 vel
2651 4758 2852 4836 Fabri,
2888 4754 3294 4836 quaeliiomani
3328 4754 3591 4836 numina
3644 4754 3849 4828 partim

2180 4828 2486 4909 peregrina
2518 4834 2882 4909 receperunt,
2918 4828 3129 4909 partim
3166 4842 3282 4909 sua
3314 4828 3565 4909 propria
3601 4841 3853 4909 sacrave:

2180 4899 2666 4985 runtTquactum
2716 4903 2784 4985 id
2830 4899 3197 4985 temporibus
3247 4899 3556 4985 caesaris.“
3585 4907 3650 4955 ut
3698 4900 3856 4985 n‘otat

2185 4982 2309 5046 Dio,
2355 4977 2457 5031 lib.
2510 4990 2706 5031 XLVII:
2750 4972 2848 5046 Κᾳὶ
2892 4967 3022 5046 νεὼν
3075 4972 3156 5046 τῷ.
3196 4988 3253 5020 τε
3303 4967 3605 5046 ξεράπιδι,
3654 4970 3743 5046 acti
3794 4967 3858 5031 τῆ

2181 5042 2341 5106 Ἴσιδι
2396 5046 2747 5123 ἐψηφίσανιςο.
2894 5059 2964 5123 e.‘
2987 5043 3252 5123 templum
3301 5042 3571 5123 Serapidi
3623 5043 3862 5123 Isidirizte

2180 5112 2552 5180 decreverit-2'22.
2580 5117 2757 5171 Multa
2776 5114 3083 5168 ibinefaria
3105 5112 3268 5167 Ovid.
3290 5113 3356 5166 de
3383 5116 3417 5168 Α
3432 5120 3524 5169 rte
3545 5132 3693 5179 am,
3718 5132 3756 5182 ι,
3773 5114 3857 5167 77.

2330 5222 2441 5269 Neu
2474 5218 2595 5277 fuge
2631 5214 2837 5277 Niliacae
2869 5207 3394 5277 Memphiticasacra
3418 5210 3712 5277 juvenem,

2460 5270 2654 5329 Muvltas
2684 5275 2771 5323 illa
2802 5273 2947 5331 facit,
2973 5270 3115 5335 quod
3148 5270 3248 5319 fuit
3278 5272 3392 5334 ipsa
3422 5270 3577 5323 Jovi.

2180 5373 2247 5426 Et
2278 5388 2362 5439 ιιι,
2394 5370 2519 5422 635.

2334 5469 2460 5515 Cum
2494 5462 2677 5511 sedeat
2703 5458 2911 5505 Pharia:
2934 5456 3115 5523 sistris
3164 5460 3381 5516 cperata
3408 5456 3710 5523 Juvencze,

2442 5528 2662 5587 Quoque
2697 5524 2776 5570 sui
2810 5522 3027 5569 comites
3061 5520 3138 5566 ire
3170 5524 3436 5577 vetentur,
3474 5528 3588 5570 eat.

2181 5616 2670 5687 Indignabundus
2699 5612 2894 5681 itaque
2941 5610 3229 5673 Lucanus,
3266 5624 3365 5677 vn,
3399 5609 3500 5675 83,
3536 5612 3613 5665 ad
3652 5613 3864 5684 Egyp-

2180 5696 2308 5745 tum
2344 5706 2357 5744 :

2303 5780 2409 5828 Nos
2440 5778 2493 5827 in
2526 5773 2724 5839 templa
2757 5776 2903 5822 tuam
2932 5769 3175 5819 Romana
3205 5768 3517 5832 recepimus
3551 5770 3692 5822 Isim
3725 5788 3739 5822 :
