4072 6190
203 374 292 436 357
1243 355 1838 422 APOLOGETICUS
1881 355 2064 415 ADV.
2111 352 2452 415 GENTES.

203 507 311 569 bitu,
335 502 488 568 victu,
518 498 813 555 instructu
861 498 996 569 (41),
1036 511 1212 552 sensu
1253 495 1322 562 ”,
1373 509 1500 564 ipso
1533 491 1784 562 denique
1821 492 1870 559 Α

201 606 408 649 sermone
465 587 698 659 proavis
754 585 1164 641 renuntiastis.
1222 581 1497 638 Laudatis
1554 596 1789 650 semper

202 679 575 751 antiquitatem,
607 679 666 730 et
707 675 751 709 ³³
785 690 929 729 nove
978 675 1047 726 de
1088 673 1181 728 die
1228 671 1440 726 vivitis.
1495 675 1601 724 Per
1631 671 1787 740 quod

200 769 484 832 ostenditur,
519 766 661 820 dum
696 782 729 819 a
776 764 944 818 bonis
978 763 1269 831 majorum
1301 758 1587 814 institutis
1619 759 1786 812 dece-

199 860 317 926 ditis,
339 874 396 912 ea
437 871 540 909 vos
606 855 854 908 retinere
901 855 958 906 et
1006 850 1321 914 custodire,
1372 865 1499 919 quae
1545 863 1660 901 non
1720 846 1791 902 de

196 947 381 1010 bnistis,
406 960 536 999 cum
560 959 688 1014 quae
709 940 996 996 debuistis
1012 957 1128 995 non
1151 936 1494 994 custodistis
1514 935 1790 1007 ".lpsum

195 1037 342 1091 adhuc
368 1033 516 1104 quod
545 1030 823 1086 videmini
873 1029 1216 1084 tldelissime
1263 1027 1415 1082 tueri
1445 1043 1478 1080 a
1525 1025 1792 1097 patribus

195 1122 516 1191 trsditum,in
541 1137 655 1192 quo
679 1117 1130 1191 principatiliter
1151 1133 1280 1172 reos
1302 1113 1790 1186 transgressionis

192 1213 501 1269 Christianos
533 1208 861 1276 destinatis,
896 1207 1161 1262 studium
1195 1206 1349 1261 306
1382 1204 1512 1260 dico
1545 1203 1790 1257 deorum

191 1302 541 1368 colendorum,
573 1299 644 1353 de
686 1313 799 1367 quo
846 1295 1099 1351 maxime
1119 1295 1333 1349 erravit
1385 1293 1429 1327 ³⁵
1477 1293 1591 1364 (42)
1640 1290 1791 1345 anti-

190 1394 362 1463 quitas,
398 1389 532 1443 licet
573 1385 836 1457 Serapidi
873 1387 1294 1454 jam-Romano
1348 1382 1460 1454 (43)
1518 1397 1650 1435 aras
1698 1397 1793 1434 re-

189 1476 491 1545 struxeritis,
528 1475 664 1531 licet.
692 1473 917 1530 Baccho
940 1471 1303 1544 jam-Italico
1354 1470 1537 1526 furias
1567 1476 1792 1525 vestras

186 1566 537 1635 immolaritis,
570 1580 676 1620 suo
708 1563 834 1618 loco
878 1562 1184 1617 ostendam
1216 1558 1460 1631 proinde
1489 1557 1710 1629 despici
1749 1557 1794 1592 ³⁸

187 1665 230 1713 et
254 1655 443 1728 negligi
467 1660 528 1711 et
557 1651 782 1710 destrui
815 1670 846 1708 a
880 1651 1042 1706 vobis
1075 1651 1356 1705 adversus
1381 1649 1670 1717 majorum
1699 1663 1796 1701 au-

186 1745 486 1801 ctoritatem.
521 1746 690 1796 Nunc
719 1741 876 1796 enim
927 1739 998 1793 ad
1049 1736 1207 1792 illam
1258 1735 1622 1792 occultorum
1655 1735 1794 1789 faci-

188 1849 355 1889 norum
403 1832 710 1885 infamiam
759 1827 1141 1898 respondebo,
1197 1829 1260 1880 ut
1321 1824 1470 1879 viam
1530 1823 1672 1879 mihi
1725 1823 1796 1877 ad

188 1920 548 1977 manifestiora
581 1933 826 1991 purgem
856 1917 921 1970 ³⁷.

1829 1871 1878 1936 Β

3429 354 3549 415 358

1897 560 2336 614 ARGUMENTUM.
2373 587 2438 598 ——
2468 560 2656 629 Itaque
2684 564 2940 629 provocat
2986 558 3131 621 ittos,
3165 563 3226 612 ut
3265 575 3396 630 quos
3424 575 3556 627 gra-

1969 631 2320 685 vissimorum
2387 633 2687 684 criminum
2737 647 2855 685 reo:
2910 636 3130 702 putant,
3173 630 3557 701 infanticidas,

1965 718 2267 773 puerorum
2325 707 2620 765 voratores,
2683 703 2909 758 incestos
2977 703 3241 771 denique,
3309 703 3554 774 probent,

1973 790 2143 844 neque
2169 776 2368 842 famae,
2402 774 2559 842 cujus
2590 776 2742 840 origo
2786 789 2930 842 saepe
2961 774 3214 842 mendax,
3268 784 3321 828 et
3369 791 3556 829 rumor

1970 847 2232 911 incertus,
2264 847 2506 914 amplius
2538 845 2940 900 inconsiderate
2969 846 3200 900 credant

1975 933 2234 988 Dicimur
2262 933 2700 988 sceleratissimi
2726 934 2796 987 de
2819 939 3184 988 sacramento
3207 933 3556 993 infanticidii

1900 1029 1957 1078 et
1988 1021 2200 1092 pabulo
2231 1023 2275 1056 ³⁸
2315 1022 2449 1077 inde
2487 1023 2552 1088 3°,
2596 1028 2650 1077 et
2695 1029 2827 1092 post
2875 1022 3204 1077 convivium
3255 1023 3402 1077 307
3467 1022 3560 1076 in-

1901 1119 2078 1181 cesto,
2115 1112 2267 1183 quod
2305 1127 2600 1166 eversores
2633 1111 2924 1166 luminum
2958 1128 3130 1166 canes
3161 1112 3296 1182 (44),
3320 1110 3562 1167 lenones

1901 1201 2142 1267 scilicet,
2178 1202 2560 1255 tenebrarum
2612 1206 2668 1255 et
2698 1199 3012 1254 libidinum
3044 1200 3358 1272 impiarum
3392 1202 3436 1235 ‘°
3466 1201 3558 1255 in-

1899 1290 2248 1344 verecundis
2305 1295 2616 1359 procurent
2671 1291 2736 1343 “.
2791 1289 3051 1343 Dicimur
3107 1294 3297 1345 tamen
3331 1307 3564 1361 semper

1903 1397 2008 1434 nec
2057 1396 2159 1434 vos
2211 1380 2364 1451 quod
2425 1382 2546 1434 tam
2601 1378 2699 1433 diu
2761 1378 3015 1432 dicimur
3062 1395 3262 1434 eruere
3320 1379 3562 1435 curatis.

1903 1474 2049 1540 Ergo
2081 1473 2183 1522 aut
2213 1469 2422 1533 eruite,
2456 1469 2502 1522 si
2536 1467 2798 1532 creditis,
2833 1474 2936 1522 aut
2967 1469 3145 1523 nolite
3175 1469 3428 1536 credere,
3461 1469 3565 1539 qui

1907 1574 2020 1611 non
2055 1556 2313 1611 eruistis.
2350 1557 2423 1610 De
2457 1563 2651 1610 vestra
2679 1555 2846 1611 vobis
2895 1556 3370 1612 dissimulatione
3410 1575 3562 1628 prae-

1905 1645 2205 1714 scribitur,
2238 1662 2352 1700 non
2385 1662 2534 1708 esse,
2567 1645 2722 1714 quod
2759 1662 2860 1700 nec
2911 1644 3023 1716 ipsi
3074 1646 3302 1701 audetis
3340 1661 3565 1702 eruere.

1906 1739 2100 1806 Longe
2132 1733 2288 1788 aliud
2336 1750 2555 1788 munus
2603 1733 2859 1787 carniﬁci
2891 1735 2950 1788 in
2983 1734 3355 1790 Christianus
3387 1736 3566 1806 impe-

1908 1822 2072 1888 ratis,
2117 1839 2231 1877 non
2285 1826 2348 1876 ut
2397 1821 2596 1876 dicant
2642 1838 2770 1892 quae
2816 1821 3059 1886 faciunt,
3094 1823 3192 1876 sed
3250 1829 3314 1878 ut
3352 1827 3569 1895 negent

1911 1911 2066 1983 quod
2099 1915 2240 1966 sunt
2268 1911 2401 1981 (46).
2445 1910 2666 1965 Census
2719 1909 2893 1964 istius
2940 1909 3054 1992 (43)
3100 1909 3443 1981 disciplinae,
3506 1921 3578 1970 ut

1584 2011 1787 2071 Variae
1821 2009 2121 2072 lectiones

239 2117 276 2151 ³³
303 2116 384 2170 Sic
410 2115 554 2169 libri
585 2131 712 2169 mu.
747 2127 954 2178 omnes,
1008 2113 1128 2179 Βία.
1163 2126 1177 2166 :

1230 2125 1456 2175 censu;
1505 2112 1564 2162 et
1609 2108 1762 2165 addit
1820 2109 1998 2164 Paris.
2077 2107 2123 2142 ³³
2171 2104 2476 2175 Antiquos,
2527 2105 2626 2160 sed
2675 2107 2798 2175 Rig.

2875 2105 2922 2139 ⁸⁸
2969 2105 3285 2160 Custoditis
3315 2107 3569 2162 Haverec.

185 2188 454 2242 “(Iuravit
480 2187 615 2242 Jun.
693 2185 738 2219 ³⁸
769 2177 1022 2240 Perinde
1051 2177 1233 2237 Paris.
1313 2181 1355 2214 ³⁷
1389 2180 1460 2236 Ut
1517 2181 1668 2234 viam
1731 2179 1873 2233 mihi
1907 2180 1976 2234 ad
2028 2177 2432 2232 manii‘estoria
2463 2193 2704 2248 purgem
2758 2179 2885 2231 Jun.
2944 2193 3016 2231 ex
3068 2179 3183 2232 MS.
3241 2182 3468 2233 Haveri.
3502 2209 3574 2219 —

188 2263 251 2313 tta
303 2276 329 2313 e
370 2261 526 2313 codd.
583 2260 755 2312 locum
803 2257 1161 2310 restituerunt
1209 2252 1460 2316 Heratd.,
1508 2255 1655 2321 Rig.,
1691 2253 1820 2306 Hau.
1855 2252 1950 2306 alt.
1986 2250 2118 2304 Edd.
2155 2250 2280 2303 vett.
2317 2265 2328 2302 :

190 2331 222 2364 ³³
246 2330 313 2385 De
337 2331 460 2384 Jun-

2365 2254 2428 2302 ut
2451 2247 2575 2330 j‘am
2605 2249 2740 2303 inde
2770 2250 2840 2303 ad
2877 2247 3272 2330 manifestiora
3304 2266 3566 2330 pergam.

543 2329 590 2364 ³⁸
624 2328 792 2383 Rhen.
828 2344 840 2382 :
869 2327 1084 2398 pabulo
1115 2326 1331 2398 caudae.
1407 2324 1451 2358 ‘°
1481 2325 1693 2398 Rigalt:
1716 2339 1744 2378 ε
1788 2321 2256 2398 Msremendavit.
2285 2339 2305 2372 .·
2339 2321 2631 2398 tenebras,
2657 2325 2786 2398 tum
2818 2326 2875 2374 et
2896 2321 3218 2398 libidinum
3254 2321 3569 2398 impiarum

193 2400 640 2455 inverecundiam
675 2391 1008 2471 procurent.
1041 2428 1106 2438 —
1138 2397 1452 2468 Impiarum
1488 2396 1633 2451 delet
1662 2396 1790 2450 Jun.
1865 2395 1908 2429 “
1942 2395 2256 2461 Tenebras,
2289 2398 2414 2447 tum
2447 2396 2503 2447 et
2533 2391 2844 2447 libidinum
2892 2395 3035 2463 imp.
3087 2391 3566 2448 inverecundiam

187 2490 230 2543 p.
259 2476 542 2528 Wouwer.
581 2474 660 2526 Ha
670 2487 810 2526 vero.

1595 2546 2118 2608 Commentarius.

257 2651 633 2711 Semideosque
665 2662 840 2708 canes,
874 2650 926 2711 et
955 2646 1109 2711 sistra
1133 2644 1383 2711 jubentia
1409 2643 1636 2711 luctus}

253 2715 306 2763 Et
332 2727 484 2777 quem
514 2707 576 2761 tu
611 2707 869 2775 plangens
901 2709 1176 2757 hominem
1205 2708 1417 2757 testaris
1447 2707 1652 2756 Osirim.

181 2811 262 2864 ubi
305 2811 561 2865 secundo
623 2823 795 2862 versu
836 2806 1029 2876 potius
1080 2804 1341 2876 legerim,
1399 2805 1812 2874 semicanesque

177 2898 292 2953 deos.
329 2898 530 2955 Nescio
564 2912 640 2950 an
674 2894 911 2949 Ovidius
943 2893 1014 2946 de
1047 2892 1196 2947 Pane
1229 2908 1241 2946 :

283 3005 670 3066 Semideusque
698 3015 876 3064 caper,
897 3000 1294 3062 semicaperque
1323 2998 1480 3046 Deus.

183 3103 241 3156 De
265 3105 591 3158 Minotauro
623 3105 778 3154 certe
809 3115 874 3164 ii,
904 3098 969 3153 de
996 3097 1125 3152 Arte
1153 3095 1398 3161 amandi,
1431 3095 1501 3148 24
1532 3110 1546 3149 :

250 3201 484 3250 Daedalus
512 3202 578 3248 ut
610 3197 800 3246 clausit
827 3200 1144 3256 conceptum
1175 3193 1395 3242 crimine
1427 3193 1609 3242 matris

307 3264 762 3323 Semibovemque
797 3261 986 3316 virum,
1020 3257 1437 3319 semivirumque
1472 3257 1686 3305 bovem.

224 3361 324 3429 (14)
382 3363 688 3416 Instructu.
741 3355 1022 3426 Intelligit
1054 3354 1427 3429 splendidum
1463 3360 1809 3429 apparatum

169 3436 212 3483 et
234 3426 693 3487 instrumentum
727 3430 1116 3484 domesticum
1142 3426 1521 3481 invidiosum.
1553 3426 1811 3480 Isidorus

1927 2665 1953 2695 α
1985 2644 2051 2697 Et
2081 2641 2293 2714 pabulo
2326 2643 2540 2698 crudm.
2576 2664 2603 2691 ››
2637 2642 2802 2711 quasi
2833 2643 3126 2713 obiectum
3164 2643 3337 2697 fuerit.
3384 2642 3574 2697 Chris-

1919 2715 2345 2780 tianis,crudas
2368 2715 2878 2786 inl‘antisjugulati
2903 2732 3108 2769 carnes
3133 2717 3343 2784 pabulo
3367 2716 3570 2783 fuisse,

1962 2788 2072 2841 uod
2109 2787 2344 2857 quidem
2379 2787 2707 2856 signiﬁcare
2744 2789 2967 2840 videtur
2999 2789 3122 2857 ipse
3154 2787 3572 2856 Tertulliunus,

1920 2803 2020 2912 ἧι).
2053 2875 2068 2910 i
2101 2858 2174 2912 ad
2203 2858 2483 2912 Nationes.
2535 2874 2666 2910 cum
2701 2858 2779 2910 ait
2813 2875 2825 2912 :
2869 2860 3008 2912 Quis
3061 2875 3320 2912 unuuam
3375 2864 3572 2912 tamen

1917 2857 2020 2912 llb.
2053 2875 2068 2910 ι
2101 2858 2174 2912 ad
2203 2858 2483 2920 Nationes,
2535 2874 2666 2910 cum
2701 2858 2779 2910 ait
2813 2875 2825 2912 :
2869 2860 3008 2921 Quis
3061 2875 3320 2928 unquam
3375 2864 3572 2912 tamen

1920 2946 2146 2984 semesa
2208 2946 2384 2999 puero
2426 2928 2805 2998 supervenit?
2858 2951 2884 2978 ››
2941 2930 3042 2983 Hic
3093 2936 3286 2984 tamen
3342 2935 3567 2982 tantum

1920 3003 1990 3054 de
2023 3000 2329 3070 sanguinis
2362 3000 2594 3070 pabulo,
2629 3006 2684 3054 et
2717 3015 2862 3070 pane
2894 3017 3008 3070 quo
3061 3000 3368 3071 sanguinis
3393 3003 3569 3070 juru-

1921 3072 2097 3127 lentia
2129 3071 2457 3140 colligatur,
2495 3090 2595 3126 nec
2626 3071 2778 3134 inter
2827 3072 2923 3124 illa
2970 3089 3096 3142 quae
3129 3074 3438 3141 subiungit.
3469 3089 3573 3142 pa-

1919 3146 2026 3198 tris
2060 3158 2358 3197 sacrorum
2391 3144 2626 3208 dictata,
2668 3144 2740 3196 de
2770 3144 2969 3198 crudis
3000 3145 3272 3198 cui-nibus
3304 3143 3576 3197 vorandis

1921 3217 2235 3285 quisquam
2274 3233 2286 3268 :
2322 3231 2424 3268 nec
2459 3215 2671 3268 ibidem
2707 3215 2880 3269 etiam
2913 3216 2969 3268 in
3019 3214 3114 3269 illo
3148 3218 3214 3269 ad
3254 3214 3526 3269 Nationes
3559 3231 3573 3279 ;

1920 3289 2018 3362 sed
2052 3287 2221 3355 qanis
2256 3287 2356 3362 qui
2403 3287 2463 3362 in
2493 3291 2780 3362 sanguine
2823 3287 3184 3362 infringitur,
3217 3293 3282 3362 et!
3330 3286 3575 3362 sanguis

1920 3358 1979 3412 in
2012 3375 2126 3427 quo
2163 3357 2327 3428 panis
2359 3357 2622 3412 satiatur.
2660 3357 2780 3411 lmo
2827 3359 2896 3412 ad
2930 3360 3358 3413 convincendos
3406 3357 3576 3412 Chri-

1920 3433 2145 3484 stianos
2178 3429 2414 3500 produci
2437 3431 2708 3484 debuisse
2736 3432 2815 3484 ait
2839 3447 2947 3483 non
2984 3431 3172 3484 solum
3207 3429 3573 3495 inl'antarios,

163 3501 292 3574 Orig.
323 3521 374 3558 v.
405 3505 500 3558 25.
535 3525 566 3552 ‹‹
610 3503 990 3565 Instructum,
1022 3499 1176 3569 quod
1198 3515 1302 3624 ger
1339 3497 1799 3552 instrumentum
1833 3506 1874 3572 ί]
1916 3503 2015 3556 sed
2049 3509 2105 3554 et
2143 3497 2380 3572 coquos.
2429 3501 2906 3566 Producerentur,
2941 3501 3156 3572 inquit,
3193 3501 3486 3555 infantarii
3520 3505 3576 3555 et

165 3576 386 3624 efficitur
415 3594 435 3624 .-
471 3581 540 3624 ut
576 3572 848 3624 baculus.
899 3572 1101 3624 codex.
1134 3576 1193 3624 ta
1242 3571 1355 3624 ula.
1394 3591 1415 3618 ι
1455 3569 1712 3623 Barrteus
1743 3574 1801 3624 et
1915 3573 2108 3624 cooui.
2132 3573 2243 3624 insi
2277 3589 2449 3624 canes
2485 3574 2731 3624 nronubi
2759 3591 2772 3624 :
2804 3577 3115 3624 emendata
3146 3590 3238 3624 res
3268 3574 3571 3624 osseum}.

165 3572 386 3629 etticitur
415 3594 435 3630 :
471 3581 540 3629 ut
576 3572 848 3638 baculus,
899 3572 1102 3640 codex,
1134 3576 1193 3625 ta

164 3643 313 3701 Rben.
345 3654 394 3702 et
423 3649 732 3701 instructu.

214 3719 311 3788 (42)
358 3717 629 3788 Serapidi
656 3713 1084 3788 jam-Romano.
1122 3712 1206 3766 Ita
1269 3711 1667 3788 restituendus
1717 3715 1806 3788 est

159 3783 357 3843 nativus
389 3783 775 3859 antiquitatis
807 3784 1086 3855 splendor
1115 3783 1342 3859 auctori
1392 3787 1613 3859 nostro2
1648 3783 1802 3859 quod

159 3863 202 3932 et
227 3878 391 3932 supra
421 3855 610 3917 docui
647 3875 660 3913 :
709 3858 841 3932 lege
863 3861 1112 3932 moxLut
1146 3855 1803 3932 _ed_itum,jam-ltatico.

159 3877 202 3911 ει
227 3878 391 3932 supra
421 3877 610 3917 docui
647 3877 660 3913 :
710 3877 831 3982 iege
863 3877 1016 3924 mox,
1053 3877 1112 3910 Ut
1161 3877 1526 3925 euuuui,]an

159 3930 434 4003 Eleganter
469 3947 752 3988 uucsnus
811 3929 887 3984 ib.
922 3945 960 3994 ι,
993 3928 1064 3981 65
1093 3928 1164 3981 ad
1200 3930 1484 3981 Neronem
1513 3944 1526 3993 ;

282 4037 379 4086 Sed
415 4038 554 4087 mihi
584 4034 944 4098 jam-Numen
982 4046 995 4080 :

160 4138 206 4186 et
229 4133 319 4189 lib.
352 4154 432 4201 IX,
471 4137 606 4202 158,
654 4133 810 4188 ferox
865 4128 1176 4202 Pompeius
1209 4128 1432 4201 patrios
1464 4128 1698 4184 ulturus
1729 4127 1806 4183 ci-

161 4219 318 4276 neres,
351 4209 633 4262 minatur
664 4205 720 4258 in
757 4204 876 4258 hac
907 4203 1082 4258 verba
1115 4218 1127 4256 :

294 4315 554 4363 Evolvam
589 4313 751 4362 busto
780 4309 1121 4373 Numen-jam
1150 4307 1400 4372 gentibus
1431 4307 1554 4356 Isim
1579 4321 1591 4367 ;

156 4417 223 4478 ita
265 4428 416 4483 enim
475 4429 542 4484 hi
598 4427 710 4483 luci
757 4431 896 4480 sunt
943 4424 1270 4497 corrigendi
1302 4428 1357 4479 et
1389 4425 1606 4495 passim
1642 4422 1810 4478 multi

158 4497 234 4550 alii
285 4504 491 4556 eodem
553 4499 735 4553 modo
785 4498 938 4569 apud
985 4513 1190 4552 omnes
1221 4504 1442 4569 veteres
1474 4497 1807 4566 scriptores.

159 4573 344 4625 Seneca
361 4588 613 4642 quoque
637 4568 921 4641 Tragicus
947 4569 1003 4623 in
1027 4569 1272 4624 Hercule
1305 4568 1532 4642 furente
1564 4584 1730 4642 versu
1756 4572 1808 4636 '2,

161 4656 340 4712 semper
357 4637 625 4699 alien-um
646 4637 846 4698 Jove'm.
865 4645 988 4695 Huc
1010 4647 1251 4710 spectat,
1275 4641 1430 4710 quod
1466 4640 1536 4694 de
1556 4637 1811 4692 Adriano

165 4715 307 4768 refert
335 4714 394 4770 in
436 4716 584 4769 Vita
616 4714 748 4784 eius
797 4713 1146 4783 Spartianus
1181 4729 1193 4766 :
1232 4735 1275 4784 iu
1327 4712 1502 4766 Sacra
1548 4716 1812 4784 Romana

165 4784 602 4848 diligentissime
665 4785 891 4840 curavit
943 4801 955 4837 :
1017 4783 1326 4854 peregrina
1373 4783 1810 4854 contempsit.»

162 4856 346 4912 Contra
402 4878 473 4914 ac
539 4858 705 4911 idem
753 4861 821 4910 de
861 4852 1139 4909 Bassiano
1173 4852 1516 4920 'Caracallo,
1567 4852 1626 4907 in
1687 4852 1815 4906 Vita

166 4929 286 4993 eius.
319 4952 344 4977 ‹‹
378 4937 569 4984 Sacra
606 4927 779 4982 Isidis
829 4926 1076 4980 Romam
1126 4926 1472 4997 deportavit,
1507 4929 1564 4979 et
1596 4923 1816 4994 templa

166 4999 351 5072 ubique
385 4997 942 5072 magnificaeidem
973 4998 1095 5052 deae
1127 4998 1471 5052 fecit.Sacra
1491 4997 1814 5072 etiamma-

160 5068 638 5135 jom'revereiitia
665 5069 996 5134 celebravit,
1031 5087 1206 5140 quam
1260 5076 1395 5124 ante
1435 5068 1812 5140 celebraban-

165 5147 259 5194 tur.
295 5149 352 5197 ln
386 5161 502 5213 quo
537 5143 785 5213 quidem
821 5141 975 5213 mihi;
998 5139 1212 5195 mirum
1255 5141 1504 5205 videtur,
1539 5139 1816 5213 quemad-

168 5211 625 5271 modum—sacra
674 5213 846 5268 Isidis
894 5211 1148 5282 primum
1206 5230 1306 5283 per
1353 5213 1509 5267 hunc
1574 5212 1816 5266 Romam

167 5288 370 5342 venisse
419 5289 733 5354 dicantur,
793 5301 976 5355 quum
1022 5285 1310 5339 Antonius
1340 5284 1694 5339 Conimodus
1742 5284 1824 5338 ita

170 5371 222 5409 ea
272 5358 683 5421 Celebraverit,
737 5362 800 5410 ut
847 5362 903 5410 et
947 5356 1179 5410 Anubin
1242 5361 1516 5426 portaret,
1551 5360 1607 5409 et
1639 5371 1824 5426 pausa

170 5432 372 5485 cederet
407 5449 420 5484 :
460 5429 586 5485 nisi
655 5431 798 5482 forte
855 5427 965 5482 iste
1022 5428 1250 5482 addidit
1309 5427 1658 5494 celebritati,
1706 5443 1823 5481 non

175 5518 278 5573 earn
333 5504 577 5573 primus
643 5498 875 5573 invexit,
915 5519 959 5573 _»
1021 5500 1090 5553 Et
1145 5501 1512 5573 Lampridius
1564 5499 1700 5552 item
1755 5499 1825 5551 de

178 5569 484 5630 Alexandro
516 5581 754 5626 Severo.
791 5594 817 5618 ‹‹
855 5569 1093 5642 ἰεὶιῃμθι
1138 5569 1396 5642 Serapim
1429 5571 1699 5625 decenter
1729 5587 1826 5625 or-

182 5649 312 5700 navit
345 5644 580 5702 additis
615 5642 802 5715 signis
832 5649 886 5696 et
925 5640 1184 5708 deliacis,
1231 5640 1291 5696 et
1334 5642 1610 5697 omnibus
1669 5657 1826 5712 mys-

185 5718 290 5771 ΠΕίὲ
299 5757 310 5768 .
349 5740 375 5766 ι)

236 5789 337 5858 (43)
373 5791 437 5844 Et
465 5783 688 5860 pabulo
720 5783 864 5839 inde.
891 5788 955 5838 In
988 5783 1340 5855 quibusdam
1374 5783 1542 5840 libris
1566 5781 1782 5854 legitur
1814 5801 1826 5837 ε

1242 3571 1355 3624 ula.
1394 3591 1415 3618 ι
1455 3569 1712 3623 Barrieus
1743 3574 1801 3624 et
1915 3573 2108 3650 coqui,
2132 3569 2245 3650 ipsi
2277 3574 2731 3650 canespronubi
2759 3591 2772 3640 ;
2804 3569 3238 3650 emendatures
3268 3574 3571 3650 esset._RiG.

1985 3646 2095 3712 (44)
2127 3647 2408 3717 Eversores
2459 3645 2734 3698 luminum
2778 3660 2977 3717 canes.
3014 3645 3236 3707 Quibus
3290 3648 3577 3717 putabant

1914 3733 2141 3771 annexa
2171 3715 2544 3780 candelabra,
2575 3733 2722 3786 quae,
2759 3717 2912 3769 saltu
2949 3716 3062 3769 illis
3097 3717 3152 3770 in
3185 3715 3412 3786 objecta
3443 3733 3578 3771 ossa

1913 3805 1976 3843 se
2007 3788 2485 3857 proripientibus,
2517 3790 2945 3842 evertebuntur.
2977 3788 3116 3842 Vide
3147 3806 3272 3858 cap.
3301 3805 3573 3858 sequens.

1912 3859 2077 3929 Apud
2117 3859 2458 3929 posterioris
2491 3863 2590 3928 qui
2624 3859 2985 3913 Christianos
3016 3860 3266 3930 legimus
3298 3860 3577 3914 candelas

1915 3931 2206 4002 projectas
2240 3934 2308 4002 (et
2354 3929 2710 4002 exstinctatsi
2742 3930 2799 3983 in
2849 3931 3575 4002 excouimunicationiliiis,

1915 3999 2090 4074 prout
2134 4000 2348 4074 multis
2383 3999 2639 4074 illustrat
2682 4001 2847 4074 Dom.
2902 4001 2986 4056 Du
3034 4004 3224 4074 (lange
3282 4003 3339 4055 in
3393 4001 3574 4072 gloss,

1917 4071 2120 4128 inediae
2153 4079 2209 4128 et
2262 4072 2363 4125 inf.
2422 4071 2773 4127 Latinitatis.
2819 4073 2928 4127 Sed
2982 4071 3408 4129 bunc'morem
3441 4077 3573 4126 Ter-

1917 4143 2145 4201 tulliani
2187 4161 2302 4199 aevo
2345 4160 2459 4198 non
2494 4149 2631 4214 puto
2667 4144 2846 4198 fuisse
2871 4145 2927 4198 in
2962 4163 3092 4200 usu.

1989 4216 2101 4286 (45)
2141 4215 2598 4286 Inverecundiain
2635 4224 2954 4286 procurent.
3007 4215 3414 4286 Lucianusin
3465 4214 3571 4268 La-

1919 4281 2101 4360 pithis
2165 4303 2176 4342 :
2240 4282 2414 4360 Ἀλλὰ
2470 4281 2656 4339 πολλᾶ
2719 4285 2996 4360 ἐπράχθη,
3057 4286 3143 4360 καὶ
3199 4284 3343 4360 δεινᾶ
3398 4281 3580 4360 ἐν’-τῷ

1919 4356 2118 4428 intrita),
2152 4364 2289 4422 etc.,
2319 4357 2356 4412 i.
2386 4375 2495 4431 e.“«
2531 4363 2595 4411 Et
2627 4356 2810 4412 multa
2856 4356 2920 4413 ac
2966 4359 3161 4431 gravia
3201 4358 3287 4431 in_
3325 4356 3581 4411 tenebris

1919 4431 2166 4485 comissa
2207 4433 2362 4484 sunt.
2422 4429 2488 4482 Et
2547 4446 2678 4484 cum
2739 4428 2992 4485 tandom'
3036 4430 3244 4500 aliquis
3277 4428 3576 4483 lucernam

1921 4503 2172 4565 afferret,
2206 4499 2606 4572 deprehensus
2639 4507 2727 4556 est
2756 4501 3086 4557 Aleidamas
3115 4499 3261 4571 (erat
3303 4516 3436 4556 vero
3485 4500 3581 4555 ille

1923 4573 2310 4646 philosophus
2342 4572 2610 4646 Cynicus)
2641 4573 2875 4643 quidem
2919 4575 3174 4627 tibicinze
3226 4580 3443 4627 vestem
3495 4578 3579 4628 at-

1923 4644 2156 4710 tollens,
2192 4650 2248 4698 et
2281 4661 2384 4714 per
2415 4645 2528 4697 vim
2566 4661 2697 4699 eum
2749 4662 2816 4700 ea
2864 4647 3139 4716 congredi
3177 4662 3513 4715 properans,
3558 4668 3577 4692 ι

1993 4717 2107 4787 (46)
2145 4716 2205 4771 Ut
2252 4725 2449 4789 negent
2493 4717 2632 4785 quod
2677 4723 2825 4772 sunt.
2874 4720 3070 4789 Atqui,
3113 4717 3310 4788 inquit
3351 4715 3578 4771 Tertul-

1921 4787 2139 4863 lianus,
2170 4804 2236 4863 ne
2269 4787 2580 4863 abjiciatis,
2613 4790 2910 4863 confessos
2950 4787 3378 4863 turpitudinem
3411 4803 3580 4863 suam

1923 4858 2192 4912 damnari
2249 4858 2643 4924 Christianos;
2701 4861 2842 4914 adeo
2900 4858 3303 4916 illud't‘alsum
3363 4865 3470 4924 est,
3523 4861 3587 4910 ut

1925 4930 2147 5001 cogatis
2192 4930 2498 5003 tormentis
2544 4946 2755 5003 negare
2787 4932 2894 4986 hoc
2923 4950 3158 4997 nomen,
3192 4931 3345 5003 quod
3380 4931 3427 4986 si
3460 4945 3585 4985 sce-
3676 4982 3678 4984 .

1926 5003 2062 5057 leris
2109 5001 2446 5071 participes,
2480 5001 2753 5057 omnibus
2798 5006 2986 5059 modis
3033 5001 3430 5073 extorquenda
3462 5005 3588 5073 erat

1928 5073 2409 5147 ejasconl'essio.
2467 5074 2789 5143 Cyprianus
2848 5075 3114 5147 Septimii
3177 5072 3586 5147 magistri_sui

1926 5145 2192 5216 vestigiis
2216 5143 2495 5199 insistens
2529 5147 2597 5198 ad
2638 5143 3109 5201 Dementrianum
3139 5163 3193 5217 p.
3218 5148 3356 5200 256'.
3394 5169 3412 5192 ιι
3449 5144 3586 5198 Tor-

1931 5221 2185 5287 quentur
2217 5217 2320 5280 rei,
2349 5217 2447 5286 qui
2490 5233 2551 5269 se
2601 5225 2815 5286 negant
2845 5219 3108 5284 crimine,
3161 5234 3272 5287 quo
3304 5233 3584 5271 accusan-

1930 5294 2047 5351 tur,
2083 5287 2291 5361 teneri,
2347 5294 2408 5341 ut
2466 5287 2740 5361 facinoris
2765 5293 2997 5356 veritas,
3040 5307 3165 5361 quas
3220 5289 3412 5343 indice
3452 5304 3590 5361 voce

1933 5377 2048 5413 non
2105 5360 2413 5428 promitur,
2447 5359 2645 5413 dolore
2677 5363 2932 5430 corporis
2989 5359 3371 5433 exprimatur.
3423 5360 3590 5415 Nunc

1933 5447 2090 5494 vero;
2126 5435 2797 5512 cumspopte‘proﬂtcar
2841 5450 2906 5512 ac
2957 5433 3317 5512 clamein,_et
3365 5434 3588 5488 crebris

1935 5519 2000 5558 ac
2049 5501 2308 5572 repetitis
2367 5501 2688 5556 identidem
2736 5504 2992 5568 vocibus,
3035 5501 3428 5561 Christianum
3497 5518 3589 5555 me

1936 5591 2064 5629 esse
2096 5576 2408 5636 contester,
2444 5574 2582 5642 quid
2617 5580 2905 5631 tormenta
2957 5578 3204 5633 adhibes
3233 5573 3528 5631 conﬁtenti
3561 5571 3589 5624 ‘?

1934 5645 2218 5723 Torqiieri
2260 5644 2858 5723 debui,‘sin_egaAre_m.
2894 5671 2920 5695 ››
2955 5649 3094 5723 Hav.
3173 5717 3184 5723 _
3391 5714 3411 5723 Α
3512 5712 3520 5723 ι

2010 5714 2122 5789 (47)
2156 5716 2354 5772 Census
2385 5718 2546 5771 istius
2583 5714 2854 5789 dfOrigo
2886 5717 3244 5781 aestimatio,
3280 5714 3586 5786 professio,

1938 5792 1996 5842 et
2022 5790 2105 5843 sic
2135 5805 2288 5860 saepe
2321 5791 2550 5853 Noster,
2582 5793 2727 5858 Lege
2757 5806 2804 5844 c.
2839 5807 2890 5844 v.
