4072 6190
258 358 348 421 361
1302 356 1897 419 APOLOGETICUS
1938 356 2127 419 ADV.
2172 355 2505 417 GENTES.

3495 355 3616 416 362

257 489 408 561 magis
424 486 572 553 talia,
596 504 726 559 qum
748 486 977 559 prodita
1006 486 1243 544 interim
1265 488 1309 523 ⁸⁸
1331 489 1505 544 etiam
1529 488 1852 544 humanam
1884 491 1936 558 Α
1967 488 2223 560 sapiens,
2249 505 2365 543 non
2405 487 2589 543 credit
2632 487 2851 543 incerto
2868 488 2930 543 ⁵⁸.
2951 486 3225 545 Omnium
3272 493 3364 545 est
3383 489 3429 524 ⁸⁵
3458 489 3619 544 msti-

256 579 776 635 animadversionem
811 577 1388 648 provocabunt,dum
1435 578 1631 633 divina
1671 595 1858 633 serva-

252 675 329 724 tur
344 667 414 721 ‘9?
432 667 484 721 Si
528 682 668 738 ergo
700 682 816 720 non
848 667 959 737 ipsi
1009 666 1334 737 proditores
1367 666 1480 731 sui,
1505 667 1767 737 sequitur
1796 671 1861 721 ut

251 755 483 812 extranei.
514 755 582 809 Et
630 756 787 809 unde
825 754 1117 810 extraneis
1150 755 1395 809 notitia?
1443 771 1575 810 cum
1628 771 1861 826 semper

248 848 389 901 etiam
417 845 515 915 pits
536 844 585 879 ⁸ο
606 845 724 915 (56)
747 843 1107 899 initiationes
1135 848 1371 899 arceant
1394 846 1668 916 profanos
1699 848 1754 898 et
1787 844 1859 898 ab

248 933 499 988 arbitris“
556 938 818 1001 caveant,
851 933 961 987 nisi
998 933 1045 986 si
1076 931 1244 1003 impii
1295 933 1491 987 minus
1542 930 1859 986 metuunt?

243 1028 417 1077 natura
448 1022 610 1076 famis
638 1021 918 1076 omnibus
952 1027 1091 1075 nota
1130 1026 1239 1076 est.
1272 1021 1544 1076 Vestrum
1578 1027 1666 1076 est
1700 1037 1712 1075 :

337 1156 481 1205 Fama
504 1155 549 1189 ⁶²
578 1153 795 1213 malum,
822 1168 927 1218 quo
961 1167 1073 1203 non
1105 1153 1251 1203 aliud
1282 1154 1515 1203 velocius
1548 1152 1731 1205 ullum.

237 1292 327 1346 Cur
355 1288 563 1343 malum
624 1287 823 1343 fama?
880 1287 1021 1359 quia
1060 1286 1267 1341 velox?
1319 1288 1456 1357 quia
1512 1287 1726 1342 index?
1784 1304 1860 1342 an

231 1378 344 1450 quia
376 1376 690 1448 plurimum
736 1375 1038 1430 mendax?
1086 1392 1215 1446 quae
1273 1392 1343 1429 ne
1402 1380 1544 1429 tunc
1599 1375 1860 1446 quidem,

234 1483 342 1522 cum
379 1466 594 1536 aliquid
647 1465 761 1519 veri
812 1465 997 1532 affert,
1034 1465 1162 1519 sine
1222 1464 1509 1519 mendacii
1562 1464 1701 1519 vitio
1750 1469 1859 1545 est,

231 1555 527 1623 detrahens,
564 1554 870 1624 adjiciens,
905 1553 1219 1608 demutans
1251 1554 1321 1607 de
1351 1553 1611 1608 veritate.
1659 1552 1806 1616 Quid
1833 1552 1860 1606 ?

232 1645 360 1715 quod
399 1660 461 1697 ea
504 1642 592 1697 illi
638 1642 896 1697 conditio
928 1647 1037 1708 est,
1074 1647 1139 1696 ut
1168 1658 1284 1696 non
1340 1641 1449 1696 nisi
1504 1658 1638 1696 cum
1692 1658 1862 1695 men-

230 1733 348 1787 titur
374 1737 716 1803 perseveret,
750 1736 806 1786 et
838 1731 1042 1785 tandiu
1082 1731 1244 1797 vivit,
1279 1731 1539 1801 quandiu
1574 1746 1689 1784 non
1725 1746 1860 1802 pro-

228 1822 325 1875 bat.
353 1821 649 1892 Siquidem
706 1818 804 1874 ubi
854 1820 1009 1874 810
1061 1819 1349 1890 probavit,
1382 1824 1571 1875 cessat
1619 1835 1767 1887 esse,
1800 1822 1856 1873 et

230 1910 370 1980 quasi
423 1909 617 1963 ofﬁcio
676 1907 992 1962 nuntiandi
1050 1910 1285 1974 functa,
1342 1924 1464 1964 rem
1526 1908 1739 1977 tradit,
1798 1924 1860 1979 et,

227 1999 400 2053 exinde
429 2013 521 2053 res
568 2001 819 2063 tenetur,
856 2013 948 2052 res
997 1997 1361 2052 nominatur.
1394 1997 1507 2051 Nec
1538 1997 1856 2069 quisquam

231 2088 364 2156 dicit,
391 2086 546 2141 verbi
585 2085 773 2157 gratia
805 2102 817 2140 :
854 2086 958 2140 Hoc
1004 2086 1188 2142 Romae
1231 2087 1394 2141 aiunt
1424 2084 1636 2157 factum
1652 2102 1673 2149 ,ο
1705 2091 1806 2140 aut
1838 2100 1852 2138 :

230 2179 369 2232 Fama
394 2185 471 2231 est
512 2176 684 2230 illum
729 2176 1076 2246 provinciam
1106 2177 1404 2236 sortitum;
1436 2175 1535 2229 sed
1572 2192 1585 2232 :
1614 2176 1857 2230 Sortitus

231 2265 306 2319 ille
327 2266 682 2335 provinciam,
716 2269 774 2319 et
805 2282 817 2319 :
856 2266 964 2319 Hoc
1010 2267 1223 2336 factum
1253 2273 1333 2319 est
1365 2265 1543 2319 Romae
1563 2265 1626 2320 Μ.
1656 2264 1852 2335 Fama,

225 2370 407 2408 nomen
450 2353 683 2421 incerti,
719 2352 910 2408 locum
954 2369 1069 2408 non
1104 2352 1298 2419 habet,
1331 2353 1433 2407 ubi
1482 2357 1707 2408 certum
1740 2359 1851 2409 est.

222 2443 290 2496 An
316 2458 439 2498 vero
474 2443 645 2497 famae
676 2442 894 2509 credat,
918 2441 1031 2495 nisi
1078 2440 1590 2497 inconsideratus?
1621 2442 1727 2507 Qui
1759 2447 1850 2498 est

1963 594 2125 632 mare
2145 578 2187 611 ⁵⁷
2214 579 2348 647 (57),
2398 582 2855 649 quantacunque
2900 577 3003 632 illa
3033 578 3075 612 ⁵⁸
3125 578 3447 635 ambitione
3501 578 3620 634 dif-

1966 666 2095 721 fusa
2145 666 2241 730 sit,
2278 674 2732 737 quantacunque
2778 667 3204 722 asseveratione
3251 672 3616 725 constructa.

1966 756 2129 821 Quod
2179 756 2250 809 ab
2303 771 2418 809 uno
2472 754 2788 824 aliquando
2823 754 3082 826 principe
3138 762 3335 811 exorta
3386 758 3484 821 sit,
3522 773 3621 812 ne-

1967 859 2128 898 cesse
2186 848 2276 898 est
2332 843 2539 899 exinde
2594 844 2651 896 in
2710 843 2983 897 traduces
3040 843 3374 914 linguarum
3405 846 3517 915 (58)
3559 849 3617 900 et

1968 932 2200 987 aurium
2251 937 2468 1004 serpat.
2501 932 2571 986 Et
2601 932 2682 986 ita
2714 932 2927 986 modici
2974 931 3217 987 seminis
3265 932 3473 987 vitium
3506 950 3615 988 cae-

1966 1026 2091 1075 tera
2151 1023 2405 1077 rumoris
2462 1021 2823 1084 obscurat”,
2857 1025 2922 1075 ut
2981 1037 3152 1076 nemo
3212 1023 3507 1094 recogitet,
3545 1038 3617 1078 ne

1966 1113 2225 1180 primum
2279 1110 2422 1165 illud
2479 1127 2544 1165 os
2597 1111 2967 1164 mendacium
3017 1110 3413 1176 seminaverit,
3462 1111 3617 1181 quod

1970 1216 2121 1270 saepe
2160 1200 2227 1253 ﬁt
2267 1205 2369 1253 aut
2398 1199 2633 1271 ingenio
2681 1199 3086 1265 aemulationis,
3113 1206 3214 1254 aut
3243 1200 3482 1254 arbitrio
3517 1217 3616 1254 su-

1970 1287 2273 1359 spicionis,
2306 1293 2407 1342 aut
2450 1305 2563 1342 non
2616 1304 2784 1352 nova,
2818 1289 2915 1342 sed
2968 1288 3228 1359 ingenita
3259 1289 3617 1359 quibusdam

1972 1377 2289 1431 mentiendi
2323 1377 2635 1447 voluptate.
2660 1382 2810 1431 Bene
2833 1381 3051 1446 autem,
3076 1379 3230 1448 quod
3262 1377 3458 1433 omnia
3479 1381 3621 1433 tem-

1970 1481 2080 1536 pus
2130 1464 2349 1519 revelat
2380 1466 2490 1537 (59)
2522 1465 2771 1520 testibus
2805 1467 2950 1520 an
3002 1468 3178 1520 etiam
3233 1466 3439 1521 vestris
3487 1483 3620 1537 pro-

1968 1553 2183 1608 verbiis
2234 1560 2406 1624 atque
2460 1553 2791 1617 sententiis,
2822 1571 2889 1608 ex
2936 1554 3319 1624 dispositione
3368 1559 3617 1624 naturai,

1970 1659 2097 1713 quae
2128 1642 2210 1696 ita
2240 1642 2551 1710 ordinavit,
2584 1647 2649 1696 ut
2690 1642 2835 1696 nihil
2886 1643 2984 1697 diu
3032 1643 3228 1709 lateat,
3252 1642 3430 1698 etiam
3463 1644 3620 1714 quod

1970 1731 2128 1785 {ama
2158 1748 2271 1786 non
2306 1731 2557 1786 distulit.
2592 1731 2792 1786 Merito
2844 1732 3023 1803 igitur
3053 1731 3210 1787 fama
3240 1733 3447 1787 tandiu
3480 1748 3622 1787 con—

1971 1820 2093 1875 scia
2148 1820 2273 1875 sola
2325 1825 2414 1875 est
2459 1820 2747 1875 scelerum
2798 1820 3258 1876 Christianorum
3284 1822 3414 1889 (60).
3460 1820 3622 1876 Hanc

1970 1908 2222 1964 indicem
2281 1909 2559 1963 adversus
2620 1926 2726 1963 nos
2784 1908 3075 1980 profertis,
3123 1926 3273 1980 quae,
3305 1911 3461 1981 quod
3516 1909 3621 1964 ali-

1970 1998 2203 2069 quando
2248 1997 2485 2066 jactavit
2513 2002 2794 2069 tantoque
2835 1997 3115 2066 temporis
3146 1999 3338 2070 spatio
3385 1998 3442 2051 in
3497 1999 3624 2069 opi-

1969 2088 2203 2142 nionem
2253 2086 2666 2155 corroboravit,
2701 2104 2888 2159 usque
2947 2087 3139 2142 adhuc
3196 2087 3444 2159 probare
3504 2104 3623 2143 non

1964 2175 2168 2231 valuit.

2568 2282 2798 2338 CAPUT
2851 2284 3007 2338 VIII.

1961 2373 2486 2427 ARGUMENTUM.—
2517 2375 2629 2426 Nec
2678 2373 2822 2443 falsa
2873 2380 3109 2442 tantum,
3142 2370 3256 2438 sed,
3311 2377 3373 2426 ut
3422 2379 3624 2428 contra

2029 2449 2253 2500 naturae
2281 2444 2466 2513 ﬁdem,
2493 2443 2640 2498 haud
2684 2444 2952 2500 credenda
2995 2444 3250 2510 ostendit,
3280 2444 3442 2515 idque
3484 2460 3616 2499 ora-

1613 2542 1818 2601 Variaa
1867 2541 2183 2602 lectiones.

274 2639 310 2674 "
338 2638 703 2706 Interiment,
744 2639 872 2711 jam
921 2639 1100 2692 Paris.
1180 2638 1225 2672 ἰο
1254 2639 1571 2711 Servantur
1613 2640 1779 2693 Fran.
1816 2710 1819 2711 ν
1857 2639 1900 2674 ⁵ο
1930 2639 2113 2710 Impia
2157 2642 2321 2694 Fran.
2399 2640 2438 2674 ⁶¹
2472 2640 2540 2694 Et
2585 2639 2836 2695 arbitros
2882 2641 3045 2694 Fran.
3123 2640 3166 2675 ⁵³
3200 2639 3266 2697 Ν.
3301 2639 3345 2693 f.
3380 2656 3446 2695 ο.
3482 2643 3621 2694 nota

215 2714 287 2766 est
326 2716 607 2774 vestrum,
638 2716 726 2765 est
751 2709 928 2764 'fama
963 2726 1037 2764 m.
1063 2742 1131 2750 —
1161 2710 1342 2763 Paris.
1420 2709 1474 2780 53,
1496 2713 1679 2764 Famae
1711 2710 1953 2765 malum.
1987 2709 2211 2768 seinter.
2289 2712 2333 2745 5‘
2362 2712 2540 2766 Fama
2586 2717 2693 2780 est,
2742 2712 2850 2766 hoc
2900 2712 3093 2767 Romae
3143 2712 3367 2766 factum
3430 2712 3617 2766 Paris.

212 2783 340 2863 l‘jtta
369 2782 746 2863 huiic'locum
776 2781 1379 2863 emenduyit‘ﬂavercu'.
1414 2779 1713 2863 a_lii.quia
1756 2783 1991 2855 sapiens
2038 2801 2153 2839 non
2204 2784 2389 2839 credit
2436 2784 2676 2839 incerto.
2753 2784 2798 2818 ⁵⁸
2827 2783 2948 2837 Erit
2978 2786 3107 2855 Βία.
3186 2784 3227 2818 ⁵⁷
3260 2783 3360 2838 Exi
3377 2783 3621 2839 stimare

214 2854 323 2908 Par.
392 2854 435 2889 ⁵⁸
468 2854 577 2910 Illa
608 2854 749 2909 deiet
778 2855 907 2909 Par.
983 2853 1028 2888 ⁸9
1060 2853 1389 2908 Obscurant
1418 2854 1597 2908 Paris.

216 3051 509 3121 praesrtim
576 3055 895 3123 postquam
963 3050 1201 3123 Meursii
1263 3050 1557 3106 Eleusinia
1612 3051 1843 3123 notiora

214 3125 342 3177 facta
371 3128 528 3189 sunt,
566 3122 671 3193 qui
704 3124 775 3177 de
806 3122 915 3178 hoc
945 3122 1178 3178 silentio
1223 3123 1491 3193 pluribus
1521 3139 1570 3177 c.
1603 3122 1693 3193 20,
1727 3138 1842 3193 quo

214 3194 269 3266 die
297 3195 443 3250 fonte
474 3192 691 3251 omnes
741 3198 963 3266 potant.
1013 3194 1158 3250 Hinc
1208 3192 1411 3250 tritum
1443 3194 1586 3249 illud
1622 3192 1842 3248 Horatii

213 3264 291 3332 III,
320 3266 418 3323 Od.
450 3270 485 3322 ‘Z
521 3285 535 3323 :

785 3336 985 3385 Vetabo
1012 3336 1100 3385 cui
1131 3337 1335 3385 Cereris
1364 3349 1574 3385 sacrum

314 3400 550 3461 Vulgarit
584 3412 799 3449 arcanae
830 3399 927 3447 sub
963 3399 1129 3447 isdem

372 3463 447 3511 Sit
478 3462 747 3519 trabibus,
782 3461 1019 3524 fragilem
1050 3474 1257 3510 mecum

312 3523 488 3574 Solvat
522 3526 830 3587 phaselum.

209 3601 392 3675 Noster
417 3622 560 3660 vero
617 3603 825 3675 pudori
868 3602 1127 3669 ascribit,
1162 3603 1455 3675 detegens,
1490 3619 1689 3659 eorum
1744 3620 1851 3657 nu-

211 3674 419 3731 ditatem
460 3677 532 3731 ad
585 3673 860 3731 Valentia.
897 3692 946 3729 c.
982 3692 1000 3729 1
1036 3692 1047 3729 :
1078 3696 1105 3724 ‹‹
1138 3674 1280 3728 Nam
1312 3678 1370 3728 et
1401 3673 1497 3728 illa
1528 3676 1846 3745 Eleusinia,

211 3746 367 3801 basi-es
394 3755 453 3803 et
483 3747 882 3819 ipsaﬁAttica’.
932 3746 1393 3817 superstitionis,
1426 3748 1582 3815 quod
1632 3755 1846 3813 tacent,

212 3819 371 3885 pudor
416 3818 529 3873 est.
560 3842 588 3867 υ
628 3818 768 3872 ΗΑν.
804 3848 871 3858 -
905 3818 1099 3873 Patres
1150 3819 1266 3871 fere
1314 3834 1519 3873 omnes
1572 3819 1643 3873 de
1689 3819 1849 3874 hisce

208 3890 363 3944 sacris
413 3891 846 3945 meminerunt.
878 3888 1051 3943 Erant
1093 3894 1287 3944 autem
1341 3906 1509 3944 sacra
1556 3892 1744 3944 Cereri
1792 3896 1850 3945 et

210 3958 547 4034 Proserpinae
584 3963 799 4034 dicata,
825 3977 951 4034 qua:
984 3978 1017 4015 a
1049 3962 1263 4015 Μυεωο
1295 3961 1564 4015 instituta
1592 3963 1845 4034 Fuerunt,

211 4036 255 4104 et
303 4032 580 4088 celebrari
650 4032 836 4104 solitag
868 4032 942 4104 in,
977 4048 1125 4104 pago
1175 4034 1432 4104 quodam
1483 4033 1695 4087 Attidis
1746 4035 1847 4104 qui

211 4102 409 4160 Eleusis
441 4106 782 4160 dicebatur.
818 4102 892 4156 Le
927 4103 1027 4158 Pa.

265 4176 371 4247 (56)
405 4180 525 4234 Pisa)
578 4175 945 4247 initiationes.
999 4174 1343 4247 lta_Itigalt.
1396 4192 1463 4229 ex
1517 4191 1627 4229 ms.
1678 4174 1845 4229 Fuld.

210 4248 255 4298 et
280 4244 402 4302 ante
434 4248 615 4303 illum
664 4244 948 4301 Heraldus
997 4251 1055 4301 et
1088 4245 1156 4317 71a
1185 4247 1391 4311 Cerda,
1423 4247 1665 4317 ipseque
1712 4248 1848 4300 Ter-

210 4317 316 4371 tull.
348 4323 431 4375 Ad
461 4323 591 4377 Nat.
636 4320 754 4384 1,7,
786 4324 843 4371 et
873 4334 938 4372 os
969 4319 1045 4372 sit
1075 4316 1316 4381 fereum,
1351 4316 1461 4371 cor
1481 4318 1848 4388 plumbeum,

209 4390 281 4464 sui
311 4408 418 4446 non
455 4394 767 4464 probetur.
802 4388 1129 4464 Legebatur
1176 4390 1362 4460 impia:
1411 4405 1489 4464 in.
1524 4394 1662 4443 Cum
1693 4405 1846 4454 vero,

208 4459 395 4531 inquit,
446 4459 560 4537 piae
628 4459 1010 4537 initiationes.
1056 4461 1093 4514 1.
1128 4476 1176 4514 e.
1212 4459 1341 4531 qua:
1390 4462 1495 4529 pits
1543 4466 1599 4515 et
1648 4478 1848 4515 sacro-

207 4542 391 4588 sanctae
434 4534 743 4591 habentur
792 4534 943 4605 apud
966 4549 1098 4605 vos,
1133 4539 1436 4587 extraneos
1486 4541 1739 4605 arceant,
1773 4549 1844 4586 an

210 4619 301 4675 non
334 4608 517 4662 multo
561 4606 762 4675 magis
812 4604 1009 4673 impiis
1040 4604 1096 4657 id
1132 4605 1315 4657 facere
1366 4604 1653 4675 convenit,
1687 4608 1844 4658 metu

207 4674 330 4745 legis
375 4681 554 4734 etiam
617 4674 879 4731 territis?
909 4676 965 4729 in
1001 4682 1258 4730 extremo
1289 4674 1430 4730 Coll.
1483 4676 1632 4730 Mod.
1687 4676 1846 4746 legit,

210 4751 302 4800 nisi
344 4753 526 4821 impii,
563 4748 851 4821 deletos?)
880 4749 948 4808 si,
986 4764 1097 4800 non
1141 4752 1321 4812 recte;
1356 4763 1503 4821 nam
1528 4753 1584 4801 et
1615 4746 1697 4801 sic
1746 4766 1848 4821 sn-

211 4834 293 4887 pra
316 4820 623 4893 eleganter
654 4826 743 4875 est
768 4820 997 4875 locutus
1025 4836 1091 4873 ca
1118 4834 1283 4893 p.111;
1308 4820 1429 4893 nisi
1448 4820 1505 4893 si
1546 4828 1641 4872 aut
1663 4820 1852 4893 barba:

211 4908 313 4943 ram
336 4889 490 4949 sonat
522 4895 721 4962 aliqua
756 4908 861 4945 vox
909 4892 1168 4949 nominis,
1221 4899 1316 4943 aut
1364 4892 1670 4960 infaustum
1701 4907 1719 4943 :
1754 4889 1850 4944 ubi

212 4962 361 5017 etiam
417 4966 482 5018 τὸ
545 4965 597 5018 si
668 4963 1544 5033 redundatsquemadmodum
1608 4965 1664 5016 in
1728 4962 1851 5017 loco

246 5052 363 5091 uem
394 5055 462 5093 ex
512 5036 713 5093 Ovidii
761 5036 976 5089 Metam.
1014 5032 1112 5088 lib.
1146 5050 1200 5101 v,
1229 5034 1317 5103 20,
1352 5034 1596 5088 adduxit
1642 5032 1718 5087 ibi
1774 5034 1854 5089 La

277 5109 372 5163 rda

378 5153 392 5175 ’
856 5176 965 5225 Nisi
994 5176 1037 5224 si
1068 5174 1300 5224 crudelis
1331 5175 1563 5237 idipsum

371 5241 574 5304 Exigis,
611 5244 675 5289 ut
704 5245 909 5302 pereat.

212 5316 330 5390 item
362 5321 475 5374 alio
506 5337 579 5375 ex
625 5318 836 5383 Plinio,
871 5317 972 5390 qui
1019 5317 1235 5372 ibidem
1271 5318 1448 5372 videri
1482 5323 1692 5390 potest.
1728 5320 1858 5375 Mox

210 5387 255 5443 in
282 5407 381 5445 ms.
416 5391 595 5447 Fuld.
640 5393 750 5446 nisi
776 5393 827 5445 si
864 5387 1320 5445 inconsideratus.
1358 5387 1497 5445 Hav;

264 5462 367 5533 (57)
423 5464 700 5520 Omnium
753 5468 831 5519 est
887 5464 1183 5532 aestimare,
1216 5469 1322 5516 etc.
1379 5463 1439 5517 Id
1496 5462 1677 5518 teneri
1707 5460 1855 5529 vult,

211 5536 574 5601 quantumvis
634 5551 845 5606 magno
902 5538 1187 5605 apparatu
1236 5534 1502 5604 dispersa
1552 5535 1628 5589 sit
1678 5535 1855 5603 fama,

212 5607 582 5675 quantumvis
657 5605 1019 5662 asSeveretur
1093 5605 1323 5677 palam,
1394 5623 1576 5660 unum
1657 5610 1856 5661 tamen

212 5680 421 5736 tantum
472 5679 705 5736 habere
750 5683 1065 5745 auctorem,
1099 5694 1203 5734 nec
1234 5694 1439 5735 omnes
1486 5678 1618 5750 illos
1669 5679 1859 5750 magis

216 5753 510 5823 curandos,
547 5767 733 5825 quam
765 5751 814 5808 si
844 5769 1000 5809 unus
1046 5751 1340 5825 loquatur,
1373 5751 1492 5807 imo
1532 5749 1855 5824 dilatando,

524 5883 801 5946 Pusam.
846 5882 898 5946 l.

1639 2953 2154 3015 Commentariun.

1952 3052 2349 3122 immutando,
2381 3053 2729 3123 abjiciendo,
2752 3053 3041 3121 addendo,
3060 3052 3179 3108 veri
3198 3057 3288 3110 tas
3310 3053 3606 3109 amittitur

1955 3124 2140 3267 uagi?)
2198 3194 2864 3267 Traducesﬂtinguarum.
2933 3195 3016 3250 Ita
3078 3195 3376 3267 eleganter
3454 3194 3620 3251 illam

1876 3278 1918 3345 ρ
1956 3266 2246 3348 appellat,
2267 3282 2445 3348 quam
2480 3266 2701 3348 Hebraei
2732 3267 3016 3348 vocabant
3046 3268 3621 3348 alteramjinnguam,

1959 3339 2094 3393 hinc
2123 3339 2328 3393 tradux
2348 3340 2560 3407 incesti,
2585 3356 2633 3392 c.
2658 3354 2696 3405 1,
2720 3343 2778 3392 et
2801 3339 2865 3393 de
2892 3342 3215 3409 Praescript.
3241 3339 3363 3393 adv.
3396 3341 3620 3409 Haeret,

1959 3427 2008 3464 c.
2041 3411 2129 3480 3'2,
2185 3409 2457 3479 discipuli
2504 3415 2561 3464 et
2613 3426 2982 3465 successores
3036 3411 3447 3481 apostolorum
3504 3420 3619 3466 tra-

1956 3482 2115 3537 duces
2144 3489 2426 3537 vocantur
2471 3498 2673 3536 eorum
2699 3505 2725 3531 ‹‹
2759 3498 2906 3552 quos
2939 3484 3009 3537 ab
3043 3482 3331 3553 apostolis
3387 3484 3446 3536 in
3497 3482 3619 3554 epi-

1960 3558 2265 3677 Ecqpattum
2306 3554 2678 3622 constitutos,
2713 3554 3014 3626 apostolici
3050 3555 3298 3610 seminis
3348 3555 3620 3611 traduces

2003 3643 2033 3677 8.
2079 3642 2145 3677 en
2182 3669 2193 3677 .
2218 3647 2243 3674 ››

1960 3630 2193 3680 habent.
2218 3647 2243 3674 ››

2028 3698 2141 3764 (59)
2173 3703 2408 3767 Tempus
2437 3698 2625 3767 omnia
2656 3698 2903 3767 revelat,
2939 3698 3162 3752 testibus
3191 3700 3362 3753 etiam
3386 3712 3620 3767 prover-

1959 3768 2061 3822 biis
2088 3766 2311 3823 vestris.
2336 3766 2618 3838 Agellius,
2651 3766 2751 3820 lib.
2786 3785 2885 3833 x11,
2920 3784 3045 3839 cap.
3081 3786 3143 3823 ιι.
3182 3769 3338 3823 Alius
3372 3766 3617 3838 quidam

1956 3852 2214 3895 veterum
2250 3840 2781 3911 poetarum,rcujus
2827 3857 3037 3894 nomen
3092 3841 3234 3894 mihi
3293 3857 3447 3895 nunc
3494 3856 3614 3894 me-

1960 3912 2155 3966 moriis
2214 3910 2326 3967 non
2384 3918 2493 3976 est,
2560 3910 2846 3965 Veritatem
2903 3912 3176 3981 Temporis
3245 3912 3426 3979 ﬁliam
3482 3927 3614 3966 esse

1959 3983 2120 4108 dliitit.
2157 3984 2225 4038 Et
2256 3988 2397 4039 sunt
2444 3983 2503 4037 in
2552 3998 2679 4036 eam
2719 3983 3073 4037 sententiam
3125 3999 3331 4039 versus
3383 3983 3615 4056 Sopho—

1959 4071 1987 4108 c
2018 4072 2087 4108 IS.

1958 4071 2087 4110 CllS.

2030 4140 2172 4214 Πρὸς
2205 4141 2377 4214 πάντᾳ
2401 4139 2602 4214 κρύπτε
2639 4135 2826 4214 μηδὲν)
2860 4139 2932 4199 ὡς
2963 4140 3150 4214 ὁζπανθ’
3182 4140 3322 4214 ὁρᾉὼν

2030 4210 2129 4265 Kai
2161 4213 2317 4265 πάντ’
2342 4210 2574 4277 ἀκούων,
2607 4210 2763 4265 πάντ’
2794 4210 3114 4265 ἀναπτύσσει
3148 4210 3370 4287 χρόνος.
3409 4213 3536 4267 RIG.

2030 4302 2141 4373 (60)
2178 4301 2642 4357 Christianorum.
2677 4302 3012 4373 Sequuntur
3044 4302 3167 4357 loco
3208 4302 3329 4356 haec
3361 4318 3372 4356 :
3400 4323 3426 4350 «
3460 4300 3608 4373 Quid

1958 4372 2174 4427 dicitur
2216 4389 2448 4443 semper
2503 4378 2610 4440 est,
2646 4372 2785 4443 quia
2832 4375 2987 4443 quod
3039 4379 3147 4437 est,
3178 4373 3392 4429 desinit
3419 4372 3554 4427 dici.
3582 4394 3609 4421 ››

1957 4444 2306 4515 Suppeditat
2334 4462 2465 4498 vero
2501 4444 2692 4499 solum
2722 4461 2831 4498 ms.
2858 4445 3046 4511 lt‘uld.;
3072 4445 3388 4515 adscripsit
3413 4445 3609 4515 Sciop-

1959 4517 2112 4584 pius,
2146 4523 2349 4587 arguto
2384 4517 2604 4570 dictum
2658 4520 2714 4569 et
2760 4533 2953 4586 ungue
2984 4516 3331 4573 Tertulliani
3365 4517 3609 4585 dignum

1960 4587 2168 4658 Rigalt.
2230 4589 2530 4658 prmteriit,
2566 4587 2644 4641 La
2674 4587 2853 4641 Corda
2902 4590 3216 4659 improbat,
3262 4594 3319 4643 et
3367 4589 3608 4643 fatetur.

1881 4658 1923 4720 D
1959 4677 2200 4715 sensum
2237 4676 2297 4714 se
2330 4676 2442 4714 non
2487 4660 2844 4730 capere,iqui
2896 4658 3003 4713 hic
3037 4665 3232 4730 potest
3277 4676 3429 4725 esse,
3463 4659 3613 4714 illud

1962 4748 2089 4786 esse
2139 4747 2371 4802 semper
2418 4732 2571 4801 quod
2625 4729 2857 4794 dicitur,
2893 4732 2930 4786 i.
2966 4729 3410 4787 c.7(lhristianos
3459 4748 3611 4787 sem-

1963 4820 2065 4873 per
2117 4820 2219 4873 pro
2270 4802 2465 4875 impiis
2519 4802 2899 4875 baberi,rquaz
2952 4803 3252 4872 dicuntur,
3282 4804 3435 4875 quod
3480 4819 3613 4858 vero

1961 4881 2069 4947 est,
2104 4891 2215 4928 non
2249 4874 2387 4947 dici,
2420 4875 2519 4947 sed
2552 4890 2699 4927 esse.
2736 4874 2846 4929 Sed
2898 4880 2985 4929 est
3029 4876 3256 4935 insigne
3287 4874 3611 4947 sophisma.

1962 4946 2034 5001 Ut
2065 4947 2217 5015 apud
2259 4946 2707 5018 Aristophanem,
2753 4947 2810 4999 in
2860 4948 3046 5017 Ram's,
3081 4951 3200 5003 Act.
3233 4965 3285 5001 v.
3321 4946 3403 5003 sc.
3437 4964 3477 5018 1,
3513 4946 3615 5001 ubi

1964 5018 2301 5088 Euripidem
2336 5023 2531 5087 captat
2560 5016 2867 5089 fEschylus
2901 5035 2914 5074 :

2245 5106 2353 5181 Εἶτ’
2385 5103 2576 5181 ἐγένετ’
2605 5103 2757 5181 aegis
2786 5104 3123 5181 ἀθλιώτατος
3165 5107 3397 5181 βροτῶν.

2106 5179 2196 5233 ΑΙ.
2233 5178 2319 5231 Μὰ
2347 5173 2437 5229 est
2469 5178 2545 5229 Δι’
2577 5176 2637 5230 οὗ
2674 5173 2854 5245 δήπου
2885 5177 3147 5233 παύσατο.

2096 5259 2196 5307 EU.
2235 5258 2430 5307 Postea
2459 5257 2737 5306 hominum
2768 5262 2991 5319 repente
3024 5259 3125 5308 fuit
3154 5258 3503 5306 miserrimus.

2097 5321 2207 5369 ES.
2241 5324 2353 5370 Non
2383 5334 2477 5382 per
2496 5321 2680 5369 Jovem
2703 5335 2715 5368 :
2740 5333 2861 5368 nam
2895 5321 3037 5370 haud
3064 5334 3299 5384 unquam
3324 5322 3619 5449 Faisertesse

3388 5400 3480 5433 esu
3516 5422 3526 5432 .

3388 5400 3526 5433 85111..

2044 5463 2387 5535 Loquuntur
2427 5463 2496 5516 de
2527 5462 2770 5533 OEdipo.
2804 5462 3191 5535 Praeterquam
3226 5466 3381 5535 quod
3414 5479 3628 5518 sensus

1967 5534 2062 5589 hic
2094 5535 2169 5589 sit
2211 5534 2389 5588 nimis
2440 5538 2761 5589 contortus.
2799 5534 3019 5605 Itaque,
3058 5541 3190 5606 post
3240 5534 3495 5606 aliquam
3531 5550 3626 5587 co-

2006 5606 2265 5661 itationis
2325 5623 2573 5673 moram,
2626 5606 2919 5676 intrepide
2978 5605 3290 5677 prenuntio
3342 5605 3627 5677 pertinere

2006 5624 2265 5661 Italloms
2325 5624 2573 5673 moram,
2626 5624 2919 5676 intrepide
2978 5624 3290 5677 pronuntio
3342 5624 3625 5675 perimere

1967 5624 2098 5734 ﬁmo
2130 5680 2202 5735 ad
2235 5678 2337 5735 illa
2385 5696 2523 5752 quae,
2564 5680 2838 5752 superius
2862 5678 2996 5752 .boc
3045 5696 3171 5751 cap.
3204 5675 3580 5752 reperiuntur
3609 5688 3625 5731 :

1977 5771 1998 5801 ι
2036 5752 2101 5808 Et
2130 5757 2249 5809 tam
2282 5752 2383 5809 diu
2403 5745 2574 5823 'vivit,
2609 5745 2786 5825 quam
2820 5749 2921 5808 diu
2953 5767 3069 5808 non
3103 5745 3332 5823 probat.
3360 5768 3387 5798 ››
3480 5745 3624 5804 IIAV.

3226 5877 3304 5937 12
