4054 6174
436 307 560 367 363

963 304 1488 367 TERTULLIANI
1535 303 1865 365 OPEHUM
1910 303 2107 364 PARS
2149 306 2200 364 Ι.
2232 336 2311 348 -
2348 303 2622 365 SERIES
2663 305 2711 379 l,
2760 306 3324 368 APOLOGETICA.

3693 318 3797 377 364

506 439 656 493 tione
694 436 1019 491 vehementi.
1051 436 1209 491 Tollit
1250 435 1377 490 dein
1423 434 1770 505 objectiones,
1802 434 1964 503 quasi
1990 447 2083 488 re-
2112 439 2166 505 Α
2194 438 2361 490 tuum
2402 435 2572 503 satis,
2603 452 2837 492 vescere
2882 436 3153 493 libenter.
3186 438 3406 495 Interea
3454 441 3802 507 discumbens

507 515 689 564 centes
723 508 1027 563 Christiani
1064 523 1167 578 per
1212 508 1607 577 ignorantiam
1642 515 1694 561 et
1726 508 2082 576 imposluram

506 580 861 646 seducuntur,
918 595 1019 635 nec
1066 577 1258 650 postea
1314 582 1463 632 metu
1520 594 1691 649 paena;
1748 577 2090 648 proclamare

508 654 726 712 ausint;
784 668 907 705 cum
944 666 971 705 e
1014 652 1296 705 contrario
1356 650 1494 704 tales
1552 650 1683 719 sint,
1713 651 1808 720 qui
1863 652 2091 704 mortem

503 723 772 795 pudendis
800 726 1141 793 ante/erant.

511 814 580 869 Ut
610 813 783 867 ﬁdem
829 816 1050 865 natura:
1098 810 1290 881 ipsius
1341 809 1631 881 appellem
1665 809 1775 881 (61)
1810 810 2093 863 adversus

439 918 537 957 eos
569 900 669 972 qui
715 899 856 954 talia
886 900 1170 954 credenda
1202 915 1330 953 esse
1361 902 1748 971 praesumunt,
1781 913 1913 953 ecce
1961 913 2093 968 pro-

438 991 716 1061 ponimus
781 988 987 1043 borum
1072 988 1395 1044 facinorum
1476 989 1852 1053 mercedem;
1913 987 2090 1042 vitam

440 1083 715 1133 aeternam
778 1076 1214 1147 repromittunt.
1268 1076 1496 1130 Credite
1542 1077 1795 1131 interim.
1857 1075 1934 1129 De
1985 1075 2094 1129 hoc

438 1168 595 1222 enim
647 1183 866 1238 qumro,
899 1166 1051 1221 312
1086 1182 1157 1220 an
1189 1169 1246 1220 et
1279 1167 1375 1236 qui
1421 1166 1760 1234 credideris,
1795 1164 1940 1219 tanti
1988 1164 2093 1219 ba-

438 1257 579 1312 beas
610 1257 676 1311 ad
723 1272 850 1309 eam
901 1254 1006 1309 tali
1048 1254 1407 1308 conscientia
1439 1254 1755 1324 pervenire.
1790 1254 1954 1320 Veni,
1990 1254 2089 1308 de~

438 1360 637 1415 merge
667 1344 883 1399 ferrum
906 1343 1018 1413 (62)
1050 1342 1107 1397 in
1150 1343 1435 1395 infantem
1486 1341 1706 1396 nullius
1759 1342 2090 1405 inimicum,

439 1433 659 1489 nullius
708 1448 894 1497 reum,
928 1431 1195 1486 omnium
1248 1432 1432 1485 ﬁlium
1470 1430 1617 1501 (63);
1650 1430 1735 1485 vel
1769 1431 1815 1485 si
1849 1429 2091 1484 alterius

440 1522 698 1579 ofﬁcium
730 1524 839 1588 est,
872 1524 932 1574 tu
977 1521 1150 1574 modo
1191 1519 1400 1574 assiste
1432 1519 1700 1574 morienti
1733 1519 1959 1575 homini
1990 1534 2091 1572 an-

438 1616 676 1682 tequam
707 1609 852 1664 vixit
879 1608 1023 1680 (64);
1070 1608 1390 1681 fugientem
1442 1608 1701 1663 animam
1753 1624 1961 1663 novam
1994 1624 2090 1663 ex-

443 1699 732 1772 specta“,
786 1699 987 1771 excipe
1046 1699 1250 1754 rudem
1310 1698 1693 1771 sanguinem,
1756 1715 1823 1754 eo
1881 1713 2090 1770 panem

2200 524 2506 579 dinumera
2553 525 2699 590 loca,
2732 526 2831 580 ubi
2887 531 3093 594 mater,
3126 527 3223 582 ubi
3273 544 3460 597 soror;
3512 538 3639 587 nota
3683 535 3804 589 dili-

2200 618 2423 686 genter,
2475 619 2560 679 ut,
2609 630 2743 669 cum
2794 615 3049 670 tenebrae
3098 616 3405 672 ceciderint
3449 620 3675 688 caninis,
3708 639 3804 679 non

2204 718 2381 757 erres.
2428 702 2731 757 Piaculum
2794 705 2950 758 enim
3011 704 3337 771 admiseris,
3387 706 3493 762 nisi
3547 709 3806 766 incestum

2203 790 2406 845 feceris
2426 792 2494 844 εί.
2537 792 2700 846 Talia
2747 792 3016 848 initiatus
3062 798 3120 848 et
3170 795 3541 865 consignatus
3584 796 3717 853 vivis
3758 800 3808 854 in

2202 895 2408 934 aevum.
2442 879 2621 951 Cupio
2671 881 3051 952 respondeas,
3101 883 3149 936 si
3202 882 3346 936 tanti
3393 884 3687 955 aeternitas,
3726 892 3813 942 aut

2203 967 2252 1022 si
2311 985 2448 1033 non,
2491 968 2621 1022 ideo
2682 986 2786 1025 nec
2844 970 3154 1024 credenda.
3214 971 3452 1025 Etiamsi
3508 974 3809 1044 credideris,

2203 1073 2349 1127 nego
2405 1062 2462 1112 te
2519 1056 2695 1125 velle;
2755 1058 2983 1113 etiamsi
3036 1058 3312 1125 volueris,
3345 1075 3488 1131 nego
3538 1066 3592 1115 te
3644 1078 3808 1131 posse.

2201 1155 2316 1209 Cur
2359 1170 2495 1225 ergo
2552 1154 2651 1209 alii
2714 1155 2960 1226 possint,
2995 1155 3044 1210 si
3101 1173 3200 1211 vos
3262 1173 3372 1211 non
3424 1157 3813 1227 potestis?Cur

2204 1261 2319 1297 non
2361 1243 2621 1314 possitis,
2654 1244 2701 1299 si
2737 1245 2833 1298 alii
2886 1244 3176 1316 possunt?
3224 1245 3352 1299 Alia
3399 1262 3503 1300 nos
3522 1247 3584 1314 ⁸³,
3613 1247 3810 1318 opinor,

2200 1337 2439 1399 natura;
2490 1349 2801 1404 cynopzene
2820 1334 2865 1369 ⁸³
2893 1334 3012 1404 (65)
3061 1339 3162 1388 aut
3212 1335 3678 1406 scapiodes(66)?
3718 1335 3813 1391 Alii

2200 1422 2437 1477 ordines
2490 1422 2916 1494 dentium(67),
2950 1422 3045 1477 alii
3090 1424 3161 1478 ad
3214 1423 3494 1479 incestam
3543 1423 3811 1479 libidinem

2204 1510 2402 1566 nervi?
2434 1511 2579 1577 Quid
2617 1512 2729 1566 ista
2751 1512 2942 1567 credis
2976 1513 3046 1567 de
3077 1511 3335 1580 homine,
3364 1517 3525 1584 potes
3554 1517 3607 1568 et
3635 1514 3814 1568 facere.

2202 1609 2385 1664 Homo
2417 1625 2477 1664 es
2503 1612 2560 1664 et
2580 1608 2729 1680 ipse,
2753 1610 2905 1680 quod
2931 1613 2986 1664 et
3007 1608 3397 1665 Christianus.
3424 1609 3528 1675 Qui
3552 1626 3656 1665 non
3678 1614 3818 1682 potes

2202 1698 2414 1766 facere,
2462 1714 2578 1753 non
2624 1699 2778 1754 3l8
2827 1698 3004 1755 debes
3055 1700 3307 1755 credere.
3338 1703 3519 1755 Homo
3561 1703 3645 1755 est
3686 1699 3821 1755 enim

1866 1798 2072 1859 Variae
2114 1796 2437 1857 lectiones.

511 1894 557 1968 ⁸9
587 1894 797 1968 Specta
824 1894 1014 1968 Paris.
1067 1893 1133 1968 fi
1164 1892 1465 1968 Piaculum
1498 1894 1657 1949 enim
1707 1894 1822 1950 nisi
1872 1894 2159 1951 incestum
2191 1892 2397 1949 feceris
2448 1894 2528 1950 vel
2575 1892 2888 1950 admiseris
2914 1895 3113 1965 conjic.
3148 1896 3498 1968 Havercamp.
3571 1896 3615 1932 ⁸³
3647 1894 3819 1952 Wouw.

441 1967 487 2003 ⁸³
516 1964 789 2039 Cyclopes
823 1966 1021 2022 Wouw.
1057 1964 1441 2039 Cynophanes
1472 1968 1639 2022 Fran.

1883 2061 2403 2123 Commentarius.

1883 2082 2403 2125 uommemanus.

514 2159 625 2232 (61)
654 2160 722 2233 _Ut
754 2159 913 2229 ﬁdem
952 2165 1179 2233 natura:
1219 2160 1398 2233 ipsius
1444 2159 1734 2231 appellem.
1769 2162 2086 2230 Postquam
2120 2164 2164 2229 Β
2196 2161 2393 2233 autem
2442 2155 2586 2233 sive
2612 2160 2874 2233 Cynopae,
2924 2162 3064 2215 sunt
3111 2159 3558 2233 Cynocephali,
3582 2156 3823 2233 homines

442 2230 663 2287 rumOri
696 2248 841 2286 vano
871 2236 929 2285 st
959 2230 1281 2302 saepissime
1329 2230 1619 2287 falso’non
1670 2248 1798 2286 esse
1847 2233 2088 2287 creden-

443 2306 583 2359 dum
616 2303 1056 2366 demonstravit,
1081 2309 1325 2358 conatur
1345 2319 1413 2357 ex
1441 2303 1570 2373 ipsa
1592 2303 1850 2357 hominis
1883 2304 2107 2357 natura

444 2377 650 2430 docere
681 2375 737 2429 id
771 2376 919 2443 quod
947 2374 1061 2428 illis
1086 2381 1148 2428 ut
1168 2375 1389 2446 crimen
1422 2375 1745 2446 imponitur
1774 2376 1832 2429 in
1860 2375 2087 2430 nullum

443 2446 743 2503 hominem
776 2449 981 2501 cadere
1013 2463 1203 2517 posse.
1238 2445 1378 2501 Hav.

517 2518 628 2589 (62)
666 2520 813 2587 Veni,
871 2514 1119 2588 demerge
1170 2524 1405 2589 ferrum.
1461 2520 1637 2589 Hanc,
1677 2514 1842 2587 quasi
1902 2514 2089 2589 legem

446 2588 865 2643 christianismi
908 2590 1199 2661 pr0ponit,
1231 2605 1348 2660 qua
1397 2588 1721 2661 initiandus
1752 2590 1878 2658 ejus
1909 2588 2091 2661 sacris

444 2662 881 2732 praformatur;
909 2659 1226 2731 demergere
1253 2659 1465 2730 ferrum
1493 2659 1639 2714 dixit
1666 2664 1934 2730 respectu
1966 2659 2091 2713 vul-

447 2748 676 2798 nerum,
709 2748 836 2803 quas
857 2734 1078 2787 acubus
1108 2732 1233 2787 ﬁeri
1253 2732 1689 2787 arbitrabantur
1715 2732 1773 2786 in
1807 2732 2090 2786 infantem

447 2821 558 2876 per,
579 2803 751 2876 farris
780 2804 1149 2875 superﬁciem
1182 2803 1509 2875 impressis.
1542 2803 1683 2876 Hav.

518 2875 628 2946 (63)
661 2878 921 2934 Omnium
951 2876 1150 2946 ﬁlium.
1175 2880 1254 2930 Ex
1283 2875 1581 2930 communi
1613 2876 1831 2946 incerto
1864 2876 2089 2946 natum.

447 2945 751 3019 _Di_scs__sx
814 2946 1165 3019 Epiphanio,
1221 2947 1286 3001 de
1344 2947 1625 3019 Gnostz'cis,
1685 2945 1899 3019 Haeres.
1955 2945 2025 2998 26
2076 2960 2088 3000 :

447 3015 568 3093 Ἐᾂν
629 3012 685 3070 δὲ
740 3018 826 3093 καὶ
863 3012 1181 3093 ’προληφθῇ
1238 3039 1353 3093 τιςᾼ
1382 3017 1582 3093 αὐτῶν,
1611 3012 1739 3093 Ἑῑρ.
1772 3038 1799 3065 ‹‹
1838 3016 1899 3093 Si
1958 3032 2091 3093 vero

446 3090 626 3161 etiam
670 3090 804 3160 quis
856 3088 1297 3161 praeoccupatus
1329 3090 1521 3157 fuerit,
1573 3094 1639 3142 ut
1684 3088 2091 3161 immitat_de-

437 3160 759 3230 jectionem
812 3161 1079 3215 defluxus
1128 3159 1432 3225 naturalis,
1467 3167 1522 3214 et
1579 3176 1885 3230 praegnans
1942 3159 2094 3213 facta

450 3230 626 3285 fuerit
676 3230 906 3303 mulier,
958 3233 1097 3303 quid
1146 3232 1380 3302 gravius
1429 3247 1493 3287 ac
1544 3230 1886 3303 horribilius
1937 3230 2091 3285 desi-

451 3306 631 3372 gnent
681 3302 849 3366 tales,
891 3302 1056 3369 audi;
1107 3303 1429 3357 detractum
1478 3302 1632 3356 enim
1694 3302 1896 3355 fmtum
1948 3318 2091 3372 quo-

450 3389 684 3445 cunque
713 3374 951 3428 tandem
1000 3385 1261 3444 tempore
1290 3375 1345 3427 id
1382 3374 1654 3445 aggressi
1673 3372 1907 3438 fuerint,
1941 3374 2089 3428 acci-

449 3444 639 3515 piunt,
670 3451 727 3500 et
754 3445 813 3499 in
856 3443 1134 3501 mortario
1175 3443 1438 3515 quodam
1464 3443 1697 3513 Vpistillo
1726 3446 2001 3511 tundunt,
2035 3449 2092 3499 et

2200 2227 2785 2303 caninisgcapitibus,’
2809 2231 2879 2284 de
2910 2232 3127 2303 quibus
3153 2227 3224 2288 ex
3254 2227 3472 2287 Indicis
3504 2230 3690 2285 Clssizs
3720 2227 3821 2303 Pli-

2202 2302 2357 2375 nius,
2404 2300 2504 2375 lib.
2536 2318 2807 2375 v_I_I,cap.
2840 2300 3132 2373 2;'atque
3185 2305 3278 2359 his
3330 2300 3821 2375 subjungitetiam

2199 2373 2533 2442 Sciapodas.
2568 2372 2765 2427 Habet
2792 2380 2988 2428 autem
3021 2372 3490 2431 Tertullianusa
3521 2372 3695 2427 Plinio
3724 2386 3821 2424 non

2199 2461 2403 2517 pauca.
2429 2446 2798 2517 Augustinus
2829 2463 3082 2517 quoque,
3110 2448 3212 2502 lib.
3240 2464 3336 2501 xvr
3368 2448 3433 2501 de
3456 2448 3691 2502 Civitate
3720 2442 3820 2517 Dei,

2201 2513 2328 2590 cap.
2362 2516 2423 2590 8,Δ
2450 2513 2765 2590 Sciapo‘das
2816 2513 3099 2585 recenset,
3129 2524 3185 2573 et
3233 2535 3369 2573 mox
3398 2513 3821 2590 Cynocephalqsf

2200 2584 2539 2661 Notandum
2569 2584 2779 2661 obiter,
2811 2590 2963 2659 quod
3007 2584 3165 2661 idem
3216 2584 3580 2661 Augustinus
3608 2584 3825 2642 tradidit

2201 2658 2543 2733 hujusmodi
2576 2658 2903 2733 hominum,
2935 2660 3021 2733 vel
3054 2662 3225 2733 quasi
3275 2658 3584 2717 hominum
3617 2673 3823 2733 genere,

2202 2732 2259 2784 in
2280 2729 2577 2804 maritima
2599 2730 2787 2801 platea
2807 2729 3443 2804 Carthaginis,musivo
3472 2729 3824 2804 pictail‘uisse,

2201 2818 2268 2876 βξ
2298 2801 2482 2876 ὶὶὺῐῇἱε,
2514 2798 2737 2876 ρῐῖρεθ
2784 2805 2884 2874 ait,
2918 2798 3266 2876 depromptu
3291 2805 3385 2861 vel
3428 2798 3491 2860 ut
3519 2798 3825 2859 curiosioris

2203 2873 2474 2927 historiae.
2514 2872 2641 2927 Pas.

2274 2943 2716 3020 (66)‘S_ciapo_des.
2772 2943 3017 3020 Plinius,
3067 2944 3169 3020 lib.
3219 2962 3323 3014 v11,
3352 2962 3504 3020 (cap.
3534 2945 3568 2998 2
3602 2959 3615 2998 :
3644 2945 3826 3020 «_Eos:

2200 3015 2333 3069 dem
2375 3014 2685 3085 Sciap'odes
2714 3017 2929 3086 vocari,
2962 3018 3117 3087 quod
3150 3016 3207 3070 in
3242 3014 3466 3087 majore
3509 3020 3649 3070 aestu
3679 3014 3826 3087 humi

2194 3088 2459 3161 jacentes
2489 3083 2682 3161 supini
2720 3083 2943 3161 umbra,
2968 3083 3026 3143 se
3072 3089 3287 3161 pedum
3323 3083 3649 3161 protegant.
3674 3108 3699 3133 ››
3728 3083 3826 3161 Hs-

2202 3152 2436 3234 sychius
2472 3152 2820 3234 :_Eitoino$sq
2850 3158 2901 3211 οἱ
2927 3156 2977 3234 ἐγ
3011 3152 3185 3234 Λιόᾦῃ
3230 3152 3462 3234 πλᾷτεῖς
3494 3152 3691 3234 “Exaudi
3717 3152 3828 3213 τοὺς

2200 3224 2367 3287 τέὸδας
2426 3227 2511 3280 καὶ
2581 3233 2796 3282 ποιοῦσι
2865 3229 3015 3283 σκιὰν
3083 3224 3266 3293 aia-toi:
3331 3231 3383 3286 ἐν
3451 3224 3826 3303 τῷ”κατ5ματι.

2205 3300 2571 3374 «Sciapodes
2595 3301 2889 3374 (populiin
2922 3303 3118 3374 Libya,
3144 3303 3431 3359 habentes
3463 3300 3609 3358 latas
3633 3301 3824 3371 pedum

2201 3371 2453 3443 plantas,
2484 3376 2540 3425 et
2590 3371 2660 3427 iis
2683 3371 2976 3428 iumbram
3020 3371 3131 3428 sibi
3163 3376 3221 3428 in
3253 3376 3448 3431 calore
3498 3374 3777 3443 facientes.
3802 3388 3820 3414 ι

2203 3437 2279 3518 De
2310 3437 2516 3518 iisdem
2566 3445 2898 3518 stephanus
2948 3446 3261 3518 Byzantius
3297 3465 3311 3502 :
3349 3442 3680 3518 Excdno8§c,_
3697 3437 3830 3503 ἔθνος

451 3512 717 3599 admisto
737 3515 907 3571 melle
936 3512 1254 3599 st-piper—e,
1290 3522 1346 3572 et
1394 3512 1525 3599 aliis
1577 3517 1933 3586 quibusdam
1965 3533 2087 3597 aro-

2207 3513 2547 3599 Αἶθιφπικὸγ,
2599 3512 2681 3574 the
2723 3512 3033 3599 'Ex'a‘t‘r‘aioc'.
3066 3515 3115 3570 ἐν
3165 3520 3498 3591 περιηγήσεε
3554 3512 3829 3598 [tivam-ros.

452 3587 627 3642 matis
670 3593 727 3642 et
768 3587 1112 3659 unguenlis,
1136 3589 1206 3643 ad
1256 3588 1629 3643 avertendam
1680 3605 1980 3657 nauseam,
2010 3589 2095 3643 sic

450 3659 784 3731 congregati
844 3676 1067 3731 omnes,
1119 3676 1422 3730 porcorum
1485 3676 1551 3731 ac
1608 3675 1817 3713 canum
1882 3660 2089 3714 horum

447 3730 698 3804 sodales,
744 3732 1054 3804 participes
1106 3733 1254 3786 ﬁunt
1302 3730 1530 3787 contusi
1565 3732 1751 3801 pueri,
1785 3735 1960 3802 atque
2008 3732 2091 3785 sic

434 3800 718 3875 humana:
750 3800 1091 3859 Carnis'esu
1138 3800 1696 3875 psracto,idsinceps
1728 3800 1926 3872 preces
1959 3804 2088 3856 fun-

436 3873 592 3928 dunt
624 3876 692 3929 ad
727 3879 930 3930 Deum.
967 3873 1149 3938 Quod
1185 3892 1301 3931 non
1348 3874 1588 3928 illusum
1638 3879 1728 3929 est
1774 3875 1965 3940 nobis,
2000 3876 2088 3929 in-

474 3945 666 4019 uiunt,
702 3946 1025 4019 aiprincipe
1065 3946 1563 4019 concupiscentia,
1598 3947 1699 4001 sed
1744 3944 2115 4018 collegimus.

428 3962 666 4071 gumnt,
702 3963 735 4001 a
768 3964 1025 4018 principe
1065 3963 1189 4001 cont

470 4016 706 4073 elictum
741 4018 958 4073 fratris.
986 4041 1012 4067 ››
1045 4022 1189 4073 ΗΑν.

498 4088 610 4160 (64)
674 4091 925 4145 Morienti
990 4090 1207 4145 homini
1271 4092 1563 4158 antequam
1635 4088 1795 4142 visit.
1876 4088 2088 4144 Crebra

425 4160 562 4286 Elge,
632 4166 824 4229 acuta,
885 4162 1084 4230 instat,
1147 4167 1335 4232 urget.
1395 4160 1671 4214 Lucanus
1733 4176 1963 4231 quoque
2021 4178 2082 4230 ll,

547 4347 776 4421 Crimine
807 4362 914 4421 quo
943 4349 1094 4421 parvi
1124 4346 1327 4397 caedem
1359 4349 1582 4418 potuere
1612 4346 1849 4395 mereri?

547 4408 650 4458 Sed
678 4411 808 4459 satis
824 4408 918 4460 ‘est
940 4408 1051 4474 jam
1086 4424 1241 4472 posse
1275 4409 1433 4458 mori.

425 4513 491 4588 _ln
524 4529 810 4588 marmore
859 4518 1122 4588 antiquo,
1157 4517 1255 4571 ubi
1289 4532 1438 4571 anus
1470 4518 1526 4570 et
1556 4514 1786 4585 pueruli
1834 4515 2081 4570 deﬂetur

422 4584 624 4653 lunus,
656 4586 777 4641 haec
809 4594 897 4642 est
926 4584 1194 4644 clausula
1226 4604 1239 4641 :

542 4701 639 4765 Vix
670 4702 842 4751 lucem
877 4705 1073 4753 vidisse
1104 4706 1249 4762 satis,
1280 4703 1373 4765 qui
1400 4703 1581 4750 vivere
1611 4706 1808 4763 posset,

546 4764 737 4815 Vivere
771 4780 890 4830 quae
922 4768 1101 4829 nollet,
1133 4769 1213 4815 vix
1247 4764 1482 4829 potuisse
1514 4766 1667 4814 mori.

420 4871 535 4955 Nec
566 4871 738 4955 longe
778 4873 897 4928 abit
927 4875 1053 4929 dira
1098 4874 1245 4955 Jobi
1281 4871 1646 4955 imprecatio,
1678 4888 1735 4937 x,
1770 4872 1835 4927 18
1866 4876 1922 4954 et
1954 4874 2021 4926 19
2055 4890 2067 4929 :
2101 4891 2148 4955 D

421 4943 563 5016 («Ex
603 4949 767 5000 utero
814 4963 918 5000 cur
975 4964 1066 5001 me
1125 4945 1469 5016 protulisti?
1529 4944 1751 4998 utinam
1811 4945 2067 4999 animam

417 5014 734 5080 efﬂassem,
777 5034 881 5073 nec
929 5014 1139 5073 oculus
1183 5034 1272 5072 me
1328 5016 1597 5071 vidisset!
1658 5033 1849 5071 essem
1901 5018 2068 5086 quasi

416 5103 532 5160 non
570 5086 833 5152 fuissem,
869 5106 936 5143 ex
991 5094 1154 5145 utero
1193 5090 1401 5146 matris
1454 5087 1803 5160 migrassem
1853 5091 1920 5141 ed
1975 5105 2069 5144 se-

414 5158 708 5228 pulcrum.
744 5182 770 5207 »
804 5161 943 5216 HAV.

488 5230 600 5301 (65)
634 5231 957 5304 Cynopzne.
1018 5238 1223 5305 Magno
1281 5245 1573 5305 consensu
1634 5227 1765 5305 libri
1824 5233 2066 5285 veteres.

414 5298 835 5378 Qynopen'ne':
898 5322 1000 5377 pro
1059 5298 1400 5378 Cfnopsene,
1450 5302 1518 5378 id,
1567 5305 1655 5378 est
1707 5302 2067 5378 Cynopesne.

414 5373 678 5445 Cynopes
737 5371 1528 5450 Tertulliano'Cynopre,__ut
1579 5371 1792 5450 Sirenas
1815 5389 1899 5450 np.
1941 5374 2064 5435 308.

410 5442 476 5512 νζ
503 5442 915 5505 eet—Amazonas
968 5450 1005 5503 i.
1041 5451 1112 5515 ll,
1165 5442 1373 5503 advers.
1410 5445 1575 5498 Marc.
1627 5442 1663 5497 l.
1700 5459 1774 5497 ιν.
1809 5444 2068 5515 Cynopes

2206 3610 2232 3636 ‹‹
2267 3587 2599 3660 Sciapodes,
2632 3604 2776 3660 gens
2811 3587 3127 3660 Ethiopica,
3162 3583 3549 3645 ut'Hecateus
3579 3583 3646 3642 in'
3671 3583 3831 3658 peris-

2202 3658 2325 3730 gesi
2357 3658 2606 3730 ngypti.
2635 3657 2662 3708 >3
2696 3657 2834 3712 ΗΑν.

2278 3675 2325 3712 ει
2357 3674 2422 3711 At
2507 3674 2606 3728 pti.
2635 3681 2662 3708 »
2696 3674 2834 3712 mw.

2270 3730 2381 3800 (67)
2413 3674 2533 3784 Agyii
2576 3730 2798 3785 ordines
2853 3729 3118 3786 dentiam.
3154 3731 3335 3795 Quasi
3388 3733 3672 3788 dracones
3708 3723 3835 3781 Cad-

2200 3802 2349 3856 masi.
2378 3800 2540 3855 Ovid.
2574 3802 2787 3856 Metam.
2821 3801 2923 3854 lib.
2956 3818 3039 3872 HI,
3073 3803 3131 3856 in
3166 3804 3419 3875 princip.
3451 3820 3464 3857 :

2692 3898 2906 3956 Triplici
2939 3902 3082 3948 stant
3111 3900 3300 3950 ordine
3334 3903 3552 3949 dentes.

2198 3987 2360 4042 Idem
2392 4002 2525 4042 vero
2557 3986 2701 4042 dicit
2743 3988 2898 4057 quod
2942 3988 3197 4056 Solinus,
3231 4006 3280 4044 c.
3314 3990 3407 4057 51,
3442 3991 3513 4043 de
3544 3986 3727 4057 capite
3751 3995 3835 4057 ca-

2199 4062 2336 4113 nino
2369 4058 2627 4129 praeditis
2662 4076 2673 4113 :
2700 4054 3191 4132 «(Megasthenss'
3220 4078 3323 4132 per
3369 4054 3634 4132 diversos
3662 4054 3836 4132 ‘lndiis

2199 4136 2428 4185 montes
2458 4130 2825 4204 essescribit
2852 4132 3116 4204 nationes
3147 4129 3445 4204 capitibus
3481 4129 3724 4204 caninis,
3754 4142 3837 4179 δι’·

2196 4206 2384 4257 metas
2416 4202 2733 4273 unguibus,
2758 4203 3001 4258 amictae
3036 4200 3247 4259 vestitu
3285 4210 3615 4273 tergorum,
3640 4200 3709 4255 ad
3738 4212 3841 4251 ser-

2195 4289 2426 4328 monem
2477 4273 2800 4328 humanum
2835 4274 2997 4329 nulla
3029 4292 3187 4341 voce,
3221 4277 3326 4331 sed
3378 4273 3696 4331 latratibus
3724 4274 3839 4323 tan-

2190 4350 2315 4399 tum
2349 4351 2645 4412 sonantes,
2670 4347 2894 4415 asperis
2927 4347 3243 4403 rictibus.»
3276 4348 3368 4401 Ita
3400 4349 3563 4403 enim
3596 4344 3841 4415 Solinum

2191 4416 2501 4481 scripsisse
2550 4412 3004 4490 contendo,_non
3065 4426 3126 4471 ut
3175 4420 3462 4475 emendat
3508 4412 3843 4490 Salmasiup.

2188 4490 2409 4556 ritibus,
2444 4492 2583 4542 sunt
2625 4488 2782 4543 enim
2834 4487 2948 4543 alia
3000 4490 3228 4545 catellis
3276 4483 3844 4551 Melitensibus,alia

2190 4558 2462 4615 molossis
2493 4576 2612 4614 ora.
2646 4559 2985 4615 Clarissima
3015 4561 3320 4617 Lucretius
3349 4579 3415 4619 v.
3454 4563 3595 4618 1062
3630 4578 3643 4615 :

2278 4658 2718 4724 inritatacanum
2749 4671 2868 4706 cum
2902 4660 3133 4724 primum
3165 4674 3362 4724 magna
3401 4664 3700 4709 molossum

2276 4720 2456 4768 Mollia
2485 4720 2615 4768 ricta
2648 4719 2917 4782 fremunt;
2938 4722 3101 4770 duros
3134 4719 3401 4771 nudantia
3434 4724 3629 4771 dentes
3661 4734 3674 4768 :

2276 4785 2452 4843 Longe
2483 4782 2587 4830 alio
2618 4783 2797 4831 sonitu
2832 4784 2978 4833 rabie
3008 4785 3246 4835 districta
3277 4787 3571 4833 minantur
3604 4798 3617 4831 :

2274 4847 2336 4894 Et
2363 4859 2526 4909 quum
2550 4846 2660 4908 jam
2692 4845 2911 4908 latrant,
2943 4852 2995 4895 et
3026 4851 3246 4897 vocibus
3276 4850 3467 4898 omnia
3499 4844 3787 4908 complent.

2181 4942 2375 4998 Mollia
2418 4943 2557 4997 ricta
2610 4942 2873 5016 Lucretio
2928 4944 3204 4999 dicuntur
3261 4952 3535 5016 respectu
3597 4943 3746 4995 cutis
3791 4937 3844 5016 et

2183 5016 2374 5096 carnis
2406 5031 2531 5096 qua":
2564 5030 2664 5096 ora
2694 5014 3088 5096 molossorum
3124 5012 3432 5096 tegu‘ntfsi
3470 5026 3681 5087 tangas
3714 5012 3845 5096 sunt

2183 5085 2565 5160 mollissimae,
2606 5089 2664 5138 at
2692 5089 2905 5160 (raperis
2934 5085 3269 5160 riclibus(a)
3302 5089 3547 5143 Solinus
3582 5085 3839 5160 respectu

2181 5160 2468 5214 dentium.
2518 5157 2849 5231 ln__eodem_
2893 5157 3017 5213 loco
3078 5157 3589 5231 apud’Solinum,
3615 5157 3713 5212 ubi
3765 5157 3843 5231 er

2184 5231 2475 5285 maximus
2507 5226 2672 5281 valde
2720 5228 2887 5282 anxie
2931 5226 3219 5297 versatur,
3270 5249 3383 5287 non
3445 5226 3679 5297 dubito,
3712 5226 3843 5295 quin

2183 5303 2259 5355 sit
2290 5300 2597 5374 legendum
2628 5315 2640 5351 :
2676 5302 2914 5374 amictus
2948 5307 3142 5357 vestitu
3171 5305 3403 5374 tigrium
3425 5302 3517 5356 vel
3550 5298 3844 5373 panthera-

2180 5370 2451 5498 rulquid
2510 5375 2600 5424 est
2650 5370 2841 5440 enim,
2898 5376 3047 5441 quod
3110 5370 3334 5431 Plinius
3389 5370 3560 5429 dicit
3598 5375 3845 5444 ferarum

2182 5461 2241 5498 ne
2289 5461 2364 5498 ϐε.

2178 5446 2364 5514 pelles.

472 5572 544 5631 (ιι)
576 5571 769 5637 Mirum
795 5576 1057 5637 quantum
1088 5573 1354 5637 facillimis
1386 5572 1441 5620 in
1474 5568 1633 5637 rebus
1663 5567 1928 5637 desudent
1958 5567 2763 5637 quandoquecommentatures
2794 5572 3110 5637 cum__rictus
3147 5574 3321 5637 asperi
3349 5571 3492 5637 nihil
3541 5571 3658 5620 sint
3704 5560 3846 5637 aliud

410 5648 574 5701 quam
608 5630 850 5701 ingratiis
879 5638 1097 5700 quidam
1141 5635 1354 5696 ridendi
1408 5632 1602 5682 modus
1636 5630 1722 5679 vel
1753 5645 1939 5694 parum
1972 5630 2211 5684 liberalis
2234 5632 2341 5681 oris
2371 5630 2680 5689 contractio,
2716 5633 2768 5679 et
2796 5633 3035 5685 vestibus
3083 5630 3356 5701 tergorum
3407 5634 3562 5685 idem
3602 5633 3760 5683 sonet
3785 5640 3843 5677 ac

411 5694 653 5756 pellium.
666 5694 825 5749 'Enrr.
