4054 6174
236 313 330 374 365
1280 286 1876 353 APOLOGETICUS
1919 285 2109 347 ADV.
2152 281 2485 345 GENTES.

238 436 650 500 etChi-istianus,
684 434 743 487 et
779 429 932 502 quod
991 430 1050 483 et
1094 429 1185 482 tu.
1241 425 1348 479 Sed
1412 421 1828 495 ignorantibus
1856 424 1913 493 Α

238 527 506 600 subjecitur
552 526 609 578 et
656 518 1002 591 imponitur.
1042 513 1199 571 Nihil
1233 513 1387 569 enim
1421 511 1536 566 tale
1568 511 1638 565 de
1667 508 1831 600 Chri-

237 599 402 677 stianis
430 609 743 669 asseverari
790 607 1077 672 sciebant,
1132 602 1559 660 observandum
1611 599 1833 669 unique

237 708 320 764 sibi
345 711 392 761 et
417 701 567 758 omni
600 697 904 771 vigilantia
940 693 1442 764 investigandum.
1475 690 1694 760 Atquin
1738 704 1835 742 vo-

234 795 445 853 lentibus
491 789 715 845 initiari
766 786 942 841 moris
992 786 1102 850 θεὲ,
1158 781 1386 853 opinor,
1422 779 1580 850 prius
1611 781 1836 849 patrem

234 886 365 940 illum
395 893 687 935 sacrorum
722 874 837 947 (68)
868 873 1051 937 adire,
1083 876 1229 942 ’qus:
1280 867 1673 940 ppaaparanrla
1720 865 1840 920 sint

232 972 515 1029 describere
546 966 678 1037 (69).
712 965 862 1019 Tum
896 962 993 1016 ille
1028 978 1039 1014 :
1076 960 1273 1015 Infans
1306 957 1409 1012 tibi
1446 956 1838 1021 necessarius,

232 1062 389 1119 adhuc
417 1064 596 1123 tener,
630 1054 731 1126 qui
764 1051 987 1107 nesciat
1020 1054 1290 1115 mortem,
1343 1046 1441 1117 qui
1494 1045 1604 1100 sub
1654 1045 1839 1099 cultro

229 1158 306 1205 tuo
336 1149 509 1202 rideat
542 1163 555 1199 :
586 1144 727 1198 item
761 1140 948 1210 panis,
982 1154 1096 1210 quo
1119 1135 1428 1208 sanguinis
1451 1134 1839 1205 jurulentiam

229 1237 430 1308 colligas
472 1235 553 1301 5‘;
606 1235 888 1304 praeterea
954 1226 1307 1282 candelabra
1356 1230 1414 1279 et
1458 1222 1734 1287 lucernis,
1785 1226 1844 1277 et

227 1342 370 1384 canes
413 1322 593 1394 aliqui
642 1325 701 1375 et
746 1317 957 1385 offulae,
1007 1333 1133 1388 qua;
1176 1313 1310 1368 illos
1359 1313 1428 1367 ad
1482 1312 1842 1367 eversionem

226 1416 477 1471 luminum
506 1410 831 1466 extendant
859 1407 993 1478 (70),
1044 1408 1177 1459 ante
1227 1402 1426 1458 omnia
1474 1418 1604 1456 cum
1660 1405 1845 1455 matre

227 1511 271 1560 et
311 1518 490 1558 sorore
539 1506 644 1554 tua
686 1497 883 1551 venire
930 1492 1190 1549 debebis.
1224 1492 1396 1558 Quid,
1431 1491 1477 1545 si
1526 1489 1843 1554 noluerint,

227 1595 296 1648 vel
326 1591 482 1646 nulla;
531 1584 753 1643 fuerit?
803 1585 949 1649 Quid
1005 1582 1255 1653 denique
1304 1578 1632 1651 singulares
1682 1577 1843 1634 Chri-

225 1680 413 1737 stiani?
457 1682 585 1732 Non
634 1675 769 1742 erit,
817 1672 1047 1745 opinor,
1100 1670 1402 1741 legitimus
1449 1667 1842 1735 Christianus,

225 1770 314 1825 nisi
359 1769 531 1822 frater
579 1769 683 1821 aut
732 1762 911 1817 filius.
962 1759 1108 1824 Quid
1158 1776 1335 1824 nunc,
1384 1761 1443 1812 et
1490 1758 1602 1811 ista
1651 1755 1848 1811 omnia

223 1856 413 1929 ignaris
439 1856 848 1927 praeparantur
874 1852 896 1906 ἓ
925 1850 1090 1905 Certe
1121 1857 1323 1920 postea
1353 1849 1737 1919 cognoscunt,
1790 1848 1847 1899 et

225 1947 487 2001 sustinent
545 1949 603 1998 et
650 1942 987 2014 ignoscunt.
1030 1938 1260 1993 Timent
1281 1936 1473 2007 plecti,
1504 1935 1605 2006 qui
1636 1934 1683 1989 si
1719 1950 1847 2005 pro-

234 2038 470 2101 clament,
548 2030 783 2087 defendi
843 2026 1243 2096 merebuntur,
1299 2026 1399 2097 qui
1458 2025 1633 2079 etiam
1695 2023 1847 2078 ultro

230 2122 388 2195 perire
434 2120 667 2188 malint,
719 2133 895 2189 quam
948 2116 1054 2171 sub
1104 2114 1205 2170 tali
1251 2113 1607 2169 conscientia
1638 2111 1842 2167 vivere.

227 2215 324 2283 Age
351 2228 502 2267 nunc
534 2209 919 2272 timeant,cur
949 2205 1124 2260 etiam
1157 2202 1721 2275 perseverant?314
1750 2205 1849 2255 Se-

224 2300 394 2370 quitur
422 2300 606 2366 enim,
630 2313 703 2352 ne
735 2295 890 2350 ultra
916 2293 1060 2349 velis
1088 2293 1147 2348 id
1177 2299 1233 2348 te
1264 2292 1574 2362 esse,quod
1607 2289 1657 2347 si
1688 2288 1849 2361 prius

219 2389 428 2461 scisses,
459 2404 584 2444 non
621 2384 864 2441 fuisses.

3462 283 3591 347 366

2586 416 2818 475 CAPUT
2848 419 2940 475 IX.

1942 561 2479 632 AaeuusufrUM.—
2508 563 2579 615 At
2608 576 2737 615 vera
2779 570 2978 617 cuncta
3015 562 3115 616 illa
3156 562 3415 632 crimina,
3467 576 3591 632 qua:

2014 630 2155 702 falso
2189 630 2517 685 Christianis
2543 632 2905 700 objiciuntur,
2936 650 3064 687 vera
3093 634 3151 687 in
3185 631 3445 687 Gentibus
3475 630 3588 687 ἀο-

2015 702 2356 756 cusatoribus
2384 702 2741 772 deprehendi;
2761 705 2909 775 apud
2938 705 3068 760 illos
3095 705 3368 775 sacriﬁcia
3399 703 3594 759 huma-

2014 790 2109 837 na,
2143 777 2195 827 et
2222 776 2355 828 otim
2382 777 2441 827 in
2471 783 2679 845 aperto,
2714 780 2767 830 et
2794 774 2943 830 nunc
2974 779 3031 830 in
3063 774 3271 830 occulto
3300 776 3590 843 committi;

2018 846 2321 919 homicidia
2346 846 2484 899 [telis
2513 849 2573 900 in
2604 847 2821 903 theatro
2851 850 3019 904 oculis
3049 849 3319 918 spectari;
3350 848 3595 919 infanti-

2018 916 2174 971 cidia
2231 918 2469 987 quotidie
2528 918 2751 988 abjecto,
2812 929 2997 975 necato
3055 916 3229 973 etiam
3270 916 3458 988 partu,
3510 919 3596 973 vel

2019 988 2218 1043 abortu
2266 997 2447 1044 coacto
2490 992 2834 1060 perpetrari;
2873 993 3202 1059 sanguinem
3232 1005 3447 1060 quoque
3474 990 3596 1060 gla-

2022 1061 2309 1115 diatorum
2339 1076 2525 1115 recens
2556 1072 2869 1117 necatorum
2913 1064 3098 1123 sitiri;
3150 1061 3454 1116 humanum
3499 1078 3601 1132 pa-

2024 1132 2209 1204 bulum
2254 1134 2459 1203 ferinis
2506 1135 2724 1203 quieri:
2774 1135 2883 1189 imo
2925 1138 2982 1189 in
3011 1133 3211 1204 seipsos
3244 1134 3477 1188 invicem
3507 1134 3598 1187 in-

2021 1203 2179 1257 cendi
2208 1220 2226 1256 :
2261 1204 2608 1259 Christianos
2637 1209 2850 1271 contra,
2894 1208 2965 1261 ab
3013 1203 3161 1259 omni
3210 1220 3423 1275 cruore,
3475 1207 3599 1258 ani-

2020 1276 2256 1347 malium
2302 1277 2513 1339 etiam,
2564 1277 2856 1332 abhorrere
2891 1294 2910 1337 .·
2959 1278 3103 1347 apud
3151 1274 3281 1331 illos
3332 1279 3601 1331 incessum

2024 1346 2263 1417 quotidie
2308 1349 2599 1413 committi,
2649 1365 2777 1404 cum
2818 1366 2919 1419 per
2964 1346 3349 1403 st‘ortationem
3402 1365 3604 1417 vagum

2024 1422 2075 1490 et
2116 1422 2406 1487 gnatorum
2451 1420 2831 1489 abjectionem,
2887 1420 3049 1475 liberi
3095 1422 3260 1474 etiam
3292 1436 3325 1473 a
3352 1420 3607 1490 parenti-

2026 1489 2121 1543 bus
2152 1492 2619 1561 ignorentur;quw
2648 1500 2845 1546 cuncta
2875 1509 2908 1546 a
2938 1489 3487 1561 Christianis,utpote
3515 1508 3607 1547 ca-

2022 1562 2144 1623 stis,
2177 1563 2599 1626 continentibus,
2634 1565 2849 1617 veneris
2879 1566 3052 1618 etiam
3082 1564 3252 1618 licitae
3282 1562 3465 1632 (prout
3492 1580 3607 1617 non

2024 1633 2172 1685 nulli
2200 1633 2350 1705 apud
2382 1634 2526 1704 illos)
2556 1635 2890 1704 expertibus,
2920 1636 3232 1705 longissime
3259 1638 3480 1699 abesse;
3508 1650 3607 1689 ne-

2027 1705 2273 1776 quehaec
2300 1704 2366 1759 de
2398 1705 2725 1761 Christianis
2758 1708 2823 1760 ab
2852 1708 2987 1761 ullis
3015 1704 3163 1760 Credi
3191 1707 3482 1775 posse,nisi
3510 1706 3609 1776 qui

2025 1774 2275 1901 (ciredazzt,
2309 1779 2358 1831 et
2388 1777 2506 1848 ipsa
2538 1778 2639 1832 illa
2657 1781 2887 1849 faciant,
2920 1787 2971 1834 et
3001 1794 3069 1833 ex
3116 1793 3170 1831 se
3214 1778 3283 1832 de
3329 1777 3465 1833 aliis
3504 1774 3605 1848 ju-

2063 1863 2181 1901 icen
2213 1888 2225 1901 .

2063 1849 2225 1902 icent.

2027 1936 2155 1991 Haec
2185 1953 2298 2007 quo
2328 1937 2514 2010 magis
2548 1938 2942 2004 refutaverim,
2977 1956 3011 1994 a
3039 1937 3204 1994 vobis
3237 1938 3359 1994 fieri
3386 1938 3605 2006 {osten-

1954 2025 2091 2080 dam
2114 2027 2230 2096 (71)
2260 2027 2472 2097 partim
2508 2027 2565 2082 in
2600 2034 2821 2100 aperto,
2865 2028 3077 2099 partim
3131 2027 3188 2082 in
3240 2026 3456 2096 oculto,
3510 2043 3613 2099 per

1958 2114 2112 2185 quod
2148 2114 2396 2170 forsitan
2430 2119 2487 2171 et
2512 2117 2582 2171 de
2611 2117 2777 2172 nobis
2799 2116 3419 2173 credidistis.lnfantes
3437 2133 3619 2189 penes

1956 2203 2208 2258 Africam
2241 2204 2354 2276 (72)
2386 2205 2638 2261 Saturno
2670 2206 3133 2262 immolabantur
3178 2206 3371 2279 palam
3423 2221 3615 2277 usque

1972 2292 2042 2346 ad
2076 2294 2557 2364 proconsulatum
2587 2295 2798 2351 Tiberii
2831 2296 2964 2367 (73),
2992 2295 3093 2367 qui
3142 2295 3304 2367 ipsos
3350 2296 3619 2351 sacerdo-

1958 2384 2049 2435 tes
2078 2381 2138 2436 in
2165 2382 2381 2439 eisdem
2405 2385 2553 2441 315
2591 2384 2901 2441 arboribus
2932 2383 3134 2456 templi
3167 2384 3259 2440 sui
3290 2383 3610 2440 obumbra-

1622 2477 1826 2541 Variae
1856 2477 2180 2541 lectiones.

276 2584 317 2618 “
344 2585 533 2656 Rhem,
567 2585 837 2639 Barrarus
865 2588 917 2637 et
948 2579 1068 2637 cod.
1102 2578 1262 2650 Agob.
1296 2575 1698 2634 virulentiam.

1645 2675 2172 2739 Commentarius.

277 2779 379 2856 (68)
442 2782 679 2856 Patrem
749 2777 911 2832 illum
974 2773 1461 2856 s_acrorum.“Cui
1527 2769 1853 2856 tepopo’mni;

222 2845 540 2918 dicebatur;
593 2851 664 2905 de
714 2866 826 2919 quo
875 2846 1057 2919 multa
1099 2847 1251 2919 scitu
1282 2846 1461 2919 digna
1489 2845 1619 2900 vide
1653 2845 1852 2919 infau-

221 2925 355 2977 reolo
384 2917 631 2979 Meursii
658 2917 856 2976 libello
885 2918 1077 2973 Eleus.
1111 2935 1162 2972 ο.
1197 2918 1281 2971 13.
1318 2918 1379 2971 In
1413 2917 1561 2972 libro
1591 2917 1663 2971 ad
1714 2918 1843 2974 Nat.

220 2993 258 3062 Ι,
281 2995 311 3046 7
342 3012 355 3049 :
388 2997 465 3049 Ad
498 2998 843 3063 Magistrum
872 3006 1160 3063 sacrorum
1188 2989 1278 3044 vel
1306 2991 1732 3063 Patremadire.

278 3066 383 3136 (69)
412 3056 752 3121 Describere.
789 3062 1083 3136 Exlibrisg
1110 3077 1318 3136 nempe
1368 3061 1701 3136 ritualibus,
1741 3056 1853 3136 qui

219 3133 663 3193 continebantur
709 3135 1005 3207 lapidibus
1055 3134 1286 3189 duobus
1337 3149 1515 3207 quam
1550 3133 1854 3207 aptissime

1964 2773 2337 2856 inhonorem
2370 2775 2609 2856 Saturni
2637 2777 2869 2856 Lquod,
2903 2793 3040 2856 cum
3073 2777 3293 2856 perdiu
3318 2780 3614 2856 servatum

1966 2845 2192 2921 fuisset,
2226 2848 2285 2901 in
2312 2845 2816 2921 consuetudinem
2856 2845 3030 2914 abiit,
3073 2845 3395 2921 quemdam
3451 2848 3611 2904 enim

1963 2933 2031 2971 ex
2080 2918 2173 2991 iis,
2225 2918 2323 2989 qui
2374 2918 2607 2991 publica
2655 2922 2943 2977 sententia
2993 2918 3255 2976 damnati
3302 2925 3500 2977 essent
3531 2921 3604 2975 ad

1964 2990 2216 3059 capitale
2266 2990 2661 3062 supplicium,
2716 2995 2980 3061 adusque
3026 2992 3361 3048 Saturnalia
3412 2993 3614 3046 vivum

1965 3062 2363 3136 asservabant.
2405 3084 2432 3111 ι)
2486 3065 2663 3118 Addit
2694 3065 2910 3120 ibidem
2944 3063 3089 3119 alios
3120 3068 3387 3136 populos,
3416 3064 3518 3135 qui
3553 3065 3612 3118 in

1966 3134 2275 3188 infandum
2308 3136 2463 3188 hunc
2494 3136 2670 3191 ritum
2706 3134 3256 3192 consenserintflmo
3288 3134 3452 3191 notat
3481 3140 3616 3190 Lae-

221 3211 658 3287 coagmentatis,
688 3201 843 3279 quod
892 3204 1154 3287 τεξςεριιρμρι
1199 3201 1738 3287 ξλρρθὶιςψθηῐτΑυξ
1764 3201 1853 3255 di-
1886 3202 1929 3269 C
1970 3207 2217 3287 tantine,
2261 3206 2392 3260 Inst.
2442 3205 2553 3287 diu.
2603 3225 2642 3273 ι,
2706 3210 2807 3287 13ζ
2843 3209 2900 3287 in
2952 3209 3191 3287 Historia
3219 3224 3397 3287 Asacra
3446 3206 3617 3287 Eunii

220 3274 361 3335 scere
410 3286 502 3336 est
552 3274 760 3335 itidem
812 3295 877 3334 ex
911 3274 1169 3333 Elusinis
1199 3274 1462 3337 Me’ursii,
1496 3292 1544 3329 ο.
1581 3276 1665 3340 10,
1699 3274 1854 3328 Pau-

222 3355 399 3407 sanias
428 3352 737 3408 Arcadicis
767 3368 823 3422 p.
858 3366 933 3403 m.
969 3350 1067 3403 Ed.
1098 3348 1306 3410 Wech,
1337 3348 1603 3422 249,,ubi
1632 3347 1755 3422 agit
1783 3347 1854 3399 de

223 3424 541 3494 Pheneatis,
614 3418 832 3495 quibus
897 3422 1125 3495 omnim
1178 3436 1311 3495 cum
1398 3418 1855 3495 Atheniensibus

220 3487 545 3565 communia
577 3512 592 3552 :
630 3487 921 3552 ᾧενεάταις
956 3487 1013 3543 δὲ
1042 3488 1131 3544 καὶ
1160 3488 1476 3565 -Δήμητρός
1531 3487 1671 3565 ἐςτιν
1709 3487 1853 3558 ἱερὸν

218 3563 765 3645 ’βολευσιὲίαςν-Θίοι,
815 3566 852 3620 i.
908 3580 956 3618 e.
1013 3580 1025 3645 :_
1078 3563 1257 3645 «list
1294 3562 1497 3645 .ap'ud_
1532 3562 1855 3641 Pheneatae

220 3638 371 3692 etiam
406 3639 643 3695 Cereris
683 3641 1068 3707 cognomento
1118 3634 1421 3707 Eleusiniae
1471 3635 1711 3698 fanum;
1763 3634 1857 3686 cui

218 3707 369 3765 initia
410 3713 625 3766 eodem
683 3706 821 3777 ritu,
854 3724 969 3778 quo
1003 3706 1156 3776 apud
1191 3706 1852 3778 Eleusinemperagu‘n-

220 3785 319 3855 tur,
350 3799 484 3837 cum
517 3784 639 3855 ipsi
671 3775 971 3855 tamen'ea
995 3775 1161 3855 sacra
1187 3778 1340 3849 apud
1374 3775 1723 3855 se_primu‘_m
1769 3775 1856 3828 in-

220 3854 406 3909 stituta
436 3848 778 3910 autument.
836 3872 863 3899 »
916 3850 982 3904 Et
1030 3848 1237 3903 statim
1278 3865 1291 3902 :
1351 3868 1371 3896 ι
1426 3848 1604 3918 Prope
1655 3851 1856 3902 fanum

218 3922 529 3992 Eleusiniae,
588 3925 815 3996 lapides
846 3922 1107 3996 eminent
1138 3921 1509 3991 praegrandes
1541 3921 1679 3996 duo,
1710 3918 1859 3996 alter

220 4002 336 4067 apte
365 3990 539 4052 alteri
573 3990 925 4067 impositus:
947 3990 1214 4067 Petroma
1244 3990 1451 4046 vocant
1483 4009 1579 4067 eos
1610 3990 1856 4067 lapides,

220 4011 336 4121 apte
365 4011 539 4052 alteri
573 4011 925 4067 impositus:
948 4011 1214 4047 retroma
1244 4011 1451 4046 vocant
1483 4011 1579 4046 eos
1610 4011 1856 4062 iapiues,

218 4083 245 4119 u
289 4068 300 4120 i
333 4068 727 4123 anniversarii
761 4065 1067 4135 sacrique:
1099 4064 1322 4130 majora
1344 4062 1856 4129 nominantinitia,

220 4138 327 4194 dies
355 4142 857 4212 appropinquant,
893 4138 1474 4212 disjungunt._atque
1522 4136 1658 4189 inde
1701 4135 1860 4212 littef

219 4226 300 4265 ras
344 4204 915 4280 educunt,'quibus
967 4204 1190 4280 pompas
1240 4204 1410 4271 ritus,
1462 4212 1517 4262 et
1564 4223 1692 4276 quae
1738 4204 1861 4259 ﬁeri

218 4290 427 4363 oportet
478 4284 691 4339 omnia
744 4280 1086 4363 cousignata
1130 4280 1466 4363 s‘untanum
1500 4281 1861 4363 commerita-

220 4350 358 4409 rium
427 4372 570 4410 cum
643 4352 989 4409 sacriﬁculis
1057 4350 1433 4405 audientibus
1496 4350 1860 4405 recitandum

217 4428 483 4494 curarint,
538 4443 610 4482 ea
661 4426 790 4496 ipsa
837 4430 1002 4478 nocte
1052 4423 1111 4476 in
1165 4422 1475 4493 pristinam
1530 4423 1725 4478 sedem
1772 4435 1863 4474 re-

253 4506 451 4553 onunt.
489 4520 521 4547 n

220 4514 847 4639 ροᾶιδΐῐὶὶἒιεηάθὸαηι.
898 4563 1236 4639 Cogitabam
1292 4564 1482 4639 primu
1530 4564 1866 4639 incendant;

220 4635 315 4718 sed-
335 4635 588 4697 omnino
621 4639 704 4693 ita
735 4637 972 4718 scripsit
1000 4635 1682 4718 Tertullianus.§.ctcntli
1710 4635 1867 4691 enim

220 4711 345 4767 dicit
391 4729 577 4768 canes
612 4754 625 4777 ,
679 4726 813 4765 cum
860 4707 921 4762 in
971 4708 1148 4779 pedes
1199 4724 1260 4761 se
1314 4707 1713 4777 conjicientes,
1765 4725 1870 4779 spe

220 4786 409 4853 praedae
464 4782 808 4838 internodia
832 4781 1108 4853 corporis
1143 4779 1333 4833 laxant
1364 4785 1422 4833 et
1452 4780 1644 4853 spiras
1675 4785 1871 4853 exten-

220 4851 376 4923 dunt,
410 4855 721 4927 significat
741 4852 907 4927 enim
954 4866 1292 4927 mensuram
1339 4851 1599 4927 corporis
1647 4852 1869 4921 canini,

220 4941 334 4995 qua
366 4922 448 4982 in
470 4922 673 4982 “motu
724 4924 960 4979 dilatur.
994 4922 1336 4995 Clarissime
1403 4923 1660 4990 Ovidius,
1694 4928 1873 4978 Meta-

218 4993 423 5070 morph.
461 4999 574 5053 lib.
623 5013 727 5070 an,
780 5012 930 5051 vers.
980 4995 1085 5048 476
1126 4993 1197 5049 de
1248 4994 1455 5050 Latreo
1505 4999 1790 5050 Centauro
1841 5013 1873 5050 a

219 5068 405 5125 Caeneo
434 5069 781 5125 interiecto.

877 5204 1104 5255 Jaclanti
1136 5205 1264 5255 talia
1291 5205 1486 5256 Coenus

329 5273 630 5322 Extentum
663 5283 820 5318 cursu
851 5269 1012 5317 missa
1039 5268 1181 5317 latus
1210 5269 1348 5318 eruit
1376 5268 1544 5328 basta,

330 5336 446 5393 Qua
477 5336 566 5383 vir
596 5347 734 5397 equo
764 5332 1081 5381 commissus
1112 5336 1222 5381 erat

282 5494 391 5564 (71)
441 5495 483 5549 Α
542 5493 701 5548 vobis
747 5493 872 5561 ﬁeri
918 5493 1245 5546 ostendam.
1310 5493 1668 5564 Porphyrius
1719 5493 1875 5560 apud

221 5565 697 5636 Tbuodoret.,p.
737 5564 852 5636 710,8
900 5566 956 5619 et
1003 5562 1107 5617 109
1157 5562 1324 5618 Graec.
1375 5562 1482 5636 A/f.
1535 5580 1639 5619 cur
1690 5563 1876 5617 Ἐθετο

220 5639 333 5714 γὰρ,
388 5639 599 5714 φησὶχ,
627 5633 681 5714 iv
729 5633 923 5714 '_P6_8_¢p,
973 5639 1082 5714 etc.
1114 5657 1149 5714 μ
1181 5633 1878 5714 Mactabatur_eni_rn,_i_n—

228 5707 363 5784 quit,
397 5707 497 5769 'm
534 5709 786 5767 Kalend.
818 5707 1162 5764 Novembris
1193 5708 1367 5762 homo
1415 5709 1568 5781 apud
1621 5709 1877 5765 Rhodios

747 5492 872 5561 ﬁeri
918 5489 1245 5564 ostendam.
1310 5490 1668 5564 Porphyrius
1691 5492 1875 5564 apud

1967 3276 2106 3332 olim
2140 3277 2321 3332 fuisse
2343 3278 2627 3350 scriptum
2665 3296 2677 3333 :
2715 3301 2741 3330 ‹‹
2774 3280 3096 3335 Saturnum
3128 3286 3185 3335 et
3214 3279 3416 3350 Opem,
3451 3283 3617 3334 caete-

1965 3365 2178 3419 rosqne
2231 3357 2369 3403 tunc
2417 3348 2707 3418 homines,
2758 3350 3077 3406 humanam
3131 3348 3364 3405 carnem
3416 3350 3617 3405 solitos

1964 3423 2215 3487 esitare;
2266 3437 2463 3494 verum
2520 3422 2776 3492 primum
2829 3428 3031 3479 Jovem
3085 3423 3242 3494 leges
3274 3422 3612 3478 hominibus

1966 3508 2271 3565 moresque
2300 3493 2649 3548 condentem
2681 3496 2869 3550 edicto
2902 3493 3300 3565 prohibuisse,
3350 3510 3423 3549 ne
3472 3494 3615 3548 lice-

1966 3570 2051 3638 ret
2082 3581 2147 3638 eo
2180 3564 2307 3619 cibo
2339 3564 2549 3638 vesci.»
2588 3566 2788 3637 Itaque
2822 3590 2848 3616 ‹‹
2883 3564 3052 3635 cujus
3082 3573 3170 3620 est
3201 3565 3613 3638 pudoris,quin

1966 3636 2085 3689 imo
2113 3634 2559 3708 inverecundus,
2593 3634 2761 3708 cujus
2793 3634 3151 3708 quod’agere
3180 3634 3235 3694 te
3282 3634 3506 3704 videas,
3553 3638 3612 3691 in

1967 3723 2032 3778 eo
2086 3707 2331 3761 alterum
2384 3707 2852 3778 reprehendere?
2902 3709 3193 3763 Maledicti
3240 3715 3296 3764 et
3346 3709 3612 3764 criminis

1968 3777 2100 3852 loco
2143 3778 2280 3852 dare
2331 3796 2419 3843 ea,
2448 3777 2601 3851 iquaz
2652 3781 2711 3835 in
2759 3786 2814 3835 te
2843 3781 3091 3852 possint
3139 3779 3613 3852 reciprocataivi-

1968 3849 2313 3976 cissgtudine
2345 3849 2716 3925 retorqueri?
2746 3858 2811 3908 ut
2841 3849 3102 3924 loquitur
3139 3849 3455 3920 Arnobius,
3504 3851 3610 3906 lib.

1970 3939 2029 3976 ιι.
2114 3939 2204 3976 AV.

1970 3939 2029 3977 Il.
2067 3939 2204 3976 l'lAV.

2041 3995 2153 4063 (72)
2184 3995 2434 4063 In/antes
2462 4009 2620 4063 penes
2652 3995 2913 4065 Africam.
2948 3994 3312 4050 Testimonia
3356 3998 3619 4065 veterum

1971 4064 2017 4119 si
2052 4066 2182 4134 quis
2214 4065 2525 4128 desideret,
2552 4067 2723 4120 adeat
2745 4065 3243 4120 Elmenhorstium
3276 4071 3332 4120 et
3362 4065 3514 4119 alius
3545 4064 3617 4118 ad

1971 4135 2114 4190 illud
2148 4137 2407 4199 Minucii,
2445 4154 2499 4207 p.
2533 4137 2601 4191 34
2637 4154 2649 4191 :
2689 4159 2710 4185 α
2747 4137 2946 4191 Merito
2978 4138 3035 4191 in
3070 4138 3373 4192 nonnullis
3417 4136 3620 4191 African

1974 4207 2239 4279 partibus
2301 4209 2555 4264 infantes
2621 4208 3125 4277 immolabantur,
3194 4207 3498 4263 blanditiis
3562 4210 3620 4261 et

1973 4279 2172 4333 osculo
2230 4281 2651 4351 comprimente
2700 4281 2985 4351 vagitum,
3037 4297 3108 4334 ne
3176 4280 3385 4336 ﬂebilis
3429 4280 3624 4335 hostia

1974 4351 2332 4423 immolatur.
2372 4375 2397 4401 υ
2433 4354 2497 4405 Et
2530 4351 2877 4407 Plutarchus
2907 4352 2965 4406 in
3000 4354 3442 4423 Apophthegmat.
3486 4368 3621 4423 nar-3

1975 4426 2066 4495 rat
2093 4422 2365 4477 Gelonem
2399 4427 2708 4494 tyrannum
2735 4424 2903 4479 victis
2930 4422 3517 4495 Carthaginiensibus
3549 4422 3621 4476 ad

1976 4494 2272 4567 Himeram
2304 4496 2563 4567 coegisse
2598 4496 2915 4550 inscribere
2944 4494 3279 4566 foederibus,
3312 4496 3465 4567 quod
3497 4509 3627 4549 ces-

1895 4571 1945 4637 D
1976 4570 2174 4621 sarent
2204 4566 2507 4622 immolare
2538 4567 2687 4621 ﬁlios
2717 4568 2989 4624 Saturno.
3024 4568 3166 4624 HAV.

2050 4638 2163 4707 (73)
2197 4638 2647 4709 Proconsulatum
2698 4640 2917 4694 Tiberii.
2971 4639 3227 4702 Nodum,
3280 4638 3379 4709 qui
3430 4635 3629 4709 erudi-

1978 4712 2070 4762 tos
2120 4708 2372 4763 multum
2406 4715 2671 4777 torserat,
2706 4710 2949 4765 solvisse
2981 4711 3067 4765 vel
3101 4707 3348 4767 scidisse
3377 4707 3633 4779 Scalige-

1980 4796 2137 4844 rum,
2171 4786 2420 4835 testatur
2459 4781 2746 4836 Heraldus
2796 4783 2855 4836 in
2910 4783 3092 4837 Notis.
3146 4784 3209 4838 Et
3268 4798 3408 4836 sane
3454 4780 3632 4850 digna

1983 4852 2090 4921 legi
2136 4858 2224 4905 est
2271 4853 2521 4922 epistola
2566 4854 2693 4921 ejus
2724 4855 2795 4908 ad
2827 4854 3076 4909 Casaub.
3109 4857 3199 4920 66,
3234 4854 3332 4908 ubi
3370 4852 3633 4922 disputat

1981 4940 2015 4978 a
2046 4930 2394 4996 propraetore
2421 4925 2506 4977 vel
2539 4927 2886 4996 proconsule
2916 4926 3127 4981 Tiberii
3174 4927 3295 4996 (qui
3350 4928 3407 4996 et
3453 4922 3634 4996 sacri-

1982 4994 2115 5049 ﬁcia
2163 5000 2403 5051 cruenta
2430 4994 2750 5060 Gallorum,
2781 5001 2929 5052 texte
2960 4994 3547 5065 Plinio,sustulerat)
3580 4996 3637 5049 et

1981 5066 2104 5121 haec
2135 5066 2365 5140 sublata
2396 5084 2525 5123 esse
2573 5067 2733 5140 Quod
2770 5072 2844 5140 ut,
2860 5084 3061 5123 verum
3097 5072 3261 5140 puto,
3286 5072 3485 5123 tamen
3521 5082 3638 5121 non

1983 5156 2227 5209 possum
2261 5139 2475 5194 illustr.
2507 5139 2614 5193 viri
2644 5138 3111 5194 emendationem
3146 5142 3410 5211 probare,
3468 5153 3638 5209 usque

1983 5211 2057 5264 ad
2098 5212 2477 5281 proconsulem
2528 5212 2731 5266 Tiberii
2745 5228 2763 5270 :
2794 5211 2875 5264 ita
2905 5212 3057 5266 enim
3093 5213 3251 5283 legit.
3282 5212 3419 5268 licet
3447 5227 3635 5282 operas

1984 5283 2376 5351 expresserint
2403 5284 3081 5353 proconsulatum,contra
3105 5286 3452 5341 sententiam
3484 5286 3635 5353 ejus.

1988 5354 2292 5427 Peccatum
2329 5356 2484 5410 enim
2519 5356 2575 5409 in
2610 5355 2847 5419 genium
2876 5357 3241 5423 Tertulliani,
3276 5356 3376 5427 qui
3399 5355 3637 5427 omnino

1983 5426 2430 5501 proconsulatum
2458 5427 2663 5501 voluit,
2699 5427 2807 5501 sed
2832 5427 2935 5495 ita,
2971 5434 3036 5483 ut
3076 5429 3175 5485 illo
3226 5426 3634 5501 proconsulem

1987 5497 2355 5568 exprimeret,
2418 5498 2917 5568 quemadmodum
2977 5501 3036 5555 in
3097 5497 3419 5556 hoc'libro
3485 5511 3639 5564 saepe

1986 5567 2220 5644 locutus
2250 5574 2357 5642 est,
2392 5567 2455 5625 ut
2484 5586 2621 5626 cum
2653 5569 2796 5644 dixit
2824 5574 3135 5644 naufragiis
3169 5588 3269 5643 pro
3304 5569 3447 5644 ipsis
3477 5582 3634 5644 nau-

1989 5640 2189 5767 gagis,
2223 5639 2350 5714 cap.
2382 5644 2486 5713 39;
2518 5647 2575 5699 et
2630 5639 2955 5699 ministeriis
3004 5639 3139 5699 alibi
3169 5639 3293 5714 _pro
3328 5639 3634 5695 ministris.

2039 5731 2130 5767 AV.

2039 5731 2130 5771 AV.
