4054 6174
79 9 507 240 ΤΊὴέ⁴
534 12 539 15 1
606 10 609 13 ι

214 323 311 382 369

1277 312 2097 396 ΑΡΟΕΟΕΕἸΊΟΠΞΞΑΒῩ.
2145 315 2471 379 GENTES.

3467 322 3588 381 370

214 452 299 507 illa
327 447 745 520 reigiosissima
768 449 909 504 urbe
933 449 1321 503 zEneadarum
1350 449 1577 520 piorum
1600 447 1709 519 (83)
1735 451 1824 502 est
1852 454 1905 520 Α
1936 446 2253 503 homicidio
2284 450 2327 483 ⁸⁵
2358 448 2615 516 intersit)
2649 456 2950 505 convertar
2981 451 3050 504 ad
3094 450 3404 521 populum.
3444 450 3589 514 Quo-

206 536 637 613 jupiterquidam
652 537 944 609 (8-i)quem
960 537 1116 591 ludis
1134 537 1258 592 suis
1274 537 1535 593 humano
1551 536 1828 609 proluunt

212 629 481 700 sanguine.
512 626 617 681 Sed
650 627 916 682 bestiarii
948 628 1083 699 (85),
1118 627 1384 698 inquitis.
1423 628 1556 694 Hoc,
1596 626 1821 696 opinor,

212 718 378 773 minus
408 732 578 787 quam
612 715 987 772 hominis.An
1021 716 1127 771 hoc
1157 717 1202 750 ⁸³
1234 715 1647 787 turpius,quod
1685 714 1824 768 mali

211 805 435 863 hominis
461 808 480 859 Ρ
503 805 667 860 Certe
700 810 896 860 tamen
928 806 999 860 de
1030 805 1348 860 homicidio
1378 804 1707 859 funditur.0
1729 803 1823 857 Jo-

211 912 315 951 vem
345 894 734 949 Christianum
768 900 825 949 et
854 894 1042 950 solum
1072 896 1255 966 patris
1289 894 1474 949 ﬁlium
1516 894 1587 948 de
1616 893 1822 947 crude-

208 984 483 1055 litate(85)l
500 984 607 1037 Sed
626 984 900 1055 quoniam
915 983 1367 1039 deinfanticidio
1388 982 1531 1037 nihil
1558 982 1822 1048 interest,

208 1091 345 1130 sacro
366 1072 513 1129 318
531 1090 603 1128 an
627 1072 865 1128 arbitrio
888 1079 1252 1144 perpetretur
1276 1070 1820 1144 (licetparricidium

1935 536 2115 593 vultis
2147 554 2214 592 ex
2245 536 2338 592 his
2371 538 2892 594 circumstantibus
2922 542 2979 595 et
3011 539 3068 593 in
3118 539 3587 595 Christianorum

1934 626 2284 698 sanguinem
2318 626 2717 698 hiantibus,ex
2738 629 2884 700 ipsis
2916 628 3090 684 etiam
3120 629 3287 685 vobis
3312 629 3581 699 justissi-

1934 715 2047 771 mis
2076 721 2133 770 et
2164 716 2553 773 severissimis
2586 718 2642 771 in
2676 734 2783 772 nos
2835 718 3182 788 praesidibus
3234 720 3387 790 apud
3442 736 3583 775 con-

1931 805 2206 860 scientias
2240 805 2590 877 pulsem,qui
2620 812 2786 861 natos
2808 806 2916 861 sibi
2944 807 3156 862 liberos
3189 814 3427 863 enecent
3451 808 3585 880 (87)?

1934 893 2235 965 Siquidem
2268 901 2320 949 et
2354 896 2426 950 de
2457 912 2665 965 genere
2715 897 2875 951 necis
2908 896 3101 951 diﬂ‘ert
3130 897 3175 930 7°
3224 897 3425 967 utique
3454 914 3587 953 cru-

1933 982 2121 1038 delius
2152 984 2262 1055 (88)
2296 984 2353 1038 in
2386 1001 2503 1055 qua
2533 985 2807 1055 spiritum
2840 986 3221 1056 extorquetis,
3256 992 3358 1040 aut
3388 985 3587 1057 frigori

1932 1076 1988 1126 et
2018 1072 2158 1126 fami
2190 1077 2246 1127 et
2274 1072 2519 1129 canibus
2550 1073 2663 1145 (89)
2694 1073 2985 1145 exponitis
3014 1098 3027 1142 ;
3061 1074 3212 1129 319
3248 1074 3399 1130 ferro
3431 1073 3589 1130 enim

1594 1173 1799 1234 Varia:
1830 1171 2153 1233 lectiones.

264 1273 302 1308 ⁸⁸
333 1274 477 1327 Forte
518 1276 584 1325 ut
630 1271 737 1326 hoc
795 1272 1018 1326 Haverc.
1095 1272 1141 1307 ⁶⁹
1186 1271 1276 1327 Sic
1318 1270 1401 1325 ed.
1444 1269 1638 1332 Rhen.,
1684 1273 1855 1343 Her.,_
1891 1268 2105 1330 Seml.;
2136 1270 2255 1324 cad.
2307 1272 2471 1339 Agob.
2528 1272 2918 1327 Homicidium
2971 1272 3305 1343 parricidio.
3356 1274 3477 1341 Rig.
3538 1276 3592 1328 et

208 1347 308 1399 40v.
338 1344 467 1399 licet
497 1345 569 1398 de
602 1344 878 1414 paricidio
910 1343 1158 1398 intersit.
1189 1343 1293 1397 Sed
1321 1346 1431 1397 tota
1457 1342 1749 1415 sententia
1768 1340 1989 1415 videtur
2018 1356 2128 1394 non
2157 1359 2192 1396 a
2225 1343 2445 1397 Tertull.
2476 1347 2722 1415 pro/ecta
2752 1361 2885 1411 esse,

2988 1345 3033 1378 ⁷ο
3062 1346 3280 1399 IIaverc.
3342 1362 3371 1400 e
3420 1345 3590 1399 colla-

209 1422 336 1471 tione
365 1411 623 1471 Modianu
664 1416 759 1470 :Si
796 1415 935 1486 quid
968 1422 1020 1471 et
1053 1416 1124 1470 de
1153 1430 1363 1486 genere
1396 1414 1556 1467 necis
1578 1412 1604 1466 ?
1635 1411 1856 1488 Ditfert.
1895 1411 2120 1482 Utique,
2152 1423 2254 1488 etc.
2292 1411 2838 1488 Quam'scripturam
2884 1419 3096 1472 servato
3151 1417 3343 1473 eodem
3398 1416 3591 1471 ordine

206 1490 464 1543 verborum
485 1489 761 1543 Semlerus
788 1485 995 1559 quoque
1022 1485 1267 1556 praetulit
1296 1494 1619 1543 caelerorum
1652 1485 1917 1539 librorum
1946 1487 2287 1541 auctoritati.

1618 1584 2141 1646 Commenlarius.

207 1685 299 1740 sibi
328 1684 521 1757 gulam
556 1688 846 1757 prosecat.
877 1707 904 1733 »
938 1685 1199 1757 Firmani.
1249 1683 1556 1757 lectionem
1598 1682 1826 1757 Modia-

208 1754 510 1812 nam—illam
542 1754 801 1812 Suetonii
834 1756 890 1810 in
924 1756 1240 1826 Claudio,c.
1262 1757 1334 1809 25
1366 1772 1377 1810 ;
1416 1776 1441 1807 α
1471 1754 1825 1809 Druidarum

210 1830 523 1900 religionem
558 1828 715 1898 apud
740 1828 937 1883 Gallos
966 1829 1102 1883 diras
1160 1827 1548 1883 immanitatis
1604 1830 1661 1880 et
1691 1831 1827 1900 tan-

208 1898 323 1955 tum'
339 1902 563 1956 civibus
594 1901 703 1955 sub
738 1906 999 1972 Augusto
1031 1901 1399 1955 interdictam
1432 1900 1667 1972 penitus
1689 1898 1828 1951 abo-

208 1972 343 2027 levit.
382 1996 408 2021 »
442 1972 589 2025 Nam
624 1978 777 2026 certe
808 1970 1053 2027 desiisse
1084 1978 1332 2027 testatur
1378 1973 1552 2025 etiam
1591 1970 1831 2039 Pompo-

210 2046 321 2097 nius
347 2043 487 2115 Mela
517 2042 620 2097 lib.
656 2058 797 2111 111,e.
830 2045 865 2097 2
897 2061 910 2099 :
945 2067 973 2092 α
1008 2043 1336 2115 Aliquando
1368 2043 1511 2115 adeo
1543 2042 1831 2096 immanes

210 2115 350 2175 Galli,
381 2120 443 2169 ut
472 2113 776 2169 hominem
810 2113 1210 2187 gratissimam
1246 2116 1358 2169 diis
1378 2114 1671 2168 victimam
1708 2129 1830 2167 cre-

210 2188 382 2240 derant
414 2203 426 2239 :
462 2192 710 2241 manent
737 2189 982 2257 vestigia
1015 2188 1262 2242 feritatis
1286 2187 1411 2255 jam
1468 2187 1714 2251 abolitae,
1744 2190 1831 2239 at-

211 2275 302 2327 que
332 2264 391 2312 ut
419 2259 493 2312 ab
531 2258 761 2313 ultimis
815 2261 1070 2314 caedibus
1103 2265 1450 2329 temperant,
1506 2260 1585 2312 ita
1618 2257 1825 2312 nihilo-

212 2332 378 2384 minus
406 2329 504 2385 ubi
539 2330 776 2385 devotas
808 2330 1090 2385 altaribus
1122 2334 1450 2399 admovere,
1483 2329 1765 2384 delibant.
1802 2350 1830 2376 »

210 2401 345 2457 Unde
373 2405 551 2456 etiam
584 2402 933 2473 Gallograeci
969 2404 1040 2456 ab
1072 2403 1162 2457 his
1211 2402 1342 2469 orti,
1376 2408 1431 2456 et
1488 2402 1635 2456 ritus
1695 2416 1828 2454 cum

209 2474 414 2528 nomine
445 2474 792 2537 retinentes,
826 2475 979 2545 apud
1021 2474 1349 2539 Justinum,
1392 2489 1545 2541 xxvr,
1594 2476 1629 2525 2
1662 2489 1674 2526 :
1705 2495 1731 2521 «
1770 2473 1830 2545 lin

210 2546 444 2617 auspicia
494 2561 706 2617 pugna:
766 2543 989 2601 hos—tias
1046 2548 1318 2600 credunt:
1374 2561 1624 2615 quarum
1682 2543 1831 2617 extis

209 2615 320 2672 cum
350 2615 565 2687 magna
589 2615 799 2681 credes,
834 2617 1224 2743 interitusque
1256 2618 1519 2671 omnium
1555 2615 1833 2686 praedice-

209 2694 304 2743 tur.
334 2706 443 2743 non
475 2689 537 2743 in
573 2690 867 2743 timorem.
901 2690 1001 2743 sed
1033 2690 1093 2743 in
1153 2705 1379 2743 urorem
1410 2687 1829 2743 versi.sneran-

208 2694 304 2755 tur,
334 2706 443 2744 non
475 2689 537 2743 in
573 2690 867 2756 timorem,
901 2690 1001 2744 sed
1033 2690 1093 2743 in
1128 2687 1379 2743 furorem
1410 2687 1829 2757 versi,speran-

207 2765 386 2832 tesque
414 2762 661 2816 deorum
697 2763 887 2816 minas
918 2762 1137 2833 expiari
1167 2761 1320 2816 (3de
1350 2776 1590 2815 suorum
1613 2832 1617 2833 ί
1640 2775 1831 2833 posse,

211 2835 461 2903 conjuges
495 2836 557 2886 et
586 2832 799 2887 liberos
837 2850 975 2889 suos
996 2832 1311 2889 trucidant.
1344 2854 1371 2881 »
1406 2837 1551 2886 Ante
1607 2832 1834 2903 legeba-

210 2909 308 2967 tur,
336 2912 644 2973 prosecant.
678 2904 817 2959 Hav.

269 2977 369 3046 (83)
399 2975 778 3031 AEneadarum
819 2978 1057 3045 piorum.
1118 2976 1201 3029 Ita
1232 2991 1330 3029 eos
1385 2978 1551 3029 vocat
1611 2974 1835 3046 ratione

212 3044 435 3102 auctoris
466 3048 705 3118 generis
737 3054 792 3103 et
820 3044 1062 3118 originis
1100 3047 1222 3118 (qui
1284 3046 1491 3101 nullibi
1555 3062 1666 3099 non
1724 3044 1835 3118 hac

210 3116 695 3174 commendatione
724 3121 877 3190 apud
909 3116 1604 3190 Poetam‘introducitur),
1640 3116 1744 3190 sed
1773 3122 1838 3169 ut

212 3190 362 3245 simul
393 3187 1024 3262 impietatem—illorum
1049 3192 1158 3245 sub
1181 3190 1283 3245 tali
1311 3189 1545 3245 nomine
1563 3187 1833 3262 flagellet.

212 3262 453 3317 imitatur
483 3261 681 3318 autem
717 3263 944 3317 Lucret.
981 3262 1079 3332 qui
1112 3263 1192 3317 ita
1225 3262 1325 3316 lib.
1360 3279 1436 3325 v1,
1496 3261 1631 3314 1277
1664 3261 1831 3314 Athe-

1940 1688 2308 1758 sacramento
2369 1683 2713 1739 infanticidii
2775 1688 3036 1754 cruenta,
3098 1684 3466 1758 quasi_Deus
3519 1701 3585 1739 ac

1941 1755 2222 1829 Dominus
2256 1760 2453 1811 noster
2483 1758 2771 1829 sanguine
2800 1755 3582 1829 gauderetjhomicidioque

1938 1826 2247 1881 coleretur.
2282 1829 2439 1891 Quod
2493 1826 2892 1884 'I‘er'tullian'us
2951 1826 3139 1900 primo
3196 1826 3581 1885 falsissimum

1861 1934 1909 1998 B
1940 1902 2373 1998 essenoste‘ndlit,
2406 1900 2863 1998 deinge‘crimen
2897 1902 3090 1998 ipsum
3125 1901 3184 1998 in
3217 1908 3585 1998 accusatpres

1941 1976 2256 2041 retorquet.
2290 1972 2517 2026 Etenim
2548 1976 2796 2028 Saturno
2828 1991 2934 2027 suo
2964 1974 3220 2029 infantes
3269 1972 3583 2041 immolari,

1939 2041 2422 2117 ipsumqueadeo
2455 2044 2704 2117 propriis
2736 2046 2871 2101 filiis
2897 2062 3011 2100 non
3036 2044 3381 2117 pepercisse,
3415 2045 3586 2099 unico

1939 2115 2080 2188 .iove
2130 2114 2311 2185 patris
2362 2114 2524 2185 impii
2566 2114 2853 2172 dentibus
2920 2114 3127 2186 erepto
3165 2118 3318 2188 fuga.
3370 2117 3479 2171 Sed
3533 2119 3589 2171 et

1938 2186 2137 2241 Jovem
2174 2191 2365 2240 Romae
2388 2204 2620 2258 quoque
2652 2188 2909 2243 humano
2940 2186 3390 2258 sanguine—coli.
3424 2188 3587 2243 Unde

1941 2259 2538 2330 aolligit.jocaturque
2561 2261 2944 2315 exclamando
2970 2277 2983 2315 :
3010 2261 3053 2315 Ο
3082 2261 3282 2315 Jovem
3314 2260 3589 2315 Christia-

1943 2347 2107 2394 num,
2154 2331 2257 2403 qui
2304 2330 2522 2386 scilicet
2571 2333 2829 2387 humano
2883 2333 3169 2403 sanguine
3203 2332 3417 2403 placari
3450 2331 3587 2385 velit

1941 2408 2006 2455 ut
2034 2402 2300 2458 Christus
2333 2418 2345 2456 :
2381 2420 2513 2457 nam
2547 2403 2655 2459 hoc
2686 2407 2755 2459 de
2786 2402 3014 2459 Christo
3048 2402 3217 2457 fama
3260 2403 3585 2458 calumnio-

1941 2474 2171 2547 sissime
2202 2473 2539 2547 vulgaverat
2571 2493 2583 2539 ;
2617 2481 2695 2541 et,
2726 2476 2902 2530 solum
2931 2477 3106 2545 patris
3154 2475 3353 2547 ﬁlium,
3416 2474 3585 2546 quasi

1940 2545 2051 2600 hoc
2081 2546 2158 2599 sit
2188 2546 2361 2600 etiam
2392 2546 2516 2601 Jovi
2541 2562 2852 2602 commune
2874 2564 3007 2602 cum
3042 2545 3356 2614 Christo,et
3377 2545 3583 2617 quem-

1942 2618 2260 2691 admodum
2311 2617 2613 2691 Christum,
2672 2619 3040 2691 unigenitum
3112 2620 3297 2674 Patris
3377 2619 3582 2672 Filium

1940 2688 2272 2744 Christiana
2303 2688 2415 2743 fide
2463 2688 2904 2753 credimusfsic
2953 2698 3011 2746 et
3059 2691 3293 2759 Jupiter
3340 2690 3501 2746 solus
3530 2694 3587 2744 et

1943 2763 2154 2815 unicus
2184 2761 2420 2833 saturni
2456 2760 2612 2815 ﬁlius
2658 2761 2965 2818 habeatur.
3012 2762 3337 2833 Utrumque
3388 2766 3585 2817 autem

1943 2834 2013 2887 de
2044 2832 2386 2905 crudelitate
2422 2848 2432 2886 :
2466 2833 2692 2905 Jupiter
2734 2834 3124 2905 Christianus,
3180 2832 3317 2905 quia
3361 2834 3585 2889 Christo

1943 2850 2013 2887 ne
2044 2850 2386 2887 crudelitate
2422 2850 2432 2886 :
2466 2850 2692 2957 Jupiter
2734 2850 3124 2905 uuristianus,
3180 2851 3317 2905 quna
3361 2850 3585 2889 UDI‘ISIO

1943 2903 2228 2973 sanguine
2261 2904 2518 2957 humano
2572 2905 2698 2957 itari
2734 2907 3191 2968 mentiebantur,
3228 2911 3292 2959 ut
3322 2905 3446 2961 Jovi
3479 2921 3586 2960 suo

1947 2975 2144 3030 Latiali
2181 2993 2193 3040 ;
2224 2974 2455 3045 Jupiter
2486 2975 2648 3030 solus
2683 2977 2868 3031 Patris
2900 2976 3225 3047 filius,quia
3255 2977 3415 3031 solus
3440 2976 3587 3045 patri

1944 3052 2262 3116 superstes,
2295 3047 2520 3101 caeteris
2552 3048 2623 3101 ab
2654 3047 2906 3103 Saturno
2936 3048 3034 3103 illo
3067 3049 3358 3103 manduco
3390 3048 3590 3103 crude-

1945 3117 2167 3172 lissime
2200 3118 2507 3172 devoratis.
2547 3119 2669 3172 Rm.

2019 3191 2129 3259 (87)
2160 3190 2321 3243 Natos
2341 3191 2449 3243 sibi
2479 3190 2680 3244 libero:
2716 3194 2954 3245 enecant.
3007 3190 3050 3245 Ο
3100 3188 3356 3253 crudele,
3412 3204 3445 3242 ο
3494 3187 3588 3241 in—

1947 3260 2272 3315 humanum
2307 3261 2555 3329 facinus,
2596 3261 2653 3315 in
2689 3260 2941 3316 infantes
3000 3262 3215 3316 ferrum
3278 3260 3585 3330 stringere,

210 3333 473 3389 niensium
508 3334 794 3406 populum
826 3307 1199 3406 piumjvocat,
1234 3336 1333 3389 sed
1371 3307 1592 3404 absque
1623 3332 1830 3386 ironia:
1863 3307 1907 3374 (ἶ
1947 3332 2166 3406 nullius
2204 3332 2497 3406 inimicos,
2530 3307 2752 3406 nullius
2801 3349 2947 3397 reos,
2994 3332 3096 3406 qui
3148 3332 3235 3387 vel
3280 3333 3356 3406 ad
3389 3307 3585 3406 bustes'

309 3450 408 3499 Nec
437 3464 556 3499 mos
588 3451 670 3499 ille
703 3452 994 3513 sepultura;
1025 3451 1335 3500 remanebat
1363 3450 1415 3498 in
1456 3451 1602 3513 urbe,

312 3513 369 3562 Ut
398 3514 519 3576 pius
550 3513 640 3562 hic
668 3510 899 3577 populus
926 3528 1140 3577 semper
1168 3515 1453 3563 consuerat
1482 3510 1713 3561 humari.

266 3620 364 3689 (81)
419 3622 639 3690 Jupiter
704 3622 945 3694 quidam.
1008 3624 1368 3678 Postremam
1444 3638 1640 3675 vocem
1716 3636 1831 3675 non

210 3695 448 3761 agnoscit
478 3695 600 3749 MS.
660 3694 719 3748 L.
782 3699 839 3748 Β.
877 3694 1156 3765 Intelligit
1211 3711 1344 3749 vero
1404 3694 1710 3755 Latiarem,
1762 3694 1833 3745 de

204 3779 297 3831 quo
323 3766 462 3821 satis
496 3765 695 3820 multa
711 3764 1140 3837 alii.Insignem
1174 3782 1309 3820 vero
1336 3764 1830 3837 Cyprianilocum

204 3836 439 3903 producit
468 3838 531 3893 in
569 3838 727 3893 notis
769 3838 895 3893 suis
940 3834 1321 3892 doctissimus
1354 3834 1437 3890 vir
1496 3834 1831 3890 Desiderius

210 3904 486 3963 Heraldus.
527 3908 765 3964 Videsis
797 3910 965 3980 plura
987 3910 1140 3981 apud
1167 3909 1532 3981 Minucianos
1556 3909 1835 3981 interpre-

207 3981 295 4032 tes.
324 3981 387 4034 Et
417 3997 619 4037 revera
651 3981 713 4034 id
748 3977 888 4037 olim
921 3982 978 4035 in
1029 3977 1193 4036 more
1247 3981 1426 4035 fuisse
1484 3980 1652 4033 docet
1702 3977 1831 4049 plu-

208 4049 346 4124 ribus
376 4053 639 4119 Scaliger
669 4053 739 4106 ad
776 4053 1090 4108 Eusebium
1126 4070 1183 4124 p.
1219 4053 1311 4116 56,
1355 4058 1412 4105 et
1455 4052 1561 4124 qui
1614 4066 1681 4104 ex
1716 4049 1831 4104 Pli-

212 4122 289 4175 nio
316 4124 500 4187 docet,
535 4124 775 4195 quando
806 4126 878 4179 ab
908 4125 1018 4179 hac
1049 4122 1391 4195 crudelitate
1422 4122 1503 4195 sit
1544 4127 1835 4195 tempera-

209 4195 418 4267 tu_m,rin
450 4194 629 4267 cujus
660 4195 927 4250 sacrificii
958 4196 1149 4251 locum
1184 4194 1423 4267 sanguis
1478 4194 1687 4249 deinde
1736 4194 1833 4267 be-

210 4264 843 4322 stiariorum'successit
873 4268 1113 4324 effusus.
1152 4265 1500 4323 Prudentius
1529 4283 1679 4322 vers.
1710 4265 1835 4333 379,

211 4334 295 4390 lib.
326 4354 361 4404 ι,
394 4339 608 4394 Contra
640 4338 851 4410 Symm.

312 4443 528 4509 Respice
560 4445 780 4495 terrifici
812 4445 1071 4496 scelerata
1092 4446 1333 4509 sacraria
1363 4445 1512 4505 Ditis,

312 4507 578 4570 Cui‘cadit
608 4509 842 4557 infausta
872 4508 1027 4557 fusus
1054 4508 1316 4570 gladiator
1346 4521 1520 4562 srena.

316 4569 421 4619 Heu
456 4571 598 4621 male
627 4576 865 4620 lustratis
898 4568 1248 4635 Pilegétontia
1270 4572 1485 4621 victima
1514 4568 1729 4619 Romae!

216 4663 397 4740 Quidni
424 4668 613 4740 igitur
644 4685 1004 4739 usurpamus
1053 4668 1153 4724 illa
1199 4672 1427 4724 Senecas
1479 4666 1538 4722 in
1590 4671 1847 4723 extremo
1879 4675 1925 4740 1)

217 4732 480 4805 Octavia:
490 4758 648 4796 vers.
682 4732 832 4795 978':

321 4844 451 4894 Urbe
483 4850 566 4895 est
599 4850 785 4895 nostro
819 4845 997 4896 mitior
1025 4846 1189 4907 Aulis,

331 4907 387 4955 Et
414 4910 717 4958 Taurorum
748 4910 972 4957 barbara
1004 4911 1180 4959 tellus.

325 4969 556 5031 Hospitis
596 4971 703 5019 illic
732 4971 879 5021 caede
920 4972 1104 5021 litatur

325 5032 531 5098 ljumen
561 5048 818 5096 superum
850 5048 862 5081 :
896 5035 1027 5084 civis
1055 5032 1255 5098 gaudet

326 5094 499 5145 Romae
533 5094 748 5146 cruore.

287 5191 385 5261 (85)
415 5192 518 5247 Sed
563 5194 842 5261 Bestiarii,
906 5193 1296 5251 Bestiarorum.
1356 5192 1445 5246 ed.
1508 5189 1735 5245 Barrzei.
1786 5188 1855 5241 Hi

230 5270 349 5317 sunt
392 5266 493 5334 qui
548 5282 682 5320 cum
735 5265 904 5320 bestii
971 5265 1499 5334 congrediebantur
1547 5262 1607 5316 in
1659 5277 1853 5324 arena,

231 5337 335 5388 sive
362 5341 659 5391 nocentes.
698 5338 816 5391 sive
842 5336 1040 5407 inopia
1070 5334 1326 5403 illorum,
1360 5335 1457 5390 alii
1490 5350 1621 5387 cum
1656 5334 1859 5407 imma-

232 5406 555 5479 nibusferis
588 5406 1134 5479 comparatiinsce
1168 5409 1444 5463 ultimum
1492 5406 1859 5479 coenantibus

233 5475 531 5553 liberaliter
563 5475 1214 5553 apponebaturimensa.
1251 5480 1402 5550 Apol.
1449 5493 1501 5553 c._
1532 5478 1599 5553 42
1634 5493 1645 5530 :
1681 5499 1712 5553 ff
1732 5476 1856 5553 N9}!

237 5548 285 5601 in
315 5550 541 5619 publico
572 5548 915 5606 liberalibus
964 5548 1303 5620 discumbo,
1351 5550 1504 5623 quod
1564 5548 1860 5603 bestiariis

238 5634 495 5679 suprema
527 5623 895 5677 coenantibus
929 5639 1055 5678 mos
1086 5629 1192 5679 est.
1232 5646 1251 5672 ι

320 5692 401 5751 86)
504 5694 689 5772 [quem
721 5694 1195 5772 Christianumet
1224 5694 1402 5772 solum
1448 5691 1637 5772 putris
1684 5691 1863 5772 ﬁlium

243 5758 469 5819 dc'crud.
498 5764 937 5838 Objiciebantur
986 5766 1332 5822 Christianis
1379 5758 1550 5818 initia
1595 5758 1861 5833 quaedam

1943 3406 2052 3459 sub
2081 3404 2264 3459 cultro
2313 3404 2578 3459 rideant!
2614 3409 2670 3458 et
2698 3409 2892 3459 tamen
2947 3404 3092 3458 nihil
3138 3404 3325 3475 magis
3358 3404 3582 3475 tritum

1942 3478 2097 3549 apud
2132 3475 2281 3531 illos.
2316 3475 2814 3549 Undegadmiratio
2845 3476 3023 3549 simul
3063 3478 3119 3530 et
3148 3474 3317 3549 locus,
3342 3474 3584 3529 Germa-

1942 3546 2151 3603 norum
2183 3548 2334 3617 apud
2362 3548 2627 3601 Tacitum
2654 3549 2815 3602 c.19:
2848 3571 2875 3597 «
2910 3548 3231 3602 Numerum
3265 3546 3582 3601 liberorum

1942 3621 2130 3685 finire,
2162 3624 2263 3673 aut
2292 3634 2646 3691 quemquam
2681 3637 2749 3674 ex
2778 3620 3005 3691 agnatis
3036 3635 3259 3691 necare,
3293 3617 3581 3691 ﬂagitium

1942 3692 2206 3746 habetur.
2250 3711 2288 3761 n
2339 3690 2715 3761 Graviterque
2777 3690 3138 3761 impietatem
3186 3690 3584 3745 istam’taxat

1944 3763 2213 3827 Labtant,
2246 3760 2347 3814 lib.
2377 3778 2455 3828 v1,
2487 3762 2556 3815 28
2592 3760 2665 3816 fu
2701 3762 2849 3831 Ergo
2866 3760 2956 3817 ine
2988 3762 3132 3816 illud
3179 3762 3417 3833 quidem
3449 3778 3582 3833 con-

1941 3833 2063 3887 cedi
2096 3832 2309 3904 aliquis
2335 3833 2718 3904 existimet,ut
2748 3838 3007 3888 recentes
3039 3832 3209 3889 natos
3236 3833 3409 3887 liceat
3441 3832 3583 3888 obli-

1942 3907 2078 3960 dere
2113 3923 2125 3960 :
2160 3903 2289 3975 quae
2324 3903 2413 3958 vel
2447 3904 2702 3959 maxima
2762 3910 2849 3960 est
2904 3904 3193 3975 impietas.
3255 3905 3340 3957 Ad
3401 3906 3586 3959 vitam

1942 3977 2096 4034 enim
2130 3976 2283 4031 Deus
2314 3975 2562 4047 inspirat
2591 3976 2843 4039 animas,
2874 3993 2986 4031 non
3037 3977 3108 4031 ad
3159 3980 3401 4030 mortem
3476 3976 3584 4031 Ve-

1942 4066 2072 4105 rum
2106 4048 2395 4115 homines,
2426 4062 2497 4102 ne
2530 4048 2683 4117 quod
2716 4048 2792 4102 sit
2823 4048 3193 4117 facinus,quo
3219 4063 3429 4101 manus
3446 4064 3587 4101 suas

1945 4139 2060 4177 non
2093 4120 2380 4191 polluant,
2410 4118 2657 4175 rudibus
2687 4119 2899 4185 adhuc,
2930 4123 2987 4174 et
3003 4118 3371 4191 simplicibus
3402 4118 3588 4173 animi

1944 4190 2238 4263 abnegant
2264 4192 2454 4247 lucem
2490 4208 2692 4263 nona
2750 4208 2811 4246 se
2869 4193 3086 4246 datam.
3132 4190 3176 4240 ⁷»
3235 4190 3396 4244 Clare
3450 4206 3585 4245 vero

1946 4262 2123 4320 Barr.’
2140 4270 2197 4320 et
2224 4263 2361 4318 hinc
2395 4280 2506 4319 ms.
2544 4262 2706 4319 Fuld.
2742 4264 3053 4335 praeferunt
3076 4266 3339 4335 eneclent.

2021 4337 2131 4407 (88)
2180 4335 2375 4407 Siquid
2426 4340 2475 4391 et
2519 4336 2584 4392 de
2650 4329 2844 4402 genere
2914 4337 3087 4407 necis,
3126 4339 3259 4389 etc..
3291 4333 3401 4407 ita
3442 4329 3593 4407 Coll,

1952 4402 2509 4473 Medianafomnino
2534 4407 2746 4462 melius
2785 4423 2963 4478 quam
2997 4406 3120 4474 alii,
3150 4404 3421 4478 siquidem
3452 4409 3497 4459 et
3531 4402 3597 4457 de

1949 4495 2149 4552 genere
2178 4482 2326 4535 necis
2356 4480 2559 4551 diﬂert,
2590 4480 2800 4549 utique,
2849 4482 2958 4552 etc.
3010 4493 3158 4552 cum
3188 4477 3400 4552 utique
3428 4492 3598 4552 quo-

1953 4547 2184 4624 cunque
2219 4552 2391 4606 modo
2416 4547 2816 4624 perpetratum
2851 4551 2929 4624 sit
2953 4547 3332 4621 parricidium
3388 4549 3445 4624 et
3498 4548 3599 4603 ho-

1957 4618 2283 4689 micidium,
2330 4618 2543 4677 tamen
2579 4621 2628 4676 si
2680 4626 2735 4676 et
2799 4618 2969 4676 necis
3009 4638 3193 4693 genus
3238 4618 3601 4693 consideres,

1953 4696 2109 4750 aliud
2135 4695 2248 4749 alio
2279 4698 2367 4750 est
2393 4693 2689 4748 crudelius
2717 4711 2730 4761 ;
2762 4693 2978 4748 ferrum
3011 4690 3165 4765 quod
3200 4692 3313 4747 cito
3345 4690 3607 4765 absumit

1958 4768 2283 4829 hominem,
2316 4768 2591 4837 quodque
2620 4765 2749 4820 ideo
2785 4763 3044 4836 majores?
3067 4770 3227 4819 natu.
3273 4763 3605 4837 occidentes

1960 4856 2021 4895 se
2047 4838 2291 4910 eligunt,
2331 4833 2522 4910 lenius
2556 4837 2761 4910 mortis
2793 4833 2975 4907 genus
3007 4842 3095 4891 est
3124 4852 3301 4907 quam
3344 4833 3515 4910 longa
3546 4835 3607 4889 in

1962 4907 2421 4981 aquis—jactatio,
2456 4914 2556 4965 aut
2588 4909 2797 4981 frigore
2829 4910 3051 4981 fameve
3081 4907 3609 4981 comsumptio,aut

1962 4978 2213 5051 denique
2255 4978 2558 5035 viva’vivo
2608 4978 2840 5050 sepeliri
2890 4996 3133 5050 corpora
3180 4984 3376 5046 busto,
3425 4985 3488 5033 ut
3517 4978 3601 5051 lo-

1963 5050 2164 5125 quitur
2194 5052 2516 5125 Lucretius.
2552 5051 2612 5125 ln
2646 5051 3371 5125 sequentibusgnonnullre
3398 5050 3607 5125 editioe

1965 5121 2068 5180 ues
2098 5123 2302 5194 legunt
2356 5146 2383 5173 ‹‹
2416 5122 2699 5194 Spiritum
2734 5123 3108 5193 extorquetis,
3154 5128 3255 5178 aut
3304 5121 3503 5194 frigori
3548 5124 3607 5177 et

1966 5198 2004 5250 f.
2039 5200 2096 5250 et
2126 5193 2179 5250 cI
2210 5211 2259 5249 e.
2296 5194 2444 5249 ferro
2465 5193 2631 5248 enim
2667 5195 2811 5249 mori
2842 5202 2980 5249 aztas
3012 5212 3065 5265 q.
3122 5212 3201 5249 m.
3254 5193 3491 5266 optavit.
3526 5198 3613 5249 Ita

1965 5283 2098 5323 vero
2131 5266 2425 5339 distinguo
2460 5284 2472 5321 :
2507 5266 2786 5339 etusiquid
2819 5271 2874 5319 et
2904 5268 2975 5321 de
3010 5284 3222 5339 genere
3259 5267 3465 5322 necis?
3496 5266 3615 5321 dif-

1970 5340 2101 5394 fert.
2134 5337 2346 5407 Utique
2377 5336 2758 5393 crudelius’in
2794 5355 2965 5408 aqua,
3007 5336 3037 5387 ιῖ
3062 5344 3170 5394 etc.
3204 5343 3341 5395 HAV.

2040 5408 2149 5481 (89)
2181 5411 2409 5482 Frigori
2435 5418 2485 5465 el
2514 5412 2653 5481 fami
2682 5412 2731 5465 et
2760 5411 2987 5465 canibus
3016 5412 3312 5482 exponitis,
3348 5410 3612 5482 Lactant.

1968 5479 2007 5534 1.
2040 5497 2092 5534 v.
2131 5479 2205 5553 :_«
2240 5480 2379 5543 Quis
2412 5479 2580 5537 nates
2611 5499 2677 5537 ex
2714 5497 2789 5553 se
2823 5498 3033 5553 pueros
3078 5479 3179 5537 aut
3221 5481 3613 5551 strangulant,

1971 5557 2073 5625 aut
2119 5551 2167 5625 si
2212 5553 2462 5625 nimium
2515 5554 2592 5625 pii
2642 5551 2885 5625 fuerint,
2949 5558 3248 5625 exponunt
3293 5554 3612 5625 iterum_vr,

1968 5623 2041 5676 20
2075 5640 2087 5677 :
2122 5621 2551 5703 Quidilli,quo's
2581 5624 2729 5703 falsa
2759 5626 2944 5703 pietas
2976 5621 3130 5703 cogit
3146 5639 3430 5703 exponere
3454 5640 3466 5675 :
3487 5621 3613 5703 Non

1974 5700 2223 5769 possunt
2254 5696 2594 5753 innocentes
2623 5697 2967 5765 existimari,
3018 5698 3117 5769 qui
3167 5697 3387 5769 viscera
3419 5709 3526 5769 sua
3554 5696 3616 5769 in

1974 5764 2229 5839 praedam
2262 5771 2509 5827 canibus
2541 5769 2829 5841 objiciunt
2851 5774 2937 5825 :et
2956 5764 3247 5839 quantum
3271 5764 3331 5819 in
3365 5764 3511 5836 ipsis
3531 5766 3623 5823 est
