4054 6174
404 326 521 386 379

924 323 1452 385 TERTULLIANI
1498 322 1822 383 OPERUM
1870 322 2072 382 PARS
2117 321 2166 381 Ι.
2198 352 2275 365 -
2305 320 2576 382 SERIES
2620 319 2667 392 Ι,
2715 321 3277 384 APOLOGETICA.

3665 327 3768 387 380

403 458 494 515 vel
549 458 912 529 adeptandos
958 456 1300 511 melioribus
1348 456 1502 511 820
1552 456 1892 525 parentibus
1950 454 2064 527 (19)
2093 456 2149 523 Α
2180 456 2518 526 utrumque.
2554 454 2663 509 Sed
2713 453 2990 511 caecitatis
3041 455 3166 511 duae
3214 455 3422 527 species
3466 455 3620 513 facile
3662 475 3771 513 con~

408 545 813 617 emancipatis.
849 544 1095 600 Alienati
1128 543 1359 616 generis
1391 560 1629 598 necesse
1679 548 1768 598 est
1799 544 2064 615 quando-

407 652 520 705 que
550 634 894 690 memoriam
946 633 1259 703 dissipari;
1293 638 1352 688 et
1379 632 1557 688 semel
1598 649 1757 688 error
1803 633 2066 704 impege-

407 725 501 790 rit,
538 724 743 779 exinde
782 724 910 794 jam
963 723 1172 777 tradux
1216 722 1481 792 proﬁciet
1538 721 1764 788 incesti,
1799 726 2068 792 serpente

407 827 617 883 genere
666 829 801 866 cum
850 811 1085 865 scelere.
1122 811 1286 865 Tunc
1324 810 1535 865 deinde
1586 825 1958 881 quocumque
2007 808 2066 864 in

407 899 555 967 loco,
589 899 765 965 domi,
797 915 1057 971 peregre,
1104 904 1268 955 trans
1316 899 1482 964 freta,
1516 914 1712 954 comes
1746 903 1835 953 est
1864 898 2066 967 libido,

408 990 578 1058 cujus
625 988 845 1059 ubique
876 988 1063 1043 saltus
1115 988 1286 1043 facile
1319 992 1565 1060 possunt
1596 987 1813 1043 alicubi
1846 987 2071 1059 ignaris

409 1078 562 1132 ﬁlios
594 1093 848 1149 pangere
880 1076 968 1131 vel
997 1094 1065 1131 ex
1096 1077 1295 1148 aliqua
1327 1076 1573 1132 seminis
1606 1076 1967 1148 portione”;
2005 1081 2071 1132 ut

410 1167 493 1220 ita
525 1183 797 1236 sparsum
830 1167 873 1200 ν’
902 1182 1085 1236 genus
1128 1182 1229 1236 per
1259 1166 1610 1220 commercia
1641 1165 1901 1220 humana
1930 1181 2068 1220 con-

410 1261 607 1310 currat
633 1256 691 1310 in
725 1254 1040 1310 memorias
1086 1271 1248 1320 suas,
1284 1270 1472 1324 neque
1516 1271 1613 1309 eas
1642 1255 1833 1310 coitus
1865 1254 2071 1309 incesti

411 1344 720 1415 sanguinis
774 1350 1072 1414 agnoscat.
1126 1344 1240 1398 Nos
1289 1344 1360 1397 ab
1412 1343 1522 1398 isto
1571 1343 1642 1397 20
1686 1349 1896 1398 eventu
1939 1342 2069 1397 dili-

413 1433 760 1504 gentissima
780 1436 838 1487 et
860 1432 1208 1488 ﬁdelissima
1238 1432 1480 1488 castitas
1512 1432 1717 1503 sepsit,
1753 1438 2072 1503 quantum-

414 1537 525 1589 que
564 1521 636 1576 ab
670 1520 891 1591 stupris
924 1527 981 1574 et
1023 1520 1094 1575 ab
1126 1520 1285 1574 omni
1327 1532 1459 1591 post
1491 1520 1894 1574 matrimoium
1919 1521 2066 1576 3'17

413 1624 674 1675 excessu,
726 1612 957 1663 tantum
1011 1612 1069 1663 et
1113 1609 1184 1663 ab
1235 1607 1445 1663 incesti
1497 1624 1637 1664 casu
1676 1609 1787 1663 tuti
1839 1624 2069 1664 sumus.

414 1698 664 1763 Quidam
696 1696 882 1752 multo
916 1698 1243 1753 securiores
1272 1702 1454 1752 totam
1494 1697 1613 1753 vim
1646 1696 1827 1768 hujus
1856 1697 2073 1753 erroris

413 1786 639 1858 virgine
670 1786 1028 1842 continentia
1058 1786 1378 1857 depellunt,
1413 1803 1581 1842 senes
1631 1787 1815 1858 pueri.
1851 1786 1981 1842 Haec
2013 1788 2073 1842 in

2180 548 2444 609 currunt,
2482 546 2543 597 ut
2601 543 2701 614 qui
2734 560 2849 599 non
2878 544 3077 600 vident
3106 561 3230 616 quae
3260 548 3408 611 sunt,
3436 544 3612 601 videre
3650 546 3781 602 vids-

2174 634 2272 686 tur
2302 648 2428 703 quea
2464 647 2581 687 non
2612 636 2769 687 sunt.
2809 633 2900 687 Sic
2931 649 3034 703 per
3062 632 3256 689 omnia
3285 634 3592 691 ostendam.
3637 639 3783 697 Nunc

2181 721 2250 777 de
2285 720 2788 776 manifestioribus
2820 722 3011 777 dicam
3042 723 3104 777 9‘.

2839 854 3065 910 CAPUT
3113 856 3177 912 Χ.

2180 962 2613 1013 ARGUMENTUM.
2647 989 2715 996 —
2745 958 3109 1026 Proyreditur
3137 959 3249 1029 iam
3294 957 3361 1012 ad
3405 959 3599 1013 crimen
3626 959 3794 1013 irreli-

2248 1030 2565 1099 giosistatis,
2599 1031 2783 1101 aitque
2841 1031 3182 1086 Christianos
3235 1029 3455 1101 deorum
3493 1030 3683 1101 cultum
3719 1046 3791 1084 re-

2251 1116 2473 1167 cusare,
2531 1104 2661 1170 quia
2692 1100 2791 1155 dii
2836 1118 2948 1156 non
2994 1111 3140 1169 sunt,
3191 1100 3416 1166 colendi,
3465 1104 3514 1156 si
3565 1100 3795 1155 divinitas

2251 1188 2441 1228 eorum
2502 1172 2872 1227 demonstrari
2929 1176 3123 1244 possit.
3192 1176 3448 1228 Provocal
3510 1172 3683 1243 itaque
3732 1171 3797 1226 ad

2252 1245 3014 1316 conscientiamigenlilium,
3066 1258 3193 1316 quae
3237 1259 3444 1316 negare
3497 1259 3605 1297 non.
3648 1247 3797 1316 potest

2253 1332 2435 1371 omnes
2476 1316 2604 1370 illos
2648 1315 2773 1371 deos
2815 1315 3247 1371 homz'nes’olim
3291 1315 3485 1385 fuisse,
3527 1315 3660 1385 quod
3697 1316 3801 1386 jam

2250 1390 2418 1443 unius
2448 1387 2677 1443 Saturni
2706 1389 2954 1460 exemplo
2985 1388 3193 1459 liquido
3222 1386 3568 1443 demonstrat.

2252 1520 2421 1588 Deos,
2457 1520 2727 1591 inquitis,
2760 1537 2875 1576 non
2922 1520 3114 1576 colitis
3164 1520 3295 1591 (21),
3348 1524 3405 1574 et
3434 1535 3533 1590 pro
3573 1516 3803 1587 impera-

2182 1610 2409 1664 toribus
2456 1610 2748 1665 sacriﬁcia
2796 1626 2911 1665 non
2945 1609 3311 1682 impenditis.
3344 1607 3612 1679 Sequitur
3636 1610 3695 1659 ut
3722 1619 3795 1658 ea-

2184 1699 2314 1753 dem
2348 1698 2572 1753 ratione
2603 1714 2707 1770 pro
2753 1698 2885 1754 aliis
2936 1715 3053 1753 non
3101 1697 3521 1762 sacriﬁcemus,
3559 1693 3688 1767 quia
3715 1707 3805 1747 nec

2184 1801 2286 1856 pro
2331 1786 2500 1840 nobis
2552 1786 2705 1841 828
2757 1786 2925 1857 ipsis,
2977 1787 3150 1841 semel
3206 1786 3352 1841 deus
3402 1800 3516 1839 non
3570 1781 3807 1838 colendo-

427 1837 638 1858 .--σή
675 1837 1027 1842 ---ω----η
1065 1837 1378 1857 __,-___m,
1413 1837 1576 1842 _m"
1631 1837 1814 1858 τη---
1851 1837 1977 1842 _m-
2014 1837 2073 1842 __
2184 1837 2279 1856 Γ-
2332 1837 2496 1840 __-___
2559 1837 2698 1841 τη
2758 1837 2925 1857 τμη,
2977 1837 3149 1841 ___-_
3212 1837 3349 1841 --η
3612 1837 3617 1838 γ

415 1876 578 1932 vobis
600 1876 814 1945 esse,si
848 1875 1567 1947 considoraritis,proinde
1587 1875 1933 1931 Christianis
1959 1893 2074 1930 non
2105 1837 2152 1901 Β
2191 1875 2387 1945 Itaque
2436 1875 2729 1946 sacrilegii
2776 1875 2892 1946 (22)
2949 1880 3007 1929 et
3062 1874 3392 1945 majestatis
3446 1872 3525 1927 rei
3563 1868 3805 1926 conveni-

416 1980 545 2020 esse
574 1964 1003 2036 perspiceretis.
1034 1962 1217 2019 Iidem
1268 1963 1420 2019 oculi
1468 1963 1909 2020 renuntiassent
1947 1980 2076 2019 esse

2188 1979 2340 2017 mur.
2377 1964 2620 2019 Summa
2665 1963 2787 2018 haec
2832 1979 3032 2032 causa,
3080 1961 3198 2019 imo
3245 1965 3372 2019 tota
3412 1965 3517 2030 est,
3549 1965 3603 2017 et
3630 1958 3809 2029 utique

1866 2063 2069 2123 Variis
2101 2062 2399 2122 lectiones

491 2161 535 2196 93
564 2163 691 2230 Rig.
724 2165 778 2216 et
811 2166 954 2217 Hau.

416 2308 650 2377 scripta.
685 2307 810 2377 Reg.
844 2306 909 2362 de
938 2308 1074 2362 Ilav.
1108 2306 1272 2360 Nunc
1303 2308 1361 2360 et
1391 2304 1744 2360 manifestis.

1047 2176 1278 2233 angere,
1311 2159 1471 2215 velut
1502 2176 1570 2215 ex
1600 2159 1675 2215 al.
1731 2159 2208 2232 semisparsione,
2259 2164 2368 2214 etc.
2444 2159 2489 2193 9‘
2520 2158 2612 2213 Uti
2646 2176 2977 2233 aspersum
3036 2160 3271 2233 Franeg.

316 2242 319 2245 ‘
428 2235 626 2288 omnia
656 2236 963 2289 ostendam
997 2233 1195 2289 desunt
1228 2235 1287 2287 in
1318 2233 1406 2287 ed.
1441 2233 1715 2305 Rhenani,
1746 2236 1797 2288 et
1824 2248 1943 2305 quae
1973 2236 2278 2304 sequuntur

3376 2158 3420 2192 9‘
3449 2157 3550 2211 Vv.
3594 2156 3677 2211 Sic
3730 2168 3817 2223 per

2332 2249 2352 2285 :
2408 2235 2570 2286 Nunc
2625 2232 2695 2287 de
2740 2222 3259 2288 manifestioribus
3313 2230 3585 2300 dicam,c
3651 2222 3816 2281 xus-

1864 2383 2389 2445 Commentarius.

422 2493 579 2550 gam.
612 2480 912 2545 Quomodo
952 2497 1087 2536 cum
1120 2496 1295 2551 saepe,
1326 2483 1451 2535 tum
1502 2480 1679 2536 etiam
1710 2497 1817 2536 vox
1850 2480 1953 2536 illa
1983 2497 2085 2536 oc-

423 2550 606 2624 currit
635 2553 735 2607 lib.
766 2553 887 2607 adv.
941 2550 1358 2621 Hermogenem,
1402 2568 1531 2624 cap.
1564 2554 1627 2607 41
1686 2568 1699 2607 :
1741 2575 1781 2624 ί‹‹
1834 2556 1966 2607 Haec
1996 2553 2083 2607 in-

427 2621 594 2691 quies
628 2641 740 2680 non
775 2631 885 2688 est,
918 2624 1039 2679 hac
1080 2624 1444 2680 turbulentia
1476 2621 1546 2678 'et
1595 2623 1909 2696 passivitas
1969 2640 2086 2678 non

424 2698 531 2766 est,
586 2697 687 2751 sed
752 2697 1071 2751 moderatio
1101 2703 1159 2752 et
1222 2695 1524 2751 modestia.
1588 2695 1609 2748 ὁ
1686 2696 1832 2751 Male
1888 2696 2088 2766 itaque

424 2765 611 2838 Bhen.
669 2791 690 2816 ι
744 2769 1131 2838 Suppeditare
1202 2768 1480 2838 materias
1525 2768 1750 2838 passim
1803 2768 2087 2838 invitante

430 2836 681 2893 luxuria.
736 2861 763 2889 ››
821 2832 1033 2895 Graecis
1084 2837 1378 2910 εἷκαιότης,
1425 2832 1581 2895 unde
1610 2836 1786 2891 εἰκαῖα
1815 2832 2081 2910 πρόϐατα,

464 2912 677 2984 assa/es
706 2926 843 2966 oves.
878 2911 1022 2967 Vide
1072 2910 1436 2984 Scaligerum
1471 2912 1542 2966 ad
1576 2910 1875 2966 Manilium
1906 2928 1963 2984 p.
1994 2912 2083 2966 68.

478 2998 565 3037 AV.

428 3123 600 3194 longe
628 3124 839 3181 melius
871 3142 1047 3195 quam
1071 3125 1211 3181 editi
1241 3125 1481 3196 quidam
1497 3124 1890 3181 misericordiae
1908 3128 2088 3180 extra,

428 3210 564 3268 new,
600 3202 702 3250 aut
752 3197 1010 3268 Bhenani
1042 3201 1223 3268 matre
1271 3199 1505 3251 exlrena
1539 3212 1550 3250 :
1586 3197 1879 3268 quomodo
1906 3196 2085 3268 etiam

430 3265 717 3350 germane.
750 3267 1060 3350 Eleganter
1092 3266 1305 3350 Paulus
1347 3265 1835 3350 jurisc‘on—sultus,
1858 3267 2087 3350 ‘citantc

428 3338 663 3393 Wouw.
697 3338 765 3391 ad
804 3338 1017 3394 Minue.
1069 3355 1082 3393 :
1134 3361 1154 3386 ι
1207 3338 1424 3392 Necare
1454 3338 1682 3393 videtur
1710 3355 1826 3393 non
1852 3343 2084 3394 tantum

429 3409 625 3483 is_qui_
643 3413 875 3483 partum
909 3411 1204 3483 praefocat,
1240 3411 1339 3483 sed
1374 3410 1501 3465 etis
1526 3412 1626 3481 qui
1661 3411 1912 3480 publicis
1942 3410 2086 3465 locis

431 3480 839 3553 misericordia:
863 3480 1041 3536 causa
1068 3481 1527 3553 exponit,4quam
1562 3483 1685 3553 ipse
1715 3499 1829 3536 non
1854 3484 2085 3537 habet.»

430 3551 557 3623 Non
591 3569 832 3623 possum
866 3555 1009 3623 quin
1062 3551 1343 3607 Laetantii
1394 3551 1599 3607 locum
1635 3553 1949 3618 adducam,
1983 3553 2084 3608 sed

432 3621 516 3696 ita
542 3621 996 3696 utgemsndatior
1043 3623 1287 3693 legatur,
1336 3624 1441 3689 lsa,
1496 3641 1570 3696 γι,
1615 3626 1704 3694 20,
1759 3630 1822 3680 ut
1869 3624 2087 3696 vulgati

434 3692 571 3748 libri
604 3694 823 3750 habent
854 3711 867 3749 :
907 3718 933 3746 «
964 3692 1383 3761 Quis’duhitet,
1417 3694 1557 3765 quin
1610 3692 1828 3766 impius
1859 3692 2087 3766 sitfqui

439 3714 571 3748 llDI‘l
605 3714 823 3750 nanent
854 3714 867 3749 :
907 3718 933 3746 «
964 3714 1105 3759 uuis
1139 3714 1383 3761 annuet,
1417 3714 1557 3765 quin
1610 3714 1685 3749 1m
1738 3714 1828 3751 ius
1859 3714 1957 3762 su,
1991 3714 2086 3766 qui

439 3766 643 3821 alienas
669 3766 1293 3823 misericordiaxlocum
1324 3783 1437 3821 non
1460 3767 1667 3822 tribuit
1686 3714 1885 3838 ‘Fquin
1910 3768 2086 3823 etiam

437 3838 484 3891 si
518 3839 823 3910 contingat
853 3839 903 3893 ei
934 3840 1089 3909 quod
1122 3839 1322 3894 voluit.
1366 3844 1430 3893 ut
1460 3838 1652 3893 alatur
1682 3839 2089 3910 addixitcerte

437 3909 1014 3983 sanguinemisuum,
1048 3910 1133 3983 vel
1171 3912 1253 3983 ad
1302 3910 1664 3977 servitutem,
1696 3910 1782 3965 vel
1813 3912 1883 3966 ad
1917 3909 2088 3983 lupa-

434 3982 565 4053 nar.
596 4003 624 4031 »
656 3982 807 4037 Nihil
839 3984 1039 4038 minus
1070 3982 1230 4050 dicit,
1266 3998 1439 4053 quam
1473 3985 1628 4053 quod
1662 3984 1891 4038 videtur
1918 3982 2086 4050 velle,

434 4052 510 4126 in,
555 4070 686 4109 meo
736 4059 891 4110 certe
944 4052 1297 4126 exemplari.
1346 4052 1599 4126 Repone,
1652 4076 1679 4103 «
1734 4054 1841 4118 Qui
1891 4055 2089 4110 alienaa

436 4124 849 4181 misericordias
881 4124 1259 4193 locumfnon
1307 4124 1774 4193 suae—tribuunt;
1814 4150 1834 4177 ι
1882 4126 1939 4181 id
1972 4127 2090 4181 exi-

436 4201 583 4269 gunt
608 4215 734 4269 quas
765 4199 843 4253 ibi
876 4201 1224 4268 sequuntur.
1270 4197 1829 4269 Extraneamtalem
1861 4198 2090 4253 miseri-

437 4268 697 4340 cordiam
746 4270 941 4325 videre
970 4270 1106 4325 licet
1133 4269 1439 4325 Chariclen
1482 4268 1745 4324 evenisse
1793 4270 1947 4340 apud
1988 4270 2095 4324 He-

439 4339 731 4411 lioporum
784 4342 1026 4411 Ait/imp.
1074 4342 1173 4395 lib.
1221 4358 1283 4403 II,
1336 4340 1565 4411 p.118,
1625 4341 1764 4395 edit.
1811 4339 2091 4396 Ccmmel.

443 4412 553 4466 Sed
588 4429 693 4467 nos
724 4413 794 4466 de
843 4410 1185 4467 crudelitate
1233 4412 1340 4465 hac
1386 4410 1556 4482 plura
1584 4410 1660 4482 in
1714 4412 1883 4467 initio
1913 4412 2094 4482 hujus

441 4483 684 4556 capitis,
724 4483 940 4553 quibus
988 4481 1797 4556 addigpotest’Kippingius.
1858 4501 1875 4539 ι
1908 4529 1924 4555 ,
1963 4481 2093 4556 cap.

448 4556 499 4622 1,
535 4571 591 4625 p.
628 4555 695 4607 13
728 4571 882 4608 novaa
913 4554 1209 4609 editionis.
1245 4553 1384 4608 HAV.

2197 2476 2243 2532 δ’
2297 2478 2379 2533 ὑπ’
2445 2476 2617 2533 αὐτῶν
2669 2475 2755 2554 ἐπὶ
2808 2474 3053 2554 {dilectae
3081 2474 3540 2554 A§0u0svo_6g_ev_0i,
3605 2469 3823 2554 οων,

2195 2556 2305 2607 etc.
2340 2574 2367 2601 «
2401 2555 2706 2623 Caeterum,
2741 2540 3013 2608 homines
3041 2540 3236 2605 idiotas
3282 2540 3637 2623 ab'illis'pro
3666 2540 3826 2623 nihilo

2194 2623 2531 2698 habitis,_ut
2551 2616 2723 2698 stulti
2748 2629 2841 2698 _et_
2875 2622 3209 2698 illiberales,
3256 2621 3307 2676 si
3364 2616 3555 2698 modo
3584 2616 3827 2698 commit-

2193 2699 2323 2751 tant
2353 2689 2503 2749 se’in
2538 2695 2710 2749 ﬁdem
2745 2696 2865 2764 Dei,
2915 2700 2972 2750 et
3004 2694 3345 2767 doctrinam
3376 2695 3528 2767 Jesu‘
3546 2689 3827 2767 recipiant,

2194 2771 2426 2822 tantum
2460 2767 2676 2821 absunt
2706 2768 2778 2821 ab
2809 2762 2967 2822 omni
3000 2766 3310 2829 lascivitia,
3332 2762 3635 2834 spurcitia,
3661 2762 3829 2829 turpi-

2194 2839 2396 2895 tudine
2426 2836 2759 2909 libidinum,
2795 2843 2857 2892 ut
2886 2838 2944 2893 in
2979 2854 3197 2893 morem
3230 2837 3627 2909 perfectorum
3658 2845 3830 2886 sacer-

2195 2912 2398 2966 dotum
2432 2910 2503 2964 ab
2548 2909 2709 2965 omni
2744 2904 2908 2964 'coitu
2941 2904 3415 2973 abhorrentium,
3448 2904 3618 2961 multi
3650 2915 3828 2959 eorum

2194 2983 2254 3037 in
2285 2985 2474 3036 totum
2517 2986 2675 3036 caste
2726 2998 2983 3053 pureque
3014 2982 3233 3044 vivant,
3268 2979 3449 3053 alieni
3478 2995 3513 3033 a
3541 2987 3829 3053 congressu

2196 3053 2510 3109 mulierum
2543 3047 3041 3125 etiam—legitimo.
3076 3076 3105 3103 »
3138 3054 3266 3108 Mox
3301 3069 3337 3108 a
3378 3050 3566 3106 Rhen.
3613 3049 3768 3103 abest
3788 3047 3833 3099 et

2192 3126 2535 3197 ﬁdelissima.
2568 3124 2708 3179 Hsv.

2118 3237 2160 3304 Ο
2192 3188 2202 3197 ’
2270 3197 2379 3322 (ξι)
2414 3198 2568 3278 Deos,
2602 3196 2852 3269 inquitis,
2884 3212 2999 3251 non
3042 3195 3241 3279 eolilis.
3281 3191 3510 3275 Passim
3562 3188 3710 3273 apud
3746 3188 3837 3240 Ar-

2198 3284 2272 3323 no
2321 3310 2333 3323 .
2369 3272 2432 3322 ut
2463 3267 2563 3322 11b.
2599 3285 2617 3322 ι
2660 3284 2672 3322 :
2725 3290 2752 3317 ‹‹
2807 3268 2999 3323 Egone
3054 3282 3253 3323 impiae
3301 3264 3610 3323 religionis
3655 3272 3837 3316 sumus

2321 3310 2333 3334 ,
2362 3262 2432 3322 ut
2463 3267 2563 3322 lib.
2599 3285 2617 3322 Ι
2660 3262 2688 3322 ε’
2725 3290 2752 3317 ‹‹
2807 3268 2999 3337 Egone
3054 3264 3253 3337 impiae
3301 3262 3610 3337 religionis
3655 3272 3840 3316 sumus

2195 3333 2351 3411 apud
2381 3356 2483 3411 vos
2514 3339 2617 3405 rei,
2642 3343 2696 3393 et
2720 3333 2882 3410 quod
2918 3333 3331 3411 caputrerum
3364 3333 3444 3392 δι’
3464 3333 3724 3411 columen
3754 3346 3839 3384 ve—

2194 3406 2556 3485 nerabilibus
2589 3406 2823 3485 edim—us
2872 3406 3170 3485 obsequiis
3200 3410 3294 3479 (ut
3325 3406 3839 3485 convicioutamur

2194 3482 2410 3549 vestro)
2441 3482 2684 3537 infausti
2714 3487 2771 3537 et
2798 3482 2963 3538 Athei
3008 3477 3479 3550 duncupamurl‘
3529 3477 3713 3550 ψιλῇ).
3743 3490 3776 3527 v
3824 3488 3836 3526 ε

2197 3574 2226 3604 ‹‹
2260 3548 2483 3608 Audere
2511 3570 2615 3609 vos
2660 3553 2850 3609 dicere
2879 3571 2947 3608 ex
2993 3553 3087 3607 his
3137 3548 3403 3617 atheum,
3439 3548 3840 3619 irreligiosum,

2197 3625 2568 3695 sacrilegum,
2602 3626 2699 3696 qui
2736 3629 2839 3680 deo
2871 3641 3020 3695 esse,
3055 3623 3297 3679 omnino
3347 3628 3455 3696 aut
3493 3618 3727 3693 negant,
3758 3618 3845 3696 aut

2197 3692 2651 3771 dubiteutaqu—t
2682 3696 2870 3771 lib._v1
2927 3714 2939 3752 :
2995 3692 3021 3747 ἑ‹
3060 3696 3122 3771 In
3172 3696 3282 3771 hac
3336 3694 3503 3771 enim
3537 3692 3845 3771 consuestis

2197 3774 2359 3839 parte
2411 3767 2662 3823 invidias
2713 3769 2883 3823 nobis
2918 3766 3505 3839 tumultuosissimas
3553 3766 3841 3839 concitare.

2198 3834 2491 3911 appellare
2522 3856 2638 3895 non
2683 3840 2905 3903 atheos,
2954 3844 3010 3893 et
3059 3840 3211 3911 quod
3263 3838 3591 3893 minimum
3641 3834 3847 3911 tribua-

2199 3904 2331 3966 mus
2358 3911 2491 4037 giis.
2528 3934 2556 3961 »
2589 3911 2733 3967 Vide
2765 3911 2935 3983 plura
2981 3904 3136 3983 apud
3187 3910 3552 3982 interpretes
3584 3904 3847 3961 Arnobia-

2199 4000 2326 4037 nos.
2409 4001 2499 4037 Αν.

2199 4000 2326 4039 D08.
2359 4000 2499 4038 HAV.

2269 4056 2382 4138 (22)
2411 4053 2739 4138 sacrilegiis
2770 4051 3105 4107 Convicium
3140 4052 3296 4138 quﬂod
3341 4048 3659 4138 cqnfestim

2201 4114 2409 4180 sti‘anis
2448 4114 2845 4195 ingerebatur,
2896 4141 3077 4195 supra
3125 4114 3172 4177 c'.
3205 4126 3240 4178 2
3273 4141 3286 4179 :
3325 4145 3353 4171 ‹‹
3387 4120 3733 4195 Quando_de
3760 4114 3853 4195 ali:

2199 4214 2314 4267 quo
2343 4182 2604 4263 nocente,
2638 4182 3009 4265 cognoscitis,
3047 4216 3073 4243 »
3106 4195 3226 4249 Etc.
3252 4198 3339 4267 ‘Et
3391 4182 3543 4249 ibid.
3578 4215 3607 4243 ‹‹
3641 4182 3856 4267 Laniari

2195 4261 2402 4339 j'ubere
2436 4261 2834 4339 sacrilegum,
2894 4267 2943 4322 si
3006 4265 3269 4323 conﬁteri
3319 4261 3855 4339 perseveraverit.»

2202 4329 2272 4395 Et
2303 4340 2372 4395 ad
2419 4329 2734 4410 Scapulam,
2768 4329 2885 4393 0.2
2917 4357 2929 4393 :
2965 4361 2992 4389 »
3041 4338 3257 4393 Tamen
3314 4329 3450 4401 nos,
3488 4353 3642 4410 quos
3688 4329 3857 4410 sacri-

2203 4412 2363 4483 legos
2394 4403 2767 4473 existimatis,
2800 4425 2906 4464 nec
2933 4410 2993 4483 in
3044 4411 3196 4483 furto
3230 4403 3862 4483 unquam—“depreheu;

2204 4471 2395 4551 distis,
2434 4484 2644 4538 nedum
2704 4471 2761 4537 in
2798 4479 3186 4554 sacrilegiosp
3233 4471 3372 4554 _Imo
3436 4471 3860 4554 solita'populi

2207 4560 2330 4610 erat
2359 4544 2702 4611 acclamatio
2736 4553 2795 4607 in
2820 4544 3207 4623 deposcendis
3229 4551 3633 4623 innocentum,
3654 4544 3862 4623 suppli-

513 4607 624 4696 (⁸19)
660 4607 1029 4696 Adoptandos‘
1059 4607 1385 4680 melioribus
1422 4624 1761 4696 parentibus.
1797 4624 1901 4689 Qui
1954 4625 2091 4680 alie-
2124 4607 2169 4673 D
2203 4607 2327 4681 diis
2354 4607 2945 4696 :“l‘ollewsaorilegosii
2969 4623 3241 4696 Rufﬁnus
3291 4639 3362 4679 ex
3414 4622 3678 4696 Eusebio
3729 4607 3865 4696 'E'col.

446 4712 553 4751 nos
602 4695 1064 4768 liberosamore
1122 4701 1361 4767 paterno
1411 4695 1901 4768 complectuntur,
1949 4714 2096 4768 quos

489 4772 718 4825 arentes
747 4766 858 4839 ipsi
890 4766 1214 4839 ablegando
1254 4784 1287 4821 a
1333 4781 1406 4839 se
1439 4767 1634 4821 odisse
1664 4768 1909 4838 professi
1942 4766 2099 4825 sunt.

474 4840 692 4895 nterim
725 4837 920 4896 tamen
953 4837 1226 4895 laudibus
1258 4837 1411 4910 apud
1444 4837 1761 4910 scriptores
1815 4840 1909 4895 hic
1957 4842 2101 4896 ado-

449 4912 653 4983 ptandi
710 4930 814 4967 nos
863 4928 976 4966 non
1030 4911 1239 4967 caruit.
1284 4909 1590 4983 Notabilis
1616 4910 1781 4966 locus
1829 4917 1915 4967 est
1947 4913 2102 4983 apud

447 4980 754 5038 Philonem
805 4984 1073 5039 Judaeum
1123 4984 1181 5040 in
1214 4981 1380 5038 initio
1415 4980 1593 5038 libelli
1627 4983 1698 5038 de
1721 4980 2103 5054 Agricultura,

448 5072 624 5127 quem
659 5056 784 5111 vide
819 5057 953 5110 ΗΑν.

522 5127 631 5197 (20)
662 5130 771 5183 Nos
812 5128 878 5182 ab
917 5128 1035 5181 isto.
1067 5123 1533 5197 Pulcherrimum
1576 5123 1916 5180 Christianas
1960 5142 2105 5181 con-

448 5196 705 5252 tinentiae
746 5198 1097 5254 encomium.
1152 5196 1471 5250 Minucius.
1520 5211 1575 5265 p.
1625 5196 1695 5249 85
1748 5213 1760 5250 :
1816 5218 1843 5246 «
1892 5199 1959 5251 At
1999 5214 2105 5252 nos

451 5271 734 5338 pudorem
770 5288 884 5325 non
931 5270 1095 5335 facie,
1138 5269 1237 5321 sed
1291 5271 1894 5338 menteprmstamus,
1930 5269 2106 5323 unius

454 5336 812 5396 matrimonii
864 5340 1095 5395 vinculo
1146 5338 1391 5393 libenter
1432 5336 1827 5411 inhceremus;
1875 5340 2107 5411 cupidi-

452 5416 636 5469 tatem
672 5412 1011 5483 procreandi
1044 5414 1144 5467 aut
1173 5426 1349 5464 unam
1384 5407 1629 5483 scimus,
1658 5414 1760 5483 aut
1790 5407 2035 5483 nullam.
2075 5432 2103 5461 ››

454 5486 524 5541 Et
554 5480 688 5541 mox
734 5484 874 5539 ibib.
940 5499 953 5538 :
1018 5503 1047 5533 α
1090 5483 1343 5537 Tantum
1397 5480 1650 5549 denique
1694 5482 1858 5535 abest
1899 5481 2106 5538 incesti

458 5557 694 5629 cupido,
727 5561 793 5612 ut
822 5551 1354 5629 nonnullisrubori
1386 5551 1487 5629 sit_
1509 5550 1687 5629 etiam
1720 5554 1935 5629 pudica
1964 5571 2108 5629 con-

450 5621 698 5699 junctio.
757 5651 784 5678 »
842 5624 1253 5699 Sedhmaxime
1307 5622 1421 5678 huc
1462 5621 1599 5677 facit
1642 5621 1806 5699 locus
1841 5626 2109 5699 Origenis

455 5696 648 5757 contra
696 5700 911 5756 Celsum
949 5696 1050 5752 lib.
1085 5714 1124 5765 ι,
1166 5711 1341 5767 quem
1391 5709 1525 5750 cum
1580 5710 1674 5767 me
1721 5696 1982 5753 docuerit
2011 5696 2106 5767 Ele

460 5773 836 5847 mehorstius,
886 5769 1089 5843 religio
1146 5766 1238 5826 est
1283 5782 1497 5825 nomen
1542 5766 1671 5838 ejus
1720 5767 1982 5827 reticere.
2041 5766 2108 5825 Οὶ

3358 4710 3373 4750 ;
3433 4695 3665 4750 Habeto
3695 4688 3866 4747 aetatis

2212 4775 2325 4823 tua:
2366 4769 2768 4835 reverentiam,
2814 4773 2871 4823 et
2910 4764 3078 4837 parce
3127 4764 3344 4821 ultimas
3397 4764 3700 4822 senectuti
3742 4766 3867 4837 tute,

2206 4841 2345 4910 jura
2374 4842 2667 4895 fortunam
2709 4832 2972 4903 Ciesari's,
3013 4855 3221 4909 gerens
3251 4837 3676 4910 de_prioribus_
3702 4832 3870 4907 poeni-

2212 4907 2502 4973 tudinem,
2533 4917 2589 4968 et
2619 4911 2920 4967 conclamo
2951 4907 3125 4965 etiam
3158 4914 3222 4964 tu
3254 4924 3267 4963 :
3296 4907 3466 4965 Tolle
3500 4908 3869 4977 sacrilegos.»

2215 4984 2459 5056 Ibidem,
2481 4985 2551 5039 de
2582 4987 2768 5038 morte
2797 4981 3101 5053 Pulycarpi
3134 4996 3147 5035 :
3179 5003 3213 5056 δ(
3264 4982 3412 5056 Cum
3446 4997 3523 5036 ex
3554 4981 3741 5056 hujus
3764 4981 3875 5056 tam

2212 5046 2681 5127 insignismorte
2719 5046 3319 5127 stuporemfcepiseet
3370 5046 3659 5127 astantis
3690 5046 3879 5127 populi

2214 5121 2529 5183 multitudo
2577 5131 2635 5181 et
2680 5121 2861 5181 totiu's
2909 5121 3373 5179 Christianorum
3435 5125 3643 5196 gentis
3689 5121 3881 5178 mirari

2212 5198 2488 5252 virtutem
2539 5200 2609 5252 de
2657 5196 3081 5252 contemnenda
3129 5198 3316 5268 morte
3358 5196 3723 5268 coepissent,
3754 5208 3883 5249 con-

2214 5268 2473 5324 clamant
2500 5284 2703 5324 omnes
2737 5284 2749 5323 :
2780 5268 2940 5322 Tolle
2991 5266 3329 5336 sacrilegos.
3394 5288 3426 5314 »
3460 5266 3572 5322 Ἐκ
3634 5276 3882 5338 quorum

2215 5339 2653 5411 comparatione
2694 5339 2886 5394 lucem
2936 5354 3139 5409 capere
3186 5340 3467 5409 possunt,
3513 5337 3666 5409 quae
3694 5339 3765 5393 de
3793 5337 3885 5391 Ju-

2217 5413 2472 5467 daaorum
2505 5410 2564 5464 in
2595 5415 2955 5466 Servatorem
2988 5410 3241 5465 clamore
3274 5406 3546 5476 legimus
3582 5410 3744 5476 apud
3788 5413 3885 5463 Lu-

2217 5429 2472 5467 aaaorum
2505 5429 2564 5464 1n
2595 5429 2955 5466 Servatorem
2988 5429 3241 5465 Clamore
3274 5429 3546 5476 legimus
3582 5429 3744 5481 apud
3788 5429 3882 5463 ιλιι-

2217 5500 2340 5556 cum
2373 5498 2532 5547 XXIII,
2584 5483 2651 5556 18_
2696 5500 2714 5537 .'
2746 5482 3060 5556 ’Avtxpaﬁa};
3108 5477 3165 5556 δὲ
3206 5475 3574 5556 πᾳμπληβξξ,
3612 5480 3882 5556 λέγοντες·

2217 5554 2351 5629 etp:
2378 5556 2590 5629 roproy,
2622 5554 2782 5617 Quod
2816 5551 2987 5629 _idem
3027 5554 3099 5629 in‘
3130 5551 3308 5629 l’aulo
3345 5551 3892 5629 a_coiditﬂAct._nI,

2217 5620 2351 5700 362':
2395 5620 2714 5700 ’ῌδξολουθει
2767 5625 2872 5700 γὰρ
2933 5625 2994 5679 τὸ
3040 5620 3253 5700 πλῆθος
3289 5624 3397 5700 ᾼτῖοῦ
3456 5622 3608 5700 λᾳρῢ
3672 5623 3889 5700 ῃρᾴζογ

2217 5697 2352 5767 Αἶρε
2381 5695 2561 5768 αὐτὸν,
2590 5702 2647 5753 et
2678 5695 3093 5768 multomagis
3120 5712 3258 5763 XXII,
3404 5709 3420 5748 ε
3479 5697 3627 5767 Alpe
3660 5695 3769 5751 ἀὴὸ
3794 5698 3892 5762 τῆς

2216 5763 2318 5846 γῆξ
2345 5766 2435 5824 τὸν
2465 5763 2712 5825 τοιοῦτον
2747 5769 2807 5828 οὗ
2836 5767 2937 5846 γὰρ
2966 5763 3204 5838 κᾶθῆκον
3234 5763 3391 5821 αὐτὸν
3419 5763 3733 5841 ζῇν.ἨΑν.

2207 4699 2344 4752 Hist.
2377 4714 2435 4752 ιν
2467 4714 2480 4752 :
2520 4720 2545 4747 «
2579 4697 2767 4752 Judex
2805 4697 2875 4751 ad
2920 4695 3300 4767 Polycarpum
