  <div class='ocr_page' id='page_1' title='image "/cluster/home/n/w/nwhite01/storage/ocr_20150623/1/hvd.32044096580337/198.png"; bbox 0 0 4054 6174; ppageno 0'>
   <div class='ocr_carea' id='block_1_1' title="bbox 240 372 351 431">
    <p class='ocr_par' dir='ltr' id='par_1_1' title="bbox 240 372 351 431">
     <span class='ocr_line' id='line_1_1' title="bbox 240 372 351 431; baseline 0 0"><span class='ocrx_word' id='word_1_1' title='bbox 240 372 351 431; x_wconf 84' lang='grc'>381</span> 
     </span>
    </p>
   </div>
   <div class='ocr_carea' id='block_1_2' title="bbox 1344 372 2542 437">
    <p class='ocr_par' dir='ltr' id='par_1_2' title="bbox 1344 372 2542 437">
     <span class='ocr_line' id='line_1_2' title="bbox 1344 372 2542 437; baseline -0.001 -2"><span class='ocrx_word' id='word_1_2' title='bbox 1344 374 1939 437; x_wconf 84' lang='lat' dir='ltr'>APOLOGETICUS</span> <span class='ocrx_word' id='word_1_3' title='bbox 1982 372 2161 434; x_wconf 89' lang='lat' dir='ltr'>ADV.</span> <span class='ocrx_word' id='word_1_4' title='bbox 2213 375 2542 437; x_wconf 83' lang='lat' dir='ltr'>GENTES.</span> 
     </span>
    </p>
   </div>
   <div class='ocr_carea' id='block_1_3' title="bbox 3533 381 3651 441">
    <p class='ocr_par' dir='ltr' id='par_1_3' title="bbox 3533 381 3651 441">
     <span class='ocr_line' id='line_1_3' title="bbox 3533 381 3651 441; baseline 0 -1"><span class='ocrx_word' id='word_1_5' title='bbox 3533 381 3651 441; x_wconf 70' lang='lat'>382</span> 
     </span>
    </p>
   </div>
   <div class='ocr_carea' id='block_1_4' title="bbox 233 507 3651 583">
    <p class='ocr_par' dir='ltr' id='par_1_4' title="bbox 233 507 3651 583">
     <span class='ocr_line' id='line_1_4' title="bbox 233 507 3651 583; baseline 0.003 -24"><span class='ocrx_word' id='word_1_6' title='bbox 233 507 409 577; x_wconf 87' lang='lat' dir='ltr'>digna</span> <span class='ocrx_word' id='word_1_7' title='bbox 454 509 765 581; x_wconf 56' lang='lat' dir='ltr'>cognosci,</span> <span class='ocrx_word' id='word_1_8' title='bbox 787 509 836 565; x_wconf 99' lang='lat' dir='ltr'>si</span> <span class='ocrx_word' id='word_1_9' title='bbox 886 526 1001 565; x_wconf 92' lang='lat' dir='ltr'>non</span> <span class='ocrx_word' id='word_1_10' title='bbox 1050 512 1428 582; x_wconf 65' lang='lat' dir='ltr'>praesumptio</span> <span class='ocrx_word' id='word_1_11' title='bbox 1479 514 1578 565; x_wconf 88' lang='lat' dir='ltr'>aut</span> <span class='ocrx_word' id='word_1_12' title='bbox 1608 508 1888 580; x_wconf 80' lang='lat' dir='ltr'>iniquitas</span> <span class='ocrx_word' id='word_1_13' title='bbox 1919 523 1970 583; x_wconf 76' lang='grc' dir='ltr'>Α</span> <span class='ocrx_word' id='word_1_14' title='bbox 2001 509 2373 575; x_wconf 81' lang='lat' dir='ltr'>condemnet,</span> <span class='ocrx_word' id='word_1_15' title='bbox 2407 509 2455 563; x_wconf 90' lang='lat' dir='ltr'>si</span> <span class='ocrx_word' id='word_1_16' title='bbox 2488 510 2699 579; x_wconf 86' lang='lat' dir='ltr'>poterit</span> <span class='ocrx_word' id='word_1_17' title='bbox 2732 526 2943 581; x_wconf 85' lang='lat' dir='ltr'>negare</span> <span class='ocrx_word' id='word_1_18' title='bbox 2972 527 3175 567; x_wconf 90' lang='lat' dir='ltr'>omnes</span> <span class='ocrx_word' id='word_1_19' title='bbox 3207 511 3348 568; x_wconf 89' lang='lat' dir='ltr'>istos</span> <span class='ocrx_word' id='word_1_20' title='bbox 3380 513 3518 568; x_wconf 90' lang='lat' dir='ltr'>deos</span> <span class='ocrx_word' id='word_1_21' title='bbox 3557 530 3651 569; x_wconf 87' lang='lat' dir='ltr'>ve-</span> 
     </span>
    </p>
   </div>
   <div class='ocr_carea' id='block_1_5' title="bbox 227 594 1885 670">
    <p class='ocr_par' dir='ltr' id='par_1_5' title="bbox 227 594 1885 670">
     <span class='ocr_line' id='line_1_5' title="bbox 227 594 1885 670; baseline 0.002 -23"><span class='ocrx_word' id='word_1_22' title='bbox 227 594 471 664; x_wconf 88' lang='lat' dir='ltr'>judicet,</span> <span class='ocrx_word' id='word_1_23' title='bbox 522 597 707 652; x_wconf 86' lang='lat' dir='ltr'>altera</span> <span class='ocrx_word' id='word_1_24' title='bbox 754 614 881 669; x_wconf 73' lang='lat' dir='ltr'>quae</span> <span class='ocrx_word' id='word_1_25' title='bbox 934 598 1288 670; x_wconf 72' lang='lat' dir='ltr'>desperat“,</span> <span class='ocrx_word' id='word_1_26' title='bbox 1336 597 1516 653; x_wconf 88' lang='lat' dir='ltr'>altera</span> <span class='ocrx_word' id='word_1_27' title='bbox 1563 614 1687 669; x_wconf 83' lang='lat' dir='ltr'>quae</span> <span class='ocrx_word' id='word_1_28' title='bbox 1722 613 1885 652; x_wconf 89' lang='lat' dir='ltr'>recu-</span> 
     </span>
    </p>
   </div>
   <div class='ocr_carea' id='block_1_6' title="bbox 228 684 1883 757">
    <p class='ocr_par' dir='ltr' id='par_1_6' title="bbox 228 684 1883 757">
     <span class='ocr_line' id='line_1_6' title="bbox 228 684 1883 757; baseline 0.001 -20"><span class='ocrx_word' id='word_1_29' title='bbox 228 690 318 738; x_wconf 87' lang='lat' dir='ltr'>sat</span> <span class='ocrx_word' id='word_1_30' title='bbox 340 684 381 719; x_wconf 65' lang='lat'>97</span> <span class='ocrx_word' id='word_1_31' title='bbox 415 686 746 740; x_wconf 80' lang='lat' dir='ltr'>veritatem.</span> <span class='ocrx_word' id='word_1_32' title='bbox 773 686 921 742; x_wconf 90' lang='lat' dir='ltr'>Deos</span> <span class='ocrx_word' id='word_1_33' title='bbox 945 695 1167 742; x_wconf 88' lang='lat' dir='ltr'>vestros</span> <span class='ocrx_word' id='word_1_34' title='bbox 1188 686 1373 742; x_wconf 90' lang='lat' dir='ltr'>colere</span> <span class='ocrx_word' id='word_1_35' title='bbox 1395 688 1719 742; x_wconf 75' lang='lat' dir='ltr'>desinimus</span> <span class='ocrx_word' id='word_1_36' title='bbox 1742 686 1883 757; x_wconf 83' lang='lat'>(23);</span> 
     </span>
    </p>
   </div>
   <div class='ocr_carea' id='block_1_7' title="bbox 227 772 1885 847">
    <p class='ocr_par' dir='ltr' id='par_1_7' title="bbox 227 772 1885 847">
     <span class='ocr_line' id='line_1_7' title="bbox 227 772 1885 847; baseline 0.001 -21"><span class='ocrx_word' id='word_1_37' title='bbox 227 789 291 827; x_wconf 80' lang='lat' dir='ltr'>ex</span> <span class='ocrx_word' id='word_1_38' title='bbox 322 790 441 843; x_wconf 90' lang='lat' dir='ltr'>quo</span> <span class='ocrx_word' id='word_1_39' title='bbox 476 772 613 828; x_wconf 91' lang='lat' dir='ltr'>illos</span> <span class='ocrx_word' id='word_1_40' title='bbox 650 791 766 829; x_wconf 91' lang='lat' dir='ltr'>non</span> <span class='ocrx_word' id='word_1_41' title='bbox 797 792 927 831; x_wconf 90' lang='lat' dir='ltr'>esse</span> <span class='ocrx_word' id='word_1_42' title='bbox 956 777 1387 847; x_wconf 83' lang='lat' dir='ltr'>cognoscimus.</span> <span class='ocrx_word' id='word_1_43' title='bbox 1423 776 1540 831; x_wconf 89' lang='lat' dir='ltr'>Hoc</span> <span class='ocrx_word' id='word_1_44' title='bbox 1562 776 1739 846; x_wconf 79' lang='lat' dir='ltr'>igitur</span> <span class='ocrx_word' id='word_1_45' title='bbox 1769 774 1885 828; x_wconf 79' lang='lat' dir='ltr'>exi-</span> 
     </span>
    </p>
   </div>
   <div class='ocr_carea' id='block_1_8' title="bbox 226 862 1889 936">
    <p class='ocr_par' dir='ltr' id='par_1_8' title="bbox 226 862 1889 936">
     <span class='ocr_line' id='line_1_8' title="bbox 226 862 1889 936; baseline 0.001 -21"><span class='ocrx_word' id='word_1_46' title='bbox 226 877 359 932; x_wconf 89' lang='lat' dir='ltr'>gere</span> <span class='ocrx_word' id='word_1_47' title='bbox 389 862 641 928; x_wconf 79' lang='lat' dir='ltr'>debetis,</span> <span class='ocrx_word' id='word_1_48' title='bbox 680 864 765 918; x_wconf 91' lang='lat' dir='ltr'>uti</span> <span class='ocrx_word' id='word_1_49' title='bbox 796 865 1114 936; x_wconf 82' lang='lat' dir='ltr'>probemus</span> <span class='ocrx_word' id='word_1_50' title='bbox 1161 882 1275 920; x_wconf 92' lang='lat' dir='ltr'>non</span> <span class='ocrx_word' id='word_1_51' title='bbox 1316 881 1444 920; x_wconf 88' lang='lat' dir='ltr'>esse</span> <span class='ocrx_word' id='word_1_52' title='bbox 1476 864 1606 919; x_wconf 91' lang='lat' dir='ltr'>illos</span> <span class='ocrx_word' id='word_1_53' title='bbox 1636 866 1799 929; x_wconf 92' lang='lat' dir='ltr'>deos,</span> <span class='ocrx_word' id='word_1_54' title='bbox 1832 868 1889 917; x_wconf 90' lang='lat' dir='ltr'>et</span> 
     </span>
    </p>
   </div>
   <div class='ocr_carea' id='block_1_9' title="bbox 227 949 1885 1023">
    <p class='ocr_par' dir='ltr' id='par_1_9' title="bbox 227 949 1885 1023">
     <span class='ocr_line' id='line_1_9' title="bbox 227 949 1885 1023; baseline 0.001 -21"><span class='ocrx_word' id='word_1_55' title='bbox 227 949 447 1005; x_wconf 88' lang='lat' dir='ltr'>idcirco</span> <span class='ocrx_word' id='word_1_56' title='bbox 494 968 611 1006; x_wconf 89' lang='lat' dir='ltr'>non</span> <span class='ocrx_word' id='word_1_57' title='bbox 658 952 955 1021; x_wconf 90' lang='lat' dir='ltr'>colendos,</span> <span class='ocrx_word' id='word_1_58' title='bbox 991 953 1127 1023; x_wconf 85' lang='lat' dir='ltr'>quia</span> <span class='ocrx_word' id='word_1_59' title='bbox 1174 958 1312 1008; x_wconf 92' lang='lat' dir='ltr'>tunc</span> <span class='ocrx_word' id='word_1_60' title='bbox 1361 955 1600 1008; x_wconf 89' lang='lat' dir='ltr'>demum</span> <span class='ocrx_word' id='word_1_61' title='bbox 1646 950 1752 1007; x_wconf 89' lang='lat' dir='ltr'>coli</span> <span class='ocrx_word' id='word_1_62' title='bbox 1786 952 1885 1005; x_wconf 86' lang='lat' dir='ltr'>de-</span> 
     </span>
    </p>
   </div>
   <div class='ocr_carea' id='block_1_10' title="bbox 227 1039 1886 1112">
    <p class='ocr_par' dir='ltr' id='par_1_10' title="bbox 227 1039 1886 1112">
     <span class='ocr_line' id='line_1_10' title="bbox 227 1039 1886 1112; baseline 0.001 -20"><span class='ocrx_word' id='word_1_63' title='bbox 227 1039 522 1108; x_wconf 85' lang='lat' dir='ltr'>buissent,</span> <span class='ocrx_word' id='word_1_64' title='bbox 557 1040 606 1095; x_wconf 89' lang='lat' dir='ltr'>si</span> <span class='ocrx_word' id='word_1_65' title='bbox 661 1041 743 1095; x_wconf 91' lang='lat' dir='ltr'>dii</span> <span class='ocrx_word' id='word_1_66' title='bbox 792 1042 1062 1097; x_wconf 84' lang='lat' dir='ltr'>fuissent.</span> <span class='ocrx_word' id='word_1_67' title='bbox 1115 1042 1277 1098; x_wconf 90' lang='lat' dir='ltr'>Tunc</span> <span class='ocrx_word' id='word_1_68' title='bbox 1330 1048 1386 1098; x_wconf 86' lang='lat' dir='ltr'>et</span> <span class='ocrx_word' id='word_1_69' title='bbox 1433 1042 1744 1097; x_wconf 78' lang='lat' dir='ltr'>Christiani</span> <span class='ocrx_word' id='word_1_70' title='bbox 1778 1058 1886 1112; x_wconf 89' lang='lat' dir='ltr'>pu-</span> 
     </span>
    </p>
   </div>
   <div class='ocr_carea' id='block_1_11' title="bbox 226 1129 1885 1203">
    <p class='ocr_par' dir='ltr' id='par_1_11' title="bbox 226 1129 1885 1203">
     <span class='ocr_line' id='line_1_11' title="bbox 226 1129 1885 1203; baseline 0.002 -23"><span class='ocrx_word' id='word_1_71' title='bbox 226 1129 451 1194; x_wconf 90' lang='lat' dir='ltr'>niendi,</span> <span class='ocrx_word' id='word_1_72' title='bbox 490 1130 539 1183; x_wconf 89' lang='lat' dir='ltr'>si</span> <span class='ocrx_word' id='word_1_73' title='bbox 592 1146 740 1200; x_wconf 89' lang='lat' dir='ltr'>quos</span> <span class='ocrx_word' id='word_1_74' title='bbox 792 1148 905 1184; x_wconf 91' lang='lat' dir='ltr'>non</span> <span class='ocrx_word' id='word_1_75' title='bbox 956 1130 1233 1198; x_wconf 90' lang='lat' dir='ltr'>colerent,</span> <span class='ocrx_word' id='word_1_76' title='bbox 1267 1132 1405 1201; x_wconf 86' lang='lat' dir='ltr'>quia</span> <span class='ocrx_word' id='word_1_77' title='bbox 1453 1136 1726 1203; x_wconf 87' lang='lat' dir='ltr'>putarent</span> <span class='ocrx_word' id='word_1_78' title='bbox 1770 1147 1885 1183; x_wconf 90' lang='lat' dir='ltr'>non</span> 
     </span>
    </p>
   </div>
   <div class='ocr_carea' id='block_1_12' title="bbox 226 1218 1883 1290">
    <p class='ocr_par' dir='ltr' id='par_1_12' title="bbox 226 1218 1883 1290">
     <span class='ocr_line' id='line_1_12' title="bbox 226 1218 1883 1290; baseline 0 -19"><span class='ocrx_word' id='word_1_79' title='bbox 226 1234 377 1283; x_wconf 87' lang='lat' dir='ltr'>esse,</span> <span class='ocrx_word' id='word_1_80' title='bbox 414 1224 716 1273; x_wconf 76' lang='lat' dir='ltr'>constaret</span> <span class='ocrx_word' id='word_1_81' title='bbox 746 1218 881 1273; x_wconf 92' lang='lat' dir='ltr'>illos</span> <span class='ocrx_word' id='word_1_82' title='bbox 910 1220 1050 1274; x_wconf 89' lang='lat' dir='ltr'>deos</span> <span class='ocrx_word' id='word_1_83' title='bbox 1079 1236 1229 1274; x_wconf 85' lang='lat' dir='ltr'>esse.</span> <span class='ocrx_word' id='word_1_84' title='bbox 1260 1221 1367 1275; x_wconf 73' lang='lat' dir='ltr'>bed</span> <span class='ocrx_word' id='word_1_85' title='bbox 1419 1221 1587 1275; x_wconf 92' lang='lat' dir='ltr'>nobis</span> <span class='ocrx_word' id='word_1_86' title='bbox 1616 1219 1883 1290; x_wconf 79' lang='lat' dir='ltr'>inquitis,</span> 
     </span>
    </p>
   </div>
   <div class='ocr_carea' id='block_1_13' title="bbox 226 1307 1886 1379">
    <p class='ocr_par' dir='ltr' id='par_1_13' title="bbox 226 1307 1886 1379">
     <span class='ocr_line' id='line_1_13' title="bbox 226 1307 1886 1379; baseline 0.002 -21"><span class='ocrx_word' id='word_1_87' title='bbox 226 1307 304 1359; x_wconf 92' lang='lat' dir='ltr'>dii</span> <span class='ocrx_word' id='word_1_88' title='bbox 336 1314 501 1361; x_wconf 90' lang='lat' dir='ltr'>sunt.</span> <span class='ocrx_word' id='word_1_89' title='bbox 551 1307 935 1379; x_wconf 84' lang='lat' dir='ltr'>Appellamus</span> <span class='ocrx_word' id='word_1_90' title='bbox 967 1314 1023 1363; x_wconf 90' lang='lat' dir='ltr'>et</span> <span class='ocrx_word' id='word_1_91' title='bbox 1064 1325 1449 1379; x_wconf 85' lang='lat' dir='ltr'>provocamus</span> <span class='ocrx_word' id='word_1_92' title='bbox 1481 1327 1513 1364; x_wconf 91' lang='lat' dir='ltr'>a</span> <span class='ocrx_word' id='word_1_93' title='bbox 1544 1309 1710 1365; x_wconf 83' lang='lat' dir='ltr'>vobis</span> <span class='ocrx_word' id='word_1_94' title='bbox 1740 1307 1886 1379; x_wconf 88' lang='lat' dir='ltr'>ipsis</span> 
     </span>
    </p>
   </div>
   <div class='ocr_carea' id='block_1_14' title="bbox 223 1395 1885 1469">
    <p class='ocr_par' dir='ltr' id='par_1_14' title="bbox 223 1395 1885 1469">
     <span class='ocr_line' id='line_1_14' title="bbox 223 1395 1885 1469; baseline 0.001 -20"><span class='ocrx_word' id='word_1_95' title='bbox 223 1395 293 1449; x_wconf 83' lang='lat' dir='ltr'>ad</span> <span class='ocrx_word' id='word_1_96' title='bbox 322 1395 755 1451; x_wconf 83' lang='lat' dir='ltr'>conscientiam</span> <span class='ocrx_word' id='word_1_97' title='bbox 796 1403 1073 1463; x_wconf 83' lang='lat' dir='ltr'>vestram,</span> <span class='ocrx_word' id='word_1_98' title='bbox 1110 1398 1210 1452; x_wconf 89' lang='lat' dir='ltr'>illa</span> <span class='ocrx_word' id='word_1_99' title='bbox 1241 1415 1346 1453; x_wconf 89' lang='lat' dir='ltr'>nos</span> <span class='ocrx_word' id='word_1_100' title='bbox 1368 1398 1617 1469; x_wconf 89' lang='lat' dir='ltr'>judicet,</span> <span class='ocrx_word' id='word_1_101' title='bbox 1650 1397 1748 1451; x_wconf 91' lang='lat' dir='ltr'>illa</span> <span class='ocrx_word' id='word_1_102' title='bbox 1780 1414 1885 1451; x_wconf 91' lang='lat' dir='ltr'>nos</span> 
     </span>
    </p>
   </div>
   <div class='ocr_carea' id='block_1_15' title="bbox 1997 597 3651 671">
    <p class='ocr_par' dir='ltr' id='par_1_15' title="bbox 1997 597 3651 671">
     <span class='ocr_line' id='line_1_15' title="bbox 1997 597 3651 671; baseline 0.002 -20"><span class='ocrx_word' id='word_1_103' title='bbox 1997 603 2150 654; x_wconf 88' lang='lat' dir='ltr'>stros</span> <span class='ocrx_word' id='word_1_104' title='bbox 2201 597 2469 653; x_wconf 89' lang='lat' dir='ltr'>homines</span> <span class='ocrx_word' id='word_1_105' title='bbox 2520 599 2701 653; x_wconf 85' lang='lat' dir='ltr'>fuisse</span> <span class='ocrx_word' id='word_1_106' title='bbox 2732 600 2866 671; x_wconf 87' lang='grc'>(24).</span> <span class='ocrx_word' id='word_1_107' title='bbox 2915 600 3023 655; x_wconf 86' lang='lat' dir='ltr'>Sed</span> <span class='ocrx_word' id='word_1_108' title='bbox 3059 606 3115 655; x_wconf 91' lang='lat' dir='ltr'>et</span> <span class='ocrx_word' id='word_1_109' title='bbox 3160 600 3289 671; x_wconf 88' lang='lat' dir='ltr'>ipsa</span> <span class='ocrx_word' id='word_1_110' title='bbox 3338 602 3567 657; x_wconf 84' lang='lat' dir='ltr'>inﬁcias</span> <span class='ocrx_word' id='word_1_111' title='bbox 3601 602 3651 657; x_wconf 87' lang='lat' dir='ltr'>si</span> 
     </span>
    </p>
   </div>
   <div class='ocr_carea' id='block_1_16' title="bbox 1996 686 3648 758">
    <p class='ocr_par' dir='ltr' id='par_1_16' title="bbox 1996 686 3648 758">
     <span class='ocr_line' id='line_1_16' title="bbox 1996 686 3648 758; baseline 0.004 -19"><span class='ocrx_word' id='word_1_112' title='bbox 1996 686 2146 751; x_wconf 89' lang='lat' dir='ltr'>ierit,</span> <span class='ocrx_word' id='word_1_113' title='bbox 2174 687 2243 741; x_wconf 90' lang='lat' dir='ltr'>de</span> <span class='ocrx_word' id='word_1_114' title='bbox 2275 686 2398 741; x_wconf 87' lang='lat' dir='ltr'>suis</span> <span class='ocrx_word' id='word_1_115' title='bbox 2420 687 2839 758; x_wconf 85' lang='lat' dir='ltr'>antiquitatum</span> <span class='ocrx_word' id='word_1_116' title='bbox 2863 690 3272 745; x_wconf 87' lang='lat' dir='ltr'>instrumentis</span> <span class='ocrx_word' id='word_1_117' title='bbox 3296 690 3648 756; x_wconf 88' lang='lat' dir='ltr'>revincetur,</span> 
     </span>
    </p>
   </div>
   <div class='ocr_carea' id='block_1_17' title="bbox 1996 776 3650 849">
    <p class='ocr_par' dir='ltr' id='par_1_17' title="bbox 1996 776 3650 849">
     <span class='ocr_line' id='line_1_17' title="bbox 1996 776 3650 849; baseline 0.004 -20"><span class='ocrx_word' id='word_1_118' title='bbox 1996 776 2066 829; x_wconf 89' lang='lat' dir='ltr'>de</span> <span class='ocrx_word' id='word_1_119' title='bbox 2099 776 2312 846; x_wconf 86' lang='lat' dir='ltr'>quibus</span> <span class='ocrx_word' id='word_1_120' title='bbox 2355 792 2453 831; x_wconf 91' lang='lat' dir='ltr'>eos</span> <span class='ocrx_word' id='word_1_121' title='bbox 2504 776 2724 847; x_wconf 76' lang='lat' dir='ltr'>didicit,</span> <span class='ocrx_word' id='word_1_122' title='bbox 2763 778 3169 831; x_wconf 87' lang='lat' dir='ltr'>testimonium</span> <span class='ocrx_word' id='word_1_123' title='bbox 3209 780 3650 849; x_wconf 86' lang='lat' dir='ltr'>perhibentibus</span> 
     </span>
    </p>
   </div>
   <div class='ocr_carea' id='block_1_18' title="bbox 1997 864 3646 939">
    <p class='ocr_par' dir='ltr' id='par_1_18' title="bbox 1997 864 3646 939">
     <span class='ocr_line' id='line_1_18' title="bbox 1997 864 3646 939; baseline 0.003 -21"><span class='ocrx_word' id='word_1_124' title='bbox 1997 866 2067 918; x_wconf 90' lang='lat' dir='ltr'>ad</span> <span class='ocrx_word' id='word_1_125' title='bbox 2102 864 2407 919; x_wconf 89' lang='lat' dir='ltr'>hodierum</span> <span class='ocrx_word' id='word_1_126' title='bbox 2435 871 2491 920; x_wconf 89' lang='lat' dir='ltr'>et</span> <span class='ocrx_word' id='word_1_127' title='bbox 2514 866 2871 931; x_wconf 85' lang='lat' dir='ltr'>civitatibus,</span> <span class='ocrx_word' id='word_1_128' title='bbox 2895 866 2954 920; x_wconf 88' lang='lat' dir='ltr'>in</span> <span class='ocrx_word' id='word_1_129' title='bbox 2973 867 3188 937; x_wconf 87' lang='lat' dir='ltr'>quibus</span> <span class='ocrx_word' id='word_1_130' title='bbox 3213 867 3331 921; x_wconf 90' lang='lat' dir='ltr'>nati</span> <span class='ocrx_word' id='word_1_131' title='bbox 3354 874 3491 921; x_wconf 92' lang='lat' dir='ltr'>sunt</span> <span class='ocrx_word' id='word_1_132' title='bbox 3512 869 3646 939; x_wconf 84' lang='lat'>(25),</span> 
     </span>
    </p>
   </div>
   <div class='ocr_carea' id='block_1_19' title="bbox 1996 952 3650 1027">
    <p class='ocr_par' dir='ltr' id='par_1_19' title="bbox 1996 952 3650 1027">
     <span class='ocr_line' id='line_1_19' title="bbox 1996 952 3650 1027; baseline 0.003 -21"><span class='ocrx_word' id='word_1_133' title='bbox 1996 958 2051 1006; x_wconf 87' lang='lat' dir='ltr'>et</span> <span class='ocrx_word' id='word_1_134' title='bbox 2102 952 2461 1023; x_wconf 86' lang='lat' dir='ltr'>regionibus,</span> <span class='ocrx_word' id='word_1_135' title='bbox 2494 953 2551 1007; x_wconf 92' lang='lat' dir='ltr'>in</span> <span class='ocrx_word' id='word_1_136' title='bbox 2606 954 2820 1023; x_wconf 82' lang='lat' dir='ltr'>quibus</span> <span class='ocrx_word' id='word_1_137' title='bbox 2872 954 3095 1025; x_wconf 85' lang='lat' dir='ltr'>aliquid</span> <span class='ocrx_word' id='word_1_138' title='bbox 3147 957 3367 1024; x_wconf 87' lang='lat' dir='ltr'>operati</span> <span class='ocrx_word' id='word_1_139' title='bbox 3407 957 3650 1027; x_wconf 88' lang='lat' dir='ltr'>vestigia</span> 
     </span>
    </p>
   </div>
   <div class='ocr_carea' id='block_1_20' title="bbox 1998 1040 3648 1113">
    <p class='ocr_par' dir='ltr' id='par_1_20' title="bbox 1998 1040 3648 1113">
     <span class='ocr_line' id='line_1_20' title="bbox 1998 1040 3648 1113; baseline 0.003 -19"><span class='ocrx_word' id='word_1_140' title='bbox 1998 1040 2381 1112; x_wconf 86' lang='lat' dir='ltr'>reliquerunt,</span> <span class='ocrx_word' id='word_1_141' title='bbox 2415 1042 2473 1095; x_wconf 91' lang='lat' dir='ltr'>in</span> <span class='ocrx_word' id='word_1_142' title='bbox 2508 1042 2723 1111; x_wconf 87' lang='lat' dir='ltr'>quibus</span> <span class='ocrx_word' id='word_1_143' title='bbox 2770 1044 2944 1097; x_wconf 88' lang='lat' dir='ltr'>etiam</span> <span class='ocrx_word' id='word_1_144' title='bbox 2991 1042 3205 1113; x_wconf 89' lang='lat' dir='ltr'>sepulti</span> <span class='ocrx_word' id='word_1_145' title='bbox 3237 1044 3648 1099; x_wconf 87' lang='lat' dir='ltr'>demonstran-</span> 
     </span>
    </p>
   </div>
   <div class='ocr_carea' id='block_1_21' title="bbox 1995 1131 3652 1203">
    <p class='ocr_par' dir='ltr' id='par_1_21' title="bbox 1995 1131 3652 1203">
     <span class='ocr_line' id='line_1_21' title="bbox 1995 1131 3652 1203; baseline 0.004 -21"><span class='ocrx_word' id='word_1_146' title='bbox 1995 1134 2092 1183; x_wconf 89' lang='lat' dir='ltr'>tur</span> <span class='ocrx_word' id='word_1_147' title='bbox 2124 1131 2252 1200; x_wconf 86' lang='lat'>(26).</span> <span class='ocrx_word' id='word_1_148' title='bbox 2294 1134 2406 1184; x_wconf 90' lang='lat' dir='ltr'>Nec</span> <span class='ocrx_word' id='word_1_149' title='bbox 2438 1146 2541 1201; x_wconf 89' lang='lat' dir='ltr'>ego</span> <span class='ocrx_word' id='word_1_150' title='bbox 2574 1147 2677 1201; x_wconf 93' lang='lat' dir='ltr'>per</span> <span class='ocrx_word' id='word_1_151' title='bbox 2722 1131 2987 1203; x_wconf 90' lang='lat' dir='ltr'>singulos</span> <span class='ocrx_word' id='word_1_152' title='bbox 3018 1132 3170 1187; x_wconf 74' lang='lat'>329</span> <span class='ocrx_word' id='word_1_153' title='bbox 3204 1134 3529 1202; x_wconf 77' lang='lat' dir='ltr'>decurram,</span> <span class='ocrx_word' id='word_1_154' title='bbox 3564 1138 3652 1188; x_wconf 85' lang='lat' dir='ltr'>tot</span> 
     </span>
    </p>
   </div>
   <div class='ocr_carea' id='block_1_22' title="bbox 1997 1220 3649 1289">
    <p class='ocr_par' dir='ltr' id='par_1_22' title="bbox 1997 1220 3649 1289">
     <span class='ocr_line' id='line_1_22' title="bbox 1997 1220 3649 1289; baseline 0.002 -17"><span class='ocrx_word' id='word_1_155' title='bbox 1997 1235 2062 1272; x_wconf 91' lang='lat' dir='ltr'>ac</span> <span class='ocrx_word' id='word_1_156' title='bbox 2122 1226 2315 1273; x_wconf 76' lang='lat' dir='ltr'>tantus</span> <span class='ocrx_word' id='word_1_157' title='bbox 2372 1220 2509 1289; x_wconf 86' lang='grc'>(27),</span> <span class='ocrx_word' id='word_1_158' title='bbox 2570 1236 2769 1287; x_wconf 88' lang='lat' dir='ltr'>novos,</span> <span class='ocrx_word' id='word_1_159' title='bbox 2824 1227 3065 1287; x_wconf 86' lang='lat' dir='ltr'>veteres,</span> <span class='ocrx_word' id='word_1_160' title='bbox 3128 1222 3431 1286; x_wconf 88' lang='lat' dir='ltr'>barbaros,</span> <span class='ocrx_word' id='word_1_161' title='bbox 3489 1220 3649 1276; x_wconf 60' lang='lat' dir='ltr'>Grie-</span> 
     </span>
    </p>
   </div>
   <div class='ocr_carea' id='block_1_23' title="bbox 1997 1308 3651 1381">
    <p class='ocr_par' dir='ltr' id='par_1_23' title="bbox 1997 1308 3651 1381">
     <span class='ocr_line' id='line_1_23' title="bbox 1997 1308 3651 1381; baseline 0.002 -20"><span class='ocrx_word' id='word_1_162' title='bbox 1997 1324 2096 1361; x_wconf 90' lang='lat' dir='ltr'>cos</span> <span class='ocrx_word' id='word_1_163' title='bbox 2127 1308 2262 1378; x_wconf 87' lang='lat'>(28),</span> <span class='ocrx_word' id='word_1_164' title='bbox 2295 1313 2612 1375; x_wconf 83' lang='lat' dir='ltr'>Romanos,</span> <span class='ocrx_word' id='word_1_165' title='bbox 2666 1310 3024 1379; x_wconf 79' lang='lat' dir='ltr'>peregrinos,</span> <span class='ocrx_word' id='word_1_166' title='bbox 3055 1313 3313 1380; x_wconf 80' lang='lat' dir='ltr'>captivos</span> <span class='ocrx_word' id='word_1_167' title='bbox 3347 1310 3482 1381; x_wconf 86' lang='lat'>(29),</span> <span class='ocrx_word' id='word_1_168' title='bbox 3516 1311 3651 1365; x_wconf 91' lang='lat' dir='ltr'>ado-</span> 
     </span>
    </p>
   </div>
   <div class='ocr_carea' id='block_1_24' title="bbox 1996 1396 3646 1472">
    <p class='ocr_par' dir='ltr' id='par_1_24' title="bbox 1996 1396 3646 1472">
     <span class='ocr_line' id='line_1_24' title="bbox 1996 1396 3646 1472; baseline 0.002 -22"><span class='ocrx_word' id='word_1_169' title='bbox 1996 1397 2207 1467; x_wconf 91' lang='lat' dir='ltr'>ptivos,</span> <span class='ocrx_word' id='word_1_170' title='bbox 2254 1396 2541 1468; x_wconf 84' lang='lat' dir='ltr'>proprios,</span> <span class='ocrx_word' id='word_1_171' title='bbox 2593 1414 2957 1467; x_wconf 87' lang='lat' dir='ltr'>communes,</span> <span class='ocrx_word' id='word_1_172' title='bbox 3010 1398 3323 1469; x_wconf 85' lang='lat' dir='ltr'>masculos,</span> <span class='ocrx_word' id='word_1_173' title='bbox 3376 1400 3646 1472; x_wconf 84' lang='lat' dir='ltr'>feminas,</span> 
     </span>
    </p>
   </div>
   <div class='ocr_carea' id='block_1_25' title="bbox 1655 1503 2227 1563">
    <p class='ocr_par' dir='ltr' id='par_1_25' title="bbox 1655 1503 2227 1563">
     <span class='ocr_line' id='line_1_25' title="bbox 1655 1503 2227 1563; baseline -0.002 -1"><span class='ocrx_word' id='word_1_174' title='bbox 1655 1504 1856 1563; x_wconf 59' lang='lat' dir='ltr'>Varias</span> <span class='ocrx_word' id='word_1_175' title='bbox 1911 1503 2227 1563; x_wconf 80' lang='lat' dir='ltr'>lectiones.</span> 
     </span>
    </p>
   </div>
   <div class='ocr_carea' id='block_1_26' title="bbox 295 1597 1471 1670">
    <p class='ocr_par' dir='ltr' id='par_1_26' title="bbox 295 1597 1471 1670">
     <span class='ocr_line' id='line_1_26' title="bbox 295 1597 1471 1670; baseline 0.003 -17"><span class='ocrx_word' id='word_1_176' title='bbox 295 1598 338 1632; x_wconf 75' lang='grc'>’⁸</span> <span class='ocrx_word' id='word_1_177' title='bbox 368 1597 651 1670; x_wconf 89' lang='lat' dir='ltr'>Pesperet</span> <span class='ocrx_word' id='word_1_178' title='bbox 678 1600 861 1654; x_wconf 75' lang='lat' dir='ltr'>Paris.</span> <span class='ocrx_word' id='word_1_179' title='bbox 938 1600 981 1635; x_wconf 67' lang='lat'>9&quot;</span> <span class='ocrx_word' id='word_1_180' title='bbox 1012 1604 1259 1656; x_wconf 86' lang='lat' dir='ltr'>Recuset</span> <span class='ocrx_word' id='word_1_181' title='bbox 1290 1602 1471 1657; x_wconf 74' lang='lat' dir='ltr'>Paris.</span> 
     </span>
    </p>
   </div>
   <div class='ocr_carea' id='block_1_27' title="bbox 1682 1699 2197 1761">
    <p class='ocr_par' dir='ltr' id='par_1_27' title="bbox 1682 1699 2197 1761">
     <span class='ocr_line' id='line_1_27' title="bbox 1682 1699 2197 1761; baseline -0.004 -1"><span class='ocrx_word' id='word_1_182' title='bbox 1682 1699 2197 1761; x_wconf 87' lang='lat' dir='ltr'>Commentarius.</span> 
     </span>
    </p>
   </div>
   <div class='ocr_carea' id='block_1_28' title="bbox 291 1793 1967 1871">
    <p class='ocr_par' dir='ltr' id='par_1_28' title="bbox 291 1793 1967 1871">
     <span class='ocr_line' id='line_1_28' title="bbox 291 1793 1967 1871; baseline 0.001 -22"><span class='ocrx_word' id='word_1_183' title='bbox 291 1794 408 1863; x_wconf 89' lang='lat'>(23)</span> <span class='ocrx_word' id='word_1_184' title='bbox 442 1793 639 1871; x_wconf 71' lang='lat' dir='ltr'>Colere</span> <span class='ocrx_word' id='word_1_185' title='bbox 666 1795 987 1871; x_wconf 61' lang='lat' dir='ltr'>desinimus.</span> <span class='ocrx_word' id='word_1_186' title='bbox 1031 1797 1276 1871; x_wconf 84' lang='lat' dir='ltr'>Egregia</span> <span class='ocrx_word' id='word_1_187' title='bbox 1320 1797 1505 1871; x_wconf 64' lang='lat' dir='ltr'>oratio</span> <span class='ocrx_word' id='word_1_188' title='bbox 1538 1796 1887 1871; x_wconf 73' lang='lat' dir='ltr'>resipiscen-</span> <span class='ocrx_word' id='word_1_189' title='bbox 1921 1807 1967 1871; x_wconf 80' lang='grc' dir='ltr'><strong>Β</strong></span> 
     </span>
    </p>
   </div>
   <div class='ocr_carea' id='block_1_29' title="bbox 221 1866 1883 1938">
    <p class='ocr_par' dir='ltr' id='par_1_29' title="bbox 221 1866 1883 1938">
     <span class='ocr_line' id='line_1_29' title="bbox 221 1866 1883 1938; baseline 0.002 -19"><span class='ocrx_word' id='word_1_190' title='bbox 221 1866 335 1931; x_wconf 70' lang='lat' dir='ltr'>tiae,</span> <span class='ocrx_word' id='word_1_191' title='bbox 370 1867 467 1920; x_wconf 92' lang='lat' dir='ltr'>cui</span> <span class='ocrx_word' id='word_1_192' title='bbox 503 1884 611 1938; x_wconf 86' lang='lat' dir='ltr'>par</span> <span class='ocrx_word' id='word_1_193' title='bbox 650 1869 840 1922; x_wconf 82' lang='lat' dir='ltr'>audax</span> <span class='ocrx_word' id='word_1_194' title='bbox 892 1866 1134 1924; x_wconf 83' lang='lat' dir='ltr'>libertas</span> <span class='ocrx_word' id='word_1_195' title='bbox 1182 1866 1371 1923; x_wconf 78' lang='lat' dir='ltr'>Subrii</span> <span class='ocrx_word' id='word_1_196' title='bbox 1408 1869 1585 1923; x_wconf 87' lang='lat' dir='ltr'>Flavii</span> <span class='ocrx_word' id='word_1_197' title='bbox 1616 1866 1883 1935; x_wconf 78' lang='lat' dir='ltr'>Tribuni,</span> 
     </span>
    </p>
   </div>
   <div class='ocr_carea' id='block_1_30' title="bbox 222 1938 1884 2012">
    <p class='ocr_par' dir='ltr' id='par_1_30' title="bbox 222 1938 1884 2012">
     <span class='ocr_line' id='line_1_30' title="bbox 222 1938 1884 2012; baseline 0.001 -19"><span class='ocrx_word' id='word_1_198' title='bbox 222 1938 683 2009; x_wconf 85' lang='lat' dir='ltr'>conspirationis</span> <span class='ocrx_word' id='word_1_199' title='bbox 738 1941 799 2012; x_wconf 92' lang='lat' dir='ltr'>in</span> <span class='ocrx_word' id='word_1_200' title='bbox 842 1944 1127 1995; x_wconf 87' lang='lat' dir='ltr'>Neronem</span> <span class='ocrx_word' id='word_1_201' title='bbox 1178 1941 1443 2007; x_wconf 87' lang='lat' dir='ltr'>convicti,</span> <span class='ocrx_word' id='word_1_202' title='bbox 1495 1942 1649 2012; x_wconf 91' lang='lat' dir='ltr'>apud</span> <span class='ocrx_word' id='word_1_203' title='bbox 1699 1942 1884 1996; x_wconf 87' lang='lat' dir='ltr'>&#39;I‘acit.</span> 
     </span>
    </p>
   </div>
   <div class='ocr_carea' id='block_1_31' title="bbox 221 2011 1888 2083">
    <p class='ocr_par' dir='ltr' id='par_1_31' title="bbox 221 2011 1888 2083">
     <span class='ocr_line' id='line_1_31' title="bbox 221 2011 1888 2083; baseline 0.001 -19"><span class='ocrx_word' id='word_1_204' title='bbox 221 2012 381 2083; x_wconf 76' lang='lat' dir='ltr'>Ann._</span> <span class='ocrx_word' id='word_1_205' title='bbox 413 2027 512 2076; x_wconf 92' lang='lat' dir='ltr'>xv,</span> <span class='ocrx_word' id='word_1_206' title='bbox 540 2013 662 2083; x_wconf 14' lang='lat'>767,7</span> <span class='ocrx_word' id='word_1_207' title='bbox 692 2011 805 2083; x_wconf 77' lang='lat' dir='ltr'>qui</span> <span class='ocrx_word' id='word_1_208' title='bbox 860 2013 1252 2083; x_wconf 88' lang='lat' dir='ltr'>interrogatus</span> <span class='ocrx_word' id='word_1_209' title='bbox 1301 2030 1335 2066; x_wconf 88' lang='lat' dir='ltr'>a</span> <span class='ocrx_word' id='word_1_210' title='bbox 1386 2011 1630 2078; x_wconf 89' lang='lat' dir='ltr'>Nerone,</span> <span class='ocrx_word' id='word_1_211' title='bbox 1674 2012 1888 2083; x_wconf 88' lang='lat' dir='ltr'>quibus</span> 
     </span>
    </p>
   </div>
   <div class='ocr_carea' id='block_1_32' title="bbox 222 2081 1884 2155">
    <p class='ocr_par' dir='ltr' id='par_1_32' title="bbox 222 2081 1884 2155">
     <span class='ocr_line' id='line_1_32' title="bbox 222 2081 1884 2155; baseline 0.001 -18"><span class='ocrx_word' id='word_1_212' title='bbox 222 2081 420 2155; x_wconf 76' lang='lat' dir='ltr'>causis</span> <span class='ocrx_word' id='word_1_213' title='bbox 481 2082 556 2136; x_wconf 92' lang='lat' dir='ltr'>ad</span> <span class='ocrx_word' id='word_1_214' title='bbox 616 2081 968 2155; x_wconf 85' lang='lat' dir='ltr'>oblivionem</span> <span class='ocrx_word' id='word_1_215' title='bbox 1030 2081 1381 2139; x_wconf 75' lang='lat' dir='ltr'>sacramenti</span> <span class='ocrx_word' id='word_1_216' title='bbox 1437 2081 1821 2155; x_wconf 79' lang='lat' dir='ltr'>processisset</span> <span class='ocrx_word' id='word_1_217' title='bbox 1870 2099 1884 2139; x_wconf 87' lang='lat'><strong>:</strong></span> 
     </span>
    </p>
   </div>
   <div class='ocr_carea' id='block_1_33' title="bbox 226 2151 1891 2228">
    <p class='ocr_par' dir='ltr' id='par_1_33' title="bbox 226 2151 1891 2228">
     <span class='ocr_line' id='line_1_33' title="bbox 226 2151 1891 2228; baseline 0.001 -21"><span class='ocrx_word' id='word_1_218' title='bbox 226 2175 253 2201; x_wconf 75' lang='grc' dir='ltr'><strong><em>α</em></strong></span> <span class='ocrx_word' id='word_1_219' title='bbox 286 2151 562 2228; x_wconf 76' lang='lat' dir='ltr'>Qderam_</span> <span class='ocrx_word' id='word_1_220' title='bbox 597 2157 671 2228; x_wconf 80' lang='lat' dir='ltr'>te,</span> <span class='ocrx_word' id='word_1_221' title='bbox 722 2154 936 2228; x_wconf 79' lang='lat' dir='ltr'>inquit,</span> <span class='ocrx_word' id='word_1_222' title='bbox 988 2172 1094 2210; x_wconf 85' lang='lat' dir='ltr'>nec</span> <span class='ocrx_word' id='word_1_223' title='bbox 1142 2151 1455 2228; x_wconf 78' lang='lat' dir='ltr'>quisquam</span> <span class='ocrx_word' id='word_1_224' title='bbox 1506 2156 1611 2228; x_wconf 88' lang='lat' dir='ltr'>tibi</span> <span class='ocrx_word' id='word_1_225' title='bbox 1668 2155 1891 2228; x_wconf 87' lang='lat' dir='ltr'>tidelior</span> 
     </span>
    </p>
   </div>
   <div class='ocr_carea' id='block_1_34' title="bbox 226 2224 1887 2297">
    <p class='ocr_par' dir='ltr' id='par_1_34' title="bbox 226 2224 1887 2297">
     <span class='ocr_line' id='line_1_34' title="bbox 226 2224 1887 2297; baseline 0.002 -20"><span class='ocrx_word' id='word_1_226' title='bbox 226 2224 489 2279; x_wconf 87' lang='lat' dir='ltr'>militum</span> <span class='ocrx_word' id='word_1_227' title='bbox 540 2225 670 2289; x_wconf 86' lang='lat' dir='ltr'>fuit,</span> <span class='ocrx_word' id='word_1_228' title='bbox 723 2224 865 2280; x_wconf 86' lang='lat' dir='ltr'>dum</span> <span class='ocrx_word' id='word_1_229' title='bbox 900 2228 1085 2281; x_wconf 89' lang='lat' dir='ltr'>amari</span> <span class='ocrx_word' id='word_1_230' title='bbox 1135 2224 1439 2294; x_wconf 77' lang='lat' dir='ltr'>meruisti;</span> <span class='ocrx_word' id='word_1_231' title='bbox 1492 2227 1687 2282; x_wconf 90' lang='lat' dir='ltr'>odisse</span> <span class='ocrx_word' id='word_1_232' title='bbox 1720 2226 1887 2297; x_wconf 79' lang='lat' dir='ltr'>ccepi,</span> 
     </span>
    </p>
   </div>
   <div class='ocr_carea' id='block_1_35' title="bbox 222 2298 1889 2372">
    <p class='ocr_par' dir='ltr' id='par_1_35' title="bbox 222 2298 1889 2372">
     <span class='ocr_line' id='line_1_35' title="bbox 222 2298 1889 2372; baseline 0.002 -21"><span class='ocrx_word' id='word_1_233' title='bbox 222 2303 545 2372; x_wconf 83' lang='lat' dir='ltr'>postquam</span> <span class='ocrx_word' id='word_1_234' title='bbox 572 2298 1165 2372; x_wconf 64' lang='lat' dir='ltr'>parricidamatriset</span> <span class='ocrx_word' id='word_1_235' title='bbox 1183 2300 1403 2364; x_wconf 86' lang='lat' dir='ltr'>uxoris,</span> <span class='ocrx_word' id='word_1_236' title='bbox 1425 2301 1654 2372; x_wconf 81' lang='lat' dir='ltr'>auriga,</span> <span class='ocrx_word' id='word_1_237' title='bbox 1682 2300 1889 2354; x_wconf 90' lang='lat' dir='ltr'>histrio</span> 
     </span>
    </p>
   </div>
   <div class='ocr_carea' id='block_1_36' title="bbox 219 2368 1230 2426">
    <p class='ocr_par' dir='ltr' id='par_1_36' title="bbox 219 2368 1230 2426">
     <span class='ocr_line' id='line_1_36' title="bbox 219 2368 1230 2426; baseline 0.002 -3"><span class='ocrx_word' id='word_1_238' title='bbox 219 2376 273 2423; x_wconf 83' lang='lat' dir='ltr'>et</span> <span class='ocrx_word' id='word_1_239' title='bbox 303 2368 713 2424; x_wconf 83' lang='lat' dir='ltr'>incendiarius</span> <span class='ocrx_word' id='word_1_240' title='bbox 740 2370 987 2425; x_wconf 79' lang='lat' dir='ltr'>exstisti.</span> <span class='ocrx_word' id='word_1_241' title='bbox 1026 2392 1054 2419; x_wconf 86' lang='lat'>»</span> <span class='ocrx_word' id='word_1_242' title='bbox 1088 2370 1230 2426; x_wconf 71' lang='lat' dir='ltr'>Hav.</span> 
     </span>
    </p>
   </div>
   <div class='ocr_carea' id='block_1_37' title="bbox 289 2440 1889 2511">
    <p class='ocr_par' dir='ltr' id='par_1_37' title="bbox 289 2440 1889 2511">
     <span class='ocr_line' id='line_1_37' title="bbox 289 2440 1889 2511; baseline 0.002 -19"><span class='ocrx_word' id='word_1_243' title='bbox 289 2440 406 2511; x_wconf 79' lang='grc'>(24)</span> <span class='ocrx_word' id='word_1_244' title='bbox 444 2441 705 2495; x_wconf 74' lang='lat' dir='ltr'>Homine:</span> <span class='ocrx_word' id='word_1_245' title='bbox 751 2441 939 2510; x_wconf 73' lang='lat' dir='ltr'>fuisse.</span> <span class='ocrx_word' id='word_1_246' title='bbox 992 2441 1121 2496; x_wconf 69' lang='lat' dir='ltr'>Hazc</span> <span class='ocrx_word' id='word_1_247' title='bbox 1153 2442 1330 2496; x_wconf 85' lang='lat' dir='ltr'>habet</span> <span class='ocrx_word' id='word_1_248' title='bbox 1376 2440 1623 2505; x_wconf 90' lang='lat' dir='ltr'>Tullius,</span> <span class='ocrx_word' id='word_1_249' title='bbox 1676 2442 1889 2496; x_wconf 76' lang='lat' dir='ltr'>Tuscut.</span> 
     </span>
    </p>
   </div>
   <div class='ocr_carea' id='block_1_38' title="bbox 226 2508 1890 2585">
    <p class='ocr_par' dir='ltr' id='par_1_38' title="bbox 226 2508 1890 2585">
     <span class='ocr_line' id='line_1_38' title="bbox 226 2508 1890 2585; baseline 0.002 -21"><span class='ocrx_word' id='word_1_250' title='bbox 226 2508 263 2564; x_wconf 93' lang='lat' dir='ltr'>l.</span> <span class='ocrx_word' id='word_1_251' title='bbox 296 2508 433 2565; x_wconf 45' lang='lat' dir='ltr'>xn&#39;:</span> <span class='ocrx_word' id='word_1_252' title='bbox 471 2534 503 2560; x_wconf 87' lang='grc'>‹‹</span> <span class='ocrx_word' id='word_1_253' title='bbox 537 2512 685 2576; x_wconf 89' lang='lat' dir='ltr'>Quid</span> <span class='ocrx_word' id='word_1_254' title='bbox 716 2508 903 2585; x_wconf 83' lang='lat' dir='ltr'>totum</span> <span class='ocrx_word' id='word_1_255' title='bbox 938 2529 1115 2585; x_wconf 90' lang='lat' dir='ltr'>prope</span> <span class='ocrx_word' id='word_1_256' title='bbox 1165 2514 1400 2579; x_wconf 67' lang='lat' dir='ltr'>coelum,</span> <span class='ocrx_word' id='word_1_257' title='bbox 1428 2530 1499 2567; x_wconf 90' lang='lat' dir='ltr'>ne</span> <span class='ocrx_word' id='word_1_258' title='bbox 1534 2513 1730 2583; x_wconf 88' lang='lat' dir='ltr'>plures</span> <span class='ocrx_word' id='word_1_259' title='bbox 1762 2530 1890 2584; x_wconf 90' lang='lat' dir='ltr'>per-</span> 
     </span>
    </p>
   </div>
   <div class='ocr_carea' id='block_1_39' title="bbox 226 2584 1891 2657">
    <p class='ocr_par' dir='ltr' id='par_1_39' title="bbox 226 2584 1891 2657">
     <span class='ocr_line' id='line_1_39' title="bbox 226 2584 1891 2657; baseline 0.001 -21"><span class='ocrx_word' id='word_1_260' title='bbox 226 2598 468 2653; x_wconf 88' lang='lat' dir='ltr'>sequar,</span> <span class='ocrx_word' id='word_1_261' title='bbox 510 2598 705 2657; x_wconf 85' lang='lat' dir='ltr'>nonne</span> <span class='ocrx_word' id='word_1_262' title='bbox 739 2584 996 2639; x_wconf 90' lang='lat' dir='ltr'>humano</span> <span class='ocrx_word' id='word_1_263' title='bbox 1026 2584 1236 2657; x_wconf 83' lang='lat' dir='ltr'>genere</span> <span class='ocrx_word' id='word_1_264' title='bbox 1284 2585 1636 2655; x_wconf 90' lang='lat' dir='ltr'>completum</span> <span class='ocrx_word' id='word_1_265' title='bbox 1671 2584 1801 2639; x_wconf 87' lang='lat' dir='ltr'>est?</span> <span class='ocrx_word' id='word_1_266' title='bbox 1832 2585 1891 2639; x_wconf 89' lang='lat' dir='ltr'>Si</span> 
     </span>
    </p>
   </div>
   <div class='ocr_carea' id='block_1_40' title="bbox 228 2656 1893 2729">
    <p class='ocr_par' dir='ltr' id='par_1_40' title="bbox 228 2656 1893 2729">
     <span class='ocr_line' id='line_1_40' title="bbox 228 2656 1893 2729; baseline 0.002 -22"><span class='ocrx_word' id='word_1_267' title='bbox 228 2670 364 2709; x_wconf 87' lang='lat' dir='ltr'>vero</span> <span class='ocrx_word' id='word_1_268' title='bbox 405 2656 917 2729; x_wconf 76' lang='lat' dir='ltr'>_scrutari_vetera</span> <span class='ocrx_word' id='word_1_269' title='bbox 954 2661 1011 2711; x_wconf 91' lang='lat' dir='ltr'>et</span> <span class='ocrx_word' id='word_1_270' title='bbox 1040 2656 1127 2711; x_wconf 84' lang='lat' dir='ltr'>ex</span> <span class='ocrx_word' id='word_1_271' title='bbox 1158 2657 1249 2711; x_wconf 91' lang='lat' dir='ltr'>his</span> <span class='ocrx_word' id='word_1_272' title='bbox 1290 2673 1356 2711; x_wconf 92' lang='lat' dir='ltr'>ea</span> <span class='ocrx_word' id='word_1_273' title='bbox 1400 2658 1893 2729; x_wconf 68' lang='lat' dir='ltr'>quzescriptores</span> 
     </span>
    </p>
   </div>
   <div class='ocr_carea' id='block_1_41' title="bbox 230 2727 1891 2799">
    <p class='ocr_par' dir='ltr' id='par_1_41' title="bbox 230 2727 1891 2799">
     <span class='ocr_line' id='line_1_41' title="bbox 230 2727 1891 2799; baseline 0.003 -20"><span class='ocrx_word' id='word_1_274' title='bbox 230 2727 469 2799; x_wconf 61' lang='lat' dir='ltr'>Graecia</span> <span class='ocrx_word' id='word_1_275' title='bbox 506 2727 887 2799; x_wconf 89' lang='lat' dir='ltr'>prodiderunt</span> <span class='ocrx_word' id='word_1_276' title='bbox 907 2744 1108 2782; x_wconf 89' lang='lat' dir='ltr'>eruere</span> <span class='ocrx_word' id='word_1_277' title='bbox 1138 2744 1328 2794; x_wconf 90' lang='lat' dir='ltr'>coner,</span> <span class='ocrx_word' id='word_1_278' title='bbox 1356 2729 1466 2798; x_wconf 93' lang='lat' dir='ltr'>ipsi</span> <span class='ocrx_word' id='word_1_279' title='bbox 1492 2728 1574 2781; x_wconf 92' lang='lat' dir='ltr'>illi</span> <span class='ocrx_word' id='word_1_280' title='bbox 1601 2727 1891 2799; x_wconf 85' lang='lat' dir='ltr'>majorum</span> 
     </span>
    </p>
   </div>
   <div class='ocr_carea' id='block_1_42' title="bbox 229 2798 1892 2870">
    <p class='ocr_par' dir='ltr' id='par_1_42' title="bbox 229 2798 1892 2870">
     <span class='ocr_line' id='line_1_42' title="bbox 229 2798 1892 2870; baseline 0.002 -19"><span class='ocrx_word' id='word_1_281' title='bbox 229 2798 507 2869; x_wconf 83' lang='lat' dir='ltr'>gentium</span> <span class='ocrx_word' id='word_1_282' title='bbox 541 2798 622 2851; x_wconf 90' lang='lat' dir='ltr'>dii</span> <span class='ocrx_word' id='word_1_283' title='bbox 653 2798 751 2869; x_wconf 91' lang='lat' dir='ltr'>qui</span> <span class='ocrx_word' id='word_1_284' title='bbox 785 2799 1096 2870; x_wconf 89' lang='lat' dir='ltr'>habentur,</span> <span class='ocrx_word' id='word_1_285' title='bbox 1129 2801 1263 2855; x_wconf 89' lang='lat' dir='ltr'>hinc</span> <span class='ocrx_word' id='word_1_286' title='bbox 1295 2817 1329 2854; x_wconf 88' lang='lat' dir='ltr'>a</span> <span class='ocrx_word' id='word_1_287' title='bbox 1359 2800 1529 2855; x_wconf 91' lang='lat' dir='ltr'>nobis</span> <span class='ocrx_word' id='word_1_288' title='bbox 1566 2798 1802 2869; x_wconf 81' lang='lat' dir='ltr'>profecti</span> <span class='ocrx_word' id='word_1_289' title='bbox 1836 2802 1892 2855; x_wconf 92' lang='lat' dir='ltr'>in</span> 
     </span>
    </p>
   </div>
   <div class='ocr_carea' id='block_1_43' title="bbox 231 2870 1893 2941">
    <p class='ocr_par' dir='ltr' id='par_1_43' title="bbox 231 2870 1893 2941">
     <span class='ocr_line' id='line_1_43' title="bbox 231 2870 1893 2941; baseline 0.001 -17"><span class='ocrx_word' id='word_1_290' title='bbox 231 2870 449 2941; x_wconf 75' lang='lat' dir='ltr'>cretum</span> <span class='ocrx_word' id='word_1_291' title='bbox 487 2872 878 2941; x_wconf 84' lang='lat' dir='ltr'>reperiuntur.</span> <span class='ocrx_word' id='word_1_292' title='bbox 912 2871 1096 2934; x_wconf 86' lang='lat' dir='ltr'>Quare</span> <span class='ocrx_word' id='word_1_293' title='bbox 1130 2888 1377 2941; x_wconf 90' lang='lat' dir='ltr'>quorum</span> <span class='ocrx_word' id='word_1_294' title='bbox 1414 2873 1893 2927; x_wconf 81' lang='lat' dir='ltr'>demonstrantur</span> 
     </span>
    </p>
   </div>
   <div class='ocr_carea' id='block_1_44' title="bbox 231 2940 1895 3013">
    <p class='ocr_par' dir='ltr' id='par_1_44' title="bbox 231 2940 1895 3013">
     <span class='ocr_line' id='line_1_44' title="bbox 231 2940 1895 3013; baseline 0.001 -18"><span class='ocrx_word' id='word_1_295' title='bbox 231 2940 513 3013; x_wconf 85' lang='lat' dir='ltr'>sepulcra</span> <span class='ocrx_word' id='word_1_296' title='bbox 543 2940 598 2995; x_wconf 84' lang='lat' dir='ltr'>in</span> <span class='ocrx_word' id='word_1_297' title='bbox 643 2940 863 2996; x_wconf 69' lang='lat' dir='ltr'>Graecia</span> <span class='ocrx_word' id='word_1_298' title='bbox 895 2959 907 2996; x_wconf 93' lang='lat'><strong>:</strong></span> <span class='ocrx_word' id='word_1_299' title='bbox 943 2940 1334 3006; x_wconf 79' lang='lat' dir='ltr'>reminiscere,</span> <span class='ocrx_word' id='word_1_300' title='bbox 1371 2942 1647 3013; x_wconf 88' lang='lat' dir='ltr'>quoniam</span> <span class='ocrx_word' id='word_1_301' title='bbox 1697 2961 1757 2999; x_wconf 90' lang='lat' dir='ltr'>es</span> <span class='ocrx_word' id='word_1_302' title='bbox 1789 2943 1895 2998; x_wconf 90' lang='lat' dir='ltr'>ini-</span> 
     </span>
    </p>
   </div>
   <div class='ocr_carea' id='block_1_45' title="bbox 229 3014 1892 3086">
    <p class='ocr_par' dir='ltr' id='par_1_45' title="bbox 229 3014 1892 3086">
     <span class='ocr_line' id='line_1_45' title="bbox 229 3014 1892 3086; baseline 0.002 -20"><span class='ocrx_word' id='word_1_303' title='bbox 229 3014 423 3086; x_wconf 83' lang='lat' dir='ltr'>tiatus</span> <span class='ocrx_word' id='word_1_304' title='bbox 450 3029 580 3083; x_wconf 68' lang='lat' dir='ltr'>quae</span> <span class='ocrx_word' id='word_1_305' title='bbox 604 3016 920 3068; x_wconf 81' lang='lat' dir='ltr'>traduntur</span> <span class='ocrx_word' id='word_1_306' title='bbox 941 3015 1254 3085; x_wconf 84' lang='lat' dir='ltr'>mysteriis,</span> <span class='ocrx_word' id='word_1_307' title='bbox 1277 3021 1405 3069; x_wconf 89' lang='lat' dir='ltr'>tum</span> <span class='ocrx_word' id='word_1_308' title='bbox 1440 3016 1692 3083; x_wconf 89' lang='lat' dir='ltr'>denique</span> <span class='ocrx_word' id='word_1_309' title='bbox 1717 3032 1892 3086; x_wconf 90' lang='lat' dir='ltr'>quam</span> 
     </span>
    </p>
   </div>
   <div class='ocr_carea' id='block_1_46' title="bbox 230 3085 1894 3157">
    <p class='ocr_par' dir='ltr' id='par_1_46' title="bbox 230 3085 1894 3157">
     <span class='ocr_line' id='line_1_46' title="bbox 230 3085 1894 3157; baseline 0.003 -20"><span class='ocrx_word' id='word_1_310' title='bbox 230 3085 336 3138; x_wconf 82' lang='lat' dir='ltr'>hoc</span> <span class='ocrx_word' id='word_1_311' title='bbox 376 3085 497 3139; x_wconf 83' lang='lat' dir='ltr'>late</span> <span class='ocrx_word' id='word_1_312' title='bbox 548 3088 741 3155; x_wconf 87' lang='lat' dir='ltr'>pateat</span> <span class='ocrx_word' id='word_1_313' title='bbox 790 3086 1101 3157; x_wconf 88' lang='lat' dir='ltr'>intelliges.</span> <span class='ocrx_word' id='word_1_314' title='bbox 1135 3109 1162 3136; x_wconf 85' lang='lat'><strong>»</strong></span> <span class='ocrx_word' id='word_1_315' title='bbox 1202 3089 1327 3140; x_wconf 71' lang='lat' dir='ltr'>Hasc</span> <span class='ocrx_word' id='word_1_316' title='bbox 1377 3086 1649 3142; x_wconf 84' lang='lat' dir='ltr'>similiter</span> <span class='ocrx_word' id='word_1_317' title='bbox 1678 3085 1748 3142; x_wconf 81' lang='lat' dir='ltr'>de</span> <span class='ocrx_word' id='word_1_318' title='bbox 1780 3089 1894 3143; x_wconf 87' lang='lat' dir='ltr'>diis</span> 
     </span>
    </p>
   </div>
   <div class='ocr_carea' id='block_1_47' title="bbox 228 3156 1969 3247">
    <p class='ocr_par' dir='ltr' id='par_1_47' title="bbox 228 3156 1969 3247">
     <span class='ocr_line' id='line_1_47' title="bbox 228 3156 1969 3247; baseline 0.003 -39"><span class='ocrx_word' id='word_1_319' title='bbox 228 3156 645 3247; x_wconf 47' lang='lat' dir='ltr'>legyptiorum&#39;,</span> <span class='ocrx_word' id='word_1_320' title='bbox 679 3156 1139 3247; x_wconf 33' lang='lat' dir='ltr'>ceterorumqpe</span> <span class='ocrx_word' id='word_1_321' title='bbox 1171 3157 1517 3247; x_wconf 68' lang='lat' dir='ltr'>populorum</span> <span class='ocrx_word' id='word_1_322' title='bbox 1551 3159 1891 3247; x_wconf 33' lang='lat' dir='ltr'>tgaditvDiq-</span> <span class='ocrx_word' id='word_1_323' title='bbox 1926 3180 1969 3247; x_wconf 70' lang='grc' dir='ltr'>ρ</span> 
     </span>
    </p>
   </div>
   <div class='ocr_carea' id='block_1_48' title="bbox 229 3227 1891 3303">
    <p class='ocr_par' dir='ltr' id='par_1_48' title="bbox 229 3227 1891 3303">
     <span class='ocr_line' id='line_1_48' title="bbox 229 3227 1891 3303; baseline 0.001 -22"><span class='ocrx_word' id='word_1_324' title='bbox 229 3227 649 3303; x_wconf 28' lang='grc' dir='ltr'>ὀρτύεμδὶριῌ.</span> <span class='ocrx_word' id='word_1_325' title='bbox 697 3227 799 3283; x_wconf 87' lang='lat' dir='ltr'>lib.</span> <span class='ocrx_word' id='word_1_326' title='bbox 839 3246 898 3303; x_wconf 65' lang='grc' dir='ltr'>Δι,</span> <span class='ocrx_word' id='word_1_327' title='bbox 949 3248 1010 3303; x_wconf 83' lang='lat' dir='ltr'>_p.</span> <span class='ocrx_word' id='word_1_328' title='bbox 1049 3227 1344 3303; x_wconf 10' lang='grc' dir='ltr'>⁷17έΑ-[17ιρὶ</span> <span class='ocrx_word' id='word_1_329' title='bbox 1399 3228 1490 3303; x_wconf 65' lang='grc' dir='ltr'>μὲν</span> <span class='ocrx_word' id='word_1_330' title='bbox 1544 3227 1636 3303; x_wconf 63' lang='grc' dir='ltr'>οὖν</span> <span class='ocrx_word' id='word_1_331' title='bbox 1679 3232 1787 3284; x_wconf 78' lang='grc' dir='ltr'>τῶν</span> <span class='ocrx_word' id='word_1_332' title='bbox 1840 3228 1891 3283; x_wconf 76' lang='grc' dir='ltr'>ἐν</span> 
     </span>
    </p>
   </div>
   <div class='ocr_carea' id='block_1_49' title="bbox 235 3297 1895 3373">
    <p class='ocr_par' dir='ltr' id='par_1_49' title="bbox 235 3297 1895 3373">
     <span class='ocr_line' id='line_1_49' title="bbox 235 3297 1895 3373; baseline 0.002 -21"><span class='ocrx_word' id='word_1_333' title='bbox 235 3299 483 3373; x_wconf 56' lang='grc' dir='ltr'>οὐρανῷ</span> <span class='ocrx_word' id='word_1_334' title='bbox 527 3298 662 3351; x_wconf 78' lang='grc' dir='ltr'>θεῶν</span> <span class='ocrx_word' id='word_1_335' title='bbox 698 3344 711 3365; x_wconf 89' lang='lat'>,</span> <span class='ocrx_word' id='word_1_336' title='bbox 763 3298 876 3373; x_wconf 54' lang='lat' dir='ltr'>xei</span> <span class='ocrx_word' id='word_1_337' title='bbox 905 3297 1109 3372; x_wconf 67' lang='grc' dir='ltr'>γένεσιν</span> <span class='ocrx_word' id='word_1_338' title='bbox 1165 3297 1341 3373; x_wconf 53' lang='lat' dir='ltr'>stam</span> <span class='ocrx_word' id='word_1_339' title='bbox 1376 3297 1718 3373; x_wconf 65' lang='grc' dir='ltr'>⁸ἒσνχηκότων</span> <span class='ocrx_word' id='word_1_340' title='bbox 1766 3321 1895 3356; x_wconf 85' lang='grc' dir='ltr'>τοσ-</span> 
     </span>
    </p>
   </div>
   <div class='ocr_carea' id='block_1_50' title="bbox 229 3368 1896 3442">
    <p class='ocr_par' dir='ltr' id='par_1_50' title="bbox 229 3368 1896 3442">
     <span class='ocr_line' id='line_1_50' title="bbox 229 3368 1896 3442; baseline 0.002 -19"><span class='ocrx_word' id='word_1_341' title='bbox 229 3368 362 3424; x_wconf 48' lang='lat' dir='ltr'>auia</span> <span class='ocrx_word' id='word_1_342' title='bbox 427 3368 684 3442; x_wconf 44' lang='grc' dir='ltr'>λέγουσιν</span> <span class='ocrx_word' id='word_1_343' title='bbox 746 3368 1053 3442; x_wconf 48' lang='lat' dir='ltr'>isi-vortitur.</span> <span class='ocrx_word' id='word_1_344' title='bbox 1088 3369 1332 3435; x_wconf 73' lang='grc' dir='ltr'>’Ἄλλους</span> <span class='ocrx_word' id='word_1_345' title='bbox 1372 3369 1429 3426; x_wconf 78' lang='grc' dir='ltr'>δὲ</span> <span class='ocrx_word' id='word_1_346' title='bbox 1458 3368 1517 3427; x_wconf 62' lang='grc' dir='ltr'>ἐξ(</span> <span class='ocrx_word' id='word_1_347' title='bbox 1540 3373 1747 3428; x_wconf 74' lang='grc' dir='ltr'>τούτων</span> <span class='ocrx_word' id='word_1_348' title='bbox 1781 3373 1896 3429; x_wconf 74' lang='grc' dir='ltr'>ἐπι-</span> 
     </span>
    </p>
   </div>
   <div class='ocr_carea' id='block_1_51' title="bbox 232 3441 1899 3529">
    <p class='ocr_par' dir='ltr' id='par_1_51' title="bbox 232 3441 1899 3529">
     <span class='ocr_line' id='line_1_51' title="bbox 232 3441 1899 3529; baseline 0.002 -34"><span class='ocrx_word' id='word_1_349' title='bbox 232 3444 422 3529; x_wconf 54' lang='grc' dir='ltr'>]ξίους</span> <span class='ocrx_word' id='word_1_350' title='bbox 468 3441 709 3525; x_wconf 33' lang='grc' dir='ltr'>γενέσθαιι</span> <span class='ocrx_word' id='word_1_351' title='bbox 758 3441 915 3529; x_wconf 60' lang='lat' dir='ltr'>apum&quot;</span> <span class='ocrx_word' id='word_1_352' title='bbox 963 3442 1295 3529; x_wconf 56' lang='grc' dir='ltr'>ὑτίάεξαγτας</span> <span class='ocrx_word' id='word_1_353' title='bbox 1345 3442 1439 3529; x_wconf 66' lang='grc' dir='ltr'><strong>μὶγ</strong></span> <span class='ocrx_word' id='word_1_354' title='bbox 1491 3445 1757 3529; x_wconf 53' lang='grc' dir='ltr'>θνησεοὺς,</span> <span class='ocrx_word' id='word_1_355' title='bbox 1810 3442 1899 3499; x_wconf 80' lang='grc' dir='ltr'>διὰ</span> 
     </span>
    </p>
   </div>
   <div class='ocr_carea' id='block_1_52' title="bbox 229 3512 1897 3589">
    <p class='ocr_par' dir='ltr' id='par_1_52' title="bbox 229 3512 1897 3589">
     <span class='ocr_line' id='line_1_52' title="bbox 229 3512 1897 3589; baseline 0.002 -23"><span class='ocrx_word' id='word_1_356' title='bbox 229 3512 284 3566; x_wconf 75' lang='grc' dir='ltr'><em>δὲ</em></span> <span class='ocrx_word' id='word_1_357' title='bbox 331 3513 557 3589; x_wconf 67' lang='grc' dir='ltr'>σρνεσιν</span> <span class='ocrx_word' id='word_1_358' title='bbox 608 3512 699 3589; x_wconf 67' lang='grc' dir='ltr'>καξὶ</span> <span class='ocrx_word' id='word_1_359' title='bbox 767 3512 956 3589; x_wconf 48' lang='lat' dir='ltr'>serv-3w</span> <span class='ocrx_word' id='word_1_360' title='bbox 1010 3512 1315 3589; x_wconf 53' lang='lat' dir='ltr'>dmpsime</span> <span class='ocrx_word' id='word_1_361' title='bbox 1346 3512 1355 3517; x_wconf 50' lang='grc'>⁷</span> <span class='ocrx_word' id='word_1_362' title='bbox 1387 3512 1691 3589; x_wconf 51' lang='grc' dir='ltr'>εξὺεργεᾴίαν</span> <span class='ocrx_word' id='word_1_363' title='bbox 1747 3512 1897 3570; x_wconf 67' lang='grc' dir='ltr'><strong>τετυ-</strong></span> 
     </span>
    </p>
   </div>
   <div class='ocr_carea' id='block_1_53' title="bbox 231 3582 1894 3662">
    <p class='ocr_par' dir='ltr' id='par_1_53' title="bbox 231 3582 1894 3662">
     <span class='ocr_line' id='line_1_53' title="bbox 231 3582 1894 3662; baseline 0.002 -24"><span class='ocrx_word' id='word_1_364' title='bbox 231 3583 489 3659; x_wconf 68' lang='grc' dir='ltr'>χῃκότας</span> <span class='ocrx_word' id='word_1_365' title='bbox 523 3582 963 3662; x_wconf 51' lang='grc' dir='ltr'>ῖῆςάθαιιίασίας·</span> <span class='ocrx_word' id='word_1_366' title='bbox 999 3587 1071 3641; x_wconf 82' lang='grc' dir='ltr'>ὧν</span> <span class='ocrx_word' id='word_1_367' title='bbox 1120 3582 1294 3662; x_wconf 60' lang='grc' dir='ltr'>ξνίους</span> <span class='ocrx_word' id='word_1_368' title='bbox 1325 3586 1413 3641; x_wconf 82' lang='grc' dir='ltr'>καὶ</span> <span class='ocrx_word' id='word_1_369' title='bbox 1468 3582 1712 3662; x_wconf 13' lang='grc' dir='ltr'>βάσιλεῖνς</span> <span class='ocrx_word' id='word_1_370' title='bbox 1740 3608 1894 3662; x_wconf 65' lang='grc' dir='ltr'><strong>γεγο-</strong></span> 
     </span>
    </p>
   </div>
   <div class='ocr_carea' id='block_1_54' title="bbox 232 3654 1896 3733">
    <p class='ocr_par' dir='ltr' id='par_1_54' title="bbox 232 3654 1896 3733">
     <span class='ocr_line' id='line_1_54' title="bbox 232 3654 1896 3733; baseline 0.002 -25"><span class='ocrx_word' id='word_1_371' title='bbox 232 3654 377 3709; x_wconf 64' lang='grc' dir='ltr'>νέναι</span> <span class='ocrx_word' id='word_1_372' title='bbox 416 3655 558 3733; x_wconf 51' lang='grc' dir='ltr'>κάξτά</span> <span class='ocrx_word' id='word_1_373' title='bbox 586 3655 683 3733; x_wconf 50' lang='grc' dir='ltr'>γῆν</span> <span class='ocrx_word' id='word_1_374' title='bbox 720 3654 1014 3733; x_wconf 56' lang='grc' dir='ltr'>Αἷγυπτογο</span> <span class='ocrx_word' id='word_1_375' title='bbox 1044 3654 1608 3733; x_wconf 59' lang='grc' dir='ltr'>μεθηρμηνευοιέένων</span> <span class='ocrx_word' id='word_1_376' title='bbox 1645 3657 1690 3714; x_wconf 84' lang='grc' dir='ltr'>δ’</span> <span class='ocrx_word' id='word_1_377' title='bbox 1718 3654 1896 3733; x_wconf 73' lang='grc' dir='ltr'>αὖτ’ᾦν</span> 
     </span>
    </p>
   </div>
   <div class='ocr_carea' id='block_1_55' title="bbox 228 3726 1897 3807">
    <p class='ocr_par' dir='ltr' id='par_1_55' title="bbox 228 3726 1897 3807">
     <span class='ocr_line' id='line_1_55' title="bbox 228 3726 1897 3807; baseline 0.004 -29"><span class='ocrx_word' id='word_1_378' title='bbox 228 3748 406 3807; x_wconf 44' lang='lat' dir='ltr'>Eva-15.</span> <span class='ocrx_word' id='word_1_379' title='bbox 428 3726 531 3807; x_wconf 60' lang='grc' dir='ltr'>μὶηί</span> <span class='ocrx_word' id='word_1_380' title='bbox 581 3726 912 3807; x_wconf 42' lang='grc' dir='ltr'>ὁμωνύμους</span> <span class='ocrx_word' id='word_1_381' title='bbox 964 3726 1234 3807; x_wconf 54' lang='grc' dir='ltr'>ὑπάρχεΝ</span> <span class='ocrx_word' id='word_1_382' title='bbox 1268 3726 1390 3807; x_wconf 48' lang='lat' dir='ltr'>iui:</span> <span class='ocrx_word' id='word_1_383' title='bbox 1421 3726 1716 3807; x_wconf 64' lang='lat' dir='ltr'>cupaviom,</span> <span class='ocrx_word' id='word_1_384' title='bbox 1747 3730 1897 3807; x_wconf 67' lang='lat' dir='ltr'>tiva‘tc</span> 
     </span>
    </p>
   </div>
   <div class='ocr_carea' id='block_1_56' title="bbox 235 3796 1901 3885">
    <p class='ocr_par' dir='ltr' id='par_1_56' title="bbox 235 3796 1901 3885">
     <span class='ocr_line' id='line_1_56' title="bbox 235 3796 1901 3885; baseline 0.002 -32"><span class='ocrx_word' id='word_1_385' title='bbox 235 3796 290 3853; x_wconf 70' lang='grc' dir='ltr'>δὲ</span> <span class='ocrx_word' id='word_1_386' title='bbox 323 3796 479 3885; x_wconf 43' lang='lat' dir='ltr'>latent</span> <span class='ocrx_word' id='word_1_387' title='bbox 512 3796 807 3885; x_wconf 56' lang='grc' dir='ltr'>ξὲχηκὲχάι</span> <span class='ocrx_word' id='word_1_388' title='bbox 839 3796 1240 3885; x_wconf 17' lang='grc' dir='ltr'>ἱεροσηχόλριῖανε</span> <span class='ocrx_word' id='word_1_389' title='bbox 1268 3801 1462 3885; x_wconf 66' lang='grc' dir='ltr'>’ᾘλιᾴν</span> <span class='ocrx_word' id='word_1_390' title='bbox 1492 3796 1572 3871; x_wconf 57' lang='grc' dir='ltr'>ἷξε,</span> <span class='ocrx_word' id='word_1_391' title='bbox 1622 3796 1710 3885; x_wconf 54' lang='grc' dir='ltr'>ιςᾳῖ</span> <span class='ocrx_word' id='word_1_392' title='bbox 1763 3802 1901 3874; x_wconf 87' lang='grc' dir='ltr'>Κρό-</span> 
     </span>
    </p>
   </div>
   <div class='ocr_carea' id='block_1_57' title="bbox 232 3868 1899 3948">
    <p class='ocr_par' dir='ltr' id='par_1_57' title="bbox 232 3868 1899 3948">
     <span class='ocr_line' id='line_1_57' title="bbox 232 3868 1899 3948; baseline 0.004 -25"><span class='ocrx_word' id='word_1_393' title='bbox 232 3891 344 3938; x_wconf 75' lang='grc' dir='ltr'>νον,</span> <span class='ocrx_word' id='word_1_394' title='bbox 381 3869 483 3923; x_wconf 74' lang='grc' dir='ltr'>καὶ</span> <span class='ocrx_word' id='word_1_395' title='bbox 516 3868 686 3948; x_wconf 58' lang='grc' dir='ltr'>Ῥἒᾲν,</span> <span class='ocrx_word' id='word_1_396' title='bbox 714 3868 791 3925; x_wconf 80' lang='grc' dir='ltr'>ἔτι</span> <span class='ocrx_word' id='word_1_397' title='bbox 842 3868 901 3926; x_wconf 70' lang='grc' dir='ltr'>δὶ</span> <span class='ocrx_word' id='word_1_398' title='bbox 948 3868 1048 3927; x_wconf 64' lang='grc' dir='ltr'>καῖ</span> <span class='ocrx_word' id='word_1_399' title='bbox 1072 3868 1168 3929; x_wconf 63' lang='grc' dir='ltr'>Δία</span> <span class='ocrx_word' id='word_1_400' title='bbox 1190 3875 1281 3929; x_wconf 87' lang='grc' dir='ltr'>τὸν</span> <span class='ocrx_word' id='word_1_401' title='bbox 1319 3873 1422 3929; x_wconf 83' lang='grc' dir='ltr'>ὑπό</span> <span class='ocrx_word' id='word_1_402' title='bbox 1447 3868 1607 3929; x_wconf 73' lang='grc' dir='ltr'>τινών</span> <span class='ocrx_word' id='word_1_403' title='bbox 1638 3868 1899 3948; x_wconf 72' lang='grc' dir='ltr'>Ἃμμὸνα</span> 
     </span>
    </p>
   </div>
   <div class='ocr_carea' id='block_1_58' title="bbox 232 3939 814 4017">
    <p class='ocr_par' dir='ltr' id='par_1_58' title="bbox 232 3939 814 4017">
     <span class='ocr_line' id='line_1_58' title="bbox 232 3939 814 4017; baseline 0 -20"><span class='ocrx_word' id='word_1_404' title='bbox 232 3939 814 4017; x_wconf 52' lang='grc' dir='ltr'>προᾳᾳγορευόμενογ.</span> 
     </span>
    </p>
   </div>
   <div class='ocr_carea' id='block_1_59' title="bbox 298 4016 1897 4090">
    <p class='ocr_par' dir='ltr' id='par_1_59' title="bbox 298 4016 1897 4090">
     <span class='ocr_line' id='line_1_59' title="bbox 298 4016 1897 4090; baseline 0.006 -27"><span class='ocrx_word' id='word_1_405' title='bbox 298 4039 328 4064; x_wconf 84' lang='grc'>‹‹</span> <span class='ocrx_word' id='word_1_406' title='bbox 364 4016 511 4071; x_wconf 66' lang='lat' dir='ltr'>Haec</span> <span class='ocrx_word' id='word_1_407' title='bbox 542 4019 739 4069; x_wconf 89' lang='lat' dir='ltr'>autem</span> <span class='ocrx_word' id='word_1_408' title='bbox 770 4016 841 4070; x_wconf 89' lang='lat' dir='ltr'>de</span> <span class='ocrx_word' id='word_1_409' title='bbox 874 4016 987 4072; x_wconf 90' lang='lat' dir='ltr'>diis</span> <span class='ocrx_word' id='word_1_410' title='bbox 1010 4019 1105 4087; x_wconf 91' lang='lat' dir='ltr'>qui</span> <span class='ocrx_word' id='word_1_411' title='bbox 1137 4018 1195 4074; x_wconf 90' lang='lat' dir='ltr'>in</span> <span class='ocrx_word' id='word_1_412' title='bbox 1227 4017 1373 4074; x_wconf 77' lang='lat' dir='ltr'>cmlo</span> <span class='ocrx_word' id='word_1_413' title='bbox 1404 4023 1542 4075; x_wconf 91' lang='lat' dir='ltr'>sunt</span> <span class='ocrx_word' id='word_1_414' title='bbox 1570 4023 1625 4074; x_wconf 93' lang='lat' dir='ltr'>et</span> <span class='ocrx_word' id='word_1_415' title='bbox 1645 4035 1897 4090; x_wconf 92' lang='lat' dir='ltr'>quorum</span> 
     </span>
    </p>
   </div>
   <div class='ocr_carea' id='block_1_60' title="bbox 229 4090 1901 4161">
    <p class='ocr_par' dir='ltr' id='par_1_60' title="bbox 229 4090 1901 4161">
     <span class='ocr_line' id='line_1_60' title="bbox 229 4090 1901 4161; baseline 0.002 -18"><span class='ocrx_word' id='word_1_416' title='bbox 229 4092 529 4161; x_wconf 53' lang='lat' dir='ltr'>aeternum</span> <span class='ocrx_word' id='word_1_417' title='bbox 572 4091 661 4140; x_wconf 88' lang='lat' dir='ltr'>est</span> <span class='ocrx_word' id='word_1_418' title='bbox 690 4102 878 4158; x_wconf 88' lang='lat' dir='ltr'>genus</span> <span class='ocrx_word' id='word_1_419' title='bbox 925 4090 1151 4161; x_wconf 62' lang='lat' dir='ltr'>[Egypti</span> <span class='ocrx_word' id='word_1_420' title='bbox 1201 4096 1679 4146; x_wconf 87' lang='lat' dir='ltr'>commemorant.</span> <span class='ocrx_word' id='word_1_421' title='bbox 1715 4092 1796 4146; x_wconf 87' lang='lat' dir='ltr'>Ex</span> <span class='ocrx_word' id='word_1_422' title='bbox 1829 4091 1901 4147; x_wconf 90' lang='lat' dir='ltr'>iis</span> 
     </span>
    </p>
   </div>
   <div class='ocr_carea' id='block_1_61' title="bbox 228 4160 1901 4232">
    <p class='ocr_par' dir='ltr' id='par_1_61' title="bbox 228 4160 1901 4232">
     <span class='ocr_line' id='line_1_61' title="bbox 228 4160 1901 4232; baseline 0.003 -19"><span class='ocrx_word' id='word_1_423' title='bbox 228 4160 400 4214; x_wconf 84' lang='lat' dir='ltr'>aiunt.</span> <span class='ocrx_word' id='word_1_424' title='bbox 446 4174 478 4232; x_wconf 68' lang='grc' dir='ltr'><strong>β</strong></span> <span class='ocrx_word' id='word_1_425' title='bbox 523 4160 912 4232; x_wconf 75' lang='lat' dir='ltr'>terruertos,</span> <span class='ocrx_word' id='word_1_426' title='bbox 966 4160 1356 4232; x_wconf 85' lang='lat' dir='ltr'>mortalesque</span> <span class='ocrx_word' id='word_1_427' title='bbox 1406 4163 1662 4232; x_wconf 91' lang='lat' dir='ltr'>primum</span> <span class='ocrx_word' id='word_1_428' title='bbox 1695 4163 1901 4229; x_wconf 88' lang='lat' dir='ltr'>fuisse,</span> 
     </span>
    </p>
   </div>
   <div class='ocr_carea' id='block_1_62' title="bbox 229 4228 1900 4305">
    <p class='ocr_par' dir='ltr' id='par_1_62' title="bbox 229 4228 1900 4305">
     <span class='ocr_line' id='line_1_62' title="bbox 229 4228 1900 4305; baseline 0.003 -20"><span class='ocrx_word' id='word_1_429' title='bbox 229 4236 373 4305; x_wconf 75' lang='lat' dir='ltr'>tunc</span> <span class='ocrx_word' id='word_1_430' title='bbox 396 4229 485 4305; x_wconf 81' lang='lat' dir='ltr'>_ob_</span> <span class='ocrx_word' id='word_1_431' title='bbox 518 4228 825 4305; x_wconf 88' lang='lat' dir='ltr'>ingenium</span> <span class='ocrx_word' id='word_1_432' title='bbox 863 4228 1202 4305; x_wconf 74' lang='lat' dir='ltr'>collataque</span> <span class='ocrx_word' id='word_1_433' title='bbox 1251 4228 1529 4289; x_wconf 79' lang='lat' dir='ltr'>omnibus</span> <span class='ocrx_word' id='word_1_434' title='bbox 1561 4228 1900 4290; x_wconf 85' lang='lat' dir='ltr'>hominibus</span> 
     </span>
    </p>
   </div>
   <div class='ocr_carea' id='block_1_63' title="bbox 226 4301 1900 4376">
    <p class='ocr_par' dir='ltr' id='par_1_63' title="bbox 226 4301 1900 4376">
     <span class='ocr_line' id='line_1_63' title="bbox 226 4301 1900 4376; baseline 0 -17"><span class='ocrx_word' id='word_1_435' title='bbox 226 4302 529 4376; x_wconf 76' lang='lat' dir='ltr'>beneficia</span> <span class='ocrx_word' id='word_1_436' title='bbox 579 4301 1080 4376; x_wconf 57' lang='lat' dir='ltr'>meortalitatem</span> <span class='ocrx_word' id='word_1_437' title='bbox 1107 4301 1411 4376; x_wconf 52' lang='lat' dir='ltr'>&#39;adeptos;</span> <span class='ocrx_word' id='word_1_438' title='bbox 1463 4321 1710 4376; x_wconf 90' lang='lat' dir='ltr'>quorum</span> <span class='ocrx_word' id='word_1_439' title='bbox 1749 4322 1900 4359; x_wconf 87' lang='lat' dir='ltr'>non-</span> 
     </span>
    </p>
   </div>
   <div class='ocr_carea' id='block_1_64' title="bbox 231 4372 1898 4447">
    <p class='ocr_par' dir='ltr' id='par_1_64' title="bbox 231 4372 1898 4447">
     <span class='ocr_line' id='line_1_64' title="bbox 231 4372 1898 4447; baseline 0.002 -18"><span class='ocrx_word' id='word_1_440' title='bbox 231 4374 436 4431; x_wconf 85' lang='lat' dir='ltr'>nullos</span> <span class='ocrx_word' id='word_1_441' title='bbox 472 4375 535 4447; x_wconf 75' lang='lat' dir='ltr'>in</span> <span class='ocrx_word' id='word_1_442' title='bbox 559 4372 805 4447; x_wconf 63' lang='lat' dir='ltr'>Egypto</span> <span class='ocrx_word' id='word_1_443' title='bbox 833 4390 992 4447; x_wconf 67' lang='lat' dir='ltr'>reges</span> <span class='ocrx_word' id='word_1_444' title='bbox 1015 4372 1311 4432; x_wconf 79' lang='lat' dir='ltr'>exstitisse</span> <span class='ocrx_word' id='word_1_445' title='bbox 1337 4395 1351 4443; x_wconf 87' lang='lat'><strong>;</strong></span> <span class='ocrx_word' id='word_1_446' title='bbox 1384 4372 1773 4446; x_wconf 83' lang='lat' dir='ltr'>quorumdam</span> <span class='ocrx_word' id='word_1_447' title='bbox 1796 4394 1898 4432; x_wconf 90' lang='lat' dir='ltr'>nc-</span> 
     </span>
    </p>
   </div>
   <div class='ocr_carea' id='block_1_65' title="bbox 230 4444 1901 4512">
    <p class='ocr_par' dir='ltr' id='par_1_65' title="bbox 230 4444 1901 4512">
     <span class='ocr_line' id='line_1_65' title="bbox 230 4444 1901 4512; baseline 0.001 -11"><span class='ocrx_word' id='word_1_448' title='bbox 230 4447 397 4502; x_wconf 87' lang='lat' dir='ltr'>mina</span> <span class='ocrx_word' id='word_1_449' title='bbox 429 4444 525 4501; x_wconf 86' lang='lat' dir='ltr'>vel</span> <span class='ocrx_word' id='word_1_450' title='bbox 561 4444 647 4498; x_wconf 82' lang='lat' dir='ltr'>ita</span> <span class='ocrx_word' id='word_1_451' title='bbox 672 4444 1126 4512; x_wconf 45' lang='lat' dir='ltr'>mutata&#39;fuisse,</span> <span class='ocrx_word' id='word_1_452' title='bbox 1150 4452 1215 4502; x_wconf 91' lang='lat' dir='ltr'>ut</span> <span class='ocrx_word' id='word_1_453' title='bbox 1241 4464 1374 4503; x_wconf 91' lang='lat' dir='ltr'>cum</span> <span class='ocrx_word' id='word_1_454' title='bbox 1406 4444 1741 4503; x_wconf 77' lang='lat' dir='ltr'>cmlestibus</span> <span class='ocrx_word' id='word_1_455' title='bbox 1761 4463 1901 4504; x_wconf 87' lang='lat' dir='ltr'>voce</span> 
     </span>
    </p>
   </div>
   <div class='ocr_carea' id='block_1_66' title="bbox 230 4516 1978 4612">
    <p class='ocr_par' dir='ltr' id='par_1_66' title="bbox 230 4516 1978 4612">
     <span class='ocr_line' id='line_1_66' title="bbox 230 4516 1978 4612; baseline 0.001 -38"><span class='ocrx_word' id='word_1_456' title='bbox 230 4516 592 4612; x_wconf 44' lang='lat' dir='ltr'>consimiles</span> <span class='ocrx_word' id='word_1_457' title='bbox 624 4516 857 4612; x_wconf 35' lang='lat' dir='ltr'>ﬁerelnt,‘</span> <span class='ocrx_word' id='word_1_458' title='bbox 883 4518 971 4573; x_wconf 91' lang='lat' dir='ltr'>vel</span> <span class='ocrx_word' id='word_1_459' title='bbox 1011 4520 1377 4612; x_wconf 55' lang='lat' dir='ltr'>ade‘rionerg</span> <span class='ocrx_word' id='word_1_460' title='bbox 1411 4536 1675 4612; x_wconf 57' lang='lat' dir='ltr'>normam</span> <span class='ocrx_word' id='word_1_461' title='bbox 1708 4537 1902 4602; x_wconf 74' lang='lat' dir='ltr'>serva-</span> <span class='ocrx_word' id='word_1_462' title='bbox 1932 4548 1978 4612; x_wconf 73' lang='grc' dir='ltr'>Β</span> 
     </span>
    </p>
   </div>
   <div class='ocr_carea' id='block_1_67' title="bbox 229 4590 1903 4664">
    <p class='ocr_par' dir='ltr' id='par_1_67' title="bbox 229 4590 1903 4664">
     <span class='ocr_line' id='line_1_67' title="bbox 229 4590 1903 4664; baseline 0.002 -20"><span class='ocrx_word' id='word_1_463' title='bbox 229 4596 310 4655; x_wconf 85' lang='lat' dir='ltr'>ta,</span> <span class='ocrx_word' id='word_1_464' title='bbox 361 4593 604 4664; x_wconf 81' lang='lat' dir='ltr'>absque</span> <span class='ocrx_word' id='word_1_465' title='bbox 645 4590 1009 4664; x_wconf 83' lang='lat' dir='ltr'>_mu_tatione,_</span> <span class='ocrx_word' id='word_1_466' title='bbox 1026 4590 1292 4664; x_wconf 82' lang='lat' dir='ltr'>videlicet</span> <span class='ocrx_word' id='word_1_467' title='bbox 1339 4591 1512 4664; x_wconf 84' lang='lat' dir='ltr'>Solis,</span> <span class='ocrx_word' id='word_1_468' title='bbox 1546 4592 1903 4664; x_wconf 87' lang='lat' dir='ltr'>Saturnique</span> 
     </span>
    </p>
   </div>
   <div class='ocr_carea' id='block_1_68' title="bbox 230 4660 1902 4735">
    <p class='ocr_par' dir='ltr' id='par_1_68' title="bbox 230 4660 1902 4735">
     <span class='ocr_line' id='line_1_68' title="bbox 230 4660 1902 4735; baseline 0.003 -19"><span class='ocrx_word' id='word_1_469' title='bbox 230 4668 285 4717; x_wconf 88' lang='lat' dir='ltr'>et</span> <span class='ocrx_word' id='word_1_470' title='bbox 318 4660 515 4717; x_wconf 51' lang='lat' dir='ltr'>Rhea!</span> <span class='ocrx_word' id='word_1_471' title='bbox 540 4676 608 4735; x_wconf 69' lang='lat' dir='ltr'>ac</span> <span class='ocrx_word' id='word_1_472' title='bbox 642 4660 953 4735; x_wconf 70' lang='lat' dir='ltr'>ipsiusmet</span> <span class='ocrx_word' id='word_1_473' title='bbox 978 4660 1161 4732; x_wconf 85' lang='lat' dir='ltr'>Jovis,</span> <span class='ocrx_word' id='word_1_474' title='bbox 1187 4679 1361 4735; x_wconf 90' lang='lat' dir='ltr'>quem</span> <span class='ocrx_word' id='word_1_475' title='bbox 1392 4663 1634 4734; x_wconf 89' lang='lat' dir='ltr'>quidam</span> <span class='ocrx_word' id='word_1_476' title='bbox 1666 4660 1902 4721; x_wconf 82' lang='lat' dir='ltr'>Ammo-</span> 
     </span>
    </p>
   </div>
   <div class='ocr_carea' id='block_1_69' title="bbox 232 4730 1046 4805">
    <p class='ocr_par' dir='ltr' id='par_1_69' title="bbox 232 4730 1046 4805">
     <span class='ocr_line' id='line_1_69' title="bbox 232 4730 1046 4805; baseline 0 -16"><span class='ocrx_word' id='word_1_477' title='bbox 232 4750 364 4789; x_wconf 87' lang='lat' dir='ltr'>nem</span> <span class='ocrx_word' id='word_1_478' title='bbox 404 4730 811 4805; x_wconf 81' lang='lat' dir='ltr'>appellarunt.</span> <span class='ocrx_word' id='word_1_479' title='bbox 850 4756 870 4781; x_wconf 76' lang='grc' dir='ltr'>ι</span> <span class='ocrx_word' id='word_1_480' title='bbox 907 4734 1046 4789; x_wconf 84' lang='lat' dir='ltr'>Enn.</span> 
     </span>
    </p>
   </div>
   <div class='ocr_carea' id='block_1_70' title="bbox 303 4804 1899 4876">
    <p class='ocr_par' dir='ltr' id='par_1_70' title="bbox 303 4804 1899 4876">
     <span class='ocr_line' id='line_1_70' title="bbox 303 4804 1899 4876; baseline 0.001 -18"><span class='ocrx_word' id='word_1_481' title='bbox 303 4804 551 4875; x_wconf 54' lang='lat'>(25)]72</span> <span class='ocrx_word' id='word_1_482' title='bbox 604 4804 799 4876; x_wconf 73' lang='lat' dir='ltr'>quibus</span> <span class='ocrx_word' id='word_1_483' title='bbox 851 4807 973 4859; x_wconf 80' lang='lat' dir='ltr'>nali</span> <span class='ocrx_word' id='word_1_484' title='bbox 1018 4809 1167 4860; x_wconf 76' lang='lat' dir='ltr'>sunt.</span> <span class='ocrx_word' id='word_1_485' title='bbox 1220 4805 1345 4861; x_wconf 91' lang='lat' dir='ltr'>Non</span> <span class='ocrx_word' id='word_1_486' title='bbox 1398 4809 1621 4861; x_wconf 86' lang='lat' dir='ltr'>tantum</span> <span class='ocrx_word' id='word_1_487' title='bbox 1674 4805 1899 4876; x_wconf 82' lang='lat' dir='ltr'>Apollo,</span> 
     </span>
    </p>
   </div>
   <div class='ocr_carea' id='block_1_71' title="bbox 234 4875 1903 4949">
    <p class='ocr_par' dir='ltr' id='par_1_71' title="bbox 234 4875 1903 4949">
     <span class='ocr_line' id='line_1_71' title="bbox 234 4875 1903 4949; baseline 0.003 -20"><span class='ocrx_word' id='word_1_488' title='bbox 234 4875 443 4949; x_wconf 64' lang='grc' dir='ltr'>[ἥρωα.</span> <span class='ocrx_word' id='word_1_489' title='bbox 503 4875 795 4945; x_wconf 82' lang='lat' dir='ltr'>Bacchus,</span> <span class='ocrx_word' id='word_1_490' title='bbox 848 4876 1148 4949; x_wconf 84' lang='lat' dir='ltr'>Hercules,</span> <span class='ocrx_word' id='word_1_491' title='bbox 1205 4879 1325 4941; x_wconf 90' lang='lat' dir='ltr'>alii,</span> <span class='ocrx_word' id='word_1_492' title='bbox 1372 4879 1469 4933; x_wconf 90' lang='lat' dir='ltr'>sed</span> <span class='ocrx_word' id='word_1_493' title='bbox 1518 4875 1747 4949; x_wconf 88' lang='lat' dir='ltr'>Jupiter</span> <span class='ocrx_word' id='word_1_494' title='bbox 1776 4880 1903 4949; x_wconf 89' lang='lat' dir='ltr'>ipse</span> 
     </span>
    </p>
   </div>
   <div class='ocr_carea' id='block_1_72' title="bbox 229 4945 1899 5017">
    <p class='ocr_par' dir='ltr' id='par_1_72' title="bbox 229 4945 1899 5017">
     <span class='ocr_line' id='line_1_72' title="bbox 229 4945 1899 5017; baseline 0.002 -16"><span class='ocrx_word' id='word_1_495' title='bbox 229 4945 449 5002; x_wconf 85' lang='lat' dir='ltr'>Divum</span> <span class='ocrx_word' id='word_1_496' title='bbox 491 4951 659 5016; x_wconf 90' lang='lat' dir='ltr'>pater</span> <span class='ocrx_word' id='word_1_497' title='bbox 686 4955 861 5017; x_wconf 90' lang='lat' dir='ltr'>atque</span> <span class='ocrx_word' id='word_1_498' title='bbox 894 4948 1225 5016; x_wconf 89' lang='lat' dir='ltr'>hominum,</span> <span class='ocrx_word' id='word_1_499' title='bbox 1260 4955 1513 5004; x_wconf 70' lang='lat' dir='ltr'>internus</span> <span class='ocrx_word' id='word_1_500' title='bbox 1546 4945 1663 5014; x_wconf 76' lang='lat' dir='ltr'>rex,</span> <span class='ocrx_word' id='word_1_501' title='bbox 1699 4950 1770 5004; x_wconf 89' lang='lat' dir='ltr'>de</span> <span class='ocrx_word' id='word_1_502' title='bbox 1800 4945 1899 5005; x_wconf 78' lang='lat' dir='ltr'>cu-</span> 
     </span>
    </p>
   </div>
   <div class='ocr_carea' id='block_1_73' title="bbox 221 5018 1899 5088">
    <p class='ocr_par' dir='ltr' id='par_1_73' title="bbox 221 5018 1899 5088">
     <span class='ocr_line' id='line_1_73' title="bbox 221 5018 1899 5088; baseline 0.002 -15"><span class='ocrx_word' id='word_1_503' title='bbox 221 5018 322 5088; x_wconf 87' lang='lat' dir='ltr'>jus</span> <span class='ocrx_word' id='word_1_504' title='bbox 354 5019 495 5088; x_wconf 86' lang='lat' dir='ltr'>ipse</span> <span class='ocrx_word' id='word_1_505' title='bbox 530 5023 732 5072; x_wconf 89' lang='lat' dir='ltr'>noster</span> <span class='ocrx_word' id='word_1_506' title='bbox 764 5020 946 5075; x_wconf 88' lang='lat' dir='ltr'>natali</span> <span class='ocrx_word' id='word_1_507' title='bbox 980 5020 1104 5077; x_wconf 91' lang='lat' dir='ltr'>solo</span> <span class='ocrx_word' id='word_1_508' title='bbox 1155 5037 1204 5077; x_wconf 92' lang='lat' dir='ltr'>c.</span> <span class='ocrx_word' id='word_1_509' title='bbox 1253 5021 1343 5082; x_wconf 88' lang='lat'>25,</span> <span class='ocrx_word' id='word_1_510' title='bbox 1376 5019 1551 5075; x_wconf 88' lang='lat' dir='ltr'>solita</span> <span class='ocrx_word' id='word_1_511' title='bbox 1580 5020 1852 5077; x_wconf 89' lang='lat' dir='ltr'>irrisione</span> <span class='ocrx_word' id='word_1_512' title='bbox 1885 5038 1899 5077; x_wconf 91' lang='lat'><strong>:</strong></span> 
     </span>
    </p>
   </div>
   <div class='ocr_carea' id='block_1_74' title="bbox 227 5090 1903 5163">
    <p class='ocr_par' dir='ltr' id='par_1_74' title="bbox 227 5090 1903 5163">
     <span class='ocr_line' id='line_1_74' title="bbox 227 5090 1903 5163; baseline 0.003 -19"><span class='ocrx_word' id='word_1_513' title='bbox 227 5112 253 5163; x_wconf 60' lang='lat' dir='ltr'>cf</span> <span class='ocrx_word' id='word_1_514' title='bbox 284 5090 401 5163; x_wconf 77' lang='lat' dir='ltr'>Sed</span> <span class='ocrx_word' id='word_1_515' title='bbox 444 5106 568 5145; x_wconf 89' lang='lat' dir='ltr'>non</span> <span class='ocrx_word' id='word_1_516' title='bbox 601 5090 803 5163; x_wconf 11' lang='lat' dir='ltr'>statim,</span> <span class='ocrx_word' id='word_1_517' title='bbox 829 5096 887 5147; x_wconf 90' lang='lat' dir='ltr'>et</span> <span class='ocrx_word' id='word_1_518' title='bbox 906 5092 1153 5163; x_wconf 3' lang='lat' dir='ltr'>(Jupiter</span> <span class='ocrx_word' id='word_1_519' title='bbox 1171 5095 1394 5163; x_wconf 84' lang='lat' dir='ltr'>Cretam</span> <span class='ocrx_word' id='word_1_520' title='bbox 1420 5105 1587 5147; x_wconf 90' lang='lat' dir='ltr'>suam</span> <span class='ocrx_word' id='word_1_521' title='bbox 1620 5093 1903 5149; x_wconf 85' lang='lat' dir='ltr'>Romanis</span> 
     </span>
    </p>
   </div>
   <div class='ocr_carea' id='block_1_75' title="bbox 228 5161 1900 5231">
    <p class='ocr_par' dir='ltr' id='par_1_75' title="bbox 228 5161 1900 5231">
     <span class='ocr_line' id='line_1_75' title="bbox 228 5161 1900 5231; baseline 0.005 -19"><span class='ocrx_word' id='word_1_522' title='bbox 228 5161 504 5217; x_wconf 80' lang='lat' dir='ltr'>fascibus</span> <span class='ocrx_word' id='word_1_523' title='bbox 575 5162 806 5218; x_wconf 87' lang='lat' dir='ltr'>concuti</span> <span class='ocrx_word' id='word_1_524' title='bbox 865 5161 1105 5231; x_wconf 79' lang='lat' dir='ltr'>sineret,</span> <span class='ocrx_word' id='word_1_525' title='bbox 1163 5162 1382 5218; x_wconf 89' lang='lat' dir='ltr'>oblitus</span> <span class='ocrx_word' id='word_1_526' title='bbox 1456 5168 1691 5220; x_wconf 88' lang='lat' dir='ltr'>antrum</span> <span class='ocrx_word' id='word_1_527' title='bbox 1750 5165 1900 5221; x_wconf 89' lang='lat' dir='ltr'>illud</span> 
     </span>
    </p>
   </div>
   <div class='ocr_carea' id='block_1_76' title="bbox 226 5232 1901 5307">
    <p class='ocr_par' dir='ltr' id='par_1_76' title="bbox 226 5232 1901 5307">
     <span class='ocr_line' id='line_1_76' title="bbox 226 5232 1901 5307; baseline 0.004 -20"><span class='ocrx_word' id='word_1_528' title='bbox 226 5232 453 5307; x_wconf 70' lang='lat' dir='ltr'>Idaeum</span> <span class='ocrx_word' id='word_1_529' title='bbox 493 5235 551 5286; x_wconf 88' lang='lat' dir='ltr'>et</span> <span class='ocrx_word' id='word_1_530' title='bbox 578 5249 693 5287; x_wconf 62' lang='lat' dir='ltr'>aera</span> <span class='ocrx_word' id='word_1_531' title='bbox 730 5236 1112 5307; x_wconf 73' lang='lat' dir='ltr'>Corybantia,</span> <span class='ocrx_word' id='word_1_532' title='bbox 1146 5239 1202 5290; x_wconf 90' lang='lat' dir='ltr'>et</span> <span class='ocrx_word' id='word_1_533' title='bbox 1244 5235 1749 5307; x_wconf 88' lang='lat' dir='ltr'>jucundissimum</span> <span class='ocrx_word' id='word_1_534' title='bbox 1782 5238 1901 5294; x_wconf 91' lang='lat' dir='ltr'>illic</span> 
     </span>
    </p>
   </div>
   <div class='ocr_carea' id='block_1_77' title="bbox 224 5305 1170 5363">
    <p class='ocr_par' dir='ltr' id='par_1_77' title="bbox 224 5305 1170 5363">
     <span class='ocr_line' id='line_1_77' title="bbox 224 5305 1170 5363; baseline 0.002 -4"><span class='ocrx_word' id='word_1_535' title='bbox 224 5305 492 5359; x_wconf 84' lang='lat' dir='ltr'>nutricis</span> <span class='ocrx_word' id='word_1_536' title='bbox 525 5320 645 5359; x_wconf 64' lang='lat' dir='ltr'>sua;</span> <span class='ocrx_word' id='word_1_537' title='bbox 675 5305 937 5361; x_wconf 83' lang='lat' dir='ltr'>odorem.</span> <span class='ocrx_word' id='word_1_538' title='bbox 973 5330 1002 5357; x_wconf 86' lang='grc'>››</span> <span class='ocrx_word' id='word_1_539' title='bbox 1036 5309 1170 5363; x_wconf 81' lang='grc' dir='ltr'>ΗΑν.</span> 
     </span>
    </p>
   </div>
   <div class='ocr_carea' id='block_1_78' title="bbox 295 5374 1897 5447">
    <p class='ocr_par' dir='ltr' id='par_1_78' title="bbox 295 5374 1897 5447">
     <span class='ocr_line' id='line_1_78' title="bbox 295 5374 1897 5447; baseline 0.004 -16"><span class='ocrx_word' id='word_1_540' title='bbox 295 5377 420 5447; x_wconf 84' lang='lat'>(26)</span> <span class='ocrx_word' id='word_1_541' title='bbox 456 5374 686 5447; x_wconf 65' lang='grc' dir='ltr'>δέραιιί</span> <span class='ocrx_word' id='word_1_542' title='bbox 730 5377 1200 5436; x_wconf 76' lang='lat' dir='ltr'>demonstrantur.</span> <span class='ocrx_word' id='word_1_543' title='bbox 1252 5378 1399 5434; x_wconf 90' lang='lat' dir='ltr'>Hinc</span> <span class='ocrx_word' id='word_1_544' title='bbox 1448 5375 1595 5434; x_wconf 88' lang='lat' dir='ltr'>illud</span> <span class='ocrx_word' id='word_1_545' title='bbox 1639 5378 1793 5436; x_wconf 86' lang='lat' dir='ltr'>infra</span> <span class='ocrx_word' id='word_1_546' title='bbox 1847 5396 1897 5438; x_wconf 94' lang='lat' dir='ltr'>c.</span> 
     </span>
    </p>
   </div>
   <div class='ocr_carea' id='block_1_79' title="bbox 225 5446 1898 5522">
    <p class='ocr_par' dir='ltr' id='par_1_79' title="bbox 225 5446 1898 5522">
     <span class='ocr_line' id='line_1_79' title="bbox 225 5446 1898 5522; baseline 0.004 -22"><span class='ocrx_word' id='word_1_547' title='bbox 225 5446 289 5501; x_wconf 85' lang='lat' dir='ltr'>i2</span> <span class='ocrx_word' id='word_1_548' title='bbox 313 5465 337 5522; x_wconf 80' lang='lat'>_:</span> <span class='ocrx_word' id='word_1_549' title='bbox 370 5446 541 5522; x_wconf 6' lang='lat' dir='ltr'>«(In</span> <span class='ocrx_word' id='word_1_550' title='bbox 569 5447 799 5507; x_wconf 86' lang='lat' dir='ltr'>insulas</span> <span class='ocrx_word' id='word_1_551' title='bbox 852 5449 1227 5522; x_wconf 84' lang='lat' dir='ltr'>relegamur?</span> <span class='ocrx_word' id='word_1_552' title='bbox 1257 5449 1418 5506; x_wconf 87' lang='lat' dir='ltr'>Solet</span> <span class='ocrx_word' id='word_1_553' title='bbox 1448 5455 1505 5507; x_wconf 93' lang='lat' dir='ltr'>et</span> <span class='ocrx_word' id='word_1_554' title='bbox 1552 5451 1763 5507; x_wconf 87' lang='lat' dir='ltr'>insulis</span> <span class='ocrx_word' id='word_1_555' title='bbox 1794 5452 1898 5507; x_wconf 87' lang='lat' dir='ltr'>ali-</span> 
     </span>
    </p>
   </div>
   <div class='ocr_carea' id='block_1_80' title="bbox 224 5520 1901 5600">
    <p class='ocr_par' dir='ltr' id='par_1_80' title="bbox 224 5520 1901 5600">
     <span class='ocr_line' id='line_1_80' title="bbox 224 5520 1901 5600; baseline 0.005 -27"><span class='ocrx_word' id='word_1_556' title='bbox 224 5520 361 5600; x_wconf 77' lang='lat' dir='ltr'>guis</span> <span class='ocrx_word' id='word_1_557' title='bbox 394 5521 568 5600; x_wconf 45' lang='lat' dir='ltr'>deus.</span> <span class='ocrx_word' id='word_1_558' title='bbox 587 5526 783 5600; x_wconf 79' lang='lat' dir='ltr'>vester</span> <span class='ocrx_word' id='word_1_559' title='bbox 811 5526 913 5577; x_wconf 89' lang='lat' dir='ltr'>aut</span> <span class='ocrx_word' id='word_1_560' title='bbox 942 5520 1127 5600; x_wconf 80' lang='lat' dir='ltr'>nasci,</span> <span class='ocrx_word' id='word_1_561' title='bbox 1157 5525 1257 5581; x_wconf 90' lang='lat' dir='ltr'>aut</span> <span class='ocrx_word' id='word_1_562' title='bbox 1286 5522 1458 5581; x_wconf 90' lang='lat' dir='ltr'>mori.</span> <span class='ocrx_word' id='word_1_563' title='bbox 1491 5544 1520 5575; x_wconf 88' lang='lat'>»</span> <span class='ocrx_word' id='word_1_564' title='bbox 1554 5523 1714 5581; x_wconf 89' lang='lat' dir='ltr'>Jovis</span> <span class='ocrx_word' id='word_1_565' title='bbox 1745 5528 1901 5598; x_wconf 68' lang='lat' dir='ltr'>certe</span> 
     </span>
    </p>
   </div>
   <div class='ocr_carea' id='block_1_81' title="bbox 225 5590 1648 5717">
    <p class='ocr_par' dir='ltr' id='par_1_81' title="bbox 225 5590 1648 5717">
     <span class='ocr_line' id='line_1_81' title="bbox 225 5590 1648 5717; baseline 0.014 -71"><span class='ocrx_word' id='word_1_566' title='bbox 225 5590 609 5650; x_wconf 86' lang='lat' dir='ltr'>iucunabilia</span> <span class='ocrx_word' id='word_1_567' title='bbox 634 5592 769 5664; x_wconf 89' lang='lat' dir='ltr'>quis</span> <span class='ocrx_word' id='word_1_568' title='bbox 800 5595 987 5651; x_wconf 87' lang='lat' dir='ltr'>nescit</span> <span class='ocrx_word' id='word_1_569' title='bbox 1113 5590 1125 5597; x_wconf 71' lang='grc'><em>⁷</em></span> <span class='ocrx_word' id='word_1_570' title='bbox 1547 5669 1567 5717; x_wconf 55' lang='grc' dir='ltr'>ι</span> <span class='ocrx_word' id='word_1_571' title='bbox 1595 5666 1648 5717; x_wconf 67' lang='grc' dir='ltr'>,Π</span> 
     </span>
     <span class='ocr_line' id='line_1_82' title="bbox 1513 5681 1607 5717; baseline -0.021 0"><span class='ocrx_word' id='word_1_572' title='bbox 1513 5682 1541 5717; x_wconf 77' lang='grc' dir='ltr'>θ</span> <span class='ocrx_word' id='word_1_573' title='bbox 1594 5681 1607 5715; x_wconf 83' lang='grc' dir='ltr'><strong>Ι</strong></span> 
     </span>
    </p>
   </div>
   <div class='ocr_carea' id='block_1_82' title="bbox 1513 5667 1744 5717">
    <p class='ocr_par' dir='ltr' id='par_1_82' title="bbox 1513 5667 1744 5717">
     <span class='ocr_line' id='line_1_83' title="bbox 1513 5667 1744 5717; baseline 0 0"><span class='ocrx_word' id='word_1_574' title='bbox 1513 5669 1567 5717; x_wconf 86' lang='lat' dir='ltr'>et</span> <span class='ocrx_word' id='word_1_575' title='bbox 1594 5667 1744 5717; x_wconf 92' lang='lat' dir='ltr'>illum</span> 
     </span>
    </p>
   </div>
   <div class='ocr_carea' id='block_1_83' title="bbox 316 5725 1805 5792">
    <p class='ocr_par' dir='ltr' id='par_1_83' title="bbox 316 5725 1805 5792">
     <span class='ocr_line' id='line_1_84' title="bbox 316 5725 1805 5792; baseline 0.004 -18"><span class='ocrx_word' id='word_1_576' title='bbox 316 5725 606 5791; x_wconf 84' lang='lat' dir='ltr'>Vagitum,</span> <span class='ocrx_word' id='word_1_577' title='bbox 639 5726 693 5775; x_wconf 89' lang='lat' dir='ltr'>in</span> <span class='ocrx_word' id='word_1_578' title='bbox 722 5727 879 5777; x_wconf 86' lang='lat' dir='ltr'>Creta</span> <span class='ocrx_word' id='word_1_579' title='bbox 906 5728 1175 5792; x_wconf 87' lang='lat' dir='ltr'>quondam</span> <span class='ocrx_word' id='word_1_580' title='bbox 1219 5730 1514 5784; x_wconf 80' lang='lat' dir='ltr'>occultasse</span> <span class='ocrx_word' id='word_1_581' title='bbox 1545 5731 1805 5791; x_wconf 75' lang='lat' dir='ltr'>teruntur,</span> 
     </span>
    </p>
   </div>
   <div class='ocr_carea' id='block_1_84' title="bbox 230 5805 1060 5880">
    <p class='ocr_par' dir='ltr' id='par_1_84' title="bbox 230 5805 1060 5880">
     <span class='ocr_line' id='line_1_85' title="bbox 230 5805 1060 5880; baseline 0.005 -17"><span class='ocrx_word' id='word_1_582' title='bbox 230 5820 413 5880; x_wconf 86' lang='lat' dir='ltr'>quem</span> <span class='ocrx_word' id='word_1_583' title='bbox 450 5805 603 5863; x_wconf 87' lang='lat' dir='ltr'>olim</span> <span class='ocrx_word' id='word_1_584' title='bbox 633 5808 896 5877; x_wconf 86' lang='lat' dir='ltr'>Curetes,</span> <span class='ocrx_word' id='word_1_585' title='bbox 926 5824 1060 5868; x_wconf 89' lang='lat' dir='ltr'>cum</span> 
     </span>
    </p>
   </div>
   <div class='ocr_carea' id='block_1_85' title="bbox 2090 1796 3386 1857">
    <p class='ocr_par' dir='ltr' id='par_1_85' title="bbox 2090 1796 3386 1857">
     <span class='ocr_line' id='line_1_86' title="bbox 2090 1796 3386 1857; baseline 0.001 -12"><span class='ocrx_word' id='word_1_586' title='bbox 2090 1796 2289 1845; x_wconf 87' lang='lat' dir='ltr'>Armati</span> <span class='ocrx_word' id='word_1_587' title='bbox 2326 1796 2378 1843; x_wconf 93' lang='lat' dir='ltr'>in</span> <span class='ocrx_word' id='word_1_588' title='bbox 2410 1809 2694 1845; x_wconf 88' lang='lat' dir='ltr'>numerum</span> <span class='ocrx_word' id='word_1_589' title='bbox 2725 1796 3000 1857; x_wconf 85' lang='lat' dir='ltr'>pulsarent</span> <span class='ocrx_word' id='word_1_590' title='bbox 3030 1798 3224 1847; x_wconf 63' lang='lat' dir='ltr'>aeribus</span> <span class='ocrx_word' id='word_1_591' title='bbox 3259 1812 3386 1856; x_wconf 73' lang='lat' dir='ltr'>mra,</span> 
     </span>
    </p>
   </div>
   <div class='ocr_carea' id='block_1_86' title="bbox 2088 1860 3363 1923">
    <p class='ocr_par' dir='ltr' id='par_1_86' title="bbox 2088 1860 3363 1923">
     <span class='ocr_line' id='line_1_87' title="bbox 2088 1860 3363 1923; baseline 0.002 -17"><span class='ocrx_word' id='word_1_592' title='bbox 2088 1860 2161 1923; x_wconf 67' lang='lat' dir='ltr'>Ne</span> <span class='ocrx_word' id='word_1_593' title='bbox 2190 1860 2449 1907; x_wconf 87' lang='lat' dir='ltr'>Saturnus</span> <span class='ocrx_word' id='word_1_594' title='bbox 2479 1873 2600 1907; x_wconf 91' lang='lat' dir='ltr'>eum</span> <span class='ocrx_word' id='word_1_595' title='bbox 2635 1860 2787 1908; x_wconf 83' lang='lat' dir='ltr'>malis</span> <span class='ocrx_word' id='word_1_596' title='bbox 2818 1863 3093 1909; x_wconf 86' lang='lat' dir='ltr'>mandaret</span> <span class='ocrx_word' id='word_1_597' title='bbox 3121 1864 3363 1923; x_wconf 82' lang='lat' dir='ltr'>adeptus,</span> 
     </span>
    </p>
   </div>
   <div class='ocr_carea' id='block_1_87' title="bbox 2087 1922 3455 1985">
    <p class='ocr_par' dir='ltr' id='par_1_87' title="bbox 2087 1922 3455 1985">
     <span class='ocr_line' id='line_1_88' title="bbox 2087 1922 3455 1985; baseline 0 -15"><span class='ocrx_word' id='word_1_598' title='bbox 2087 1922 2471 1984; x_wconf 66' lang='lat' dir='ltr'>xEteruumque</span> <span class='ocrx_word' id='word_1_599' title='bbox 2502 1923 2653 1971; x_wconf 89' lang='lat' dir='ltr'>daret</span> <span class='ocrx_word' id='word_1_600' title='bbox 2683 1923 2839 1971; x_wconf 90' lang='lat' dir='ltr'>matri</span> <span class='ocrx_word' id='word_1_601' title='bbox 2871 1927 2969 1971; x_wconf 85' lang='lat' dir='ltr'>sub</span> <span class='ocrx_word' id='word_1_602' title='bbox 3002 1922 3455 1985; x_wconf 40' lang='lat' dir='ltr'>pectore&#39;vuluus,</span> 
     </span>
    </p>
   </div>
   <div class='ocr_carea' id='block_1_88' title="bbox 1998 2010 3644 2083">
    <p class='ocr_par' dir='ltr' id='par_1_88' title="bbox 1998 2010 3644 2083">
     <span class='ocr_line' id='line_1_89' title="bbox 1998 2010 3644 2083; baseline 0.001 -19"><span class='ocrx_word' id='word_1_603' title='bbox 1998 2014 2062 2083; x_wconf 81' lang='lat' dir='ltr'>ut</span> <span class='ocrx_word' id='word_1_604' title='bbox 2091 2010 2319 2083; x_wconf 9' lang='lat' dir='ltr'>cecinit,</span> <span class='ocrx_word' id='word_1_605' title='bbox 2348 2012 2570 2065; x_wconf 87' lang='lat' dir='ltr'>Lucret.</span> <span class='ocrx_word' id='word_1_606' title='bbox 2604 2010 2705 2065; x_wconf 88' lang='lat' dir='ltr'>lib.</span> <span class='ocrx_word' id='word_1_607' title='bbox 2757 2012 2827 2075; x_wconf 90' lang='lat' dir='ltr'>II,</span> <span class='ocrx_word' id='word_1_608' title='bbox 2873 2028 3020 2067; x_wconf 86' lang='lat' dir='ltr'>vers.</span> <span class='ocrx_word' id='word_1_609' title='bbox 3070 2012 3195 2066; x_wconf 82' lang='lat'>633.</span> <span class='ocrx_word' id='word_1_610' title='bbox 3250 2012 3644 2083; x_wconf 85' lang='lat' dir='ltr'>Epiphaninm</span> 
     </span>
    </p>
   </div>
   <div class='ocr_carea' id='block_1_89' title="bbox 1999 2081 3644 2138">
    <p class='ocr_par' dir='ltr' id='par_1_89' title="bbox 1999 2081 3644 2138">
     <span class='ocr_line' id='line_1_90' title="bbox 1999 2081 3644 2138; baseline -0.001 -2"><span class='ocrx_word' id='word_1_611' title='bbox 1999 2082 2145 2136; x_wconf 90' lang='lat' dir='ltr'>adde</span> <span class='ocrx_word' id='word_1_612' title='bbox 2174 2082 2232 2135; x_wconf 90' lang='lat' dir='ltr'>in</span> <span class='ocrx_word' id='word_1_613' title='bbox 2284 2081 2387 2137; x_wconf 89' lang='lat' dir='ltr'>lib.</span> <span class='ocrx_word' id='word_1_614' title='bbox 2441 2084 2735 2137; x_wconf 75' lang='lat' dir='ltr'>Ancoratue</span> <span class='ocrx_word' id='word_1_615' title='bbox 2781 2083 3085 2138; x_wconf 79' lang='lat' dir='ltr'>aliquanto</span> <span class='ocrx_word' id='word_1_616' title='bbox 3133 2088 3265 2137; x_wconf 86' lang='lat' dir='ltr'>ante</span> <span class='ocrx_word' id='word_1_617' title='bbox 3300 2081 3483 2138; x_wconf 73' lang='lat' dir='ltr'>linem</span> <span class='ocrx_word' id='word_1_618' title='bbox 3518 2099 3532 2137; x_wconf 86' lang='lat'><strong>:</strong></span> <span class='ocrx_word' id='word_1_619' title='bbox 3566 2081 3644 2138; x_wconf 75' lang='grc' dir='ltr'>Οὔ</span> 
     </span>
    </p>
   </div>
   <div class='ocr_carea' id='block_1_90' title="bbox 1995 2150 3645 2227">
    <p class='ocr_par' dir='ltr' id='par_1_90' title="bbox 1995 2150 3645 2227">
     <span class='ocr_line' id='line_1_91' title="bbox 1995 2150 3645 2227; baseline 0.001 -21"><span class='ocrx_word' id='word_1_620' title='bbox 1995 2152 2060 2227; x_wconf 59' lang='lat' dir='ltr'>te</span> <span class='ocrx_word' id='word_1_621' title='bbox 2115 2159 2305 2227; x_wconf 66' lang='grc' dir='ltr'>μνῆμα</span> <span class='ocrx_word' id='word_1_622' title='bbox 2354 2150 2688 2227; x_wconf 33' lang='grc' dir='ltr'>οὐκ-ῥλίγοις</span> <span class='ocrx_word' id='word_1_623' title='bbox 2720 2152 2829 2227; x_wconf 52' lang='lat' dir='ltr'>terti</span> <span class='ocrx_word' id='word_1_624' title='bbox 2883 2150 3082 2222; x_wconf 71' lang='grc' dir='ltr'>δῆλον,</span> <span class='ocrx_word' id='word_1_625' title='bbox 3139 2152 3189 2207; x_wconf 78' lang='grc' dir='ltr'>ἐν</span> <span class='ocrx_word' id='word_1_626' title='bbox 3224 2156 3413 2227; x_wconf 49' lang='grc' dir='ltr'>Κρήῖῃ</span> <span class='ocrx_word' id='word_1_627' title='bbox 3446 2153 3543 2227; x_wconf 69' lang='grc' dir='ltr'>γᾲρ</span> <span class='ocrx_word' id='word_1_628' title='bbox 3576 2155 3645 2225; x_wconf 79' lang='grc' dir='ltr'>τῇ</span> 
     </span>
    </p>
   </div>
   <div class='ocr_carea' id='block_1_91' title="bbox 1997 2172 3645 2300">
    <p class='ocr_par' dir='ltr' id='par_1_91' title="bbox 1997 2172 3645 2300">
     <span class='ocr_line' id='line_1_92' title="bbox 1997 2172 3645 2278; baseline 0.001 -72"><span class='ocrx_word' id='word_1_629' title='bbox 1997 2172 2057 2206; x_wconf 85' lang='grc' dir='ltr'>το</span> <span class='ocrx_word' id='word_1_630' title='bbox 2115 2172 2305 2278; x_wconf 49' lang='lat' dir='ltr'>(ivnge</span> <span class='ocrx_word' id='word_1_631' title='bbox 2354 2172 2451 2205; x_wconf 83' lang='grc' dir='ltr'>ουκ</span> <span class='ocrx_word' id='word_1_632' title='bbox 2481 2172 2688 2226; x_wconf 59' lang='lat' dir='ltr'>amyci:</span> <span class='ocrx_word' id='word_1_633' title='bbox 2720 2172 2829 2207; x_wconf 72' lang='grc' dir='ltr'>εστι</span> <span class='ocrx_word' id='word_1_634' title='bbox 2888 2172 3082 2222; x_wconf 78' lang='grc' dir='ltr'>οηΛον,</span> <span class='ocrx_word' id='word_1_635' title='bbox 3139 2172 3189 2207; x_wconf 81' lang='grc' dir='ltr'>εν</span> <span class='ocrx_word' id='word_1_636' title='bbox 3224 2172 3413 2227; x_wconf 66' lang='grc' dir='ltr'>Ἀρήτῃ</span> <span class='ocrx_word' id='word_1_637' title='bbox 3446 2173 3543 2227; x_wconf 79' lang='grc' dir='ltr'>γαρ</span> <span class='ocrx_word' id='word_1_638' title='bbox 3576 2174 3645 2225; x_wconf 83' lang='grc' dir='ltr'>τῃ</span> 
     </span>
     <span class='ocr_line' id='line_1_93' title="bbox 1997 2219 3645 2300; baseline 0.001 -24"><span class='ocrx_word' id='word_1_639' title='bbox 1997 2225 2183 2300; x_wconf 47' lang='lat' dir='ltr'>vitam,</span> <span class='ocrx_word' id='word_1_640' title='bbox 2246 2246 2285 2300; x_wconf 55' lang='grc' dir='ltr'>Δν</span> <span class='ocrx_word' id='word_1_641' title='bbox 2331 2227 2409 2294; x_wconf 77' lang='grc' dir='ltr'>τῷ</span> <span class='ocrx_word' id='word_1_642' title='bbox 2458 2219 2572 2296; x_wconf 75' lang='grc' dir='ltr'>ὄρει</span> <span class='ocrx_word' id='word_1_643' title='bbox 2604 2229 2702 2300; x_wconf 23' lang='grc' dir='ltr'>’τῷ</span> <span class='ocrx_word' id='word_1_644' title='bbox 2761 2222 3066 2300; x_wconf 13' lang='grc' dir='ltr'>λεγομὲγῳῗ</span> <span class='ocrx_word' id='word_1_645' title='bbox 3103 2224 3310 2296; x_wconf 81' lang='grc' dir='ltr'>Λασίῳ,</span> <span class='ocrx_word' id='word_1_646' title='bbox 3351 2222 3451 2285; x_wconf 74' lang='grc' dir='ltr'>ἕως</span> <span class='ocrx_word' id='word_1_647' title='bbox 3484 2221 3645 2298; x_wconf 75' lang='grc' dir='ltr'>δεῦρο</span> 
     </span>
    </p>
   </div>
   <div class='ocr_carea' id='block_1_92' title="bbox 2000 2292 3645 2368">
    <p class='ocr_par' dir='ltr' id='par_1_92' title="bbox 2000 2292 3645 2368">
     <span class='ocr_line' id='line_1_94' title="bbox 2000 2292 3645 2368; baseline 0.001 -19"><span class='ocrx_word' id='word_1_648' title='bbox 2000 2292 2548 2363; x_wconf 16' lang='grc' dir='ltr'>δακέυλοδιικτήεῖτάι,</span> <span class='ocrx_word' id='word_1_649' title='bbox 2601 2292 2794 2352; x_wconf 60' lang='grc' dir='ltr'>ἱάθει</span> <span class='ocrx_word' id='word_1_650' title='bbox 2838 2292 2854 2354; x_wconf 78' lang='grc' dir='ltr'>Ξ</span> <span class='ocrx_word' id='word_1_651' title='bbox 2899 2292 2935 2349; x_wconf 77' lang='grc'>’‹‹</span> <span class='ocrx_word' id='word_1_652' title='bbox 2966 2292 3147 2368; x_wconf 84' lang='lat' dir='ltr'>Cujus</span> <span class='ocrx_word' id='word_1_653' title='bbox 3196 2292 3645 2353; x_wconf 82' lang='lat' dir='ltr'>monumentum</span> 
     </span>
    </p>
   </div>
   <div class='ocr_carea' id='block_1_93' title="bbox 2002 2368 3646 2440">
    <p class='ocr_par' dir='ltr' id='par_1_93' title="bbox 2002 2368 3646 2440">
     <span class='ocr_line' id='line_1_95' title="bbox 2002 2368 3646 2440; baseline -0.001 -17"><span class='ocrx_word' id='word_1_654' title='bbox 2002 2385 2117 2423; x_wconf 92' lang='lat' dir='ltr'>non</span> <span class='ocrx_word' id='word_1_655' title='bbox 2151 2368 2353 2440; x_wconf 87' lang='lat' dir='ltr'>paucis</span> <span class='ocrx_word' id='word_1_656' title='bbox 2404 2374 2622 2440; x_wconf 10' lang='lat' dir='ltr'>notum,</span> <span class='ocrx_word' id='word_1_657' title='bbox 2653 2374 2779 2434; x_wconf 90' lang='lat' dir='ltr'>est;</span> <span class='ocrx_word' id='word_1_658' title='bbox 2817 2369 2873 2424; x_wconf 90' lang='lat' dir='ltr'>in</span> <span class='ocrx_word' id='word_1_659' title='bbox 2924 2370 3090 2424; x_wconf 89' lang='lat' dir='ltr'>Creta</span> <span class='ocrx_word' id='word_1_660' title='bbox 3137 2369 3290 2423; x_wconf 91' lang='lat' dir='ltr'>enim</span> <span class='ocrx_word' id='word_1_661' title='bbox 3338 2368 3552 2435; x_wconf 86' lang='lat' dir='ltr'>insula,</span> <span class='ocrx_word' id='word_1_662' title='bbox 3586 2369 3646 2423; x_wconf 89' lang='lat' dir='ltr'>in</span> 
     </span>
    </p>
   </div>
   <div class='ocr_carea' id='block_1_94' title="bbox 2004 2438 3645 2514">
    <p class='ocr_par' dir='ltr' id='par_1_94' title="bbox 2004 2438 3645 2514">
     <span class='ocr_line' id='line_1_96' title="bbox 2004 2438 3645 2514; baseline 0 -21"><span class='ocrx_word' id='word_1_663' title='bbox 2004 2438 2198 2495; x_wconf 81' lang='lat' dir='ltr'>monte</span> <span class='ocrx_word' id='word_1_664' title='bbox 2232 2438 2752 2514; x_wconf 73' lang='lat' dir='ltr'>Lasioappellato,</span> <span class='ocrx_word' id='word_1_665' title='bbox 2794 2441 3142 2514; x_wconf 74' lang='lat' dir='ltr'>usque_huc</span> <span class='ocrx_word' id='word_1_666' title='bbox 3173 2441 3355 2514; x_wconf 84' lang='lat' dir='ltr'>digito</span> <span class='ocrx_word' id='word_1_667' title='bbox 3388 2440 3645 2495; x_wconf 91' lang='lat' dir='ltr'>ostendi-</span> 
     </span>
    </p>
   </div>
   <div class='ocr_carea' id='block_1_95' title="bbox 2000 2512 3648 2583">
    <p class='ocr_par' dir='ltr' id='par_1_95' title="bbox 2000 2512 3648 2583">
     <span class='ocr_line' id='line_1_97' title="bbox 2000 2512 3648 2583; baseline -0.001 -16"><span class='ocrx_word' id='word_1_668' title='bbox 2000 2516 2116 2567; x_wconf 88' lang='lat' dir='ltr'>tur.</span> <span class='ocrx_word' id='word_1_669' title='bbox 2178 2533 2208 2563; x_wconf 72' lang='lat'><em>»</em></span> <span class='ocrx_word' id='word_1_670' title='bbox 2269 2512 2429 2575; x_wconf 88' lang='lat' dir='ltr'>Quod</span> <span class='ocrx_word' id='word_1_671' title='bbox 2489 2512 2830 2583; x_wconf 91' lang='lat' dir='ltr'>indignatus</span> <span class='ocrx_word' id='word_1_672' title='bbox 2884 2512 3318 2573; x_wconf 66' lang='lat' dir='ltr'>Callimachus.</span> <span class='ocrx_word' id='word_1_673' title='bbox 3392 2517 3648 2567; x_wconf 88' lang='lat' dir='ltr'>veterem</span> 
     </span>
    </p>
   </div>
   <div class='ocr_carea' id='block_1_96' title="bbox 2002 2584 3538 2658">
    <p class='ocr_par' dir='ltr' id='par_1_96' title="bbox 2002 2584 3538 2658">
     <span class='ocr_line' id='line_1_98' title="bbox 2002 2584 3538 2658; baseline -0.003 -19"><span class='ocrx_word' id='word_1_674' title='bbox 2002 2590 2199 2658; x_wconf 80' lang='lat' dir='ltr'>tamen</span> <span class='ocrx_word' id='word_1_675' title='bbox 2221 2584 2448 2658; x_wconf 60' lang='lat' dir='ltr'>famam</span> <span class='ocrx_word' id='word_1_676' title='bbox 2482 2585 2789 2638; x_wconf 79' lang='lat' dir='ltr'>confirmat</span> <span class='ocrx_word' id='word_1_677' title='bbox 2820 2587 3034 2658; x_wconf 83' lang='lat' dir='ltr'>hymno</span> <span class='ocrx_word' id='word_1_678' title='bbox 3066 2584 3106 2650; x_wconf 93' lang='grc' dir='ltr'>Ι,</span> <span class='ocrx_word' id='word_1_679' title='bbox 3139 2601 3283 2640; x_wconf 89' lang='lat' dir='ltr'>vers.</span> <span class='ocrx_word' id='word_1_680' title='bbox 3314 2584 3367 2658; x_wconf 85' lang='lat'>8.</span> <span class='ocrx_word' id='word_1_681' title='bbox 3402 2588 3538 2638; x_wconf 72' lang='lat' dir='ltr'>Dav.</span> 
     </span>
    </p>
   </div>
   <div class='ocr_carea' id='block_1_97' title="bbox 2073 2653 3652 2729">
    <p class='ocr_par' dir='ltr' id='par_1_97' title="bbox 2073 2653 3652 2729">
     <span class='ocr_line' id='line_1_99' title="bbox 2073 2653 3652 2729; baseline -0.001 -20"><span class='ocrx_word' id='word_1_682' title='bbox 2073 2657 2184 2726; x_wconf 85' lang='lat'>(27)</span> <span class='ocrx_word' id='word_1_683' title='bbox 2218 2656 2305 2709; x_wconf 82' lang='lat' dir='ltr'>Tot</span> <span class='ocrx_word' id='word_1_684' title='bbox 2333 2671 2400 2710; x_wconf 86' lang='lat' dir='ltr'>ac</span> <span class='ocrx_word' id='word_1_685' title='bbox 2423 2660 2639 2729; x_wconf 54' lang='lat' dir='ltr'>tantos,</span> <span class='ocrx_word' id='word_1_686' title='bbox 2674 2662 2823 2729; x_wconf 36' lang='lat' dir='ltr'>etc,</span> <span class='ocrx_word' id='word_1_687' title='bbox 2856 2653 2931 2711; x_wconf 84' lang='lat' dir='ltr'>De</span> <span class='ocrx_word' id='word_1_688' title='bbox 2979 2657 3068 2710; x_wconf 90' lang='lat' dir='ltr'>his</span> <span class='ocrx_word' id='word_1_689' title='bbox 3099 2672 3167 2711; x_wconf 90' lang='lat' dir='ltr'>ex</span> <span class='ocrx_word' id='word_1_690' title='bbox 3217 2656 3483 2729; x_wconf 84' lang='lat' dir='ltr'>professo</span> <span class='ocrx_word' id='word_1_691' title='bbox 3532 2653 3652 2729; x_wconf 83' lang='lat' dir='ltr'>agit</span> 
     </span>
    </p>
   </div>
   <div class='ocr_carea' id='block_1_98' title="bbox 2001 2725 3651 2798">
    <p class='ocr_par' dir='ltr' id='par_1_98' title="bbox 2001 2725 3651 2798">
     <span class='ocr_line' id='line_1_100' title="bbox 2001 2725 3651 2798; baseline -0.001 -17"><span class='ocrx_word' id='word_1_692' title='bbox 2001 2725 2371 2798; x_wconf 88' lang='lat' dir='ltr'>Augustinus</span> <span class='ocrx_word' id='word_1_693' title='bbox 2400 2726 2464 2780; x_wconf 81' lang='lat' dir='ltr'>de</span> <span class='ocrx_word' id='word_1_694' title='bbox 2516 2727 2628 2781; x_wconf 78' lang='lat' dir='ltr'>Civ.</span> <span class='ocrx_word' id='word_1_695' title='bbox 2662 2728 2777 2789; x_wconf 78' lang='lat' dir='ltr'>Dei,</span> <span class='ocrx_word' id='word_1_696' title='bbox 2813 2726 2915 2783; x_wconf 87' lang='lat' dir='ltr'>lib.</span> <span class='ocrx_word' id='word_1_697' title='bbox 2954 2729 3045 2793; x_wconf 88' lang='lat' dir='ltr'>Ill,</span> <span class='ocrx_word' id='word_1_698' title='bbox 3079 2744 3128 2782; x_wconf 92' lang='lat' dir='ltr'>c.</span> <span class='ocrx_word' id='word_1_699' title='bbox 3166 2725 3234 2783; x_wconf 79' lang='lat'>12</span> <span class='ocrx_word' id='word_1_700' title='bbox 3266 2744 3278 2783; x_wconf 86' lang='lat'><strong>:</strong></span> <span class='ocrx_word' id='word_1_701' title='bbox 3326 2750 3355 2777; x_wconf 86' lang='grc'>‹‹</span> <span class='ocrx_word' id='word_1_702' title='bbox 3390 2728 3510 2783; x_wconf 91' lang='lat' dir='ltr'>Sub</span> <span class='ocrx_word' id='word_1_703' title='bbox 3543 2725 3651 2798; x_wconf 86' lang='lat' dir='ltr'>hoc</span> 
     </span>
    </p>
   </div>
   <div class='ocr_carea' id='block_1_99' title="bbox 2004 2797 3649 2871">
    <p class='ocr_par' dir='ltr' id='par_1_99' title="bbox 2004 2797 3649 2871">
     <span class='ocr_line' id='line_1_101' title="bbox 2004 2797 3649 2871; baseline -0.001 -18"><span class='ocrx_word' id='word_1_704' title='bbox 2004 2804 2088 2871; x_wconf 83' lang='lat' dir='ltr'>tot</span> <span class='ocrx_word' id='word_1_705' title='bbox 2104 2797 2360 2853; x_wconf 79' lang='lat' dir='ltr'>deorum</span> <span class='ocrx_word' id='word_1_706' title='bbox 2398 2799 2683 2871; x_wconf 68' lang='lat' dir='ltr'>praesidio,</span> <span class='ocrx_word' id='word_1_707' title='bbox 2720 2815 2865 2867; x_wconf 91' lang='lat' dir='ltr'>quos</span> <span class='ocrx_word' id='word_1_708' title='bbox 2898 2816 3206 2855; x_wconf 83' lang='lat' dir='ltr'>numerare</span> <span class='ocrx_word' id='word_1_709' title='bbox 3250 2799 3381 2871; x_wconf 88' lang='lat' dir='ltr'>quis</span> <span class='ocrx_word' id='word_1_710' title='bbox 3412 2797 3649 2871; x_wconf 82' lang='lat' dir='ltr'>potest?</span> 
     </span>
    </p>
   </div>
   <div class='ocr_carea' id='block_1_100' title="bbox 2002 2869 3649 2941">
    <p class='ocr_par' dir='ltr' id='par_1_100' title="bbox 2002 2869 3649 2941">
     <span class='ocr_line' id='line_1_102' title="bbox 2002 2869 3649 2941; baseline -0.001 -18"><span class='ocrx_word' id='word_1_711' title='bbox 2002 2869 2310 2941; x_wconf 89' lang='lat' dir='ltr'>indigenas</span> <span class='ocrx_word' id='word_1_712' title='bbox 2342 2873 2397 2924; x_wconf 90' lang='lat' dir='ltr'>et</span> <span class='ocrx_word' id='word_1_713' title='bbox 2445 2869 2825 2941; x_wconf 87' lang='lat' dir='ltr'>alienigenas,</span> <span class='ocrx_word' id='word_1_714' title='bbox 2857 2871 3141 2936; x_wconf 63' lang='lat' dir='ltr'>caelestes,</span> <span class='ocrx_word' id='word_1_715' title='bbox 3188 2869 3514 2935; x_wconf 79' lang='lat' dir='ltr'>terrestres,</span> <span class='ocrx_word' id='word_1_716' title='bbox 3554 2869 3649 2922; x_wconf 89' lang='lat' dir='ltr'>in-</span> 
     </span>
    </p>
   </div>
   <div class='ocr_carea' id='block_1_101' title="bbox 2005 2941 3647 3008">
    <p class='ocr_par' dir='ltr' id='par_1_101' title="bbox 2005 2941 3647 3008">
     <span class='ocr_line' id='line_1_103' title="bbox 2005 2941 3647 3008; baseline -0.001 -13"><span class='ocrx_word' id='word_1_717' title='bbox 2005 2942 2217 3008; x_wconf 86' lang='lat' dir='ltr'>fernos,</span> <span class='ocrx_word' id='word_1_718' title='bbox 2254 2943 2535 3002; x_wconf 84' lang='lat' dir='ltr'>marinos.</span> <span class='ocrx_word' id='word_1_719' title='bbox 2593 2943 2881 3008; x_wconf 89' lang='lat' dir='ltr'>fontanos,</span> <span class='ocrx_word' id='word_1_720' title='bbox 2915 2942 3196 3005; x_wconf 88' lang='lat' dir='ltr'>ﬂuviales,</span> <span class='ocrx_word' id='word_1_721' title='bbox 3246 2949 3325 3004; x_wconf 86' lang='lat' dir='ltr'>et,</span> <span class='ocrx_word' id='word_1_722' title='bbox 3358 2949 3418 2997; x_wconf 93' lang='lat' dir='ltr'>ut</span> <span class='ocrx_word' id='word_1_723' title='bbox 3466 2941 3647 2994; x_wconf 88' lang='lat' dir='ltr'>Varro</span> 
     </span>
    </p>
   </div>
   <div class='ocr_carea' id='block_1_102' title="bbox 2004 3014 3647 3084">
    <p class='ocr_par' dir='ltr' id='par_1_102' title="bbox 2004 3014 3647 3084">
     <span class='ocr_line' id='line_1_104' title="bbox 2004 3014 3647 3084; baseline -0.002 -16"><span class='ocrx_word' id='word_1_724' title='bbox 2004 3015 2167 3081; x_wconf 89' lang='lat' dir='ltr'>dicit,</span> <span class='ocrx_word' id='word_1_725' title='bbox 2200 3020 2386 3068; x_wconf 93' lang='lat' dir='ltr'>certos</span> <span class='ocrx_word' id='word_1_726' title='bbox 2418 3019 2593 3083; x_wconf 89' lang='lat' dir='ltr'>atque</span> <span class='ocrx_word' id='word_1_727' title='bbox 2624 3014 2894 3079; x_wconf 90' lang='lat' dir='ltr'>incertos,</span> <span class='ocrx_word' id='word_1_728' title='bbox 2946 3015 3003 3068; x_wconf 91' lang='lat' dir='ltr'>in</span> <span class='ocrx_word' id='word_1_729' title='bbox 3050 3015 3441 3084; x_wconf 90' lang='lat' dir='ltr'>omnibusque</span> <span class='ocrx_word' id='word_1_730' title='bbox 3471 3028 3647 3084; x_wconf 86' lang='lat' dir='ltr'>gene-</span> 
     </span>
    </p>
   </div>
   <div class='ocr_carea' id='block_1_103' title="bbox 2006 3083 3646 3150">
    <p class='ocr_par' dir='ltr' id='par_1_103' title="bbox 2006 3083 3646 3150">
     <span class='ocr_line' id='line_1_105' title="bbox 2006 3083 3646 3150; baseline -0.002 -11"><span class='ocrx_word' id='word_1_731' title='bbox 2006 3085 2169 3140; x_wconf 89' lang='lat' dir='ltr'>ribus</span> <span class='ocrx_word' id='word_1_732' title='bbox 2201 3086 2465 3150; x_wconf 89' lang='lat' dir='ltr'>deorum,</span> <span class='ocrx_word' id='word_1_733' title='bbox 2498 3085 2650 3139; x_wconf 90' lang='lat' dir='ltr'>sicut</span> <span class='ocrx_word' id='word_1_734' title='bbox 2679 3086 2734 3138; x_wconf 91' lang='lat' dir='ltr'>in</span> <span class='ocrx_word' id='word_1_735' title='bbox 2787 3085 3139 3140; x_wconf 90' lang='lat' dir='ltr'>animalibus</span> <span class='ocrx_word' id='word_1_736' title='bbox 3174 3083 3361 3141; x_wconf 90' lang='lat' dir='ltr'>mares</span> <span class='ocrx_word' id='word_1_737' title='bbox 3393 3090 3449 3139; x_wconf 89' lang='lat' dir='ltr'>et</span> <span class='ocrx_word' id='word_1_738' title='bbox 3481 3083 3646 3138; x_wconf 81' lang='lat' dir='ltr'>l&#39;emi-</span> 
     </span>
    </p>
   </div>
   <div class='ocr_carea' id='block_1_104' title="bbox 2006 3155 3645 3228">
    <p class='ocr_par' dir='ltr' id='par_1_104' title="bbox 2006 3155 3645 3228">
     <span class='ocr_line' id='line_1_106' title="bbox 2006 3155 3645 3228; baseline -0.002 -15"><span class='ocrx_word' id='word_1_739' title='bbox 2006 3174 2133 3213; x_wconf 89' lang='lat' dir='ltr'>nas.</span> <span class='ocrx_word' id='word_1_740' title='bbox 2168 3180 2195 3207; x_wconf 83' lang='lat'><em>»</em></span> <span class='ocrx_word' id='word_1_741' title='bbox 2230 3155 2337 3212; x_wconf 90' lang='lat' dir='ltr'>Ubi</span> <span class='ocrx_word' id='word_1_742' title='bbox 2386 3157 2559 3211; x_wconf 89' lang='lat' dir='ltr'>etiam</span> <span class='ocrx_word' id='word_1_743' title='bbox 2598 3158 2745 3212; x_wconf 87' lang='lat' dir='ltr'>forte</span> <span class='ocrx_word' id='word_1_744' title='bbox 2792 3158 3001 3212; x_wconf 90' lang='lat' dir='ltr'>melius</span> <span class='ocrx_word' id='word_1_745' title='bbox 3034 3155 3217 3228; x_wconf 88' lang='lat' dir='ltr'>legas,</span> <span class='ocrx_word' id='word_1_746' title='bbox 3265 3164 3344 3212; x_wconf 78' lang='lat' dir='ltr'>tot</span> <span class='ocrx_word' id='word_1_747' title='bbox 3379 3173 3442 3228; x_wconf 81' lang='lat' dir='ltr'>ac</span> <span class='ocrx_word' id='word_1_748' title='bbox 3474 3158 3645 3228; x_wconf 80' lang='lat' dir='ltr'>tanto,</span> 
     </span>
    </p>
   </div>
   <div class='ocr_carea' id='block_1_105' title="bbox 2005 3226 3647 3301">
    <p class='ocr_par' dir='ltr' id='par_1_105' title="bbox 2005 3226 3647 3301">
     <span class='ocr_line' id='line_1_107' title="bbox 2005 3226 3647 3301; baseline -0.003 -17"><span class='ocrx_word' id='word_1_749' title='bbox 2005 3229 2292 3301; x_wconf 88' lang='lat' dir='ltr'>quomodo</span> <span class='ocrx_word' id='word_1_750' title='bbox 2320 3243 2399 3301; x_wconf 14' lang='lat' dir='ltr'>fex</span> <span class='ocrx_word' id='word_1_751' title='bbox 2445 3229 2571 3283; x_wconf 92' lang='lat' dir='ltr'>cod.</span> <span class='ocrx_word' id='word_1_752' title='bbox 2609 3246 2718 3283; x_wconf 92' lang='lat' dir='ltr'>ms.</span> <span class='ocrx_word' id='word_1_753' title='bbox 2753 3230 2822 3283; x_wconf 90' lang='lat' dir='ltr'>ad</span> <span class='ocrx_word' id='word_1_754' title='bbox 2856 3226 3151 3299; x_wconf 76' lang='lat' dir='ltr'>exemplar</span> <span class='ocrx_word' id='word_1_755' title='bbox 3198 3227 3502 3301; x_wconf 86' lang='lat' dir='ltr'>Augustini</span> <span class='ocrx_word' id='word_1_756' title='bbox 3532 3226 3647 3301; x_wconf 87' lang='lat' dir='ltr'>mei</span> 
     </span>
    </p>
   </div>
   <div class='ocr_carea' id='block_1_106' title="bbox 2006 3298 3651 3372">
    <p class='ocr_par' dir='ltr' id='par_1_106' title="bbox 2006 3298 3651 3372">
     <span class='ocr_line' id='line_1_108' title="bbox 2006 3298 3651 3372; baseline -0.002 -16"><span class='ocrx_word' id='word_1_757' title='bbox 2006 3298 2077 3356; x_wconf 86' lang='lat' dir='ltr'>ab</span> <span class='ocrx_word' id='word_1_758' title='bbox 2111 3301 2234 3371; x_wconf 90' lang='lat' dir='ltr'>ipso</span> <span class='ocrx_word' id='word_1_759' title='bbox 2285 3300 2441 3369; x_wconf 87' lang='lat' dir='ltr'>Vive,</span> <span class='ocrx_word' id='word_1_760' title='bbox 2499 3304 2564 3353; x_wconf 92' lang='lat' dir='ltr'>ut</span> <span class='ocrx_word' id='word_1_761' title='bbox 2613 3307 2774 3372; x_wconf 88' lang='lat' dir='ltr'>puto,</span> <span class='ocrx_word' id='word_1_762' title='bbox 2807 3306 2897 3355; x_wconf 90' lang='lat' dir='ltr'>est</span> <span class='ocrx_word' id='word_1_763' title='bbox 2943 3298 3320 3371; x_wconf 70' lang='lat' dir='ltr'>adscriptum.</span> <span class='ocrx_word' id='word_1_764' title='bbox 3358 3298 3651 3372; x_wconf 86' lang='lat' dir='ltr'>Minucius</span> 
     </span>
    </p>
   </div>
   <div class='ocr_carea' id='block_1_107' title="bbox 2008 3371 3650 3444">
    <p class='ocr_par' dir='ltr' id='par_1_107' title="bbox 2008 3371 3650 3444">
     <span class='ocr_line' id='line_1_109' title="bbox 2008 3371 3650 3444; baseline -0.001 -19"><span class='ocrx_word' id='word_1_765' title='bbox 2008 3372 2161 3427; x_wconf 84' lang='lat' dir='ltr'>Felix</span> <span class='ocrx_word' id='word_1_766' title='bbox 2206 3388 2433 3443; x_wconf 90' lang='lat' dir='ltr'>quoque</span> <span class='ocrx_word' id='word_1_767' title='bbox 2465 3388 2519 3442; x_wconf 91' lang='lat' dir='ltr'>p.</span> <span class='ocrx_word' id='word_1_768' title='bbox 2552 3373 2587 3425; x_wconf 85' lang='lat'>6</span> <span class='ocrx_word' id='word_1_769' title='bbox 2618 3371 2633 3426; x_wconf 70' lang='grc' dir='ltr'><strong>ὲ</strong></span> <span class='ocrx_word' id='word_1_770' title='bbox 2668 3395 2695 3421; x_wconf 90' lang='grc'>‹‹</span> <span class='ocrx_word' id='word_1_771' title='bbox 2733 3378 2875 3426; x_wconf 86' lang='lat' dir='ltr'>Dum</span> <span class='ocrx_word' id='word_1_772' title='bbox 2930 3373 3187 3443; x_wconf 88' lang='lat' dir='ltr'>undique</span> <span class='ocrx_word' id='word_1_773' title='bbox 3216 3372 3479 3444; x_wconf 90' lang='lat' dir='ltr'>hospites</span> <span class='ocrx_word' id='word_1_774' title='bbox 3510 3371 3650 3424; x_wconf 90' lang='lat' dir='ltr'>deos</span> 
     </span>
    </p>
   </div>
   <div class='ocr_carea' id='block_1_108' title="bbox 2008 3444 3653 3516">
    <p class='ocr_par' dir='ltr' id='par_1_108' title="bbox 2008 3444 3653 3516">
     <span class='ocr_line' id='line_1_110' title="bbox 2008 3444 3653 3516; baseline -0.001 -18"><span class='ocrx_word' id='word_1_775' title='bbox 2008 3448 2303 3516; x_wconf 71' lang='lat' dir='ltr'>quierunt,</span> <span class='ocrx_word' id='word_1_776' title='bbox 2357 3449 2413 3498; x_wconf 86' lang='lat' dir='ltr'>et</span> <span class='ocrx_word' id='word_1_777' title='bbox 2461 3460 2619 3516; x_wconf 82' lang='lat' dir='ltr'>suos</span> <span class='ocrx_word' id='word_1_778' title='bbox 2649 3444 2871 3499; x_wconf 87' lang='lat' dir='ltr'>faciunt</span> <span class='ocrx_word' id='word_1_779' title='bbox 2918 3461 2930 3499; x_wconf 90' lang='lat'><strong>:</strong></span> <span class='ocrx_word' id='word_1_780' title='bbox 2979 3446 3119 3498; x_wconf 90' lang='lat' dir='ltr'>dum</span> <span class='ocrx_word' id='word_1_781' title='bbox 3167 3462 3298 3499; x_wconf 88' lang='lat' dir='ltr'>aras</span> <span class='ocrx_word' id='word_1_782' title='bbox 3346 3446 3653 3499; x_wconf 76' lang='lat' dir='ltr'>exstruunt</span> 
     </span>
    </p>
   </div>
   <div class='ocr_carea' id='block_1_109' title="bbox 2008 3514 3062 3587">
    <p class='ocr_par' dir='ltr' id='par_1_109' title="bbox 2008 3514 3062 3587">
     <span class='ocr_line' id='line_1_111' title="bbox 2008 3514 3062 3587; baseline -0.002 -16"><span class='ocrx_word' id='word_1_783' title='bbox 2008 3514 2181 3572; x_wconf 85' lang='lat' dir='ltr'>etiam</span> <span class='ocrx_word' id='word_1_784' title='bbox 2218 3516 2432 3587; x_wconf 89' lang='lat' dir='ltr'>ignotis</span> <span class='ocrx_word' id='word_1_785' title='bbox 2464 3514 2826 3587; x_wconf 90' lang='lat' dir='ltr'>nominibus.</span> <span class='ocrx_word' id='word_1_786' title='bbox 2864 3538 2890 3564; x_wconf 85' lang='lat'>»</span> <span class='ocrx_word' id='word_1_787' title='bbox 2924 3516 3062 3571; x_wconf 66' lang='lat' dir='ltr'>Hav.</span> 
     </span>
    </p>
   </div>
   <div class='ocr_carea' id='block_1_110' title="bbox 2078 3582 3653 3657">
    <p class='ocr_par' dir='ltr' id='par_1_110' title="bbox 2078 3582 3653 3657">
     <span class='ocr_line' id='line_1_112' title="bbox 2078 3582 3653 3657; baseline -0.004 -16"><span class='ocrx_word' id='word_1_788' title='bbox 2078 3587 2190 3657; x_wconf 88' lang='lat'>(28)</span> <span class='ocrx_word' id='word_1_789' title='bbox 2240 3582 2565 3655; x_wconf 54' lang='lat' dir='ltr'>&#39;Barbaros,</span> <span class='ocrx_word' id='word_1_790' title='bbox 2645 3586 2873 3644; x_wconf 63' lang='lat' dir='ltr'>Graecos.</span> <span class='ocrx_word' id='word_1_791' title='bbox 2956 3586 3329 3641; x_wconf 86' lang='lat' dir='ltr'>Antisthenes</span> <span class='ocrx_word' id='word_1_792' title='bbox 3406 3582 3653 3657; x_wconf 72' lang='lat' dir='ltr'>Thracia</span> 
     </span>
    </p>
   </div>
   <div class='ocr_carea' id='block_1_111' title="bbox 2008 3654 3655 3724">
    <p class='ocr_par' dir='ltr' id='par_1_111' title="bbox 2008 3654 3655 3724">
     <span class='ocr_line' id='line_1_113' title="bbox 2008 3654 3655 3724; baseline -0.004 -11"><span class='ocrx_word' id='word_1_793' title='bbox 2008 3654 2194 3713; x_wconf 85' lang='lat' dir='ltr'>matre</span> <span class='ocrx_word' id='word_1_794' title='bbox 2223 3663 2279 3713; x_wconf 90' lang='lat' dir='ltr'>et</span> <span class='ocrx_word' id='word_1_795' title='bbox 2310 3660 2444 3713; x_wconf 77' lang='lat' dir='ltr'>inde</span> <span class='ocrx_word' id='word_1_796' title='bbox 2474 3654 2683 3713; x_wconf 88' lang='lat' dir='ltr'>irrisus</span> <span class='ocrx_word' id='word_1_797' title='bbox 2732 3677 2763 3714; x_wconf 88' lang='lat' dir='ltr'>a</span> <span class='ocrx_word' id='word_1_798' title='bbox 2803 3659 3035 3723; x_wconf 71' lang='lat' dir='ltr'>Graecis,</span> <span class='ocrx_word' id='word_1_799' title='bbox 3068 3658 3285 3712; x_wconf 84' lang='lat' dir='ltr'>dixisse</span> <span class='ocrx_word' id='word_1_800' title='bbox 3319 3658 3516 3724; x_wconf 82' lang='lat' dir='ltr'>fertur,</span> <span class='ocrx_word' id='word_1_801' title='bbox 3554 3654 3655 3709; x_wconf 82' lang='grc' dir='ltr'>Καὶ</span> 
     </span>
    </p>
   </div>
   <div class='ocr_carea' id='block_1_112' title="bbox 2009 3728 3655 3805">
    <p class='ocr_par' dir='ltr' id='par_1_112' title="bbox 2009 3728 3655 3805">
     <span class='ocr_line' id='line_1_114' title="bbox 2009 3728 3655 3805; baseline -0.001 -23"><span class='ocrx_word' id='word_1_802' title='bbox 2009 3731 2043 3797; x_wconf 79' lang='grc' dir='ltr'><strong>ἡ</strong></span> <span class='ocrx_word' id='word_1_803' title='bbox 2100 3730 2282 3800; x_wconf 79' lang='grc' dir='ltr'>μήτηρ</span> <span class='ocrx_word' id='word_1_804' title='bbox 2328 3733 2654 3805; x_wconf 13' lang='grc' dir='ltr'>τῶκίῨΘεῶγ,</span> <span class='ocrx_word' id='word_1_805' title='bbox 2706 3729 2915 3805; x_wconf 77' lang='grc' dir='ltr'>Φρυγία</span> <span class='ocrx_word' id='word_1_806' title='bbox 2952 3728 3187 3805; x_wconf 15' lang='grc' dir='ltr'>Ῠέστίνλί.</span> <span class='ocrx_word' id='word_1_807' title='bbox 3238 3746 3287 3785; x_wconf 91' lang='lat' dir='ltr'>e.</span> <span class='ocrx_word' id='word_1_808' title='bbox 3325 3729 3466 3805; x_wconf 26' lang='lat' dir='ltr'>ff‘Et</span> <span class='ocrx_word' id='word_1_809' title='bbox 3517 3729 3655 3782; x_wconf 90' lang='lat' dir='ltr'>deo-</span> 
     </span>
    </p>
   </div>
   <div class='ocr_carea' id='block_1_113' title="bbox 2010 3800 3655 3930">
    <p class='ocr_par' dir='ltr' id='par_1_113' title="bbox 2010 3800 3655 3930">
     <span class='ocr_line' id='line_1_115' title="bbox 2010 3800 3655 3930; baseline -0.002 -74"><span class='ocrx_word' id='word_1_810' title='bbox 2010 3819 2143 3930; x_wconf 50' lang='lat' dir='ltr'>;{um</span> <span class='ocrx_word' id='word_1_811' title='bbox 2192 3808 2375 3857; x_wconf 89' lang='lat' dir='ltr'>mater</span> <span class='ocrx_word' id='word_1_812' title='bbox 2422 3802 2672 3873; x_wconf 82' lang='lat' dir='ltr'>Phrygia</span> <span class='ocrx_word' id='word_1_813' title='bbox 2719 3800 2883 3859; x_wconf 53' lang='lat' dir='ltr'>estf»</span> <span class='ocrx_word' id='word_1_814' title='bbox 2944 3802 3204 3858; x_wconf 87' lang='lat' dir='ltr'>Laertius</span> <span class='ocrx_word' id='word_1_815' title='bbox 3234 3805 3293 3855; x_wconf 90' lang='lat' dir='ltr'>in</span> <span class='ocrx_word' id='word_1_816' title='bbox 3325 3800 3458 3854; x_wconf 88' lang='lat' dir='ltr'>Vita</span> <span class='ocrx_word' id='word_1_817' title='bbox 3504 3804 3655 3869; x_wconf 67' lang='lat' dir='ltr'>ejus.</span> 
     </span>
     <span class='ocr_line' id='line_1_116' title="bbox 2062 3890 2150 3928; baseline -0.034 0"><span class='ocrx_word' id='word_1_818' title='bbox 2062 3890 2150 3928; x_wconf 67' lang='lat' dir='ltr'>av.</span> 
     </span>
    </p>
   </div>
   <div class='ocr_carea' id='block_1_114' title="bbox 2062 3890 2150 3928">
    <p class='ocr_par' dir='ltr' id='par_1_114' title="bbox 2062 3890 2150 3928">
     <span class='ocr_line' id='line_1_117' title="bbox 2062 3890 2150 3928; baseline -0.034 0"><span class='ocrx_word' id='word_1_819' title='bbox 2062 3890 2150 3928; x_wconf 82' lang='grc' dir='ltr'>Αν.</span> 
     </span>
    </p>
   </div>
   <div class='ocr_carea' id='block_1_115' title="bbox 2081 3942 3662 4016">
    <p class='ocr_par' dir='ltr' id='par_1_115' title="bbox 2081 3942 3662 4016">
     <span class='ocr_line' id='line_1_118' title="bbox 2081 3942 3662 4016; baseline -0.002 -18"><span class='ocrx_word' id='word_1_820' title='bbox 2081 3944 2206 4016; x_wconf 74' lang='grc'>(29)</span> <span class='ocrx_word' id='word_1_821' title='bbox 2239 3942 2502 4016; x_wconf 74' lang='lat' dir='ltr'>Captivos.</span> <span class='ocrx_word' id='word_1_822' title='bbox 2551 3943 2716 4016; x_wconf 89' lang='lat' dir='ltr'>Quod</span> <span class='ocrx_word' id='word_1_823' title='bbox 2761 3946 2827 3998; x_wconf 91' lang='lat' dir='ltr'>ut</span> <span class='ocrx_word' id='word_1_824' title='bbox 2876 3946 3047 4014; x_wconf 90' lang='lat' dir='ltr'>turpe</span> <span class='ocrx_word' id='word_1_825' title='bbox 3095 3960 3298 4016; x_wconf 84' lang='lat' dir='ltr'>quum</span> <span class='ocrx_word' id='word_1_826' title='bbox 3326 3956 3662 4016; x_wconf 22' lang='lat' dir='ltr'>amovere‘a</span> 
     </span>
    </p>
   </div>
   <div class='ocr_carea' id='block_1_116' title="bbox 2010 4012 3659 4087">
    <p class='ocr_par' dir='ltr' id='par_1_116' title="bbox 2010 4012 3659 4087">
     <span class='ocr_line' id='line_1_119' title="bbox 2010 4012 3659 4087; baseline -0.005 -15"><span class='ocrx_word' id='word_1_827' title='bbox 2010 4012 2326 4072; x_wconf 51' lang='lat' dir='ltr'>se&#39;vellent&#39;</span> <span class='ocrx_word' id='word_1_828' title='bbox 2368 4016 2583 4077; x_wconf 85' lang='lat' dir='ltr'>miseri,</span> <span class='ocrx_word' id='word_1_829' title='bbox 2636 4015 2799 4087; x_wconf 90' lang='lat' dir='ltr'>prius</span> <span class='ocrx_word' id='word_1_830' title='bbox 2850 4012 3087 4070; x_wconf 80' lang='lat' dir='ltr'>evocare</span> <span class='ocrx_word' id='word_1_831' title='bbox 3114 4012 3523 4087; x_wconf 58' lang='lat' dir='ltr'>conabantur,</span> <span class='ocrx_word' id='word_1_832' title='bbox 3556 4012 3659 4066; x_wconf 55' lang='lat' dir='ltr'>ob.</span> 
     </span>
    </p>
   </div>
   <div class='ocr_carea' id='block_1_117' title="bbox 2010 4086 3659 4159">
    <p class='ocr_par' dir='ltr' id='par_1_117' title="bbox 2010 4086 3659 4159">
     <span class='ocr_line' id='line_1_120' title="bbox 2010 4086 3659 4159; baseline -0.004 -14"><span class='ocrx_word' id='word_1_833' title='bbox 2010 4103 2286 4159; x_wconf 79' lang='lat' dir='ltr'>cassaque</span> <span class='ocrx_word' id='word_1_834' title='bbox 2343 4086 2731 4159; x_wconf 87' lang='lat' dir='ltr'>urbealiqua</span> <span class='ocrx_word' id='word_1_835' title='bbox 2787 4088 3104 4142; x_wconf 87' lang='lat' dir='ltr'>transferre</span> <span class='ocrx_word' id='word_1_836' title='bbox 3161 4087 3229 4159; x_wconf 91' lang='lat' dir='ltr'>in</span> <span class='ocrx_word' id='word_1_837' title='bbox 3278 4101 3344 4159; x_wconf 82' lang='lat' dir='ltr'>se</span> <span class='ocrx_word' id='word_1_838' title='bbox 3403 4086 3659 4159; x_wconf 56' lang='lat' dir='ltr'>favorem</span> 
     </span>
    </p>
   </div>
   <div class='ocr_carea' id='block_1_118' title="bbox 2010 4153 3656 4226">
    <p class='ocr_par' dir='ltr' id='par_1_118' title="bbox 2010 4153 3656 4226">
     <span class='ocr_line' id='line_1_121' title="bbox 2010 4153 3656 4226; baseline -0.006 -10"><span class='ocrx_word' id='word_1_839' title='bbox 2010 4153 2252 4216; x_wconf 77' lang='lat' dir='ltr'>deorum</span> <span class='ocrx_word' id='word_1_840' title='bbox 2282 4153 2649 4215; x_wconf 48' lang='lat' dir='ltr'>tutelariumi</span> <span class='ocrx_word' id='word_1_841' title='bbox 2686 4158 2863 4215; x_wconf 89' lang='lat' dir='ltr'>Notat</span> <span class='ocrx_word' id='word_1_842' title='bbox 2905 4159 3140 4215; x_wconf 84' lang='lat' dir='ltr'>Servius</span> <span class='ocrx_word' id='word_1_843' title='bbox 3169 4158 3241 4213; x_wconf 88' lang='lat' dir='ltr'>ad</span> <span class='ocrx_word' id='word_1_844' title='bbox 3273 4157 3419 4212; x_wconf 90' lang='lat' dir='ltr'>illud</span> <span class='ocrx_word' id='word_1_845' title='bbox 3451 4153 3656 4226; x_wconf 85' lang='lat' dir='ltr'>Virgil.</span> 
     </span>
    </p>
   </div>
   <div class='ocr_carea' id='block_1_119' title="bbox 2009 4231 2503 4300">
    <p class='ocr_par' dir='ltr' id='par_1_119' title="bbox 2009 4231 2503 4300">
     <span class='ocr_line' id='line_1_122' title="bbox 2009 4231 2503 4300; baseline -0.004 -13"><span class='ocrx_word' id='word_1_846' title='bbox 2009 4233 2223 4288; x_wconf 70' lang='grc' dir='ltr'>Αἰηείά.</span> <span class='ocrx_word' id='word_1_847' title='bbox 2258 4248 2319 4300; x_wconf 81' lang='grc' dir='ltr'>ιι,</span> <span class='ocrx_word' id='word_1_848' title='bbox 2352 4231 2458 4285; x_wconf 84' lang='grc'>354</span> <span class='ocrx_word' id='word_1_849' title='bbox 2490 4246 2503 4286; x_wconf 89' lang='lat'><strong>:</strong></span> 
     </span>
    </p>
   </div>
   <div class='ocr_carea' id='block_1_120' title="bbox 2102 4345 3297 4409">
    <p class='ocr_par' dir='ltr' id='par_1_120' title="bbox 2102 4345 3297 4409">
     <span class='ocr_line' id='line_1_123' title="bbox 2102 4345 3297 4409; baseline -0.001 -14"><span class='ocrx_word' id='word_1_850' title='bbox 2102 4346 2384 4396; x_wconf 80' lang='lat' dir='ltr'>Excessere</span> <span class='ocrx_word' id='word_1_851' title='bbox 2414 4358 2622 4406; x_wconf 88' lang='lat' dir='ltr'>omnes,</span> <span class='ocrx_word' id='word_1_852' title='bbox 2654 4345 2828 4408; x_wconf 89' lang='lat' dir='ltr'>adytis</span> <span class='ocrx_word' id='word_1_853' title='bbox 2858 4346 3069 4409; x_wconf 89' lang='lat' dir='ltr'>arisque</span> <span class='ocrx_word' id='word_1_854' title='bbox 3099 4345 3297 4395; x_wconf 89' lang='lat' dir='ltr'>relictis</span> 
     </span>
    </p>
   </div>
   <div class='ocr_carea' id='block_1_121' title="bbox 2104 4409 3121 4472">
    <p class='ocr_par' dir='ltr' id='par_1_121' title="bbox 2104 4409 3121 4472">
     <span class='ocr_line' id='line_1_124' title="bbox 2104 4409 3121 4472; baseline -0.001 -15"><span class='ocrx_word' id='word_1_855' title='bbox 2104 4410 2184 4470; x_wconf 92' lang='lat' dir='ltr'>Di,</span> <span class='ocrx_word' id='word_1_856' title='bbox 2215 4410 2409 4471; x_wconf 89' lang='lat' dir='ltr'>quibus</span> <span class='ocrx_word' id='word_1_857' title='bbox 2439 4410 2724 4472; x_wconf 89' lang='lat' dir='ltr'>imperium</span> <span class='ocrx_word' id='word_1_858' title='bbox 2754 4409 2856 4458; x_wconf 89' lang='lat' dir='ltr'>hoc</span> <span class='ocrx_word' id='word_1_859' title='bbox 2884 4412 3121 4459; x_wconf 86' lang='lat' dir='ltr'>steterat.</span> 
     </span>
    </p>
   </div>
   <div class='ocr_carea' id='block_1_122' title="bbox 2084 4513 3661 4589">
    <p class='ocr_par' dir='ltr' id='par_1_122' title="bbox 2084 4513 3661 4589">
     <span class='ocr_line' id='line_1_125' title="bbox 2084 4513 3661 4589; baseline -0.001 -20"><span class='ocrx_word' id='word_1_860' title='bbox 2084 4515 2311 4589; x_wconf 75' lang='lat' dir='ltr'>«Quia,</span> <span class='ocrx_word' id='word_1_861' title='bbox 2343 4514 2723 4589; x_wconf 87' lang='lat' dir='ltr'>inquit,_ante</span> <span class='ocrx_word' id='word_1_862' title='bbox 2755 4516 3243 4589; x_wconf 85' lang='lat' dir='ltr'>expugnationem</span> <span class='ocrx_word' id='word_1_863' title='bbox 3273 4513 3661 4589; x_wconf 72' lang='lat' dir='ltr'>evocabantur</span> 
     </span>
    </p>
   </div>
   <div class='ocr_carea' id='block_1_123' title="bbox 2013 4585 3659 4659">
    <p class='ocr_par' dir='ltr' id='par_1_123' title="bbox 2013 4585 3659 4659">
     <span class='ocr_line' id='line_1_126' title="bbox 2013 4585 3659 4659; baseline -0.004 -17"><span class='ocrx_word' id='word_1_864' title='bbox 2013 4587 2086 4642; x_wconf 90' lang='lat' dir='ltr'>ab</span> <span class='ocrx_word' id='word_1_865' title='bbox 2117 4586 2389 4659; x_wconf 84' lang='lat' dir='ltr'>hostibus</span> <span class='ocrx_word' id='word_1_866' title='bbox 2421 4586 2686 4659; x_wconf 83' lang='lat' dir='ltr'>numina,</span> <span class='ocrx_word' id='word_1_867' title='bbox 2732 4585 2967 4659; x_wconf 71' lang='lat' dir='ltr'>propter</span> <span class='ocrx_word' id='word_1_868' title='bbox 3003 4588 3239 4643; x_wconf 90' lang='lat' dir='ltr'>vitanda</span> <span class='ocrx_word' id='word_1_869' title='bbox 3268 4585 3595 4659; x_wconf 86' lang='lat' dir='ltr'>sacrilegia.</span> <span class='ocrx_word' id='word_1_870' title='bbox 3629 4606 3659 4635; x_wconf 85' lang='grc'>››</span> 
     </span>
    </p>
   </div>
   <div class='ocr_carea' id='block_1_124' title="bbox 2013 4658 3663 4727">
    <p class='ocr_par' dir='ltr' id='par_1_124' title="bbox 2013 4658 3663 4727">
     <span class='ocr_line' id='line_1_127' title="bbox 2013 4658 3663 4727; baseline -0.002 -13"><span class='ocrx_word' id='word_1_871' title='bbox 2013 4659 2081 4714; x_wconf 87' lang='lat' dir='ltr'>Et</span> <span class='ocrx_word' id='word_1_872' title='bbox 2111 4675 2179 4714; x_wconf 89' lang='lat' dir='ltr'>ex</span> <span class='ocrx_word' id='word_1_873' title='bbox 2227 4658 2328 4714; x_wconf 88' lang='lat' dir='ltr'>illo</span> <span class='ocrx_word' id='word_1_874' title='bbox 2360 4658 2712 4725; x_wconf 87' lang='lat' dir='ltr'>Macrobius,</span> <span class='ocrx_word' id='word_1_875' title='bbox 2748 4658 2894 4727; x_wconf 22' lang='lat'>111,79</span> <span class='ocrx_word' id='word_1_876' title='bbox 2928 4678 2940 4715; x_wconf 89' lang='lat'><strong>:</strong></span> <span class='ocrx_word' id='word_1_877' title='bbox 2976 4683 3001 4710; x_wconf 91' lang='grc'>‹‹</span> <span class='ocrx_word' id='word_1_878' title='bbox 3038 4659 3110 4716; x_wconf 93' lang='lat' dir='ltr'>Ut</span> <span class='ocrx_word' id='word_1_879' title='bbox 3139 4677 3273 4715; x_wconf 91' lang='lat' dir='ltr'>cum</span> <span class='ocrx_word' id='word_1_880' title='bbox 3323 4658 3663 4714; x_wconf 89' lang='lat' dir='ltr'>obsiderent</span> 
     </span>
    </p>
   </div>
   <div class='ocr_carea' id='block_1_125' title="bbox 2014 4730 3665 4803">
    <p class='ocr_par' dir='ltr' id='par_1_125' title="bbox 2014 4730 3665 4803">
     <span class='ocr_line' id='line_1_128' title="bbox 2014 4730 3665 4803; baseline -0.001 -18"><span class='ocrx_word' id='word_1_881' title='bbox 2014 4731 2217 4786; x_wconf 86' lang='lat' dir='ltr'>urbem</span> <span class='ocrx_word' id='word_1_882' title='bbox 2250 4730 2508 4787; x_wconf 90' lang='lat' dir='ltr'>hostium</span> <span class='ocrx_word' id='word_1_883' title='bbox 2527 4731 2911 4802; x_wconf 88' lang='lat' dir='ltr'>eamquejam</span> <span class='ocrx_word' id='word_1_884' title='bbox 2942 4733 3066 4803; x_wconf 90' lang='lat' dir='ltr'>capi</span> <span class='ocrx_word' id='word_1_885' title='bbox 3100 4748 3273 4803; x_wconf 90' lang='lat' dir='ltr'>posse</span> <span class='ocrx_word' id='word_1_886' title='bbox 3302 4730 3665 4787; x_wconf 83' lang='lat' dir='ltr'>conﬁderent</span> 
     </span>
    </p>
   </div>
   <div class='ocr_carea' id='block_1_126' title="bbox 2014 4803 3663 4872">
    <p class='ocr_par' dir='ltr' id='par_1_126' title="bbox 2014 4803 3663 4872">
     <span class='ocr_line' id='line_1_129' title="bbox 2014 4803 3663 4872; baseline -0.002 -14"><span class='ocrx_word' id='word_1_887' title='bbox 2014 4808 2168 4858; x_wconf 87' lang='lat' dir='ltr'>certo</span> <span class='ocrx_word' id='word_1_888' title='bbox 2197 4804 2452 4860; x_wconf 89' lang='lat' dir='ltr'>carmine</span> <span class='ocrx_word' id='word_1_889' title='bbox 2482 4806 2790 4859; x_wconf 87' lang='lat' dir='ltr'>evocarent</span> <span class='ocrx_word' id='word_1_890' title='bbox 2837 4803 3114 4858; x_wconf 89' lang='lat' dir='ltr'>tutelares</span> <span class='ocrx_word' id='word_1_891' title='bbox 3144 4804 3291 4860; x_wconf 91' lang='lat' dir='ltr'>Deos</span> <span class='ocrx_word' id='word_1_892' title='bbox 3325 4819 3339 4858; x_wconf 89' lang='lat'><strong>:</strong></span> <span class='ocrx_word' id='word_1_893' title='bbox 3372 4803 3525 4872; x_wconf 91' lang='lat' dir='ltr'>quod</span> <span class='ocrx_word' id='word_1_894' title='bbox 3559 4804 3663 4855; x_wconf 90' lang='lat' dir='ltr'>aut</span> 
     </span>
    </p>
   </div>
   <div class='ocr_carea' id='block_1_127' title="bbox 2013 4874 3660 4946">
    <p class='ocr_par' dir='ltr' id='par_1_127' title="bbox 2013 4874 3660 4946">
     <span class='ocr_line' id='line_1_130' title="bbox 2013 4874 3660 4946; baseline -0.002 -17"><span class='ocrx_word' id='word_1_895' title='bbox 2013 4875 2183 4930; x_wconf 88' lang='lat' dir='ltr'>aliter</span> <span class='ocrx_word' id='word_1_896' title='bbox 2212 4877 2416 4930; x_wconf 91' lang='lat' dir='ltr'>urbem</span> <span class='ocrx_word' id='word_1_897' title='bbox 2449 4876 2575 4944; x_wconf 90' lang='lat' dir='ltr'>capi</span> <span class='ocrx_word' id='word_1_898' title='bbox 2614 4891 2784 4946; x_wconf 89' lang='lat' dir='ltr'>posse</span> <span class='ocrx_word' id='word_1_899' title='bbox 2816 4892 2931 4929; x_wconf 90' lang='lat' dir='ltr'>non</span> <span class='ocrx_word' id='word_1_900' title='bbox 2964 4876 3286 4939; x_wconf 88' lang='lat' dir='ltr'>crederent,</span> <span class='ocrx_word' id='word_1_901' title='bbox 3313 4882 3415 4929; x_wconf 91' lang='lat' dir='ltr'>aut</span> <span class='ocrx_word' id='word_1_902' title='bbox 3444 4874 3494 4930; x_wconf 90' lang='lat' dir='ltr'>si</span> <span class='ocrx_word' id='word_1_903' title='bbox 3528 4889 3660 4944; x_wconf 90' lang='lat' dir='ltr'>pos-</span> 
     </span>
    </p>
   </div>
   <div class='ocr_carea' id='block_1_128' title="bbox 2012 4946 3657 5019">
    <p class='ocr_par' dir='ltr' id='par_1_128' title="bbox 2012 4946 3657 5019">
     <span class='ocr_line' id='line_1_131' title="bbox 2012 4946 3657 5019; baseline -0.002 -17"><span class='ocrx_word' id='word_1_904' title='bbox 2012 4952 2121 5012; x_wconf 89' lang='lat' dir='ltr'>set,</span> <span class='ocrx_word' id='word_1_905' title='bbox 2156 4950 2318 5003; x_wconf 83' lang='lat' dir='ltr'>nefas</span> <span class='ocrx_word' id='word_1_906' title='bbox 2349 4946 2706 5019; x_wconf 67' lang='lat' dir='ltr'>testimarent</span> <span class='ocrx_word' id='word_1_907' title='bbox 2743 4948 2882 5002; x_wconf 89' lang='lat' dir='ltr'>deos</span> <span class='ocrx_word' id='word_1_908' title='bbox 2916 4947 3126 5002; x_wconf 86' lang='lat' dir='ltr'>habere</span> <span class='ocrx_word' id='word_1_909' title='bbox 3158 4949 3438 5019; x_wconf 82' lang='lat' dir='ltr'>captivos.</span> <span class='ocrx_word' id='word_1_910' title='bbox 3475 4946 3657 5019; x_wconf 37' lang='lat' dir='ltr'>{Quo</span> 
     </span>
    </p>
   </div>
   <div class='ocr_carea' id='block_1_129' title="bbox 2014 5017 3657 5084">
    <p class='ocr_par' dir='ltr' id='par_1_129' title="bbox 2014 5017 3657 5084">
     <span class='ocr_line' id='line_1_132' title="bbox 2014 5017 3657 5084; baseline -0.001 -12"><span class='ocrx_word' id='word_1_911' title='bbox 2014 5019 2197 5075; x_wconf 79' lang='lat' dir='ltr'>refero</span> <span class='ocrx_word' id='word_1_912' title='bbox 2247 5017 2557 5074; x_wconf 90' lang='lat' dir='ltr'>consilium</span> <span class='ocrx_word' id='word_1_913' title='bbox 2610 5018 2805 5073; x_wconf 83' lang='lat' dir='ltr'>forsan</span> <span class='ocrx_word' id='word_1_914' title='bbox 2859 5019 3041 5073; x_wconf 86' lang='lat' dir='ltr'>Balaci</span> <span class='ocrx_word' id='word_1_915' title='bbox 3075 5022 3132 5073; x_wconf 88' lang='lat' dir='ltr'>et</span> <span class='ocrx_word' id='word_1_916' title='bbox 3182 5017 3447 5084; x_wconf 87' lang='lat' dir='ltr'>Bileami,</span> <span class='ocrx_word' id='word_1_917' title='bbox 3481 5018 3657 5073; x_wconf 86' lang='lat' dir='ltr'>Num.</span> 
     </span>
    </p>
   </div>
   <div class='ocr_carea' id='block_1_130' title="bbox 2012 5088 3652 5162">
    <p class='ocr_par' dir='ltr' id='par_1_130' title="bbox 2012 5088 3652 5162">
     <span class='ocr_line' id='line_1_133' title="bbox 2012 5088 3652 5162; baseline -0.002 -16"><span class='ocrx_word' id='word_1_918' title='bbox 2012 5090 2211 5157; x_wconf 86' lang='lat' dir='ltr'><strong>XXIII,</strong></span> <span class='ocrx_word' id='word_1_919' title='bbox 2243 5092 2295 5162; x_wconf 90' lang='lat'>3,</span> <span class='ocrx_word' id='word_1_920' title='bbox 2327 5090 2419 5162; x_wconf 89' lang='lat'>23.</span> <span class='ocrx_word' id='word_1_921' title='bbox 2456 5089 2722 5146; x_wconf 88' lang='lat' dir='ltr'>Notabile</span> <span class='ocrx_word' id='word_1_922' title='bbox 2760 5089 2920 5162; x_wconf 82' lang='lat' dir='ltr'>illud</span> <span class='ocrx_word' id='word_1_923' title='bbox 2971 5094 3059 5145; x_wconf 90' lang='lat' dir='ltr'>est</span> <span class='ocrx_word' id='word_1_924' title='bbox 3091 5089 3235 5145; x_wconf 91' lang='lat' dir='ltr'>Livii</span> <span class='ocrx_word' id='word_1_925' title='bbox 3286 5090 3388 5145; x_wconf 92' lang='lat' dir='ltr'>lib.</span> <span class='ocrx_word' id='word_1_926' title='bbox 3425 5088 3493 5159; x_wconf 90' lang='lat' dir='ltr'>V,</span> <span class='ocrx_word' id='word_1_927' title='bbox 3525 5104 3652 5162; x_wconf 63' lang='lat' dir='ltr'>cap,</span> 
     </span>
    </p>
   </div>
   <div class='ocr_carea' id='block_1_131' title="bbox 2010 5158 3653 5235">
    <p class='ocr_par' dir='ltr' id='par_1_131' title="bbox 2010 5158 3653 5235">
     <span class='ocr_line' id='line_1_134' title="bbox 2010 5158 3653 5235; baseline -0.002 -18"><span class='ocrx_word' id='word_1_928' title='bbox 2010 5164 2100 5227; x_wconf 89' lang='lat'>22,</span> <span class='ocrx_word' id='word_1_929' title='bbox 2150 5158 2303 5235; x_wconf 83' lang='lat' dir='ltr'>quod</span> <span class='ocrx_word' id='word_1_930' title='bbox 2354 5161 2521 5235; x_wconf 65' lang='lat' dir='ltr'>vide.</span> <span class='ocrx_word' id='word_1_931' title='bbox 2556 5163 2627 5216; x_wconf 87' lang='lat' dir='ltr'>At</span> <span class='ocrx_word' id='word_1_932' title='bbox 2673 5160 2813 5235; x_wconf 86' lang='lat' dir='ltr'>quid</span> <span class='ocrx_word' id='word_1_933' title='bbox 2865 5163 3154 5217; x_wconf 82' lang='lat' dir='ltr'>conﬁdere</span> <span class='ocrx_word' id='word_1_934' title='bbox 3201 5158 3653 5235; x_wconf 9' lang='lat' dir='ltr'>poterantgczeci</span> 
     </span>
    </p>
   </div>
   <div class='ocr_carea' id='block_1_132' title="bbox 2052 5233 3661 5304">
    <p class='ocr_par' dir='ltr' id='par_1_132' title="bbox 2052 5233 3661 5304">
     <span class='ocr_line' id='line_1_135' title="bbox 2052 5233 3661 5304; baseline -0.001 -15"><span class='ocrx_word' id='word_1_935' title='bbox 2052 5233 2259 5289; x_wconf 90' lang='lat' dir='ltr'>entiles</span> <span class='ocrx_word' id='word_1_936' title='bbox 2287 5234 2418 5289; x_wconf 88' lang='lat' dir='ltr'>istis</span> <span class='ocrx_word' id='word_1_937' title='bbox 2449 5234 2581 5298; x_wconf 90' lang='lat' dir='ltr'>diis,</span> <span class='ocrx_word' id='word_1_938' title='bbox 2618 5233 2717 5304; x_wconf 92' lang='lat' dir='ltr'>qui</span> <span class='ocrx_word' id='word_1_939' title='bbox 2748 5233 3101 5304; x_wconf 91' lang='lat' dir='ltr'>impotentes</span> <span class='ocrx_word' id='word_1_940' title='bbox 3130 5233 3296 5289; x_wconf 84' lang='lat' dir='ltr'>erant</span> <span class='ocrx_word' id='word_1_941' title='bbox 3327 5251 3436 5290; x_wconf 91' lang='lat' dir='ltr'>sua</span> <span class='ocrx_word' id='word_1_942' title='bbox 3466 5233 3661 5289; x_wconf 80' lang='lat' dir='ltr'>defen-</span> 
     </span>
    </p>
   </div>
   <div class='ocr_carea' id='block_1_133' title="bbox 2052 5306 3658 5377">
    <p class='ocr_par' dir='ltr' id='par_1_133' title="bbox 2052 5306 3658 5377">
     <span class='ocr_line' id='line_1_136' title="bbox 2052 5306 3658 5377; baseline -0.001 -16"><span class='ocrx_word' id='word_1_943' title='bbox 2052 5322 2167 5376; x_wconf 90' lang='lat' dir='ltr'>ere,</span> <span class='ocrx_word' id='word_1_944' title='bbox 2203 5312 2265 5361; x_wconf 90' lang='lat' dir='ltr'>ut</span> <span class='ocrx_word' id='word_1_945' title='bbox 2307 5306 2460 5360; x_wconf 86' lang='lat' dir='ltr'>infra</span> <span class='ocrx_word' id='word_1_946' title='bbox 2488 5307 2773 5377; x_wconf 89' lang='lat' dir='ltr'>ostendet</span> <span class='ocrx_word' id='word_1_947' title='bbox 2814 5308 3066 5375; x_wconf 86' lang='lat' dir='ltr'>Auctor;</span> <span class='ocrx_word' id='word_1_948' title='bbox 3118 5323 3299 5377; x_wconf 91' lang='lat' dir='ltr'>quare</span> <span class='ocrx_word' id='word_1_949' title='bbox 3345 5306 3521 5361; x_wconf 88' lang='lat' dir='ltr'>etiam</span> <span class='ocrx_word' id='word_1_950' title='bbox 3556 5323 3658 5377; x_wconf 86' lang='lat' dir='ltr'>pa-</span> 
     </span>
    </p>
   </div>
   <div class='ocr_carea' id='block_1_134' title="bbox 2010 5376 3658 5449">
    <p class='ocr_par' dir='ltr' id='par_1_134' title="bbox 2010 5376 3658 5449">
     <span class='ocr_line' id='line_1_137' title="bbox 2010 5376 3658 5449; baseline -0.002 -15"><span class='ocrx_word' id='word_1_951' title='bbox 2010 5378 2130 5435; x_wconf 89' lang='lat' dir='ltr'>ruit</span> <span class='ocrx_word' id='word_1_952' title='bbox 2171 5377 2408 5434; x_wconf 90' lang='lat' dir='ltr'>consilio</span> <span class='ocrx_word' id='word_1_953' title='bbox 2438 5376 2676 5449; x_wconf 59' lang='lat' dir='ltr'>Philotae</span> <span class='ocrx_word' id='word_1_954' title='bbox 2728 5377 3048 5433; x_wconf 78' lang='lat' dir='ltr'>Alexander</span> <span class='ocrx_word' id='word_1_955' title='bbox 3088 5376 3241 5449; x_wconf 85' lang='lat' dir='ltr'>apud</span> <span class='ocrx_word' id='word_1_956' title='bbox 3276 5378 3567 5446; x_wconf 88' lang='lat' dir='ltr'>Curtium,</span> <span class='ocrx_word' id='word_1_957' title='bbox 3599 5393 3658 5447; x_wconf 90' lang='lat' dir='ltr'>v,</span> 
     </span>
    </p>
   </div>
   <div class='ocr_carea' id='block_1_135' title="bbox 2009 5448 3653 5517">
    <p class='ocr_par' dir='ltr' id='par_1_135' title="bbox 2009 5448 3653 5517">
     <span class='ocr_line' id='line_1_138' title="bbox 2009 5448 3653 5517; baseline -0.001 -12"><span class='ocrx_word' id='word_1_958' title='bbox 2009 5453 2063 5505; x_wconf 91' lang='lat'>2.</span> <span class='ocrx_word' id='word_1_959' title='bbox 2098 5450 2240 5504; x_wconf 91' lang='lat' dir='ltr'>Cum</span> <span class='ocrx_word' id='word_1_960' title='bbox 2268 5448 2495 5517; x_wconf 83' lang='lat' dir='ltr'>jamin</span> <span class='ocrx_word' id='word_1_961' title='bbox 2529 5464 2594 5502; x_wconf 94' lang='lat' dir='ltr'>eo</span> <span class='ocrx_word' id='word_1_962' title='bbox 2643 5452 2816 5511; x_wconf 86' lang='lat' dir='ltr'>esset,</span> <span class='ocrx_word' id='word_1_963' title='bbox 2850 5454 2914 5501; x_wconf 91' lang='lat' dir='ltr'>ut</span> <span class='ocrx_word' id='word_1_964' title='bbox 2942 5448 3168 5505; x_wconf 84' lang='lat' dir='ltr'>sacram</span> <span class='ocrx_word' id='word_1_965' title='bbox 3221 5450 3334 5507; x_wconf 91' lang='lat' dir='ltr'>diis</span> <span class='ocrx_word' id='word_1_966' title='bbox 3366 5465 3653 5513; x_wconf 88' lang='lat' dir='ltr'>mensam,</span> 
     </span>
    </p>
   </div>
   <div class='ocr_carea' id='block_1_136' title="bbox 2011 5516 3654 5595">
    <p class='ocr_par' dir='ltr' id='par_1_136' title="bbox 2011 5516 3654 5595">
     <span class='ocr_line' id='line_1_139' title="bbox 2011 5516 3654 5595; baseline -0.002 -20"><span class='ocrx_word' id='word_1_967' title='bbox 2011 5537 2128 5595; x_wconf 84' lang='lat' dir='ltr'>qua</span> <span class='ocrx_word' id='word_1_968' title='bbox 2156 5516 2311 5595; x_wconf 78' lang='lat' dir='ltr'>vesci</span> <span class='ocrx_word' id='word_1_969' title='bbox 2344 5516 2555 5595; x_wconf 81' lang='lat' dir='ltr'>solitus</span> <span class='ocrx_word' id='word_1_970' title='bbox 2585 5518 2812 5595; x_wconf 73' lang='lat' dir='ltr'>Darius,</span> <span class='ocrx_word' id='word_1_971' title='bbox 2845 5524 2903 5574; x_wconf 91' lang='lat' dir='ltr'>et</span> <span class='ocrx_word' id='word_1_972' title='bbox 2932 5536 2962 5575; x_wconf 91' lang='lat' dir='ltr'>e</span> <span class='ocrx_word' id='word_1_973' title='bbox 3006 5538 3066 5595; x_wconf 85' lang='lat' dir='ltr'>re</span> <span class='ocrx_word' id='word_1_974' title='bbox 3101 5527 3237 5579; x_wconf 85' lang='lat' dir='ltr'>nata</span> <span class='ocrx_word' id='word_1_975' title='bbox 3269 5540 3371 5595; x_wconf 92' lang='lat' dir='ltr'>pro</span> <span class='ocrx_word' id='word_1_976' title='bbox 3404 5520 3654 5595; x_wconf 77' lang='lat' dir='ltr'>scabello</span> 
     </span>
    </p>
   </div>
   <div class='ocr_carea' id='block_1_137' title="bbox 2011 5589 3653 5664">
    <p class='ocr_par' dir='ltr' id='par_1_137' title="bbox 2011 5589 3653 5664">
     <span class='ocr_line' id='line_1_140' title="bbox 2011 5589 3653 5664; baseline -0.005 -15"><span class='ocrx_word' id='word_1_977' title='bbox 2011 5589 2119 5649; x_wconf 76' lang='lat' dir='ltr'>sibi</span> <span class='ocrx_word' id='word_1_978' title='bbox 2178 5592 2239 5648; x_wconf 92' lang='lat' dir='ltr'>in</span> <span class='ocrx_word' id='word_1_979' title='bbox 2302 5591 2464 5664; x_wconf 91' lang='lat' dir='ltr'>regia</span> <span class='ocrx_word' id='word_1_980' title='bbox 2518 5593 2662 5664; x_wconf 85' lang='lat' dir='ltr'>sede</span> <span class='ocrx_word' id='word_1_981' title='bbox 2711 5589 2916 5648; x_wconf 90' lang='lat' dir='ltr'>altiore</span> <span class='ocrx_word' id='word_1_982' title='bbox 2971 5589 3345 5664; x_wconf 77' lang='lat' dir='ltr'>substratain,</span> <span class='ocrx_word' id='word_1_983' title='bbox 3404 5589 3653 5664; x_wconf 77' lang='lat' dir='ltr'>subduci</span> 
     </span>
    </p>
   </div>
   <div class='ocr_carea' id='block_1_138' title="bbox 2003 5661 3653 5736">
    <p class='ocr_par' dir='ltr' id='par_1_138' title="bbox 2003 5661 3653 5736">
     <span class='ocr_line' id='line_1_141' title="bbox 2003 5661 3653 5736; baseline -0.005 -16"><span class='ocrx_word' id='word_1_984' title='bbox 2003 5666 2258 5736; x_wconf 89' lang='lat' dir='ltr'>juberet,</span> <span class='ocrx_word' id='word_1_985' title='bbox 2306 5661 2566 5720; x_wconf 76' lang='lat' dir='ltr'>monitus</span> <span class='ocrx_word' id='word_1_986' title='bbox 2611 5663 2702 5720; x_wconf 89' lang='lat' dir='ltr'>his</span> <span class='ocrx_word' id='word_1_987' title='bbox 2751 5664 2944 5720; x_wconf 90' lang='lat' dir='ltr'>verbis</span> <span class='ocrx_word' id='word_1_988' title='bbox 2976 5681 2989 5721; x_wconf 92' lang='lat'><strong>:</strong></span> <span class='ocrx_word' id='word_1_989' title='bbox 3024 5688 3053 5717; x_wconf 85' lang='lat'><strong>«</strong></span> <span class='ocrx_word' id='word_1_990' title='bbox 3083 5661 3339 5720; x_wconf 81' lang='lat' dir='ltr'>Minime</span> <span class='ocrx_word' id='word_1_991' title='bbox 3369 5680 3502 5718; x_wconf 88' lang='lat' dir='ltr'>vero</span> <span class='ocrx_word' id='word_1_992' title='bbox 3531 5661 3653 5714; x_wconf 72' lang='lat' dir='ltr'>haec</span> 
     </span>
    </p>
   </div>
   <div class='ocr_carea' id='block_1_139' title="bbox 2010 5737 3654 5808">
    <p class='ocr_par' dir='ltr' id='par_1_139' title="bbox 2010 5737 3654 5808">
     <span class='ocr_line' id='line_1_142' title="bbox 2010 5737 3654 5808; baseline -0.005 -14"><span class='ocrx_word' id='word_1_993' title='bbox 2010 5738 2209 5794; x_wconf 87' lang='lat' dir='ltr'>fecerit</span> <span class='ocrx_word' id='word_1_994' title='bbox 2235 5753 2354 5803; x_wconf 84' lang='lat' dir='ltr'>rex,</span> <span class='ocrx_word' id='word_1_995' title='bbox 2387 5737 2488 5792; x_wconf 89' lang='lat' dir='ltr'>sed</span> <span class='ocrx_word' id='word_1_996' title='bbox 2524 5752 2692 5792; x_wconf 88' lang='lat' dir='ltr'>omen</span> <span class='ocrx_word' id='word_1_997' title='bbox 2728 5752 2963 5808; x_wconf 87' lang='lat' dir='ltr'>quoque</span> <span class='ocrx_word' id='word_1_998' title='bbox 2990 5738 3187 5806; x_wconf 89' lang='lat' dir='ltr'>accipe</span> <span class='ocrx_word' id='word_1_999' title='bbox 3220 5754 3232 5791; x_wconf 91' lang='lat'><strong>:</strong></span> <span class='ocrx_word' id='word_1_1000' title='bbox 3266 5746 3654 5808; x_wconf 87' lang='lat' dir='ltr'>mensam_._ex</span> 
     </span>
    </p>
   </div>
   <div class='ocr_carea' id='block_1_140' title="bbox 2011 5804 3654 5885">
    <p class='ocr_par' dir='ltr' id='par_1_140' title="bbox 2011 5804 3654 5885">
     <span class='ocr_line' id='line_1_143' title="bbox 2011 5804 3654 5885; baseline -0.005 -17"><span class='ocrx_word' id='word_1_1001' title='bbox 2011 5827 2130 5885; x_wconf 86' lang='lat' dir='ltr'>qua</span> <span class='ocrx_word' id='word_1_1002' title='bbox 2157 5809 2360 5867; x_wconf 88' lang='lat' dir='ltr'>libavit</span> <span class='ocrx_word' id='word_1_1003' title='bbox 2388 5808 2575 5866; x_wconf 89' lang='lat' dir='ltr'>hostis</span> <span class='ocrx_word' id='word_1_1004' title='bbox 2606 5804 2833 5880; x_wconf 78' lang='lat' dir='ltr'>epulas,</span> <span class='ocrx_word' id='word_1_1005' title='bbox 2864 5804 2983 5865; x_wconf 79' lang='lat' dir='ltr'>tuis</span> <span class='ocrx_word' id='word_1_1006' title='bbox 3016 5804 3263 5880; x_wconf 79' lang='lat' dir='ltr'>pedibus</span> <span class='ocrx_word' id='word_1_1007' title='bbox 3292 5819 3421 5861; x_wconf 86' lang='lat' dir='ltr'>esse</span> <span class='ocrx_word' id='word_1_1008' title='bbox 3452 5804 3654 5875; x_wconf 86' lang='lat' dir='ltr'>subje-</span> 
     </span>
    </p>
   </div>
  </div>
