4054 6174
384 326 503 389 383

909 321 1438 383 TERTULLIANI
1486 321 1813 384 OPERUM
1856 322 2055 382 PARS
2099 323 2252 383 1.-
2280 324 2556 385 SERIES
2601 323 2650 398 Ι,
2697 318 3264 383 APOLOGETICA.

3640 321 3743 381 384

384 455 662 521 rusticos,
691 452 968 524 urbanos,
993 452 1282 521 nauticos,
1307 452 1590 509 militares
1618 478 1631 521 ;
1662 454 1916 510 otiosum
1947 459 2038 510 est
2066 465 2122 532 Α
2151 472 2329 527 quam
2355 454 2744 527 depalaverat,
2775 450 3049 508 Saturnia
3097 466 3278 521 usque
3307 466 3451 505 nunc
3481 455 3600 518 est;
3644 457 3748 507 tota

389 546 567 602 etiam
616 542 815 599 titulos
867 542 1164 612 persequi,
1216 546 1279 596 ut
1328 541 1598 614 colligam
1650 542 1709 596 in
1761 559 2041 615 compen-

389 636 550 690 dium
582 632 717 703 (30),
749 636 807 687 et
854 630 963 686 hoc
1004 647 1119 685 non
1169 646 1285 701 quo
1318 632 1705 702 cognoscatis,
1752 633 1849 688 sed
1886 650 2042 688 reco-

388 722 723 795 gnoscatis;
776 724 931 776 certe
961 720 1116 775 enim
1167 718 1379 775 oblitos
1432 720 1628 791 agitis.
1661 722 1809 775 Ante
1843 722 2041 776 Satur-

391 827 534 867 num
568 813 713 866 deus
760 823 935 881 penes
969 826 1070 863 vos
1116 824 1287 863 nemo
1317 812 1427 877 est,
1460 809 1530 862 ab
1582 808 1682 863 illo
1715 826 1927 865 census
1954 815 2041 865 to-

390 902 510 955 tius
540 900 630 954 vel
657 898 899 970 potioris
922 897 1007 951 vel
1037 897 1278 952 notioris
1300 897 1644 952 divinitatis.
1672 899 1872 969 Itaque
1890 899 2044 969 quod

391 991 461 1044 de
492 987 717 1059 origine
762 985 1108 1054 constiterit,
1145 986 1200 1040 id
1235 986 1305 1040 de
1338 985 1678 1055 posteritate
1708 989 2035 1045 conveniet.

390 1077 708 1131 Saturnum
762 1075 980 1145 itaque,
1035 1074 1083 1128 si
1138 1079 1423 1143 quantum
1466 1074 1507 1108 93
1556 1073 1764 1131 litterae
1813 1077 2044 1142 docent,

391 1182 582 1237 neque
613 1164 899 1220 Diodorus
949 1163 1206 1227 Graecus,
1240 1167 1341 1217 aut
1368 1163 1522 1217 330
1552 1163 1812 1232 Thallus,
1859 1181 2048 1236 neque

391 1254 633 1309 Cassius
666 1255 932 1319 Severus,
963 1260 1065 1306 aut
1094 1251 1394 1307 Cornelius
1426 1252 1636 1323 Nepos,
1670 1269 1857 1324 neque
1889 1253 2046 1309 ullus

392 1346 821 1398 commentator
843 1341 1201 1410 ejuscemodi
1226 1340 1647 1411 antiquitatum
1678 1340 1836 1396 aliud
1868 1358 2045 1413 quam

392 1432 692 1487 hominem
743 1428 1271 1501 provulgaverunt;
1322 1428 1371 1483 si
1403 1434 1687 1497 quantum
1728 1447 1922 1486 rerum
1955 1449 2045 1486 ar-

393 1526 694 1594 gumenta,
748 1535 1042 1589 nusquam
1092 1518 1322 1572 invenio
1356 1518 1651 1589 ﬁdeliora,
1682 1535 1859 1587 quam
1891 1521 2047 1591 apud

394 1611 587 1683 ipsam
624 1607 877 1675 Italiam,
914 1606 973 1661 in
1025 1624 1141 1677 qua
1191 1608 1481 1663 Saturnus
1511 1608 1623 1679 (31)
1675 1618 1802 1680 post
1832 1610 2048 1665 multas

395 1697 793 1769 expeditiones
852 1700 1104 1767 postque
1179 1696 1370 1751 Attica
1446 1696 1702 1767 hospitia
1758 1699 2045 1763 consedit,

395 1791 669 1858 exceptus
701 1802 735 1840 a
785 1785 955 1850 Jauo,
988 1784 1074 1838 vel
1119 1784 1286 1851 Jane,
1322 1789 1387 1840 ut
1418 1784 1559 1840 Salii
1608 1785 1829 1841 volunt.
1863 1788 2044 1853 Mons,

396 1892 572 1948 quem
619 1872 943 1931 incoluerat
972 1874 1104 1945 (32),
1159 1873 1472 1930 Saturnius
1526 1875 1767 1944 dictus;
1818 1876 2044 1944 civitas,

2154 545 2408 616 denique
2430 543 2616 610 Italia,
2638 548 2768 615 post
2784 542 3117 597 OEnotriam
3140 540 3270 610 (33),
3293 539 3551 594 Saturnia
3570 556 3751 611 cogno-

2152 635 2490 690 minabatur
2508 634 2572 687 θθ.
2604 634 2690 687 Ab
2731 632 2857 703 ipso
2908 631 3162 703 primum
3194 627 3396 683 tabula:
3425 633 3479 683 et
3524 628 3751 699 imagine

2152 723 2416 792 signatus
2448 739 2665 778 numus
2711 721 2845 791 (34),
2890 724 2947 773 et
2994 719 3129 773 inde
3182 717 3376 772 aerario
3405 718 3541 771 331
3577 716 3756 788 pressi-

2152 812 2268 868 det.
2302 814 2520 867 Tamen
2553 812 2601 866 si
2632 811 2806 865 homo
2839 810 3148 870 Saturnus,
3186 808 3381 877 utique
3430 822 3495 860 ex
3522 806 3754 869 homine,

2153 908 2209 956 et
2239 903 2377 973 quia
2423 901 2495 956 ab
2535 900 2771 955 homine
2820 913 2935 952 non
2986 897 3187 967 utique
3238 896 3307 950 de
3335 894 3470 949 coelo
3515 899 3568 949 et
3602 898 3757 949 terra.

2153 991 2260 1045 Sed
2291 992 2461 1060 cujus
2493 994 2762 1060 parentes
2810 986 2991 1057 ignoti
3025 989 3209 1051 erant,
3243 982 3404 1037 facile
3450 980 3554 1035 fuit
3580 998 3759 1036 eorum

2154 1078 2342 1133 ﬁlium
2371 1078 2505 1147 dici,
2534 1092 2786 1148 quorum
2805 1079 2861 1130 et
2889 1088 3094 1129 omnes
3127 1088 3434 1144 possumus
3457 1070 3621 1124 videri
3644 1071 3760 1141 (35).

2156 1167 2298 1234 Quis
2323 1166 2476 1222 enim
2500 1182 2614 1221 non
2646 1165 2858 1219 caelum
2881 1167 2939 1217 et
2966 1168 3182 1217 terram
3216 1164 3460 1215 matrem
3488 1163 3542 1213 et
3563 1162 3761 1229 patrem

2153 1253 2540 1310 venerationis
2569 1258 2625 1309 et
2655 1252 2894 1307 honoris
2924 1250 3111 1321 gratia
3141 1247 3406 1321 appellet,
3446 1247 3527 1302 vel
3557 1263 3619 1301 ex
3646 1263 3765 1301 con-

2156 1343 2467 1399 suetudine
2498 1343 2779 1409 humana,
2802 1357 2919 1411 qua
2943 1339 3127 1411 ignoti
3161 1338 3245 1393 vel
3278 1354 3346 1392 ex
3373 1335 3658 1408 inopinato
3678 1352 3768 1407 ap-

2157 1437 2428 1504 parentes
2457 1432 2528 1487 de
2558 1430 2700 1486 ccelo
2741 1428 3151 1502 supervenisse
3183 1425 3500 1482 dicuntur?
3550 1422 3769 1478 Proinde

2156 1522 2407 1577 Saturno
2456 1519 2757 1592 repentino
2805 1518 3064 1589 ubique1
3113 1518 3219 1587 (36)
3271 1514 3513 1571 caelitem
3558 1509 3773 1581 contigit

2158 1611 2293 1665 dici.
2343 1610 2486 1665 Nam
2539 1614 2597 1664 et
2644 1614 2812 1664 terrae
2859 1607 3010 1663 ﬁlios
3061 1605 3273 1677 vulgus
3319 1609 3500 1672 vocat,
3545 1614 3771 1673 quorum

2157 1714 2344 1771 genus
2374 1697 2664 1754 incertum
2706 1702 2813 1753 est.
2866 1697 3052 1751 Taceo
3083 1696 3239 1767 quod
3270 1694 3352 1750 ita
3403 1693 3570 1748 rudes
3598 1688 3772 1745 nunc‘

2160 1789 2428 1843 homines
2477 1789 2747 1858 agebant,
2779 1791 2844 1841 ut
2896 1786 3213 1857 cujuslibet
3243 1783 3372 1840 novi
3425 1781 3527 1837 viri
3558 1783 3772 1851 aspectu

2158 1877 2324 1948 quasi
2360 1877 2554 1933 divino
2586 1877 2694 1949 (37)
2741 1880 3269 1944 commoverentur,
3318 1888 3451 1929 cum
3483 1869 3643 1926 hodie
3663 1868 3774 1939 jam

1820 1977 2023 2037 Varia:
2065 1977 2383 2039 lectiones.

470 2076 513 2110 ⁸⁸
546 2074 669 2131 Cod.
704 2072 871 2143 Lugd.
925 2070 974 2127 si
1006 2075 1330 2147 quantum;
1390 2075 1582 2130 caeteri
1610 2091 1629 2129 :
1670 2080 1979 2145 quantum,
2038 2084 2202 2147 atque
2259 2078 2315 2130 in
2347 2076 2528 2131 altera
2583 2074 2802 2146 periodi
2850 2077 3013 2145 parte
3062 2089 3161 2145 pro
3217 2089 3301 2147 eo,
3361 2069 3523 2147 quod,
3556 2065 3781 2124 Gelenius

400 2145 615 2217 aliique
671 2148 1065 2200 substituerant
1100 2162 1118 2217 ,ξ
1149 2146 1199 2199 si
1230 2161 1457 2215 quaeras
1515 2162 1626 2200 rer.
1676 2162 1823 2217 arg.,
1872 2163 1900 2202 e
1954 2145 2122 2204 coddf
2169 2149 2407 2204 Herald.
2456 2157 2509 2203 et
2567 2148 2687 2215 Rig.
2746 2148 3105 2200 restituerunt
3160 2163 3179 2199 :

1837 2234 2010 2289 quem
2060 2219 2321 2275 coluerat
2348 2211 2655 2275 Saturnius
2704 2218 2918 2287 dictus,
2951 2218 3156 2272 civitas
3214 2211 3393 2289 quam
3422 2211 3782 2289 debellaverat

402 2216 765 2290 argumenta,
795 2222 906 2272 etc.
959 2217 1026 2290 _”
1056 2216 1224 2290 Rhea.
1256 2226 1307 2273 et
1351 2217 1538 2273 Geten.
1574 2235 1593 2273 :
1624 2216 1789 2273 Mons

3238 2146 3288 2201 si
3349 2146 3629 2216 quantum
3686 2154 3780 2216 rer.

399 2282 671 2345 Saturnia
700 2288 1246 2361 cognominabatur.
1325 2290 1456 2361 {Ito
1486 2290 1607 2343 Her.
1643 2282 1872 2361 ειΗαυῖ
1904 2306 1934 2345 e
1978 2291 2128 2347 codd.
2182 2293 2388 2349 Wouw.
2427 2309 2439 2348 :
2473 2292 2723 2348 Saturno
2775 2290 2846 2344 de
2894 2282 3196 2361 repentino
3228 2282 3499 2344 adventu.
3574 2285 3594 2318 2
3627 2282 3781 2337 Codd.

402 2362 559 2418 Fuld.
593 2367 753 2418 tunc.
782 2360 795 2429 ζ
827 2363 900 2431 cf.
932 2360 1001 2415 ad
1031 2361 1152 2416 Nat.
1188 2360 1259 2431 II,
1293 2360 1377 2415 12.
1414 2360 1607 2416 Ceteri
1637 2360 1849 2417 adhuc.

1846 2464 2367 2524 Commentarios.

404 2562 581 2615 ctam.
618 2580 645 2607 »
695 2560 882 2624 Quare
933 2557 993 2612 in
1039 2557 1215 2614 dubio
1263 2562 1372 2629 est,
1414 2561 1614 2614 utrum
1669 2557 1942 2613 Philistaai
1987 2562 2053 2615 ut

406 2636 691 2703 tropaeum
729 2632 798 2685 de
828 2630 994 2685 hoste
1023 2630 1191 2700 victo,
1226 2647 1299 2685 an
1345 2647 1476 2685 vero
1510 2631 1716 2685 divinae
1749 2631 2049 2686 existima-

404 2704 581 2757 tionis
611 2717 746 2774 ergo
777 2706 832 2757 et
861 2703 1010 2771 opis,
1043 2718 1238 2757 arcam
1273 2703 1503 2757 foederis
1530 2704 1587 2756 in
1619 2703 1837 2774 templo
1870 2703 2053 2774 Dago-

401 2774 495 2830 nis
528 2775 620 2830 dei
651 2773 743 2829 sui
793 2773 1157 2844 collocarint,
1207 2776 1276 2830 de
1308 2790 1423 2844 quo
1472 2778 1494 2826 l
1526 2780 1681 2830 Sam.
1715 2773 1765 2830 cf.
1798 2791 1855 2829 v.
1889 2773 2053 2830 Certe

400 2864 517 2901 non
550 2846 698 2902 levia
723 2846 793 2900 de
843 2845 1237 2900 [srealitarum
1271 2851 1381 2902 Deo
1416 2846 1696 2912 sensisse,
1730 2852 1960 2901 constat
1984 2863 2053 2901 ex

403 2935 554 2973 vers.
584 2921 620 2971 7
650 2935 699 2973 c.
754 2934 829 2983 1v,
861 2921 919 2971 et
966 2918 999 2971 6
1048 2935 1175 2989 cap.
1231 2935 1304 2972 v1.
1356 2918 1710 2974 Gravissiiue
1756 2935 1888 2973 vero
1920 2917 2055 2973 tulit

402 2990 765 3072 Deushquos
793 2988 1070 3071 vicerant,
1103 2994 1160 3044 et
1195 2990 1562 3071 .populorum
1612 3006 1759 3061 quos
1791 2991 2052 3072 eradica-

401 3067 555 3127 rant,
588 3061 645 3116 in
681 3061 925 3116 numina
956 3078 1063 3116 sua
1085 3061 1437 3134 reciperent,
1464 3068 1528 3117 ut
1554 3067 1711 3133 patet
1741 3079 1808 3117 ex
1840 3062 1887 3117 II
1911 3062 2050 3134 Reg.

403 3151 521 3197 XVI,
551 3134 605 3201 3,
638 3139 694 3187 et
722 3150 863 3201 xvn,
893 3134 948 3201 7,
980 3136 1038 3187 8.
1081 3133 1218 3187 HAV.

2162 2560 2434 2615 inventus
2465 2561 2572 2615 est.
2624 2562 2754 2630 Ipse
2784 2558 2941 2613 enim
2974 2558 3195 2630 signari
3228 2572 3506 2613 nummos
3549 2557 3603 2609 et
3630 2546 3786 2630 scribi

2161 2631 2490 2687 constituit.
2526 2626 2836 2701 Propterea
2865 2642 2917 2685 et
2960 2626 3222 2686 aerarium
3275 2632 3529 2701 Saturno
3560 2626 3786 2701 agenti-

2162 2640 2490 2687 constituit.
2526 2640 2836 2701 Propterea
2865 2642 2917 2685 et
2960 2640 3222 2686 aerarium
3275 2640 3527 2686 Saturno
3560 2644 3590 2680 a
3618 2640 3786 2751 genu-

2162 2702 2317 2759 libus
2348 2708 2753 2759 consecratum
2785 2708 2891 2758 est.
2930 2724 2957 2751 »
3001 2703 3146 2757 Vide
3177 2702 3352 2774 plura
3382 2699 3534 2774 apud
3577 2699 3616 2752 E
3646 2708 3788 2774 men-

2161 2775 2344 2830 horst.
2379 2776 2438 2829 in
2479 2774 2546 2829 N.
2597 2776 2667 2829 ad
2721 2775 2857 2831 Min.
2891 2780 2956 2828 ut
3001 2780 3058 2829 et
3103 2770 3259 2846 apud
3296 2770 3478 2845 Lipsii
3521 2770 3787 2837 excerpta,

2163 2863 2288 2917 quas
2340 2863 2497 2902 novae
2547 2847 2789 2901 editioni
2842 2845 3247 2917 Kippingianae
3295 2848 3525 2917 adjecta
3571 2846 3697 2917 sunt
3738 2851 3789 2906 p.

2161 2913 2287 2987 597,
2319 2923 2373 2973 et
2405 2913 3003 2992 gran_de__litterarum
3052 2913 3254 2983 decus,
3307 2913 3790 2992 enimqueCerma-

2164 2991 2271 3045 nias
2304 2986 2505 3045 verum
2546 2989 2718 3045 hodie
2762 2989 3131 3060 splendorem
3176 2993 3266 3044 Jo.
3320 2989 3451 3044 Alb.
3485 2986 3791 3043 Fabricium

2163 3063 2223 3116 in
2260 3061 2675 3133 Bibliographia
2724 3060 3070 3131 Antiquaria,
3121 3078 3178 3133 p.
3209 3062 3339 3115 525.
3378 3064 3517 3133 (Non
3566 3062 3793 3133 est_ver_0

2163 3123 2556 3198 reticendum;
2578 3132 2731 3204 quod
2769 3123 3150 3188 ita-exhibeat
3180 3132 3601 3204 Collatioﬂmss.
3644 3123 3792 3204 Fuld.

472 3198 598 3275 (30)
644 3198 908 3278 colligam
934 3198 943 3201 ’
966 3206 1027 3258 in
1059 3274 1068 3278 _
1100 3204 1492 3278 compedium._
1533 3208 1775 3278 Notetur
1832 3203 2044 3278 locutio
2076 3211 2119 3278 α
2160 3228 2186 3255 ‹‹
2217 3207 2284 3260 Et
2308 3205 2561 3275 imagine
2594 3198 2657 3258 et
2684 3204 2949 3278 signatus
2985 3221 3304 3278 nummus.
3346 3226 3373 3253 »
3426 3203 3592 3278 Unde
3616 3198 3791 3278 conje-

402 3274 699 3329 Ilinemari
756 3274 1105 3346 Rhemensis
1153 3276 1341 3344 arch.,
1399 3275 1608 3346 quiin
1666 3275 1837 3346 epist.
1889 3274 1970 3329 ait
2030 3292 2042 3330 :

404 3368 451 3418 «ί
468 3347 538 3401 Ut
567 3350 779 3401 cuncta
799 3345 1044 3418 breviter
1066 3346 1300 3417 cingulo
1323 3345 1809 3418 perstringamus.
1834 3368 1862 3397 »
1887 3347 2048 3402 Unde

406 3417 618 3473 allucet
673 3417 1026 3490 locutionem
1084 3418 1261 3472 istam
1329 3417 1601 3473 breviter
1634 3420 2045 3490 perstringere,

402 3491 683 3544 usitatam
716 3488 937 3543 Latinis
968 3490 1325 3556 auctoribus,
1356 3488 1650 3559 sumptam
1685 3508 1717 3544 a
1748 3507 1809 3544 re
1839 3488 2049 3545 vestia-

403 3561 510 3633 ria,
542 3565 599 3614 et
630 3560 951 3633 praesertim
985 3578 1018 3616 a
1047 3561 1300 3633 cingulo.
1334 3560 1496 3616 Unde
1525 3560 1619 3615 hic
1648 3562 2051 3617 Tertullianus

403 3631 653 3703 signate,
688 3654 715 3681 «
748 3631 1027 3701 Colligam
1054 3632 1109 3687 in
1132 3631 1570 3704 compendium,
1604 3652 1630 3684 ιι
1666 3634 1832 3703 quasi
1862 3640 2050 3690 vestes

405 3704 659 3774 cingulo,
696 3719 765 3757 ne
795 3704 1084 3758 difﬂuant.
1118 3704 1314 3775 Neque
1345 3723 1377 3759 a
1404 3705 1663 3760 vestibus
1696 3705 2051 3761 abitlocutio

407 3779 633 3848 Senecae
681 3775 853 3846 epist.
881 3776 951 3829 76
983 3792 996 3830 :
1033 3797 1061 3826 «
1091 3775 1163 3831 Ut
1206 3776 1262 3831 in
1315 3794 1516 3832 arcum
1549 3793 1675 3848 quas
1719 3777 1872 3833 dicta
1913 3782 2054 3833 sunt

407 3847 766 3902 contraham.
803 3868 831 3895 ››
867 3852 993 3901 LAC.

477 3919 590 3990 (31)
622 3923 685 3973 In
718 3935 821 3989 quo
838 3919 1131 3991 Saturnus.
1164 3918 1516 3975 Prudentius
1538 3918 1597 3974 in
1631 3920 2053 3991 Symmachum

407 3989 514 4048 lib.
556 4007 595 4057 ι,
628 4007 777 4045 vers.
809 3991 900 4061 42,
928 3990 1022 4045 hic
1052 3990 1474 4062 inspiciendus,
1508 3992 1605 4048 ubi
1636 3989 1845 4064 incipit
1876 4011 1889 4049 :

500 4104 635 4153 Num
667 4105 855 4154 melius
885 4105 1145 4155 Saturnus
1175 4120 1301 4154 avos
1331 4107 1532 4155 rexisse
1566 4107 1778 4157 Latinos

500 4168 786 4217 Creditur?
819 4169 1005 4217 edictis
1039 4169 1129 4231 qui
1166 4169 1360 4217 talibus
1390 4169 1700 4218 informavit

500 4231 747 4293 Agrestes
778 4232 1000 4292 animos,
1033 4237 1084 4280 et
1113 4233 1341 4280 barbara
1370 4233 1531 4281 corda
1553 4233 1807 4281 virorum.
1846 4232 1973 4281 Hav.

480 4344 595 4415 (32)
622 4344 770 4416 Mons
815 4361 971 4416 quem
1026 4346 1348 4401 incoluerat.
1400 4350 1565 4399 Hunc
1610 4345 1803 4400 locum
1834 4346 2062 4401 videtur

411 4415 913 4487 desumpsisse’ex
942 4416 1199 4471 Varrone
1226 4416 1267 4471 1.
1303 4434 1357 4471 1v
1386 4417 1449 4471 de
1480 4419 1700 4485 Lingua
1730 4419 1952 4485 Latina,
1978 4419 2061 4472 ci-

409 4492 598 4542 tatum
634 4487 807 4543 etiam
841 4505 875 4542 a
920 4493 981 4541 D.
1013 4490 1259 4559 August.
1296 4487 1331 4542 l.
1382 4505 1482 4558 vn,
1516 4488 1581 4541 de
1631 4488 1743 4543 Civ.
1778 4490 1899 4558 Dei,
1930 4507 2059 4559 cap.

408 4561 484 4631 72,:
525 4582 544 4606 ιι
583 4559 767 4619 Mons.
819 4559 1033 4630 inquit,
1091 4561 1147 4614 in
1205 4576 1320 4631 quo
1368 4559 1719 4630 Capitolium
1766 4565 1878 4626 est,
1930 4567 2062 4616 ante

409 4630 692 4702 Tarpeius
723 4631 916 4686 dictus
948 4636 1059 4686 est.
1100 4652 1125 4681 π
1160 4630 1326 4685 Hunc
1373 4636 1538 4685 antea
1574 4637 1830 4686 montem
1864 4632 2061 4687 Satur-

408 4704 574 4757 nium
604 4703 963 4773 appellatum
998 4703 1399 4772 prodiderunt,
1423 4707 1481 4756 et
1510 4702 1582 4757 ab
1612 4719 1698 4769 eo,
1725 4703 1836 4759 late
1858 4708 2062 4759 Satur-

411 4774 580 4848 niam,
606 4781 845 4848 terram,
877 4778 941 4828 ut
974 4774 1151 4848 etiam
1184 4773 1404 4848 Finnius
1431 4773 1710 4848 appellat.
1740 4777 2064 4848 Antiquum

412 4846 788 4919 oppidumqin
834 4847 944 4901 hoc
977 4844 1157 4900 fuisse
1206 4844 1546 4919 Saturnium
1592 4844 2068 4919 scribiturCEjus

411 4916 596 4974 Vestia
652 4916 829 4973 etiam
892 4933 1045 4971 nunc
1095 4922 1333 4971 manent
1379 4916 1525 4983 tria;
1584 4920 1739 4987 quod
1794 4916 2069 4975 Saturnia

454 4994 583 5045 orta
639 5004 817 5058 quam
874 4988 1085 5042 Junius
1143 4988 1369 5054 scribit,
1420 5005 1597 5059 quam
1658 5008 1813 5046 nunc
1860 4996 2070 5047 vocant

454 5008 583 5045 orta
639 5008 817 5058 quam
874 5008 1085 5042 Junius
1143 5008 1369 5054 scribit,
1420 5008 1597 5059 quam
1658 5008 1813 5046 nunc
1860 5008 2069 5047 vocant

414 5008 779 5131 Pandanum,
813 5059 969 5130 quod
1004 5063 1133 5131 post
1169 5060 1353 5115 aedem
1406 5062 1669 5128 Saturni,
1701 5063 1762 5117 in
1794 5063 2069 5118 aediﬁcio-

417 5147 550 5205 rum
583 5129 844 5205 legibus,
883 5129 1131 5205 parietes
1181 5130 1409 5205 poetici,
1442 5134 1620 5196 muri,
1672 5140 1812 5189 sunt
1843 5135 2065 5205 scripti.

415 5202 475 5275 ln
509 5217 683 5271 quem
716 5201 905 5275 locum
940 5203 1106 5257 affert
1133 5201 1390 5275 Scaliger
1420 5205 1579 5275 ipsos
1616 5205 1780 5260 Ennii
1814 5213 1871 5261 et
1902 5201 2071 5262 simi-

417 5274 502 5326 les
533 5272 782 5326 Maronis
811 5290 1013 5329 versus
1046 5276 1116 5329 de
1143 5272 1615 5330 JaniculofPAM.

492 5343 603 5413 (33)
660 5341 1001 5400 ()Enotriam.
1062 5345 1228 5401 Italia
1282 5346 1440 5400 dicta
1490 5352 1579 5402 est
1637 5346 1910 5403 OEnotria
1968 5346 2070 5401 ὑπὸ

414 5410 510 5489 τῷ
542 5410 712 5479 oi’voo,
747 5433 778 5470 a
818 5416 976 5489 vino,
1008 5433 1122 5472 non
1156 5419 1225 5473 ab
1260 5417 1457 5487 aliquo
1512 5434 1643 5489 rege
1676 5418 1851 5487 hujus
1884 5420 2072 5475 nomi-

419 5486 513 5542 nis
547 5505 559 5543 :
593 5504 721 5559 quae
753 5487 949 5560 opinio
981 5490 1268 5560 consentit
1299 5486 1434 5544 cum
1468 5486 1797 5555 Aristotele,
1836 5491 1934 5547 lib.
1968 5509 2074 5560 vn,

420 5560 673 5629 Potitia,
704 5564 761 5615 et
797 5559 936 5615 roum
986 5559 1268 5615 Strabone
1300 5560 1418 5631 lib.
1467 5578 1545 5631 v1,
1578 5561 1677 5631 qui
1728 5562 1891 5619 nulla
1922 5559 2075 5620 facta

424 5631 719 5687 OEnotorii
754 5632 1068 5697 mentione,
1104 5630 1261 5686 illam
1294 5630 1631 5703 indigitant.
1666 5633 1795 5689 Lac.

492 5703 607 5774 (34)
640 5706 893 5778 Imagine
932 5704 1183 5778 signatus
1229 5720 1451 5778 namus.
1504 5705 1796 5775 Isodorus,
1832 5705 1997 5778 Orig.
2032 5706 2072 5761 l.

425 5789 543 5842 xw,
575 5791 625 5831 c.
661 5776 727 5831 17
760 5776 794 5834 ':
848 5798 877 5828 «
931 5776 1139 5835 Postea
1185 5793 1221 5834 a
1265 5776 1517 5835 Saturno
1564 5792 1745 5837 aereus
1793 5776 2074 5836 nummus

2159 3294 2372 3346 ceram,
2406 3273 2685 3347 scriptum
2723 3273 2887 3349 forte,
2926 3296 2953 3328 α
2983 3277 3052 3331 Et
3100 3276 3415 3349 imagines,
3446 3280 3503 3329 et
3548 3273 3795 3343 signatus

2156 3365 2458 3405 nummus.
2495 3370 2523 3398 ››
2557 3348 2846 3404 Minucius
2875 3347 3064 3418 certe,
3097 3349 3193 3419 qui
3245 3347 3515 3419 gnaviter
3544 3348 3791 3419 nostrum

2159 3421 2491 3502 descripsit,
2535 3424 2767 3474 tantum
2827 3420 3002 3502 habet
3049 3412 3306 3502 humanos
3353 3422 3596 3502 signare,
3647 3418 3707 3470 ut
3741 3412 3796 3502 et

2159 3483 2390 3562 reliqui.
2439 3495 2580 3545 Cum
2628 3507 2763 3546 vero
2798 3491 2895 3546 alii
2945 3492 3015 3547 de
3055 3491 3360 3563 putatione
3407 3483 3703 3563 arborum,
3733 3483 3796 3537 de

2159 3560 2412 3629 coro—nis,
2446 3563 2518 3616 de
2550 3563 2795 3638 navigiis
2846 3560 3084 3638 addant,
3119 3564 3346 3638 pot_uit._
3374 3562 3583 3618 Noster
3610 3560 3793 3638 inven-

2158 3642 2284 3691 tum
2319 3634 2612 3690 statuarize
2660 3631 2716 3690 et
2763 3634 3090 3705 sculptoria:
3119 3631 3270 3690 artis
3316 3635 3569 3690 Saturno
3600 3631 3799 3705 adscri-

2159 3708 2319 3772 bere,
2364 3722 2498 3762 cum
2557 3710 2691 3761 ante
2738 3699 3053 3763 simulacra
3100 3707 3232 3762 rudi
3288 3713 3349 3761 et
3398 3704 3635 3762 informi
3683 3699 3797 3773 palo

2162 3783 2517 3835 constarent.
2555 3778 2692 3832 HAV.

2234 3852 2342 3921 (35)
2404 3851 2679 3921 Quorum_
2709 3852 2763 3903 et
2816 3864 3007 3921 omnes
3068 3864 3358 3919 possumus
3416 3847 3615 3921 uideri.
3672 3844 3804 3921 Hinc

2162 3910 2640 3994 patet'qu'omodo
2668 3919 2853 3994 locus,
2888 3920 2989 3991 qui
3036 3910 3395 3994 lunatusgest
3426 3920 3488 3975 in
3520 3920 3623 3994 lib.
3656 3933 3715 3994 ξι,
3743 3910 3805 3991 ad

2162 3989 2292 4052 Ναί.
2363 3989 2487 4063 cap.
2544 3993 2629 4061 12,
2682 3993 2759 4046 sit
2804 3989 3221 4057 restituendus,
3275 3992 3359 4046 ibi
3416 4009 3430 4047 :
3485 4013 3515 4040 «
3568 3989 3677 4045 Sed
3727 3989 3809 4040 cui

2164 4068 2528 4137 parentes...
2578 4063 2935 4134 quibusdam
2986 4064 3171 4137 facile
3201 4063 3309 4137 fuit
3361 4063 3536 4137 illum
3586 4063 3811 4137 deorum

2166 4130 2352 4191 filium
2386 4135 2525 4200 dici,
2566 4130 2815 4206 quorum
2868 4152 3074 4207 poss...
3124 4134 3328 4189 videri.
3389 4159 3419 4186 ››
3474 4130 3813 4207 Supplerunt

2208 4226 2269 4263 er
2314 4208 2510 4277 ignoti,
2559 4212 2615 4261 et
2655 4206 2883 4277 possunt
2928 4206 3013 4263 vel
3061 4223 3350 4277 possumus
3401 4221 3614 4277 omnes,
3651 4206 3811 4260 recte.

2208 4226 2269 4263 er
2314 4226 2510 4277 ignou,
2559 4226 2615 4261 et
2655 4226 2881 4277 possunt
2928 4226 3013 4263 vel
3061 4226 3350 4277 possumus
3401 4226 3614 4277 omnes,
3651 4226 3811 4260 recte.

2167 4226 2279 4335 Sed
2312 4285 2367 4333 et
2401 4277 2463 4330 τὸ
2508 4277 2969 4350 (ἰσονυηιίρι-ἰωε.
3014 4277 3207 4335 littera
3254 4279 3449 4334 minui
3502 4277 3812 4350 oportebat.

2168 4350 2445 4421 Sequitur
2472 4353 2529 4404 et
2558 4350 2635 4404 ibi
2671 4349 2829 4404 enim
2861 4367 2875 4405 :
2912 4373 2939 4401 «
2971 4350 3111 4413 Quis
3155 4350 3311 4407 enim
3345 4349 3575 4406 Caelum
3606 4352 3662 4404 et
3687 4351 3815 4401 Ter-

2171 4438 2319 4487 ram,
2354 4444 2381 4470 »
2415 4424 2524 4476 etc.
2558 4421 2701 4475 Hav.

2243 4486 2355 4563 (36)
2388 4494 2685 4562 Repentino
2732 4492 2951 4563 ubique.
3004 4493 3091 4547 lta
3121 4507 3232 4547 ms.
3285 4491 3346 4548 L.
3404 4496 3470 4546 B.
3516 4489 3743 4548 Herald.
3773 4486 3822 4540 et

2172 4564 2383 4635 Rigalt.
2409 4568 2784 4619 Intruserunt
2807 4563 2903 4618 alii
2937 4564 3134 4619 minus
3156 4568 3309 4618 recte
3340 4580 3547 4619 vocem
3574 4563 3819 4635 adventu.

2174 4631 2378 4706 Itavque
2404 4653 2509 4691 nec
2536 4636 2679 4690 illud
2716 4635 3200 4691 Wouwerianum
3233 4635 3615 4706 probandum
3652 4652 3665 4690 :
3695 4657 3720 4684 «
3752 4631 3823 4686 De

2174 4708 2479 4779 repentino
2510 4709 2762 4763 adventu
2798 4708 3021 4777 utique.
3059 4732 3080 4759 ι
3117 4707 3263 4762 Dicit
3293 4707 3456 4779 enim
3484 4709 3557 4763 de
3588 4712 3823 4779 Saturno

2176 4778 2420 4852 Tertull.
2453 4779 2510 4834 id
2561 4779 2730 4852 quod,
2770 4780 2860 4852 de,
2890 4780 3210 4852 subornato
3260 4778 3537 4852 falsoque
3585 4778 3831 4852 Agrippa

2174 4851 2433 4917 Tacitus,
2466 4867 2507 4905 ιι
2554 4848 2752 4905 Annal.
2803 4851 2873 4905 39
2905 4867 2918 4905 :
2958 4871 2986 4900 «
3016 4850 3409 4917 Relinquebat
3438 4848 3709 4917 'famar'n,
3740 4848 3832 4901 aut

2177 4922 2588 4994 praeveniebat.
2623 4947 2644 4973 ι
2680 4922 2854 4994 Notat
2883 4921 3156 4994 similiter
3203 4921 3509 4979 Lacertius
3541 4923 3602 4977 in
3635 4927 3828 4990 Empe-

2178 4992 2361 5049 doclis
2394 4993 2545 5063 Vita,
2565 5012 2598 5049 a
2627 4992 3150 5065 Selinantiisillum
3185 4994 3497 5064 repentina
3517 5012 3633 5051 sua
3664 5008 3834 5065 appa-

2179 5066 2389 5121 ritione
2420 5065 2930 5137 divinoshonores
2960 5064 3326 5137 impetrasse.
3363 5065 3484 5122 Sed
3518 5073 3580 5123 et
3610 5064 3711 5136 qui
3743 5076 3835 5134 pro

2179 5139 2490 5218 desperato
2522 5138 2594 5193 ab
2628 5136 2757 5192 aliis
2788 5136 3022 5218 relictus
3049 5136 3144 5218 est
3168 5138 3330 5218 locus
3362 5137 3472 5218 l_ib.
3508 5156 3580 5218 ιιΔ
3618 5137 3691 5193 ad
3722 5136 3834 5191 Nat.

2179 5208 2306 5280 cap:
2344 5211 2409 5263 13
2442 5225 2557 5265 una
2584 5225 2761 5280 opera
2790 5208 3030 5264 sanabo.
3066 5209 3148 5263 Ibi
3196 5209 3267 5263 de
3293 5210 3507 5265 eodem
3546 5212 3791 5267 Summo
3822 5221 3834 5258 :

2181 5303 2209 5330 ‹‹
2244 5280 2821 5353 Proinde..._semper
2850 5296 2986 5349 eg...
3012 5281 3316 5353 repentino
3346 5282 3579 5353 ubique
3609 5276 3840 5353 inolevit

2179 5351 2443 5407 leitem
2466 5349 2602 5407 dici.
2636 5371 2662 5400 n
2696 5349 3021 5422 Scripserat
3050 5349 3453 5408 Tertullianus
3479 5349 3504 5407 _:
3545 5375 3573 5405 α
3606 5350 3844 5408 Proinde

2182 5423 2435 5494 Saturno
2488 5439 2719 5493 semper
2765 5439 2942 5493 egeno
2989 5426 3046 5478 et
3092 5422 3419 5494 repentino.
3456 5446 3487 5474 »
3546 5424 3652 5480 llle
3693 5424 3842 5480 enim

2183 5493 2391 5565 pulsus
2423 5511 2596 5566 regno
2627 5511 2661 5549 a
2688 5494 2828 5550 Jove
2864 5494 3006 5564 ﬁlio,
3039 5493 3254 5568 dicitur
3297 5496 3525 5550 ibidem
3559 5496 3843 5568 plurimas

2181 5571 2370 5621 terras
2402 5581 2782 5641 peragrasse;
2818 5583 2999 5641 quare
3046 5566 3212 5641 illum
3245 5566 3679 5641 mendico,'qui
3710 5581 3847 5623 nus-

2184 5653 2362 5709 quam
2396 5638 2496 5693 diu
2525 5644 2743 5705 manet,
2776 5637 3086 5695 assimilat.
3121 5639 3265 5694 Hav.

2232 5709 2367 5790 ,(37)
2410 5710 2830 5790 Quosi__d_z‘vz_'no.
2881 5710 3051 5782 Apud
3098 5710 3394 5790 lustinum
3442 5712 3614 5790 v.__4,
3671 5708 3847 5790 Athe-

2186 5780 2422 5841 nienses
2479 5782 2840 5843 Alcibiadem
2889 5780 3023 5841 cum
3070 5782 3286 5842 victore
3334 5780 3607 5842 exercitu
3658 5780 3850 5842 subito
