4054 6174
266 330 361 390 385
1328 322 1920 386 APOLOGETICUS
1968 324 2155 386 ADV.
2203 323 2530 385 GENTES.

3510 324 3633 386 386

260 458 412 534 politi,
440 471 579 528 quos
624 457 758 510 ante
787 470 1005 527 paucos
1051 453 1176 509 dies
1220 453 1376 509 luctu
1428 453 1662 527 publico
1710 471 1869 511 mor-
1900 461 1952 528 Α
1984 459 2326 512 tractemus.
2352 460 2414 510 In
2443 456 2649 527 primis
2671 456 2909 528 quidem
2933 473 3169 513 necesse
3191 461 3280 514 est
3305 459 3634 515 concedatis

258 556 366 606 tuos
394 546 493 619 (38)
525 545 645 600 sint
694 543 972 613 confessi,
1002 542 1061 597 in
1109 543 1249 598 deos
1302 548 1662 598 consecrent.
1714 544 1870 600 Satis

252 642 353 710 jam
380 638 443 691 de
471 637 745 697 Saturno,
778 632 913 688 licet
942 631 1170 704 paucis.
1201 632 1390 686 Etiam
1434 636 1639 688 Jovem
1673 638 1869 688 osten-

257 728 429 782 demus
459 728 577 779 tam
609 723 763 778 332
814 720 1110 777 hominem
1141 720 1254 791 (39)
1285 737 1457 791 quam
1494 738 1561 775 ex
1610 720 1867 791 homine,

251 822 296 871 et
336 812 591 884 deinceps
645 816 835 866 totum
869 809 1100 882 generis
1153 825 1392 865 examen
1446 814 1567 864 tam
1629 810 1870 864 mortale

255 919 402 975 quam
433 900 674 956 seminis
706 899 799 954 sui
830 916 955 971 par.

861 1012 1093 1070 CAPUT
1131 1012 1225 1068 XI.

249 1110 652 1163 Aacumsu'wm.
687 1133 755 1144 —
786 1103 853 1157 At
904 1118 1031 1156 cum
1072 1109 1193 1172 post
1241 1104 1470 1156 mortem
1520 1101 1769 1157 homines
1799 1104 1863 1157 ob

301 1179 605 1233 meritorum
645 1175 1034 1243 praestantiam
1058 1174 1120 1227 in
1152 1178 1285 1228 Deos
1336 1172 1540 1245 adlecti
1582 1174 1861 1245 dicantur,

299 1251 518 1320 inquirit
545 1247 646 1320 hoc
691 1251 869 1317 capite
897 1246 957 1299 in
986 1261 1179 1320 causas
1225 1259 1350 1320 qui?
1378 1244 1480 1320 hoc
1522 1248 1808 1320 exegerint
1843 1244 1856 1300 ἑ

300 1317 410 1392 quae
435 1319 653 1392 quidem
683 1320 927 1388 respectu
956 1317 1162 1392 summi
1175 1318 1279 1392 Dei
1296 1318 1535 1371 inveniri
1564 1322 1857 1387 nequeunt,

297 1388 409 1446 cum
436 1388 536 1446 ille
565 1391 809 1444 aliorum
840 1406 935 1458 ope
971 1406 1088 1460 non
1116 1388 1359 1458 indigeat
1390 1406 1410 1442 :
1445 1393 1689 1459 respectu
1719 1391 1861 1460 ipso-

295 1480 424 1527 rum,
457 1462 542 1517 vel
573 1478 729 1517 vanae
757 1465 905 1526 sunt,
939 1459 1032 1514 vel
1060 1461 1214 1528 tales,
1246 1467 1303 1514 ut
1334 1469 1656 1515 mereantur
1681 1462 1863 1532 potius

294 1537 349 1590 ob
379 1534 509 1589 illas
540 1550 665 1588 cum
705 1532 971 1601 maleﬁcis
1002 1534 1057 1585 in
1090 1533 1269 1586 imum
1299 1535 1576 1585 tartarum
1609 1533 1858 1602 detrudi,

292 1608 379 1661 ubi
401 1606 745 1660 collocarunt
771 1620 857 1659 eos
887 1605 1054 1673 viros,
1086 1605 1181 1674 qui
1207 1606 1257 1658 el
1286 1604 1541 1671 inventis,
1566 1612 1621 1659 et
1647 1606 1861 1660 meritis

295 1679 403 1733 illo:
430 1679 589 1747 longe
618 1683 975 1746 superarunt.

295 1793 353 1848 Et
403 1790 708 1864 quoniam,
771 1789 923 1845 sicut
984 1788 1116 1845 illos
1170 1789 1438 1847 homines
1508 1792 1689 1847 fuisse
1748 1809 1862 1848 non

238 1882 439 1937 audetis
469 1896 708 1952 negare,
745 1879 829 1935 ita
858 1885 989 1949 post
1035 1883 1280 1934 mortem
1316 1881 1455 1936 deos
1486 1881 1666 1937 factos
1697 1881 1865 1936 insti-

237 1970 409 2026 tuistis
460 1984 819 2039 asseverare,
851 1983 1061 2023 causas
1114 1984 1242 2039 quae
1273 1968 1383 2024 hoc
1430 1970 1726 2041 exegerint
1777 1987 1864 2025 re—

1980 560 2109 600 esse
2163 545 2417 617 aliquem
2469 536 2875 601 sublimiorem
2918 547 3100 601 Deum
3134 548 3244 619 (40)
3296 552 3354 601 et
3407 548 3631 602 manci-

1981 650 2110 705 pem
2145 634 2257 704 (41)
2302 635 2457 689 333
2504 636 2816 704 quemdam
2854 636 2964 705 (42)
3015 635 3363 703 divinitatis,
3414 635 3514 706 qui
3564 652 3633 691 ex

1979 722 2323 777 hominibus
2354 724 2490 777 deos
2522 722 2904 777 fecerit.Nam
2931 740 3117 793 neque
3149 723 3259 778 sibi
3292 724 3373 779 illi
3406 724 3631 796 potuis-

1978 816 2110 866 sent
2141 828 2374 866 sumere
2404 811 2772 866 divinitatem
2808 813 3130 882 (43),quam
3165 828 3280 866 non
3313 812 3628 885 habebant,

1979 917 2083 955 nec
2115 900 2267 955 alius
2316 905 2591 971 praestare
2642 917 2769 956 eam
2807 917 2920 955 non
2972 901 3350 966 habentibus,
3386 901 3497 956 nisi
3530 903 3631 974 qui

1978 990 2210 1061 proprie
2258 989 2596 1061 possidebat
2626 990 2667 1043 ³.
2702 992 2984 1045 Caeterum
3036 990 3084 1044 si
3118 1005 3290 1044 nemo
3322 996 3497 1055 esset,
3532 991 3631 1061 qui

1977 1078 2116 1132 deos
2152 1079 2381 1147 faceret,
2415 1080 2633 1132 frustra
2662 1078 3017 1149 praesumitis
3066 1078 3205 1133 deos
3254 1078 3436 1133 factos
3462 1080 3631 1134 aufe-

1975 1167 2155 1221 rendo
2204 1167 2510 1222 factorum.
2563 1166 2726 1222 Certe
2774 1167 3016 1237 quidem
3069 1168 3119 1222 si
3165 1167 3275 1237 ipsi
3327 1183 3389 1222 se
3440 1169 3630 1223 facere

1977 1255 2327 1327 potuissent,
2363 1272 2667 1326 nunquam
2701 1256 2969 1311 homines
3017 1256 3287 1323 fuissent,
3325 1255 3627 1327 possiden-

1975 1351 2059 1401 tes
2092 1346 2247 1417 apud
2266 1362 2328 1401 se
2346 1344 2570 1400 scilicet
2590 1344 2847 1400 melioris
2870 1345 3226 1401 conditionis
3249 1350 3625 1418 potestatem.

1974 1435 2159 1505 Igitur
2186 1434 2233 1489 si
2285 1438 2373 1489 est
2424 1433 2523 1504 qui
2574 1433 2749 1488 faciat
2787 1435 2953 1503 deos,
2986 1439 3242 1490 revortor
3289 1435 3361 1489 ad
3414 1451 3624 1490 causas

1972 1523 2390 1578 examinandas
2445 1522 2839 1578 faciendorum
2876 1539 2943 1577 ex
2974 1523 3313 1578 hominibus
3355 1524 3624 1591 deorum,

1972 1628 2077 1668 nec
2106 1611 2259 1667 ullas
2290 1610 2541 1677 invenio,
2576 1611 2690 1666 nisi
2723 1610 2771 1666 si
2806 1612 3133 1667 ministeria
3160 1613 3182 1646 ὀ
3213 1612 3324 1684 (44)
3357 1616 3415 1667 et
3461 1613 3625 1667 auxi-

1971 1700 2050 1756 lia
2096 1700 2305 1756 ofﬁciis
2352 1699 2562 1755 divinis
2605 1699 2955 1756 desideravit
2995 1701 3091 1755 ille
3142 1718 3393 1772 magnus
3446 1701 3623 1756 Deus.

1975 1791 2167 1845 Primo
2214 1789 2523 1861 indignum
2557 1792 2665 1853 est,
2699 1794 2764 1842 ut
2812 1788 3061 1859 alicujus
3095 1806 3268 1860 opera
3313 1789 3623 1860 indigeret,

1975 1886 2031 1935 et
2062 1879 2300 1950 quidem
2343 1878 2578 1942 mortui,
2613 1894 2794 1949 quum
2829 1878 3068 1950 dignius
3120 1878 3192 1933 ab
3227 1877 3395 1932 initio
3446 1879 3623 1933 deum

1976 1968 2232 2040 aliquem
2267 1966 2519 2034 fecisset,
2553 1966 2654 2036 qui
2686 1966 2899 2021 mortui
2950 1971 3075 2022 erat
3105 1982 3344 2038 operam
3392 1966 3625 2021 deside-

1636 2088 1838 2148 Variee
1869 2085 2192 2147 lectiones.

292 2195 309 2227 ³
334 2191 720 2249 Possidebaut
748 2191 932 2246 Paris.
1008 2191 1031 2225 ‘
1061 2189 1327 2263 Mysteria
1356 2192 1540 2247 Paris.

1656 2293 1805 2353 Com
1815 2290 2179 2353 mentarius.

230 2400 323 2454 sibi
346 2400 639 2455 redditum
695 2400 987 2454 mirantur
1018 2415 1031 2453 :
1070 2420 1097 2447 «
1130 2399 1191 2454 In
1225 2399 1380 2454 hunc
1429 2400 1625 2456 oculos
1656 2401 1859 2456 civitas

233 2474 496 2539 universa,
546 2472 605 2525 in
653 2471 810 2525 hunc
860 2487 1150 2541 suspensa
1192 2489 1293 2526 ora
1341 2474 1668 2527 convertit:
1702 2473 1859 2527 hunc

231 2546 375 2615 quasi
432 2545 503 2598 de
569 2543 710 2599 cmlo
756 2542 1025 2615 missum,
1060 2546 1117 2615 et
1177 2549 1238 2597 ut
1293 2543 1482 2614 ipsam
1540 2544 1859 2600 Victoriam

232 2613 564 2670 contuentur
622 2638 643 2664 ι
696 2613 1030 2686 Lactantius
1081 2613 1205 2670 loco
1254 2613 1435 2686 supra
1487 2622 1860 2672 memorato:

231 2710 253 2735 α
282 2688 565 2741 Minucius
613 2686 769 2741 Felix
800 2687 857 2739 in
889 2702 955 2740 eo
1010 2685 1178 2754 libro,
1214 2685 1619 2756 qui’Octavius
1650 2688 1861 2743 inscri-

231 2758 389 2819 bitur.
418 2759 506 2813 sic
566 2764 1015 2828 argumentatus
1065 2762 1154 2811 est
1186 2774 1198 2812 :
1233 2764 1573 2827 Saturnum,
1607 2776 1736 2815 cum
1774 2762 1861 2814 fu-

230 2836 379 2953 gatus
432 2833 595 2884 esset
644 2827 676 2883 a
728 2827 846 2882 ﬁlio
896 2828 955 2882 in
1012 2828 1352 2899 Italiamque
1406 2832 1680 2901 venisset,
1725 2831 1861 2887 lei

268 2900 392 2953 liurn
426 2900 857 2953 dictumzauod
881 2898 1177 2953 soleamus
1195 2916 1292 2953 eos
1317 2919 1564 2953 auorum
1589 2904 1860 2953 virtutem

268 2900 392 2973 liurn
426 2900 857 2970 dictumzquod
881 2898 1177 2973 soleamus
1195 2898 1292 2955 eois
1317 2919 1564 2973 quorum
1589 2898 1860 2958 virtutem

232 2972 506 3043 miremur,
564 2977 666 3025 aut
714 2987 835 3043 eos,
886 2971 985 3041 qui
1037 2971 1350 3043 repentina
1385 2975 1742 3043 advenerint,
1794 2976 1863 3030 de

230 3042 352 3098 caelo
383 3043 670 3099 cecidisse
699 3042 909 3097 dicere.
942 3066 964 3095 ι
1002 3042 1147 3097 Hinc
1178 3043 1320 3099 illud
1353 3044 1655 3117 vulgatum
1691 3064 1704 3102 :

448 3167 664 3217 Tertius
695 3181 723 3215 e
754 3166 892 3216 ccelo
922 3167 1113 3216 cecidit
1139 3168 1286 3217 Cato.

225 3295 317 3365 tice
339 3292 463 3361 jam
504 3293 729 3348 mirum
764 3291 1149 3365 a_mp1ius,cur
1169 3293 1403 3348 Paulum
1439 3296 1859 3365 etBarnabam,
1893 3263 1936 3329 Ο

231 3361 577 3419 Mercurium
611 3381 741 3419 esse
772 3361 1117 3435 Jovemque,
1147 3370 1204 3418 et
1233 3365 1453 3421 ccelites
1502 3361 1872 3423 descendisse

228 3438 550 3517 putaverint
580 3435 1074 3517 Lystrenses_Act.
1105 3438 1305 3517 Apost.
1333 3438 1869 3517 xxv,_12,quomodo

227 3507 425 3564 ibidem
483 3525 667 3576 xxvu,
700 3510 754 3562 6.
816 3507 1063 3580 Paulum
1118 3507 1266 3562 nihil
1323 3526 1355 3563 a
1413 3507 1608 3580 vipera
1664 3510 1870 3565 laesum

228 3580 825 3706 lDeumHmediderunt
875 3579 1225 3647 Melitenses,
1259 3584 1315 3634 et
1359 3579 1592 3635 barbari
1625 3587 1681 3637 et
1706 3582 1871 3637 insu-

250 3666 351 3704 ant.
436 3669 534 3706 Αν.

250 3666 351 3704 8m.
388 3666 534 3707 HAV.

286 3723 387 3802 (38)
426 3725 608 3778 Luc-tu
652 3719 867 3802 paelice
910 3724 1169 3802 mortuos.
1204 3722 1393 3802 Codex
1444 3723 1612 3802 Fuld:
1645 3730 1868 3802 postre:

233 3805 313 3846 ma
362 3796 440 3848 ita
501 3791 764 3861 concipit
796 3791 1091 3864 :Ahumatos
1138 3798 1408 3856 mortuos,
1460 3795 1616 3864 quod
1651 3791 1870 3851 referri

226 3866 398 3929 possit
428 3867 499 3921 ad
541 3879 767 3918 morem
800 3862 1227 3935 descriptorum
1263 3866 1359 3934 qui
1395 3862 1724 3921 ita—variam
1762 3868 1871 3921 lec-

222 3934 422 3991 tionem
474 3936 868 4008 invenientes
899 3934 1212 4008 utramque
1256 3942 1671 3992 connectentes
1703 3956 1869 4008 repo-

217 4008 411 4062 nehant
441 4024 455 4074 ;
494 4008 613 4062 nisi
651 4005 823 4059 malis
855 4005 935 4060 ita
967 4007 1490 4072 scribere,mortuos
1514 4020 1565 4064 et
1594 4005 1866 4066 humatos.

212 4075 400 4135 Videre
432 4079 613 4134 facile
662 4078 816 4137 licet.
849 4080 1003 4148 quod
1037 4079 1155 4133 acri
1209 4087 1370 4135 aceto
1401 4080 1694 4136 Casarum
1729 4100 1867 4137 con-

214 4154 443 4206 secratio
476 4158 539 4207 et
573 4149 841 4224 adoratio
875 4149 968 4203 hic
998 4167 1031 4204 a
1062 4151 1420 4207 Tertulliano
1472 4155 1866 4224 perfunditur,

215 4235 312 4275 non
344 4224 506 4296 enim
545 4220 770 4296 mortui
793 4223 1165 4296 tantummod
1195 4228 1249 4277 et
1280 4220 1652 4296 conclamati,
1677 4228 1776 4282 sed
1811 4220 1869 4283 et

213 4295 433 4362 sepulti.
476 4295 680 4349 Possis
731 4292 904 4347 etiam
941 4291 1131 4364 legere
1180 4300 1421 4351 humane
1469 4291 1717 4351 mortuos
1746 4298 1784 4352 i.
1816 4317 1865 4354 e.

216 4379 360 4419 more
392 4365 995 4436 hominum,iquibus
1049 4369 1387 4436 opposuerit
1419 4370 1475 4420 in
1508 4368 1630 4423 deos
1676 4386 1867 4425 conse-

213 4442 367 4491 crent.
401 4438 638 4512 Similis
668 4435 865 4512 irrisio
898 4438 1333 4512 peregrinorum
1362 4441 1866 4512 inuﬁminum,quo-

216 4521 336 4562 rum
371 4511 576 4563 cultus
608 4512 802 4561 Roma:
837 4508 1188 4577 invaluerat,
1221 4511 1376 4579 apud
1426 4508 1865 4568 Lucanum'lib.

220 4592 332 4644 vut,
362 4596 539 4634 versu
573 4579 701 4632 833.

316 4703 378 4751 Et
403 4716 571 4766 quem
601 4706 661 4752 tu
696 4701 957 4764 plangens
986 4700 1258 4751 hominem
1291 4704 1505 4753 testaris
1536 4706 1745 4756 Osirim.

205 4821 337 4879 Male
370 4844 511 4882 mox
542 4825 731 4881 Rhea.
770 4841 782 4878 :
822 4822 1191 4881 Ostendimus.
1228 4826 1369 4882 Hsv.

265 4897 373 4967 (39)
407 4900 545 4953 Tam
577 4897 885 4959 hominem,
914 4903 1029 4967 etc.
1067 4897 1856 4961 Sanchoniathon,vetustis-

206 4964 381 5023 simus
432 4970 718 5040 scriptor,
771 4966 927 5041 apud
976 4967 1320 5041 Theodoret.
1374 4987 1549 5026 serm.
1580 4973 1633 5040 3,
1678 4990 1731 5041 p.
1766 4974 1854 5040 42,

203 5042 519 5096 Saturnum
564 5037 767 5094 'fuisse
839 5037 1162 5106 hominem,
1233 5041 1453 5097 Rheam
1527 5037 1855 5107 mulicrem,

205 5110 430 5183 Saturni
488 5113 805 5183 conjugem
840 5109 1042 5183 tradit,
1075 5112 1174 5182 qui
1205 5113 1404 5169 Jovem
1457 5118 1514 5169 et
1561 5115 1855 5170 Junonem

208 5178 344 5256 ﬁlios
412 5178 804 5256 procréafint,
843 5178 1109 5256 quippe
1155 5200 1377 5253 omnes,
1437 5186 1509 5241 ob
1578 5188 1859 5243 beneﬁcia

207 5250 428 5321 collata,
462 5260 664 5325 postea
697 5254 768 5309 ab
798 5250 1170 5325 thnicibus
1207 5273 1305 5323 pro
1337 5250 1451 5312 diis
1482 5263 1620 5313 sunt
1647 5259 1854 5314 habiti.

206 5323 687 5401 :ljotam_qu_oque
730 5323 889 5401 ._i_ovis
941 5327 1339 5401 genealogiam
1390 5347 1523 5386 cum
1573 5347 1641 5385 ex
1672 5331 1858 5387 sacris

206 5391 357 5452 libris
388 5391 561 5453 En'nii
590 5391 898 5453 retulisset
933 5391 1378 5469 l}actantius,ita
1412 5401 1710 5457 concludit
1740 5402 1847 5460 lib.

207 5482 315 5546 1,.c.
350 5471 467 5546 14)
508 5492 535 5519 ‹‹
567 5470 698 5524 Haac
729 5473 817 5536 (ut
848 5467 1069 5546 scripta
1104 5467 1456 5546 suntlJovis
1491 5475 1858 5546 fratrumque

207 5539 321 5607 ejus
369 5541 573 5611 stirps,
607 5548 785 5612 atque
829 5539 1124 5612 cognatio,
1178 5539 1252 5595 in'
1290 5546 1443 5600 hunc
1494 5539 1859 5603 modum-ex

210 5626 361 5666 sacra
392 5610 717 5672 scriptione
746 5610 960 5667 tradita
985 5614 1093 5665 est.
1132 5632 1153 5661 ι
1198 5618 1337 5672 ΗΑν,

268 5684 377 5753 (40)
427 5684 824 5742 Sublimiorem
880 5684 1070 5737 Deum.
1148 5684 1255 5749 Qui
1314 5706 1429 5745 non
1489 5692 1720 5747 tantum
1777 5687 1856 5744 sit

208 5755 608 5831 Ἀρχάεότατνς,
643 5763 707 5814 ut
752 5758 822 5813 de
858 5754 1006 5811 Jano
1057 5754 1424 5818 Herodianus
1475 5760 1576 5818 lib.
1628 5780 1669 5830 ι,
1726 5778 1853 5834 cap.

1974 2400 2078 2467 16;
2112 2400 2211 2473 sed
2263 2403 2319 2454 et
2366 2396 2747 2473 Αὐτοκράτωρ,
2800 2402 2865 2452 ut
2914 2398 2983 2473 in,
3020 2413 3278 2473 nummo,
3314 2412 3489 2468 quem
3542 2396 3615 2473 ad

1972 2487 2099 2542 cap.
2134 2472 2221 2539 34,
2258 2467 2639 2541 proferemus,
2670 2467 2929 2542 vocatur
2954 2469 3125 2542 Caius
3158 2467 3424 2542 respectu
3475 2467 3608 2524 scil.

1973 2539 2269 2597 ad'Solem
2301 2549 2357 2599 et
2405 2544 2652 2609 Lunam,
2689 2542 2787 2612 qui
2825 2539 2936 2593 0εοὶ
2984 2539 3372 2612 αὐτοκράτὸρες
3412 2557 3619 2595 vocan—

1972 2620 2069 2669 tur
2124 2616 2274 2685 apud
2339 2614 2637 2685 Philonem
2695 2616 2762 2669 de
2818 2613 3093 2667 Monarch.
3145 2614 3244 2667 lib.
3297 2631 3335 2682 1,
3391 2629 3459 2685 ρἒ
3491 2612 3618 2682 812,

1973 2684 2233 2757 adeoque
2278 2686 2508 2741 deorum
2555 2684 2705 2750 deus,
2756 2688 2819 2738 ut
2866 2685 3121 2757 Marobio
3168 2700 3373 2757 rursus
3430 2684 3616 2738 Janus

1972 2754 2228 2823 vocatur,
2260 2757 2361 2812 lib.
2419 2775 2455 2826 1,
2485 2773 2611 2880 cap.
2664 2758 2717 2824 9,
2769 2754 3111 2830 Δημιουργὸς
3162 2754 3250 2807 καὶ
3290 2755 3406 2814 θεὸς
3460 2759 3616 2825 θεῶν,

1973 2831 2264 2880 quomodo
2349 2828 2547 2880 Hieroc
2577 2844 2637 2880 es
2722 2827 2779 2880 in
2862 2830 2994 2880 Aur.
3065 2826 3246 2880 Carm.
3334 2827 3616 2880 describit

1973 2831 2264 2900 quomodo
2349 2826 2637 2883 Hierocles
2722 2827 2779 2881 in
2862 2826 3246 2900 Auri'Carni.
3334 2827 3619 2881 describit

1973 2899 2272 2955 summum
2308 2904 2485 2954 Deum
2525 2916 2537 2952 :
2572 2921 2600 2948 «
2633 2903 2958 2953 Creatorem
2991 2899 3183 2952 solum
3215 2899 3395 2952 Deum
3439 2914 3613 2967 quem

1972 2973 2156 3027 Deum
2218 2973 2457 3027 deorum
2518 2970 2727 3024 dixerit
2794 2968 3028 3039 aliquis,
3088 2973 3145 3023 et
3194 2974 3414 3039 Deum,
3450 2985 3616 3023 sum-

1974 3060 2135 3098 mum
2167 3048 2245 3133 “et
2291 3042 2581 3133 optimum
2617 3060 2629 3097 :
2662 3040 2767 3128 Τρν
2800 3036 3131 3129 δημιῖρργὸν
3182 3038 3347 3127 priva:
3396 3037 3453 3091 ὃν
3497 3039 3616 3093 θεὸν

1974 3118 2105 3176 θεῶν
2166 3110 2225 3166 ἂν
2287 3106 2428 3166 εἷ’ποι
2483 3132 2586 3179 τις,
2644 3109 2733 3164 καὶ
2787 3106 2903 3173 θεὸῖν
2959 3106 3277 3164 Siti-cavum?
3311 3106 3550 3184 ἄριστον.
3588 3132 3618 3161 ››

1973 3187 2111 3240 ΗΑν.

2048 3256 2156 3326 (41)
2189 3255 2504 3325 Mancipem.
2538 3253 2778 3316 Qualem
2803 3252 3289 3326 _inte]ligere__dat
3319 3252 3621 3326 Luctatius

1979 3324 2069 3382 vel
2104 3324 2438 3382 Lactantius
2471 3326 2638 3380 Statii
2689 3324 3001 3381 Scoliastes
3033 3326 3102 3380 ad
3137 3324 3237 3379 lib.
3272 3341 3327 3378 ιν
3367 3324 3620 3380 Thebaid.

1981 3417 2115 3454 cum
2148 3399 2352 3454 scribit
2386 3416 2397 3453 :
2433 3421 2467 3469 «γ
2496 3396 2708 3451 Inﬁniti
2743 3401 2935 3452 autem
2971 3396 3476 3469 philosophorum,
3502 3412 3626 3451 ma-

2020 3488 2208 3525 orum.
2242 3474 2424 3524 Persa:
2456 3468 2593 3522 item
2637 3468 3008 3537 confirmant,
3036 3485 3233 3523 revera
3262 3484 3390 3523 esse
3421 3474 3630 3539 praeter

2020 3488 2208 3525 orum.
2242 3488 2424 3524 versae
2456 3488 2593 3522 item
2637 3488 3008 3537 conurmant,
3036 3488 3233 3523 revera
3262 3488 3390 3523 esse
3421 3488 3624 3539 praeter

1980 3488 2086 3597 gos
2114 3544 2253 3597 deos
2286 3540 2548 3612 cognitos
2596 3541 2695 3611 qui
2723 3540 2998 3596 coluntur
3046 3542 3101 3595 in
3153 3540 3390 3611 templis
3444 3539 3624 3595 alium

1981 3614 2329 3686 principem,
2362 3620 2419 3667 et
2476 3614 2740 3686 maxime
2777 3618 2976 3686 Deum,
3030 3617 3367 3686 caeterorum
3430 3612 3625 3665 numi-

1981 3684 2122 3741 num
2186 3685 2604 3740 ordinatorem.
2638 3707 2664 3731 ››
2697 3685 2939 3738 Tertull.
2979 3701 3183 3739 rursus
3231 3684 3331 3738 lib.
3364 3685 3433 3737 de
3458 3686 3627 3753 Spec-

1979 3766 2095 3837 tac.
2131 3773 2181 3837 (ξ.
2219 3758 2282 3811 10
2318 3772 2329 3810 :
2371 3779 2390 3804 ι
2422 3757 2577 3837 _Qua:_
2607 3772 2740 3810 vero
2774 3772 2909 3837 voce
2952 3762 3008 3811 et
3048 3756 3238 3837 modis
3282 3762 3339 3810 et
3381 3754 3624 3837 organis

1979 3833 2035 3883 et
2062 3828 2218 3898 lyriae
2250 3828 2678 3897 transiguntur,
2700 3827 2998 3897 Apollines
3028 3832 3083 3881 et
3116 3828 3312 3882 Musas
3343 3830 3397 3881 et
3416 3827 3629 3881 Miner-

1979 3917 2079 3955 vas
2139 3905 2194 3954 et
2253 3899 2574 3953 Mercurios
2634 3899 2937 3968 mancipes
2997 3900 3232 3953 habent.
3298 3920 3325 3946 ››
3386 3898 3630 3951 ΗΠ.-

1980 3971 2373 4048 «_Mancipem_
2399 3970 2713 4048 quemdam
2747 3969 3096 4048 divinitatis.
3127 3992 3153 4018 »
3187 3968 3629 4048 Quasimagna-

1980 4043 2132 4098 rium
2163 4043 2475 4113 quemdam
2507 4041 2828 4095 divinitatis
2861 4041 3631 4113 negotiatoremZMancipes

1978 4111 2264 4170 Asconius
2325 4114 2740 4183 interpretatur
2805 4111 3105 4184 Principes
3175 4111 3626 4184 publicanorum

1978 4188 2418 4256 Redemptores,
2453 4181 2547 4239 Sic
2598 4184 2751 4256 apud
2802 4181 3067 4239 auctores
3114 4181 3626 4256 Juris,AMancipes

1979 4253 2243 4321 Viarum,
2294 4253 2652 4323 Salinarum,
2695 4263 2801 4311 etc.
2836 4256 2932 4310 Sic
2984 4262 3040 4310 et
3091 4254 3493 4309 Tertullianus
3521 4253 3622 4307 lib.

1977 4331 2046 4384 de
2104 4329 2425 4384 ldololalria
2474 4328 2637 4392 dixit,
2700 4328 2995 4397 Mancipes
3055 4328 3365 4380 idolorum.
3399 4326 3522 4379 Bia.
3557 4355 3626 4365 —-

1980 4404 2297 4471 Mancipem
2353 4400 2658 4471 quemdam.
2704 4400 2975 4464 Venusto,
3034 4400 3225 4471 inquit
3283 4398 3624 4471 Rhenanus,

1981 4467 2310 4543 mancipem
2347 4467 2684 4543 divinitatis
2714 4476 2883 4543 vocat
2930 4467 3307 4525 Deum—illum
3362 4467 3626 4539 superio-

1982 4561 2124 4605 rem,
2151 4541 2215 4598 ac
2240 4542 2543 4614 potiorem,
2574 4542 2674 4612 qui
2700 4541 2777 4596 rel
2805 4542 2939 4612 quis
2962 4542 3323 4614 divinitatem
3357 4555 3627 4614 commu-

1896 4635 1942 4699 D
1978 4617 2204 4680 nicarit,
2240 4611 2436 4699 sicuti.
2462 4611 2709 4695 sutrina:
2734 4611 3093 4699 magistrum
3126 4613 3368 4695 .Plinius
3393 4611 3629 4699 .manci-

1976 4706 2106 4760 pem
2156 4692 2355 4760 vocat,
2389 4690 2445 4741 et
2494 4687 2549 4739 in
2612 4685 2875 4760 qualibet
2922 4703 2983 4741 re
3043 4686 3141 4757 qui
3190 4684 3409 4742 summi
3461 4687 3623 4748 sunt,

1972 4757 2271 4830 mancipes
2303 4758 2614 4830 dicuntur.
2638 4757 2776 4812 PAM.

2041 4826 2505 4902 (4‘3)'Quemdam.
2543 4829 2643 4883 Ed.
2682 4834 2842 4884 Barr.
2880 4827 3117 4899 quidem,
3149 4831 3210 4881 ut
3232 4831 3288 4881 et
3319 4843 3431 4880 ms.
3462 4826 3525 4880 L.
3559 4829 3623 4879 B.

1969 4903 2108 4956 ΗΑν.

2043 4973 2153 5043 (43)
2188 4972 2414 5027 Sumere
2460 4971 2829 5043 divinitatem.
2879 4973 3037 5025 lnt'ra
3089 4970 3301 5043 c.7272:
3356 4991 3383 5043 ε<
3423 4969 3624 5022 [Emu-

1970 5040 2170 5098 lantur
2229 5044 2617 5107 divinitatem,
2653 5042 2794 5096 dum
2833 5043 3102 5097 furantur
3131 5040 3625 5096 divinationem.»

1968 5116 2075 5172 Ubi
2111 5116 2239 5170 vide
2271 5132 2399 5186 qna)
2436 5118 2731 5168 notamus.
2770 5115 2909 5167 Hav.

2041 5188 2151 5260 (44)
2186 5181 2305 5243 Nisi
2331 5189 2382 5260 si
2408 5187 2752 5260 ministeria.
2801 5186 3049 5240 Adverte
3078 5181 3504 5260 Tertullianum
3538 5182 3627 5236 di-

1966 5256 2182 5314 lemma
2214 5258 2515 5315 conficere.
2550 5257 2768 5329 idcirco
2803 5274 3054 5329 magnus
3091 5259 3261 5329 Deus
3293 5256 3626 5329 adiutorem

1968 5332 2077 5386 sibi
2112 5331 2448 5403 postulavit,
2484 5326 2565 5403 vel
2601 5329 2737 5397 quia
2770 5326 3057 5401 indigeret
3088 5328 3304 5403 auxilio
3336 5334 3392 5381 et
3427 5327 3629 5403 minis-

1969 5399 2418 5473 terio‘alicujus,
2452 5400 2742 5473 sinequo
2776 5399 3139 5472 non—posset
3172 5401 3292 5473 haec
3344 5399 3621 5473 machina

1969 5476 2175 5529 mundi
2211 5471 2364 5529 fieri:
2392 5473 2477 5528 vel
2512 5472 2653 5544 quia
2684 5472 2793 5528 hoc
2825 5471 3099 5544 petebant
3130 5472 3338 5529 merita
3369 5471 3623 5544 alicujus

1973 5548 2093 5619 Dei.
2123 5548 2246 5619 Non
2290 5542 2569 5619 primum,
2604 5542 3191 5619 quiain'ulluslocus
3240 5542 3444 5619 merito
3477 5542 3625 5619 atto-

1969 5614 2516 5694 lendi_‘in_cg_31um,
2547 5614 2677 5672 cum
2708 5618 2850 5694 sint
2897 5615 3098 5694 multa
3132 5614 3338 5694 merita
3388 5614 3622 5694 suppri-

1969 5689 2166 5819 rInendi
2198 5690 2269 5747 ad
2299 5692 2632 5759 Tartarum,
2667 5692 2725 5746 et
2751 5688 2873 5745 haec
2906 5688 2992 5745 vis
3023 5691 3143 5744 tota
3175 5684 3352 5754 hujus
3382 5684 3616 5751 capitis.

2018 5779 2100 5818 AC.

2018 5779 2100 5818 AC.
