4054 6174
450 353 564 413 391

449 580 665 629 cratem
699 574 831 643 (65),
866 572 936 627 de
969 572 1133 641 ecpia
1188 572 1445 626 Crcnsum
1479 568 1613 641 (66),
1645 570 1716 623 de
1764 567 2100 639 eloquentia

452 663 895 718 Demosthenem
944 661 1050 729 (67)
1074 660 1101 713 ‘l
1135 661 1272 725 Quis
1306 676 1373 714 ex
1423 658 1541 713 illis
1571 657 1684 712 diis
1728 658 1935 711 vestris
1966 674 2097 729 gra-

450 753 569 806 vior
616 756 673 806 et
719 750 1041 821 sapientior
1083 752 1299 804 Catone
1356 746 1491 818 (68),
1531 746 1756 816 justior
1810 751 1867 800 et
1887 746 2098 801 milita-

448 842 565 894 rior
614 840 880 909 Scipione
911 836 1068 909 (69)?
1118 836 1249 907 quis
1299 836 1610 891 sublimior
1654 837 1929 906 Pompeio
1961 836 2094 905 (70),

443 928 664 984 felicior
707 927 863 998 Sylla
909 927 1043 997 (71),
1103 925 1394 996 copiosior
1451 926 1681 990 Crasso,
1732 924 2097 994 eloquentior

444 1017 636 1071 Tullio
668 1015 825 1087 (72)?
871 1017 1099 1079 Quanto
1150 1014 1389 1085 dignius
1421 1014 1565 1068 istos
1614 1014 1751 1068 deos
1798 1013 1891 1067 ille
1924 1030 2093 1067 assu-

447 1105 689 1159 mendus
721 1109 1135 1174 exspectasset,
1187 1102 1464 1173 praescius
1517 1102 1719 1172 utique
1751 1102 2042 1172 potiorum
2068 1101 2095 1156 ?

445 1192 797 1265 Properavit,
832 1192 1059 1263 opinor,
1092 1196 1149 1246 et
1179 1190 1387 1247 coelum
1422 1190 1603 1245 semel
1633 1190 1829 1255 clusit,
1861 1196 1918 1244 et
1942 1207 2092 1245 nunc

447 1284 654 1353 utique
684 1280 1024 1345 melioribus
1057 1281 1210 1351 apud
1246 1281 1460 1335 inferos
1495 1279 1946 1335 mussitantibus
1978 1279 2091 1350 (73)

443 1371 757 1426 erubescit.

1064 1475 1294 1530 CAPUT
1335 1474 1457 1530 Xll.

443 1590 879 1639 ARGUMENTUM.
913 1611 980 1623 -—
1010 1584 1149 1637 'Jam
1189 1598 1351 1653 porro
1400 1582 1653 1648 ostendit,
1704 1583 1939 1637 numina
1988 1584 2089 1638 illa

513 1656 657 1709 nihil
686 1670 816 1720 esse,
849 1655 960 1707 nisi
988 1658 1183 1707 inania
1204 1659 1545 1709 mortuorum
1576 1657 1823 1721 nomina,
1853 1671 2089 1725 quorum

511 1728 837 1794 simulacra,
869 1735 1110 1795 respectu
1158 1727 1407 1781 materiae
1453 1727 1805 1796 fabricwque,
1839 1730 2089 1781 maxime

511 1800 796 1854 contemni
814 1806 1155 1865 mereantur,
1178 1802 1240 1851 ut
1263 1798 1393 1852 adeo
1424 1799 1480 1852 in
1502 1799 1762 1853 solatium
1791 1799 1902 1854 sint
1930 1799 2083 1853 338

972 348 1499 412 TERTULLIANI
1543 348 1866 409 OPERUM
1916 344 2118 406 PARS
2161 344 2211 404 ι.
2243 376 2323 389 -
2349 344 2627 409 SEHIES
2673 348 2723 423 Ι,
2765 346 3339 411 APOLOGETICA.

3711 354 3816 415 392

450 484 813 541 sublimitate
856 482 1250 538 Alexandrum
1298 482 1433 550 (64),
1486 479 1883 575 deqfelicitate
1937 477 2097 575 Poly-
2129 509 2186 575 Α
2867 481 3732 575 lill-alpuniantur.
3769 485 3826 541 Ut

2275 552 2429 604 enim
2459 552 2546 606 dii
2574 552 2732 622 ﬁant,
2760 553 3009 607 crucibus
3040 552 3185 607 velut
3217 553 3536 623 Christiani,
3553 555 3816 623 ﬁguntur;

2280 623 2444 677 asciis
2498 624 2804 691 edotantur,
2870 634 3201 679 (runcantur
3268 626 3514 694 denique.
3571 629 3812 681 Leonisus

2279 698 2447 749 etiam
2478 696 2796 765 cinguntur,
2830 700 2880 749 et
2924 697 2981 750 in
3014 696 3341 766 lapidicinis
3388 697 3647 763 habitant,
3679 701 3817 768 atque

2279 783 2348 821 ex
2376 769 2577 820 insulis
2603 769 2947 837 proveniunt.
2985 768 3117 835 Qum
3145 770 3285 822 sicut
3315 770 3421 828 ipsi
3447 784 3551 821 non
3579 772 3819 836 sentiunt,

2279 842 2359 893 ita
2388 854 2485 892 nec
2534 837 2786 903 honores,
2827 842 2921 909 qui
2952 841 3083 909 ipsis
3130 841 3290 907 ﬁunt.
3323 840 3437 893 Non
3466 842 3638 909 itaque
3665 844 3823 910 magis

2276 910 2579 965 damnandi
2612 910 2939 977 Christiani,
2965 912 3062 980 qui
3090 910 3226 965 illos
3255 917 3526 980 respuunt,
3549 926 3702 979 quam
3721 916 3822 981 ipse

2276 983 2407 1037 olim
2439 980 2658 1048 Seneca,
2681 985 2777 1052 qui
2803 983 3068 1037 similiter
3089 984 3282 1037 inanes
3302 985 3697 1052 superstitiones
3726 980 3821 1037 im-

2272 1055 2521 1124 probavit
2556 1072 2574 1107 :
2606 1054 3050 1113 ridiculosrenim
3079 1069 3194 1108 esse
3225 1055 3373 1121 deos,
3397 1055 3490 1123 qui
3518 1054 3732 1123 injuriae
3758 1056 3823 1108 vi-

2274 1127 2617 1181 lissimorum
2665 1128 2831 1179 etiam
2884 1126 3239 1179 bestiolarum
3283 1128 3530 1195 pateant,
3574 1128 3675 1178 imo
3718 1128 3820 1196 qui,

2272 1214 2398 1253 cum
2426 1212 2536 1251 non
2565 1198 2703 1262 sint,
2735 1212 2831 1253 nec
2859 1199 2978 1252 illis
3009 1198 3106 1267 qni
3133 1200 3262 1250 sunt
3308 1196 3626 1266 bene/acere,
3652 1212 3744 1251 nec
3765 1213 3824 1253 ac

2274 1270 2396 1325 illis
2424 1269 2553 1324 laedi
2577 1278 2821 1339 possunt.

2271 1360 2445 1415 Cesso
2468 1360 2595 1430 jam
2620 1359 2691 1413 de
2718 1357 2869 1427 istis,
2897 1362 2961 1413 ut
2993 1357 3093 1427 qui
3116 1357 3297 1412 sciam
3332 1372 3423 1411 me
3451 1371 3517 1410 ex
3546 1355 3666 1426 ipsa
3683 1356 3820 1411 veri-

2197 1453 2318 1504 tate
2348 1449 2891 1503 demonstraturum
2942 1446 3083 1517 quid
3130 1462 3247 1501 non
3298 1446 3436 1512 sint,
3483 1460 3610 1499 cum
3640 1450 3815 1499 osten-

2197 1539 2335 1593 dero
2364 1537 2504 1607 quid
2537 1536 2674 1591 sint.
2710 1538 3003 1602 Quantum
3036 1535 3216 1607 igitur
3244 1536 3315 1589 de
3345 1533 3457 1588 diis
3486 1534 3702 1603 vestris,
3734 1550 3820 1589 no-

2198 1627 2357 1683 mina
2387 1626 2538 1681 389
2571 1623 2941 1680 solummodo
2964 1624 3128 1678 video
3161 1621 3548 1693 quorumdam
3579 1628 3813 1676 veterum

2200 1723 2560 1771 mortuorum
2587 1714 2716 1785 (74),
2742 1719 2799 1767 et
2831 1712 3058 1767 fabulas
3089 1713 3284 1776 audio,
3304 1718 3360 1766 et
3388 1727 3552 1765 sacra
3579 1711 3645 1765 de
3666 1710 3815 1765 fabu-

2199 1806 2270 1861 lis
2288 1819 2637 1875 recognosco
2660 1819 2674 1871 ;
2696 1808 2987 1874 quantum
3004 1808 3200 1856 autem
3226 1802 3299 1856 de
3320 1798 3646 1855 simulacris
3667 1800 3814 1871 ipsis,

1874 1898 2393 1963 Commentarius.

432 1993 1122 2075 emicuit-bellqudico,
1159 2012 1354 2075 pugna
1378 1995 1768 2075 Marathonia,
1803 1997 1911 2051 sub
1945 2015 2077 2075 a_us-
2112 2010 2156 2075 Β

435 2067 603 2139 piciis
637 2066 938 2132 Miltiadis,
958 2072 1013 2121 et
1042 2083 1172 2121 mox
1200 2069 1323 2138 ipse
1341 2066 1560 2138 aliquot
1581 2068 1751 2123 annis
1783 2075 1931 2139 post,
1962 2071 2079 2125 dux

431 2139 879 2212 Atheniensum,
911 2139 1186 2212 adversus
1238 2139 1440 2212 Xerxis
1489 2139 1721 2195 navales
1768 2142 1965 2212 copias
2005 2144 2077 2198 ad

435 2210 794 2267 Salaminam
829 2210 1194 2265 memorabili
1241 2227 1373 2265 cum
1408 2210 1580 2266 laude
1629 2210 1906 2268 conﬂixit.
1942 2214 2075 2269 Lac.

507 2282 619 2353 (64)
652 2282 1043 2356 Alexandrum.
1078 2282 1255 2354 Cujus
1290 2280 1677 2356 μεγᾳλοψυίία
1706 2300 1939 2339 omnem
1973 2302 2079 2356 pa-

433 2354 633 2425 ginam
665 2354 817 2422 apud
843 2354 1153 2408 Arrianum
1190 2360 1246 2408 et
1273 2354 1538 2409 Curtium
1571 2356 1795 2426 implet.
1828 2356 1968 2411 HAV.

506 2426 617 2496 (65)
644 2426 1007 2496 Polycratem.
1044 2426 1167 2481 Non
1218 2426 1268 2480 is
1320 2427 1443 2497 pari
1476 2443 1652 2496 passu
1701 2428 1985 2491 ambulat,
2017 2428 2076 2481 in

433 2496 547 2551 ﬁne
579 2500 703 2551 vitae
736 2502 808 2551 ab
840 2498 998 2551 omni
1032 2498 1265 2552 fortuna
1294 2496 1656 2566 deturbatus,
1691 2505 1746 2553 et
1776 2500 1987 2555 misere
2018 2501 2077 2553 in

433 2584 602 2622 cruce
634 2573 911 2635 necatus;
962 2568 1147 2623 felicis
1182 2574 1377 2625 tamen
1410 2586 1623 2624 nomen
1654 2571 1964 2625 vindicavit
1996 2571 2079 2625 illi

435 2640 613 2714 nimia
648 2640 915 2714 Fortunas
962 2640 1347 2714 indulgentia,
1380 2646 1435 2695 et
1464 2658 1494 2695 a
1539 2642 1697 2713 pisce
1748 2647 2078 2714 reportatus

434 2711 697 2767 abiectus
728 2711 785 2765 in
819 2727 979 2765 mare
1010 2713 1283 2766 annulus.
1320 2717 1459 2767 ΗΑν.

502 2726 697 2765 laetus
728 2728 785 2765 1n
819 2727 979 2765 mare
1010 2726 1283 2766 annulus.
1320 2726 1459 2767 mw.

502 2726 615 2854 (’66)
646 2784 719 2837 De
742 2784 897 2852 copia
942 2782 1197 2839 Crassum.
1249 2785 1423 2840 Miror
1451 2783 1569 2837 htBO
1600 2784 1657 2837 in
1693 2785 1793 2840 Ed.
1823 2785 2081 2840 Juniana

433 2869 548 2908 non
599 2870 955 2928 comparere,
1001 2872 1135 2913 cum
1184 2857 1358 2910 etiam
1378 2854 1589 2928 irAldus
1635 2863 1935 2928 agnoscat,
1978 2856 2077 2911 ubi

430 2942 734 3051 perperam
771 2926 1025 2981 Crassum
1067 2928 1319 3010 ponitur.
1375 2926 1625 2981 Delubra
1673 2926 1804 2983 vero
1834 2929 2077 2984 deorum

476 2997 620 3051 vdiae
653 2997 829 3051 huius
859 3015 1002 3051 auro
1034 3000 1217 3051 ditata
1248 2998 1604 3051 onulentiam
1646 3001 1773 3051 eius
1805 3002 2077 3051 ostende-

476 2997 620 3069 ydiae
644 2997 829 3071 _bujus
859 3015 1002 3053 auro
1034 2997 1217 3053 ditata
1248 2998 1604 3071 Opulentiam
1646 3001 1773 3071 ejus
1805 3002 2078 3056 ostende-

434 3074 594 3123 runt.
629 3069 840 3124 Omisit
869 3087 1102 3141 quoque
1136 3069 1467 3125 Rhenanus.
1500 3071 1637 3124 ΗΑν.

502 3141 612 3211 (67)
643 3140 1073 3196 Demosthenem.
1108 3145 1287 3212 Cujus
1332 3142 1604 3197 volubilis
1636 3142 1846 3213 lingua:
1880 3140 2075 3196 fulmi-

436 3228 509 3265 na
535 3213 780 3267 attonita
811 3213 1032 3269 stunuit
1064 3214 1300 3269 Graecia.
1334 3218 1475 3267 ΗΑν.

504 3231 780 3267 .auonita
811 3231 901 3266 stu
954 3231 1032 3267 uu
1064 3231 1300 3269 uraama.
1334 3231 1475 3267 uav.

504 3282 618 3356 (68)
652 3282 868 3338 Catone.
895 3231 1018 3349 Illo,
1050 3286 1148 3356 qui
1183 3286 1252 3339 de
1279 3284 1419 3339 coelo
1444 3282 1724 3356 cecidisse
1754 3282 2076 3348 dicebatur,

432 3354 529 3423 qui
565 3354 751 3407 bonus
785 3370 913 3409 esse
942 3354 1115 3425 quam
1147 3356 1328 3410 videri
1362 3356 1631 3411 malebat.
1665 3355 1805 3409 HAV.

505 3426 617 3495 (69)
643 3425 911 3495 Scipione.
952 3428 1011 3480 In
1044 3444 1157 3497 quo
1190 3428 1335 3481 duas
1365 3428 1507 3480 istas
1550 3427 1793 3481 virtutes
1826 3426 2071 3495 conjun-

428 3493 529 3569 git,
566 3493 857 3569 quemque
877 3493 1574 3553 Aristidiethemistocli
1609 3493 2074 3569 opponit,quan-

427 3566 506 3620 tis
539 3568 717 3622 viris!
753 3574 808 3622 et
839 3575 991 3623 certe
1018 3570 1075 3624 in
1109 3571 1280 3625 laude
1303 3569 1517 3625 militis:
1550 3566 1824 3624 omnibus
1856 3566 1926 3622 ab
1961 3570 2073 3622 Lu-

428 3637 595 3691 ciano
655 3641 1049 3710 anteponitur,
1131 3658 1244 3695 uno
1318 3641 1639 3697 Alexandro
1698 3646 1952 3710 excepto,
2013 3639 2073 3693 in

419 3710 686 3777 jucunda
727 3710 836 3764 ista
885 3712 1257 3767 altercatione
1302 3711 1606 3767 Annibalis
1654 3719 1710 3767 et
1737 3711 2073 3780 Alexandri,

426 3780 580 3855 inter
611 3781 881 3851 Dialogos
911 3784 1295 3846 Mortuorum,
1320 3785 1416 3855 qui
1442 3786 1614 3838 etiam
1648 3785 1704 3837 in
1737 3784 2074 3838 recensione

429 3854 849 3923 imperatorum
914 3856 1303 3910 Romanorum
1340 3854 1587 3925 ’primas
1634 3855 1858 3910 obtinet
1916 3856 2071 3925 apud

425 3925 767 4000 'l‘heodoret.
790 3927 869 3981 Ad
889 3932 1116 4000 Graecos
1148 3926 1496 4000 ρ.121;Οὐχ
1517 3927 1569 3979 ot
1599 3927 1884 3998 Ῥωμαίων
1917 3945 2071 4000 περ(-

425 3995 775 4071 φανὲπτατοι-
806 3997 1125 4071 στρατηγοὶ,
1148 3995 1203 4052 ’ὁ
1250 3995 1496 4052 Σκιπίωῖ
1531 4004 1558 4051 ὸ
1612 3995 1849 4071 πρώτος,
1884 3995 1996 4053 etc."
2032 3998 2069 4052 i.

426 4073 697 4143 e._¢_Non
748 4069 1133 4126 Romanorum
1185 4071 1619 4143 praaclarissimi
1656 4069 2069 4143 imperatores,

420 4138 756 4212 Scipionum
780 4143 991 4212 major,
1013 4166 1039 4190 ››
1072 4138 1387 4197 ρῐοῘΕῐὶετη
1422 4144 1555 4211 iusti
1574 4138 1824 4211 elogium
1860 4142 2073 4196 meruit

422 4211 713 4285 Scipionis
745 4211 953 4269 nomen
1004 4214 1215 4281 insigni
1264 4216 1377 4269 isto
1411 4215 1579 4277 facto,
1614 4230 1728 4284 quo
1774 4217 1844 4269 de
1879 4215 2072 4285 praeda

422 4282 701 4351 virginem
735 4286 997 4340 omnium
1026 4286 1512 4341 formosissimam
1543 4282 1819 4341 intactam
1855 4282 2071 4355 sponso

426 4371 530 4407 suo
564 4356 835 4411 restituit.
870 4358 1182 4412 Historiam
1220 4365 1461 4413 narrant
1494 4358 1683 4411 Livius
1716 4358 1814 4412 lib.
1848 4374 1978 4411 xxvr
2012 4358 2067 4411 in

425 4426 559 4499 line,
592 4433 647 4481 et
691 4427 955 4485 Valerius
1005 4430 1294 4484 Maximus
1343 4429 1444 4483 lib.
1479 4447 1553 4498 1v,
1588 4446 1712 4499 cap.
1745 4430 1798 4484 3.
1832 4429 2067 4483 Factum

423 4496 532 4569 hoc
558 4499 717 4567 (nam
752 4500 1151 4555 Tertullianus
1181 4500 1498 4569 Scipiones,
1526 4496 1729 4555 omnes
1761 4500 1849 4553 sui
1879 4501 2068 4553 simil-

424 4568 595 4637 linos,
648 4572 976 4636 confundit,
1025 4577 1085 4626 ut
1138 4578 1195 4627 et
1236 4568 1479 4626 Catones
1528 4573 1695 4639 duos)
1742 4571 2067 4626 etiamnum

425 4639 689 4709 loquitur
717 4643 965 4707 insignis
1015 4645 1248 4698 raritate
1282 4644 1516 4714 clypeus
1565 4643 1864 4713 antiquus,
1897 4645 2066 4711 cujus

426 4718 667 4806 actqun
704 4731 858 4806 njun'c
892 4716 1497 4806 passimjc‘stnnotum,
1530 4720 1586 4769 et
1617 4720 1680 4769 ut
1709 4714 1849 4769 alibi
1893 4715 1977 4769 sic
2007 4718 2065 4769 in
2101 4743 2147 4806 D

425 4783 572 4838 Bibl.
610 4785 786 4851 Lugd.
824 4783 940 4841 Ba't.
981 4787 1207 4854 pendet.
1244 4786 1383 4840 llAv.

497 4857 611 4921 (70)
646 4860 919 4926 Pompeio.
956 4858 1165 4927 Magno
1198 4856 1315 4920 illo,
1344 4858 1625 4911 factorum
1659 4855 1920 4910 omnium
1957 4858 2073 4910 dic-

426 4930 741 4996 torumque
791 4927 1098 4983 Alexandri
1149 4928 1379 4983 aamulo.
1429 4928 1617 4984 Testis
1665 4928 1978 4983 Sallustius
2011 4930 2067 4983 in

423 4997 653 5072 Fragm.
675 5014 804 5072 quae
821 5000 889 5054 de
921 5017 983 5054 111
1018 5003 1159 5055 Hist.
1180 5001 1326 5055 libro
1350 5004 1685 5072 supersunt.
1721 5000 1828 5054 Sed
1860 5020 1879 5047 α
1906 5001 2070 5055 Pom-

424 5068 587 5140 peius
633 5086 663 5121 a
715 5070 903 5140 prima
961 5072 1371 5134 adolescentia,
1423 5068 1691 5126 sermone
1752 5073 2066 5140 fautorum,

421 5138 671 5211 similem
706 5138 824 5195 fore
856 5160 917 5198 se
949 5145 1188 5199 credens
1219 5144 1543 5198 Alexandro
1578 5142 1717 5211 regi,
1749 5144 1897 5197 facta
1927 5138 2067 5198 con?

419 5210 694 5284 suit-aque
721 5214 852 5284 (tius
882 5216 1115 5284 quidem
1155 5215 1402 5271 aemulus
1432 5220 1570 5269 erat.
1607 5210 1805 5267 nllAv.

492 5282 603 5355 (71)
635 5282 810 5351 Sylla.
848 5282 985 5340 Inde
1033 5288 1381 5354 cognomine
1432 5286 1584 5340 Felix
1633 5285 1977 5355 appellatus,
2012 5291 2069 5341 et

419 5353 570 5428 quod
616 5370 743 5407 raro
796 5358 1191 5428 sanguinariis
1242 5357 1548 5428 contingit,
1599 5353 1825 5427 placida
1884 5365 2067 5414 morte

417 5422 670 5496 ablatus,
705 5443 863 5495 nam,

977 5520 1101 5569 Sine
1133 5520 1277 5570 crede
1309 5523 1362 5567 et
1389 5517 1609 5566 vulnere
1640 5517 1798 5578 pauci

505 5577 849 5629 Descendunt
880 5593 1046 5644 reges,
1082 5587 1133 5632 et
1162 5585 1302 5632 sicca
1332 5585 1500 5630 morte
1530 5577 1769 5643 tyranni.

413 5667 685 5723 Lucanus
718 5667 789 5722 de
820 5668 922 5725 illo
955 5670 1055 5728 lib.
1091 5689 1152 5739 11,
1183 5688 1331 5727 vers.
1363 5670 1464 5723 221
1503 5686 1515 5724 :

508 5766 670 5815 Hisne
700 5766 846 5817 salus
877 5784 1057 5821 rerum
1081 5775 1105 5821 7
1128 5771 1274 5822 Felix
1305 5770 1389 5820 his
1416 5767 1562 5819 Sulla
1594 5768 1818 5817 vocari?

509 5830 600 5879 llis
628 5832 827 5882 meruit
861 5836 1126 5887 tumulum
1154 5835 1331 5887 medio
1361 5834 1461 5884 sibi
1490 5830 1676 5883 tollere
1708 5844 1896 5895 campo
1917 5833 1942 5881 ?

2258 2004 2371 2074 (72)
2405 2002 2597 2057 Tullio.
2629 1999 2898 2056 Juvenal.
2927 1998 3049 2054 Sat.
3081 2012 3136 2067 x,
3171 2013 3319 2053 vers.
3351 1998 3451 2052 114
3486 2014 3499 2053 :

2283 2118 2563 2180 Eloquium
2594 2131 2657 2165 ac
2687 2115 2883 2164 famam
2914 2112 3289 2163 Demosthenis
3324 2116 3417 2162 aut
3446 2112 3705 2162 Ciceronis

2283 2181 2474 2244 Incipit
2498 2183 2704 2243 optare,
2732 2184 2830 2227 etc.

2259 2287 2365 2357 (73)
2397 2285 2833 2340 Mussitantibus.
2885 2282 3286 2357 scribendum
3317 2282 3464 2337 forte
3500 2281 3815 2357 muginanti-

2189 2352 2303 2425 bus,
2332 2352 2482 2429 quod
2519 2357 2758 2429 propius
2801 2356 3023 2410 accedit
3054 2354 3125 2429 ad
3176 2355 3529 2429 scripturam
3557 2353 3627 2408 Μ.
3759 2356 3813 2407 Β.

2189 2436 2246 2483 et
2277 2424 2562 2493 Aldinam,
2616 2424 2743 2499 Quae
2790 2431 2882 2482 est
2926 2424 3337 2499 musitantibus.
3393 2424 3467 2480 Ut
3515 2440 3639 2499 vere
3665 2424 3817 2499 docet

2189 2501 2468 2569 Isidorus,
2504 2494 2652 2571 Urig'.
2687 2499 2921 2571 lib._xu,
2951 2515 3000 2553 c.
3035 2498 3331 2571 ἰχνηῃείηο
3364 2501 3451 2571 est
3481 2494 3690 2571 animal
3720 2512 3811 2571 na-_

2187 2577 2313 2627 tum
2345 2590 2413 2628 ex
2443 2565 2617 2642 capra
2646 2575 2702 2625 et
2732 2569 2945 2642 ariete;
2998 2569 3153 2642 unde
3184 2569 3291 2642 hoc
3322 2568 3564 2642 verbum
3595 2565 3813 2642 formari

2188 2645 2395 2716 potuit,
2431 2638 2605 2715 atque
2637 2644 2718 2697 ita
2750 2640 2989 2716 satirico
3019 2640 3163 2696 dicit
3212 2640 3389 2716 fortes
3420 2638 3551 2695 illas
3581 2639 3814 2716 animas,

2188 2710 2338 2784 apud
2372 2710 2591 2771 inferos
2632 2715 2950 2776 coniscare,
2983 2716 3039 2767 et
3070 2712 3239 2783 quasi
3287 2712 3521 2773 arietes,
3555 2710 3816 2784 cornibus

2188 2781 2261 2843 ob
2291 2788 2515 2843 illatam
2542 2786 2818 2855 injuriam
2854 2781 3132 2849 minitari,
3157 2799 3573 2847 concursuras,
3597 2784 3642 2855 si
3664 2781 3813 2852 copia

2189 2862 2380 2926 detur,
2399 2876 2532 2914 cum
2564 2853 2935 2913 inferioribus
2958 2855 3068 2911 sibi
3093 2856 3207 2910 diis
3236 2855 3593 2910 calestibus.
3614 2853 3810 2926 Respe-

2187 2932 2290 2996 xit,
2312 2922 2473 3001 puto,
2494 2936 2557 2985 ut
2586 2947 2759 3001 sape,
2783 2928 2880 2982 illa
2913 2928 3150 3001 Luciani
3185 2927 3245 2981 in
3268 2927 3366 2981 Bis
3396 2929 3600 3001 Accus,
3625 2942 3678 2996 p.
3700 2922 3813 3001 309,

2189 3004 2288 3057 ubi
2312 2996 2646 3083 Mercurius
2669 2996 2743 3083 ad
2776 2999 3247 3083 PatremmJovem
3283 3015 3296 3051 :
3332 2998 3479 3083 Ilqu
3509 2996 3814 3083 ἀγανακτοιῇ

2188 3094 2292 3142 σιν,
2325 3074 2369 3127 ὧ
2414 3074 2602 3144 πάτερ,
2652 3072 2752 3144 καιὶᾷ
2788 3068 3229 3144 νσγετλιᾴζουσιν,
3255 3068 3377 3144 ,καὶ
3426 3066 3581 3144 ἐςμτὸ
3613 3066 3816 3143 φανερὸν

2192 3136 2289 3216 uti
2332 3144 2393 3198 οὐ
2439 3136 2691 3217 τολμῶσι
2740 3136 3429 3217 λέήεψ,ῌὺ1τογογγύζουσι
3480 3136 3536 3192 δὲ
3582 3136 3815 3217 novusno-

2188 3210 2366 3286 ξρότες’
2403 3219 2444 3274 Ι.
2481 3210 2559 3273 e.'
2586 3240 2613 3268 (ι
2660 3210 2831 3271 Valde
2874 3210 3284 3286 indignantur,
3339 3217 3520 3286 pater,
3550 3216 3605 3265 et
3635 3210 3817 3286 animo

2189 3278 2393 3359 iniquo
2412 3291 2635 3354 ferunt;
2657 3304 2761 3342 nec
2793 3285 2984 3358 palam
3008 3278 3270 3359 profiteri
3292 3278 3533 3359 audent,
3556 3282 3653 3359 sed
3675 3278 3815 3352 apud

2190 3377 2251 3414 se
2274 3354 2762 3415 submurmurant
2783 3354 3111 3413 inclinati.»
3132 3356 3232 3411 Vel
3256 3363 3412 3411 certe
3443 3354 3585 3409 illud
3608 3354 3816 3409 Seneca

2188 3432 2247 3485 in
2270 3432 2625 3503 lepidissime
2647 3432 2745 3485 illo
2762 3433 2830 3485 de
2847 3429 3070 3503 Claudii
3089 3428 3405 3503 Apotheosi
3429 3426 3561 3481 lusu
3580 3426 3607 3479 ‘l
3626 3448 3652 3474 «
3674 3430 3815 3503 lflun-

2185 3497 2364 3557 tiatu'r
2392 3504 2516 3559 Jovi
2558 3505 2790 3577 venisse
2818 3497 3171 3577 _quemdam_
3204 3500 3368 3577 bonas
3399 3506 3654 3577 statura,
3686 3497 3819 3577 bene

2184 3592 2416 3640 canum,
2453 3576 2647 3629 nescio
2696 3571 3043 3645 quid’illum
3098 3571 3358 3645 minari):
3395 3571 3815 3645 assidueenim

2184 3654 2360 3717 caput
2393 3663 2639 3702 movere.
2676 3639 2797 3700 n'Si
2829 3661 2963 3699 vero
3013 3644 3194 3697 tutior
3239 3642 3333 3697 cui
3377 3647 3544 3717 vetus
3575 3639 3817 3717 videatur

2184 3712 2382 3790 lectio,
2405 3719 2557 3790 sciat
2589 3717 2713 3790 pari
2744 3717 2917 3790 modo
2957 3717 3262 3790 mussitare
3307 3730 3504 3790 suum
3522 3712 3817 3768 fabricasse

2179 3784 2621 3855 Tertullianum',
2657 3806 2772 3859 quo
2807 3786 2987 3857 μύζειν
3028 3788 3333 3849 Homerus,
3360 3784 3524 3840 Iliad.
3560 3791 3596 3836 A
3632 3800 3643 3836 :

2422 3884 2484 3939 αὖ
2517 3883 2561 3940 δ’
2592 3881 2666 3940 ἔτ’
2697 3878 2891 3957 ἔμυξαν
2928 3882 3184 3952 Ἀθηναίη
3216 3902 3274 3935 τε
3302 3881 3399 3935 καὶ
3430 3882 3599 3955 ”Ηρη.

2182 3992 2239 4040 et
2267 4003 2521 4041 mussare
2551 3985 2687 4040 hinc
2720 3983 3027 4039 Lucretius
3058 3982 3158 4036 lib.
3196 3999 3259 4050 ιι,
3290 3996 3447 4037 vers.
3477 3980 3581 4034 658
3615 3994 3627 4033 :

2293 4103 2391 4152 Sed
2429 4102 2553 4164 quia
2587 4100 2755 4149 multa
2784 4100 2885 4149 sibi
2915 4099 3101 4149 vident
3129 4096 3416 4160 contraria,
3449 4098 3716 4152 mussant;

2181 4214 2238 4265 et
2270 4209 2371 4264 lib.
2407 4226 2482 4272 v1,
2515 4224 2665 4273 vers,
2699 4207 2879 4261 H77:

2502 4324 2772 4374 Mussabat
2800 4325 2957 4373 tacito
2988 4322 3258 4372 medicina
3287 4320 3473 4369 dolore
3499 4334 3513 4379 ;

2182 4450 2285 4488 nec
2316 4432 2475 4504 Virg.
2512 4431 2728 4486 imitari
2764 4431 2998 4503 puduit.
3034 4430 3087 4484 Is
3122 4427 3339 4483 Ai‘neid.
3374 4443 3458 4481 x11
3492 4442 3506 4481 :

2630 4531 2829 4577 Mussat
2857 4542 2949 4577 rex
2986 4529 3098 4590 ipse
3136 4527 3371 4576 Latinus.

2178 4620 2418 4675 Mussare
2466 4619 2663 4688 itaque
2704 4617 2858 4673 valet
2899 4617 2993 4671 hic
3042 4634 3157 4672 non
3207 4615 3425 4688 audere
3475 4611 3712 4677 hiscere,
3754 4618 3816 4688 ne

2184 4694 2254 4761 μῦ
2287 4690 2521 4757 quidem
2570 4681 2829 4761 proferre
2864 4690 3097 4755 audere,
3151 4693 3215 4742 ut
3256 4685 3635 4761 ex_Varr_one
3659 4681 3818 4761 _recte

2179 4752 2267 4844 vir
2297 4752 2489 4817 Grazce
2523 4752 2837 4832 Latineque
2867 4752 3242 4816 doctissimus
3294 4757 3628 4829 Dionysius,
3659 4752 3818 4806 Lam-

2253 4907 2362 4971 (74)
2418 4906 2660 4959 Veterum
2715 4909 3078 4959 mortuorum.
3139 4898 3429 4971 Similiter,
3470 4891 3815 4971 Lactantius,

2182 4966 2312 5032 Inst.
2345 4966 2455 5030 div.
2491 4976 2590 5030 lib.
2624 4994 2686 5042 11,
2721 4992 2768 5040 c,
2801 4978 2836 5029 2
2868 4992 2879 5029 :
2915 4999 2941 5023 ‹‹
2976 4975 3045 5029 Et
3079 4973 3208 5027 ideo
3256 4970 3577 5047 simulacra
3608 4966 3814 5047 constif

2181 5054 2375 5116 ίυυηῒ,
2409 5064 2535 5119 quae
2570 5032 2707 5118 quia
2732 5032 3096 5119 mortuorum
3129 5032 3817 5119 suntimagineszsimilia

2181 5102 2404 5175 mortus
2428 5102 2603 5184 'sunt:
2633 5118 2791 5173 omni
2842 5119 2996 5172 enim
3033 5133 3211 5172 sensu
3259 5102 3481 5170 carent.
3516 5134 3545 5162 ››
3578 5110 3645 5164 Et
3673 5102 3813 5177 apud

2181 5194 2451 5247 eumdem
2484 5208 2685 5246 versus
2718 5190 3007 5262 Sibyllini,
3043 5207 3081 5256 1,
3115 5204 3165 5244 c.
3202 5189 3263 5242 11
3301 5204 3315 5242 :

2288 5307 2557 5377 Δαίμονας
2589 5303 2857 5376 ἀψύχους,
2890 5303 3093 5356 νεκύων
3127 5299 3329 5377 aiataiat
3359 5298 3665 5377 καμόνξων,

2286 5365 2601 5450 Ὦνᾟρήτη
2634 5365 2899 5449 ὲαῗῗχηιλα
2928 5375 3131 5451 τάφους
3161 5377 3194 5442 ἡ
3228 5365 3502 5444 δύσμορος
3538 5365 3699 5439 ἴςχει-

2179 5476 2217 5531 i.
2250 5491 2299 5531 e.
2348 5500 2366 5524 ιι
2402 5476 2707 5531 Dzemones
2758 5474 3070 5542 inanimes,
3120 5473 3470 5542 cadaverum
3516 5459 3821 5542 simulacra

2178 5529 2567 5617 mortuorum,
2598 5529 2847 5618 quorum
2883 5529 3142 5601 Crctaliu
3178 5541 3527 5616 jactantiam
3551 5529 3818 5618 sepulcl'a

2178 5621 2393 5747 miseﬁ‘a
2420 5608 2632 5676 habet:
2653 5642 2679 5669 ››
2712 5618 3064 5675 Prudentius
3093 5608 3345 5691 quoque,
3368 5632 3406 5684 1,
3431 5614 3638 5667 contra
3664 5608 3818 5673 δῖαν

2178 5709 2309 5747 mac
2357 5709 2455 5747 um

2178 5709 2455 5748 macnum

2272 5782 2335 5847 Et
2363 5785 2441 5832 tot
2468 5780 2666 5845 templa
2694 5781 3069 5847 DeumuRomie
3099 5780 3315 5847 quot'in
3346 5776 3477 5830 orbe
3508 5765 3747 5834 sepulcra

2270 5846 2503 5895 Hsroum
2535 5844 2812 5896 numerare
2848 5845 2987 5896 licet.
3117 5844 3276 5894 Ἦλιν.
