4054 6174
410 322 529 383 399

930 322 1459 384 TERTULLIANI
1504 321 1832 383 OPERUM
1880 321 2079 381 PARS
2124 319 2275 379 1.—
2305 306 2585 379 sumas
2627 318 2677 390 ι,
2723 317 3283 378 APOLOGETICA.

3656 326 3761 385 400

408 452 654 509 mestica
683 455 964 524 potestate
993 452 1256 507 tractatis
1287 450 2052 524 pignerando,venditando,
2087 459 2137 524 Α
2169 449 2361 505 forum
2415 448 2671 520 petitur;
2730 447 2842 503 sub
2898 447 3100 503 eadem
3159 463 3291 503 voce
3344 451 3627 521 praeconis,
3668 454 3764 510 sub

409 542 765 597 demutando
822 540 1140 612 aliquando
1187 541 1246 595 iu
1308 540 1656 595 cacabulum
1688 540 1799 611 (95)
1832 540 1901 594 de
1951 540 2053 594 Sa-

408 636 582 686 turno
643 631 705 696 ιδ,
739 629 1055 699 aliquando
1116 628 1177 683 in
1234 629 1473 683 trullam
1533 630 1605 682 de
1669 628 1942 694 Minerva,
2002 632 2063 682 ut

410 718 661 789 quisque
709 720 1001 773 contritus
1033 722 1209 787 atque
1259 723 1544 772 contusus
1577 724 1689 779 est,
1721 718 1871 773 845
1920 717 2061 771 dum

413 807 512 861 diu
548 806 778 870 colitur,
813 812 878 859 ut
909 807 1158 876 quisque
1184 806 1461 860 dominus
1492 807 1606 875 (96)
1640 808 1681 840 ¹τ
1712 806 2061 860 sanctiorem

414 900 686 965 expertus
743 900 833 949 est
889 895 1267 949 domesticam
1325 896 1755 949 necessitatem.
1794 894 2063 948 Publicos

416 999 579 1052 usque
611 982 841 1055 publico
865 983 1002 1052 jure
1033 982 1283 1044 fuadatis,
1317 998 1463 1051 quos
1492 982 1549 1035 in
1587 984 1846 1037 hastario
1886 982 2064 1037 vecti-

414 1070 571 1141 gales
596 1070 823 1126 habetis
841 1072 973 1141 (97).
1006 1070 1095 1125 Sic
1117 1070 1489 1141 Capitolium,
1509 1072 1594 1125 sic
1625 1070 1919 1126 olitorium
1954 1070 2063 1141 (98)

2165 539 2369 593 eadem
2401 538 2574 591 hasta
2603 538 2735 607 (99),
2756 537 2864 591 sub
2888 536 3090 591 eadem
3110 537 3468 593 adnotatione
3490 545 3768 611 quaestoris

2170 627 2445 682 divinitas
2498 626 2729 680 addicta
2762 626 2915 679 346
2948 625 3310 680 conducitur.
3343 626 3448 681 Sed
3493 630 3631 683 enim
3663 633 3772 698 agri

2170 716 2388 770 tributo
2420 717 2617 769 onusti
2652 713 2903 782 viliores,
2938 713 3242 768 hominum
3283 715 3465 784 capita
3508 718 3771 786 stipendio

2171 821 2345 860 censa
2373 803 2762 875 ignobiliora;
2800 819 2935 856 nam
2972 802 3055 856 hae
3085 802 3126 836 ¹⁸
3158 808 3296 856 sunt
3326 810 3465 857 notas
3496 806 3774 876 captivita-

2170 895 2269 949 tis.
2303 892 2393 946 Dii
2442 908 2574 946 vero
2605 892 2702 962 qui
2762 891 2949 961 magis
3000 890 3314 957 tributarii,
3349 892 3526 964 magis
3568 894 3774 961 sancti;

2172 984 2289 1039 imo
2340 983 2436 1052 qui
2490 981 2678 1052 magis
2727 980 2935 1045 sancti,
2971 981 3159 1050 magis
3206 980 3507 1035 tributarii.
3537 983 3779 1051 Majestas

2174 1069 2532 1142 quaestuaria
2577 1069 2848 1125 efficitur.
2881 1067 3097 1123 Circuit
3147 1084 3439 1139 cauponas
3469 1069 3540 1141 (1)
3597 1068 3777 1142 religio

1842 1179 2046 1238 Variae
2080 1178 2397 1238 lectiones.

1853 1196 2046 1238 varias
2080 1196 2397 1239 lectiones.

486 1275 530 1311 ¹⁶
557 1276 618 1330 In
648 1273 770 1330 edd.
799 1274 966 1330 (then.
1000 1279 1050 1329 et
1080 1274 1290 1329 Gelenii
1319 1274 1513 1329 desunt
1544 1291 1623 1329 vv.
1660 1272 1978 1345 aliquando
2030 1276 2089 1329 in
2121 1290 2241 1330 cae.
2278 1275 2346 1331 de
2376 1277 2649 1330 Saturno.
2701 1271 2854 1329 codd.
2886 1271 3041 1327 Fuld.
3070 1275 3121 1327 et
3171 1270 3339 1342 Lugd.
3374 1290 3386 1327 :
3419 1272 3783 1331 caccabulum.

423 1347 465 1382 ¹⁷
498 1346 834 1410 Dominum,
864 1347 1047 1412 Paris,
1088 1349 1263 1401 Deum
1298 1351 1441 1401 Hav.
1522 1346 1564 1381 ιθ
1595 1346 1723 1401 Haec
1754 1348 1943 1402 Paris.

1853 1452 2369 1514 Commentarius.

411 1563 565 1628 rent,
596 1577 742 1632 quos
772 1561 1123 1616 domesticos
1154 1560 1451 1632 appellant
1484 1561 1677 1626 Lares,
1710 1566 1767 1616 et
1798 1566 1921 1616 tam
1954 1578 2065 1631 pu-

409 1633 558 1688 blice
589 1649 765 1703 quam
815 1633 1083 1702 privatim
1135 1632 1479 1687 animalium
1528 1650 1771 1687 suorum
1829 1632 2063 1703 sangui-

413 1721 545 1759 nem
580 1705 906 1759 funderent.
942 1726 969 1753 »
1006 1705 1140 1759 Vide
1171 1704 1242 1758 lIl
1290 1705 1579 1774 Cuperum
1615 1705 1669 1758 in
1708 1705 1974 1774 lnscript.
2011 1710 2066 1758 et

412 1776 750 1831 Marmorib.
805 1777 1000 1844 Antiq.
1051 1775 1283 1831 Homeri
1330 1776 1643 1847 Apolbeosi
1690 1777 1972 1829 subnexis
2005 1793 2059 1845 p.

409 1849 534 1914 279,
572 1848 667 1903 ubi
701 1848 770 1902 de
819 1847 1082 1916 Sylvano,
1120 1848 1350 1914 Phoebo,
1384 1846 1442 1902 et
1488 1847 1626 1902 Jove
1658 1846 1785 1917 ipso
1828 1849 2060 1901 domes-

412 1920 525 2044 ticto
557 1919 782 2046 Erudite
834 1918 1091 1986 disserit,
1120 1925 1175 1973 et
1205 1918 1312 1973 hoc
1345 1919 1613 1974 Auctoris
1646 1918 1704 1973 in
1738 1924 1934 1989 partes
1967 1935 2060 1973 vo-

413 2008 477 2046 ca
510 2032 522 2044 .
607 2008 696 2044 AV.

413 1995 522 2046 cat.
559 1995 696 2046 HAV.

474 2062 590 2131 (95)
628 2061 1007 2115 Caccabulum.
1042 2064 1129 2113 Ita
1177 2059 1488 2114 manifeste
1530 2060 1770 2114 Membr.
1806 2059 1970 2113 Fuld.
2004 2063 2059 2114 et

408 2134 724 2203 Lugd.Bat.
748 2148 861 2186 non
893 2131 1240 2186 caelibatum.
1274 2133 1407 2196 Quae
1430 2148 1531 2186 vox
1561 2132 1791 2185 etiamsi
1824 2132 2058 2186 notione

407 2220 622 2277 spurca
682 2203 899 2277 passim
961 2220 1074 2257 non
1120 2209 1416 2277 occurrat,
1452 2203 1847 2277 ultro_tamen
1903 2208 2061 2273 patet

409 2273 847 2331 adhibita'esse
896 2291 1031 2328 cum
1081 2273 1264 2329 altera
1311 2290 1446 2328 voce
1499 2275 1688 2341 trulla,
1725 2280 1786 2328 ut
1835 2274 2053 2329 instru-

406 2357 623 2407 menta.
656 2346 871 2417 quibus
920 2346 1137 2399 ventris
1169 2350 1226 2398 et
1271 2347 1473 2400 vesicae
1515 2362 1662 2399 onus
1712 2346 2053 2416 excipiatur,

407 2424 661 2485 notet,ut
690 2434 823 2472 vero
855 2418 993 2471 deos
1025 2418 1081 2469 in
1114 2434 1251 2471 vasa
1282 2418 1605 2471 immundis
1638 2417 1844 2471 usibus
1876 2418 2055 2471 desti-

407 2497 547 2545 nata
574 2489 923 2546 commutari
958 2489 1102 2542 dicit
1134 2496 1349 2553 noster,
1384 2490 1463 2542 ita
1493 2493 1550 2542 et
1600 2488 1888 2542 Minucius
1922 2489 2056 2542 inde

408 2562 541 2617 illos
574 2562 753 2632 ipsos
782 2560 1001 2614 derivat
1035 2577 1086 2630 p.
1120 2562 1190 2613 26
1219 2577 1230 2613 :
1264 2560 1403 2614 Deus
1448 2576 1621 2614 aereus
1650 2560 1732 2632 uel
1764 2570 2056 2629 argenteus

409 2633 476 2688 de
506 2631 788 2688 immundo
818 2632 1134 2698 vasculu,ut
1163 2633 1360 2700 saepius
1389 2636 1602 2701 [actum
1632 2631 1890 2700 ﬂigi/ptio
1917 2633 2054 2700 regi,

408 2703 669 2776 conﬂato.
705 2703 917 2776 Horum
940 2708 1114 2776 certe
1145 2718 1373 2776 sorores
1421 2701 1823 2776 esseelegans
1854 2703 2057 2776 doceat

409 2773 574 2830 locus
607 2776 679 2829 ab
733 2773 1134 2829 Elmenhorsio
1185 2774 1476 2829 adductus
1528 2773 1802 2839 Philonis,
1833 2774 1898 2828 de
1933 2776 2055 2828 Vita

409 2848 766 2919 Contemplat.
804 2863 857 2919 p.
904 2846 1009 2899 610
1044 2863 1056 2900 :
1089 2845 1181 2919 fuv
1240 2844 1308 2897 τὰ
1332 2841 1589 2919 ’ἀδελ-φά·
1623 2844 1760 2917 μὲρη
1815 2844 2053 2919 minoia?

408 2923 534 3007 768:7)
567 2911 928 3007 λούτροξρόροι
959 2914 1226 3003 Ιγεγόνεισι
1258 2915 1346 3001 xui
1398 2911 1756 3007 npa'oyturp'ai,
1786 2915 1872 2969 καὶ
1910 2911 2056 3004 ἅλ’)κά

412 2982 550 3061 ᾆτλὸι
594 2982 711 3042 θεῶν’
750 2982 1175 3061 ἀξιροτὲρῴνπᾶ
1218 2987 1353 3061 πρὸς
1393 2986 1488 3061 τᾲς
1536 2986 1585 3039 ἐν
1638 2982 1824 3061 σὴότῳ-
1862 2986 2053 3060 χρείας

412 3008 550 3043 ατΛα
594 3009 699 3042 των
750 3008 833 3041 ατι
888 3008 1108 3059 οτερων,
1143 3008 1175 3039 α
1218 3008 1353 3061 προς
1393 3008 1488 3049 τας
1536 3008 1585 3039 εν
1638 3008 1815 3059 σκοτῳ
1862 3008 2053 3060 χρειας

410 3059 668 3135 ὑπηρετεῖ
713 3008 957 3135 Δμόιλιίζον,
1076 3058 1171 3121 τὰς
1215 3056 1264 3111 ἐν
1319 3058 1496 3135 cpio-ct;
1531 3061 1566 3113 i.
1600 3074 1649 3112 θ.
1686 3076 1698 3113 :
1734 3083 1760 3107 ‹‹
1796 3059 2054 3135 Quorum

408 3134 514 3204 [sc.
550 3132 1021 3204 simulacrorum]
1058 3132 1340 3200 cognatae
1364 3134 1554 3200 partes
1602 3147 1790 3204 versas
1829 3132 2054 3204 suntin

410 3201 595 3258 serias
638 3212 693 3258 et
740 3203 1012 3273 pelluvia.
1046 3209 1367 3270 casteraque
1417 3218 1555 3255 vasa
1601 3202 1839 3255 sordida
1897 3201 2055 3255 adhi-

412 3275 603 3329 benda
632 3274 872 3329 secretis
924 3274 1149 3328 usibus.
1188 3297 1208 3323 ι
1247 3278 1469 3327 Desunt
1512 3273 1629 3326 haec
1662 3273 1719 3326 in
1754 3273 2052 3327 Rhenana.

412 3347 544 3400 HAV.

482 3414 595 3487 (96)
632 3416 694 3471 Ut
726 3415 953 3487 quisque
986 3419 1162 3487 Deum
1191 3417 1277 3487 Ita
1309 3429 1376 3467 ex
1407 3416 1509 3487 lifts.
1544 3412 1709 3487 Fuld.
1746 3412 2053 3487 Rigaltius.

415 3484 497 3541 At
522 3484 1209 3551 Latinius,Rhen.Aldus,
1246 3484 1537 3539 Pamelius
1574 3485 1763 3539 uniter
1795 3485 2057 3540 malunt:

415 3582 443 3608 ‹‹
484 3559 555 3613 Ut
583 3558 667 3611 vel
701 3557 897 3627 (prout
928 3557 1133 3621 Aldus)
1165 3556 1413 3626 quisque
1462 3556 1767 3611 dominum
1803 3557 2062 3611 sanctio-

414 3647 536 3685 rem
594 3635 864 3699 expertus
925 3634 1014 3682 est
1088 3629 1471 3681 domesticam
1540 3630 1969 3683 necessitatem.
2033 3651 2060 3676 ››

336 3706 337 3709 “
416 3701 578 3764 Quod
611 3700 879 3771 quamvis
898 3700 1112 3753 bonum
1133 3705 1188 3753 et
1206 3705 1404 3769 aptum
1427 3699 1598 3753 faciat
1626 3700 2063 3769 sensum,longe

416 3778 615 3826 tamen
652 3771 994 3827 Fuldensem
1046 3771 1398 3841 scripturam
1442 3772 1701 3840 praefero.
1737 3772 1979 3827 Viderat
2008 3777 2064 3825 et

414 3843 739 3913 Scalig.qui
776 3844 1064 3897 Dominum
1096 3843 1488 3897 emendat.Ait
1516 3842 1669 3897 enim
1705 3860 1901 3898 revera
1932 3843 2062 3898 illos

415 3930 767 3985 cognoscere
801 3915 944 3968 nihil
978 3914 1087 3970 sibi
1123 3915 1256 3969 boni
1291 3932 1324 3968 a
1355 3915 1469 3968 diis
1502 3914 1629 3968 istis
1662 3914 2060 3985 accedere,qui

413 3986 621 4058 majori
658 3988 707 4040 vi
740 3986 991 4054 subjecti
1023 3991 1182 4054 sunt,
1216 3985 1546 4040 necessitati
1598 4003 1807 4056 nempe
1838 3987 2061 4041 domes-

411 4059 558 4113 ticae.
596 4060 797 4130 Itaque
831 4058 1114 4115 Martialis
1148 4058 1218 4112 ad
1273 4058 1549 4128 Priapum
1584 4074 1758 4112 suum
1793 4075 1910 4123 vm,
1945 4058 2012 4111 40
2046 4074 2059 4112 :

658 4157 770 4204 Non
808 4156 947 4204 horti
980 4169 1156 4218 neque
1194 4155 1430 4218 palmitis
1456 4154 1613 4213 beati,

654 4219 754 4267 Sed
788 4219 892 4267 rari
929 4217 1198 4273 memeris,
1231 4217 1439 4277 Priape,
1475 4221 1672 4269 custos.

654 4281 727 4329 Ex
754 4295 861 4341 quo
892 4286 1052 4328 natus
1082 4295 1156 4333 es,
1188 4284 1240 4327 et
1273 4287 1429 4341 potes
1459 4278 1686 4341 renasci,

653 4340 877 4391 Furaces
908 4356 1103 4390 moneo
1137 4340 1329 4389 manus
1354 4340 1598 4400 repellas,

654 4405 715 4453 Et
746 4406 931 4453 silvam
965 4403 1168 4453 domini
1206 4403 1337 4451 locis
1369 4415 1623 4450 reserves.

653 4467 704 4516 Si
739 4467 991 4515 defecerit
1021 4467 1145 4527 hoc,
1177 4470 1228 4512 et
1260 4465 1373 4527 ipse
1407 4464 1609 4525 lignum
1642 4476 1716 4511 es.

404 4556 527 4610 Huc
560 4554 697 4609 facit
743 4558 799 4608 et
830 4554 1084 4624 Diagorae
1138 4552 1280 4607 illud
1318 4570 1581 4607 scomma
1627 4552 1779 4624 apud
1816 4550 2059 4624 Epipha-

404 4629 569 4681 nium
602 4629 659 4681 in
713 4626 859 4679 libro
892 4622 1242 4689 Ancoratus,
1280 4631 1343 4679 ut
1374 4626 1430 4679 in
1466 4624 1708 4695 penuria
1740 4622 1883 4691 ligni
1918 4622 2056 4676 Her-

404 4700 595 4755 culem
625 4714 795 4792 sinum
835 4698 1091 4792 ligneutrp
1129 4690 1481 4792 exc'ussit‘,et‘
1505 4713 1606 4766 per
1636 4695 2053 4792 ludibriumlad
2092 4729 2134 4792 Β

404 4771 595 4792 !____..
675 4768 746 4792 2-2
810 4784 822 4792 ι
874 4776 976 4792 Δια-μ.
1051 4784 1211 4792 γλ»-.-
1248 4785 1303 4792 ι.-
1404 4768 1650 4792 Α-ἷ..Α-...Α
1700 4774 1785 4792 ΔΑ..
1817 4766 1934 4792 ἒ...ρ..ς
1995 4785 2019 4792 ,-

402 4771 599 4842 ipsum
634 4768 779 4842 dixit
810 4784 823 4821 :
862 4765 979 4837 Age
1029 4767 1325 4842 Hercules,
1360 4765 1652 4842 decimum
1682 4766 1937 4842 tertium
1971 4765 2055 4820 la-

402 4838 602 4895 liorem
634 4841 943 4894 subiturus
976 4840 1525 4907 adesto,obsonium
1563 4838 1727 4894 nobis
1759 4844 2053 4893 cocturus.

402 4915 473 4967 Et
497 4911 855 4981 sane.inquit
879 4911 1081 4982 Epiph.
1117 4918 1417 4981 acceptum
1446 4912 1637 4982 ipsum
1664 4910 1716 4963 in
1746 4909 2055 4982 scandulas

404 4983 551 5038 ﬁdit.
588 4980 1265 5051 perlindens'prnprium
1299 4980 1503 5047 Deum,
1538 4981 1693 5035 velut
1725 4982 1822 5051 qui
1862 4980 2057 5034 nullus

404 5059 641 5114 esset,et
669 5056 934 5124 apposito
968 5055 1044 5107 illi
1084 5056 1346 5125 prandio,
1382 5054 1634 5125 illudens
1686 5054 2053 5125 pascebatur.

406 5128 469 5197 In
504 5125 699 5179 Grmca
748 5122 837 5181 ed.
879 5126 1044 5187 mihi,
1168 5127 1291 5180 512.
1327 5124 1442 5179 Οὐκ
1490 5124 1744 5177 ακούουσι
1795 5122 1895 5197 γὰρ
1930 5130 2056 5175 Δια-

405 5195 951 5269 γόρουῖίρὶοηΑΙιΙυε
986 5194 1158 5269 habet
1192 5215 1203 5251 :
1242 5221 1266 5245 ‹‹
1306 5203 1369 5251 Et
1399 5198 1651 5269 quisque
1682 5194 2056 5269 dominum.»

404 5266 720 5333 Pomelius,
775 5269 999 5322 llerald.
1033 5274 1089 5322 et
1142 5268 1197 5321 la
1243 5266 1469 5323 Cerda’:
1510 5290 1535 5318 «
1569 5267 1640 5322 Ut
1677 5266 1921 5336 quisque
1954 5268 2054 5334 do-

405 5340 603 5394 minus
653 5340 1005 5394 sanctiorem
1038 5355 1086 5393 e.
1121 5341 1175 5393 d.
1220 5357 1277 5393 n.
1316 5362 1340 5388 ››
1374 5340 1485 5393 Sed
1538 5339 1730 5393 forsan
1785 5337 1919 5393 olim
1977 5338 2055 5390 ita

403 5411 688 5477 scriptum
724 5428 735 5463 :
773 5435 797 5459 ‹‹
835 5411 905 5465 Ut
936 5411 1181 5481 quisque
1217 5411 1493 5465 Dominus
1527 5410 1763 5471 Deum,»
1795 5409 2052 5481 etc.Hav.

477 5483 589 5551 (97)
620 5487 767 5551 Quas
799 5484 858 5536 in
890 5480 1137 5537 hastario
1176 5482 1869 5554 vectigales/iubetis.Ipsc
1900 5480 2001 5534 lib.
2041 5498 2053 5535 ι

403 5554 475 5609 ad
523 5554 781 5609 Nationes
840 5553 1065 5608 dixerat
1100 5570 1111 5606 :
1148 5551 1328 5618 Quos‘
1362 5556 1418 5608 in
1479 5551 1805 5607 hastarium
1867 5568 2055 5622 reges—

409 5626 595 5681 sistis.
631 5625 965 5680 Hastarium
1020 5625 1200 5695 igitur
1247 5629 1335 5679 est
1383 5624 1554 5679 Liber
1599 5624 1919 5689 hastarius,
1951 5640 2051 5679 seu

405 5697 781 5753 Tabularium
832 5702 889 5753 et
935 5698 1247 5768 Regestum
1298 5695 1750 5766 vectigaliorum,
1785 5713 1912 5767 quas
1945 5697 2053 5768 sub

410 5769 584 5825 ﬂusta
614 5778 666 5826 et
696 5786 829 5827 voce
860 5767 1141 5842 praeconis
1169 5768 1570 5840 quinquennio
1600 5784 1829 5841 quoque
1861 5767 2050 5823 addici

2175 1558 2646 1629 redemptoribus
2671 1558 2954 1613 solebant.
2991 1558 3084 1629 Sic
3102 1558 3286 1613 foricaa
3302 1558 3753 1629 conducebantur
3779 1575 3790 1613 :

2177 1632 2259 1685 sic
2294 1627 2483 1685 forum
2539 1630 2859 1696 olitorium,
2893 1635 2949 1684 et
2994 1628 3110 1684 alia
3158 1629 3495 1699 hujusmodi
3548 1627 3789 1700 publica:

2176 1719 2311 1756 nam
2336 1706 2393 1757 et
2421 1708 2668 1772 Serapea
2688 1707 2745 1754 et
2765 1700 3049 1772 Capitolia
3075 1701 3275 1772 eodem
3305 1703 3437 1769 jure
3470 1703 3789 1772 proscripta.

2174 1775 2437 1844 Denique
2468 1771 2578 1827 sub
2611 1774 2812 1827 eadem
2845 1771 3015 1827 hasta
3044 1771 3389 1842 Capitolium
3439 1771 3493 1844 et
3514 1772 3793 1827 Olitorium

2174 1846 2557 1900 addicebatur
2580 1845 2797 1915 petenti
2818 1844 3195 1914 redemptori.
3219 1845 3328 1898 Sed
3364 1843 3499 1914 quid
3532 1845 3795 1897 transibat

2175 1917 2244 1971 ad
2281 1917 2709 1987 redemptorem
2758 1934 2824 1971 ea
2869 1915 3242 1970 addictione?
3275 1915 3392 1970 Hoc
3424 1915 3698 1979 videlicet,
3744 1920 3798 1987 ut

2094 1996 2141 2059 Β
2173 1988 2397 2059 olitorio
2454 1985 2575 2042 foro
2610 1988 2664 2041 in
2717 1987 3181 2057 quinquennium
3229 1988 3483 2053 addicto,
3515 2004 3581 2041 ex
3612 1985 3792 2040 merci-

2173 2058 2384 2114 moniis
2437 2076 2563 2129 quas
2594 2058 2737 2112 inibi
2772 2065 2889 2113 toto
2924 2075 2989 2113 eo
3024 2065 3288 2130 tempore
3336 2062 3798 2129 proponerentur,

2169 2135 2357 2185 certas
2380 2132 2563 2201 stipes
2588 2138 2817 2197 cogeret
2841 2150 2854 2191 ς
2890 2129 3182 2194 similiter,
3204 2129 3487 2200 Capitolio
3517 2129 3798 2201 conducto,

2166 2203 2423 2273 exigeret
2455 2200 2750 2257 mercedes
2784 2218 2885 2272 pro
2917 2202 2988 2256 iis
3042 2220 3169 2272 quas
3221 2208 3387 2256 notat
3434 2202 3555 2271 ipse
3599 2200 3803 2273 Tertul-

2166 2271 2385 2337 lianus,
2415 2273 2514 2329 lib.
2552 2291 2568 2327 1
2598 2273 2669 2327 ad
2700 2271 2954 2327 Nationes
2983 2290 2995 2337 ;
3029 2290 3155 2343 cap.
3182 2274 3266 2339 10,
3305 2291 3406 2344 pro
3435 2272 3562 2344 (solo
3598 2271 3800 2342 templi,

2166 2364 2274 2418 pro
2303 2346 2463 2400 aditu
2497 2344 2668 2418 sacri,
2706 2344 3161 2418 prostipitihus,
3194 2343 3519 2418 projostiis‘.
3557 2347 3675 2418 Rie.

2236 2417 2345 2487 (98)
2379 2419 2470 2470 Sic
2500 2410 2786 2471 olz'toru'm.
2817 2415 2897 2469 Ita
2922 2410 3081 2470 recte
3107 2410 3514 2487 Rigaltius,cui
3534 2410 3799 2487 astipula-

2164 2483 2263 2540 tur
2293 2483 2397 2541 Ms.
2436 2489 2492 2541 L.
2528 2489 2606 2550 b.,
2660 2495 2715 2540 et
2748 2488 2846 2542 lib.
2880 2488 2949 2541 ad
2997 2488 3116 2541 Nat.
3152 2483 3207 2541 et
3238 2488 3383 2542 edit.
3430 2486 3656 2548 Aldina,
3687 2483 3794 2545 alii,

2167 2581 2193 2606 «
2227 2558 2280 2612 Si
2313 2559 2685 2629 Capitolium,
2719 2559 2766 2612 si
2801 2559 3166 2613 olitorium.«
3196 2562 3407 2613 Totum
3442 2558 3595 2611 hunc
3624 2558 3798 2629 locum

2168 2631 2321 2685 male
2352 2628 2687 2701 perceptum
2720 2630 2792 2683 ab
2828 2630 3386 2701 Interpreiibus,qui
3421 2629 3618 2683 multis
3649 2628 3795 2680 insu-

2167 2700 2438 2768 dant,’ut
2496 2700 2731 2756 sensum
2793 2700 3069 2755 idoneum
3127 2700 3387 2765 eliciant,
3445 2701 3605 2755 solus
3662 2702 3798 2768 recte

2164 2766 2471 2844 explicavit
2528 2771 2799 2827 Nicolaus
2854 2772 3158 2844 Rigaltius,
3219 2789 3396 2843 quem
3456 2772 3602 2826 vide.
3634 2766 3795 2844 Atqui

2165 2836 2561 2898 Te'rtullianus
2598 2844 2692 2897 hic
2750 2860 2864 2898 non
2909 2836 2979 2898 de
3040 2836 3376 2899 venditione
3424 2844 3663 2901 deorum
3714 2836 3795 2892 vel

2168 2922 2495 2970 statuarum
2541 2933 2608 2970 ex
2640 2916 2834 2985 praeda
2871 2921 2929 2969 et
2977 2916 3276 2969 manubiis
3307 2916 3569 2970 hostium
3624 2918 3798 2983 parta-

2168 2987 2540 3059 rumiagit,ut
2571 2988 2832 3059 summat
2864 2986 2919 3040 in
2953 2987 3153 3059 Cerda,
3189 2988 3289 3041 sed
3327 2985 3801 3059 deiconductione

2167 3076 2269 3113 seu
2302 3056 2605 3122 locatione,
2640 3058 2793 3112 unde
2842 3058 3083 3126 vectigal
3131 3059 3251 3113 fisci
3288 3058 3508 3130 publici
3563 3056 3801 3130 augeba-

2164 3135 2277 3183 tur.
2313 3130 2540 3185 Scilicct
2590 3147 2703 3184 non
2757 3130 3132 3183 attenderunt
3174 3127 3303 3183 viri'
3334 3130 3491 3185 docti
3549 3127 3803 3184 eximiam

2168 3201 2535 3271 antiquitatis
2587 3200 2849 3255 notitiam
2905 3201 3073 3256 nobis
3113 3203 3201 3255 hic
3245 3201 3711 3272 indagarixNam
3741 3200 3810 3272 _ut

2167 3267 2387 3342 ubique
2434 3273 2632 3327 omnia
2678 3277 2871 3326 Romae
2920 3276 3249 3327 statuarum
3306 3267 3479 3328 erant
3524 3271 3711 3342 plena,
3738 3267 3812 3321 ita

2088 3359 2131 3426 ρ
2172 3350 2238 3426 u_t_
2266 3343 2435 3426 quasi
2466 3342 3115 3426 alter‘po_pulus.esset2
3147 3345 3578 3426 adeoqugdnon
3628 3343 3812 3426 imme-

2173 3416 2282 3469 rito
2337 3415 2433 3468 ille
2487 3416 2639 3486 apud
2699 3414 3028 3469 Petronium
3062 3416 3262 3470 dicat:
3306 3414 3328 3464 ἆ
3365 3415 3591 3486 Utique?
3630 3416 3814 3486 nostra

2172 3487 2328 3556 regio
2373 3492 2490 3540 tam
2528 3485 2935 3557 praesentibus
2994 3487 3161 3556 plena
3212 3491 3303 3541 est
3362 3485 3724 3542 numinibus.
3761 3485 3817 3534 ut

2171 3558 2399 3611 facilius
2432 3558 2620 3627 possis
2671 3559 2844 3612 deum
2896 3575 3069 3621 quam
3119 3559 3419 3613 hominem
3458 3557 3713 3612 invenire
3744 3569 3756 3615 ;
3791 3572 3814 3595 τ’

2173 3632 2633 3700 totquedeorum
2679 3632 2850 3687 mdes.
2886 3636 2947 3683 ut
2976 3636 3031 3684 et
3062 3630 3155 3684 hic
3189 3631 3482 3700 potuisset
3503 3627 3815 3700 exclamare

2170 3697 2467 3755 Graeculus
2492 3700 2589 3755 ille
2622 3718 2633 3752 :
2665 3702 2861 3755 Audite
2891 3701 3103 3772 templa
3126 3721 3146 3763 ;
3174 3697 3253 3755 ita
3280 3701 3635 3773 Capitolium
3671 3697 3816 3773 illius

2172 3773 2426 3826 maxime
2468 3777 2737 3826 ornatum
2789 3777 2932 3835 erat,
2966 3769 3119 3843 quod
3152 3789 3184 3827 a
3218 3769 3557 3842 publicanis
3606 3769 3813 3843 conduj

2172 3845 2432 3905 cebatur,
2482 3848 2545 3898 ut
2594 3860 2694 3913 pro
2748 3843 2907 3897 aditu
2956 3840 3126 3913 sacri,
3179 3840 3282 3914 pro
3331 3845 3460 3901 solo
3512 3840 3711 3914 templi
3763 3840 3819 3914 et

2175 3914 2491 3982 similibus,
2524 3909 2679 3969 unde
2731 3915 2912 3983 gratis
2942 3916 3081 3969 deos
3114 3909 3244 3969 non
3280 3914 3460 3972 licere
3511 3909 3682 3970 nosse
3727 3909 3818 3972 ait,

2171 3987 2402 4040 aedituis
2427 3992 2476 4059 ct
2496 3986 2839 4059 custodibus
2864 3988 3071 4057 ingens
3094 3988 3433 4059 proveniret
3462 3986 3819 4059 emolumen:

2171 4068 2317 4113 tum.
2352 4058 2563 4111 Eodem
2600 4058 2795 4128 itaque
2829 4054 2998 4113 modo
3032 4054 3106 4113 ut'
3145 4058 3449 4114 olitorium
3486 4060 3699 4123 forum,
3730 4054 3821 4128 ubi

2172 4128 2347 4203 olera
2372 4129 2719 4194 vendebant,
2757 4131 3083 4203 petebatur,
3129 4130 3305 4185 etiam
3368 4130 3727 4203 Capitolium
3775 4127 3825 4177 et

2169 4199 2418 4271 templa;
2445 4217 2608 4255 sacra
2641 4202 2891 4256 maxime
2925 4202 3299 4257 licilabantur
3325 4203 3405 4256 ab
3437 4199 3575 4258 aliis
3605 4201 3661 4255 in
3683 4211 3823 4252 com-

2172 4273 2412 4344 modum
2445 4288 2617 4344 suum
2650 4276 2709 4325 et
2734 4273 3055 4344 publicum.
3091 4275 3226 4327 "AV.

2240 4343 2351 4413 (99)
2385 4343 2493 4396 Sub
2541 4338 2953 4399 eadem-hasta.
3024 4347 3097 4398 lle
3148 4345 3460 4400 hastarum
3514 4348 3572 4398 et
3616 4338 3826 4413 auctio-

2170 4409 2313 4486 num
2338 4409 2565 4483 origine
2615 4431 2680 4469 ac
2712 4415 2822 4469 ritu
2876 4417 3054 4469 videri
3092 4421 3343 4486 possunt
3402 4409 3828 4486 Alexanderah

2169 4484 2498 4557 Alexandro
2536 4486 2630 4553 Ill,
2667 4487 2753 4548 16,
2781 4493 2837 4542 et
2882 4483 3104 4542 Junius
3145 4487 3450 4553 Rabirius,
3488 4488 3664 4557 cujus
3695 4483 3833 4557 liber

2170 4572 2235 4609 ex
2267 4556 2521 4611 editione
2570 4557 2904 4622 Parisiensi,
2953 4576 3089 4613 ann.
3148 4560 3303 4624 1554,
3340 4560 3398 4624 4,
3436 4554 3702 4613 insertus
3750 4554 3831 4606 est

2167 4631 2329 4681 tomo
2404 4627 2452 4680 V
2484 4628 2629 4693 Thes,
2664 4627 2954 4685 Grérvmm.
2987 4629 3243 4684 Conferri
3285 4647 3423 4684 cum
3484 4631 3581 4685 his
3632 4626 3835 4683 debent

2166 4701 2340 4754 verba
2393 4716 2458 4753 ex
2515 4700 2617 4758 lib.
2652 4701 2718 4753 ad
2750 4703 2869 4755 Nat.
2905 4719 2943 4763 ι,
2980 4703 3065 4761 10,
3098 4717 3225 4770 quas
3275 4708 3470 4756 totum
3510 4704 3621 4756 hoc
3671 4696 3831 4752 unice

2168 4770 2523 4826 illustrant.«
2555 4774 2683 4825 Jam
2722 4772 2971 4841 primum
3011 4789 3157 4842 quos
3184 4774 3238 4825 in
3274 4773 3616 4828 hastarium
3653 4783 3834 4842 reges-

2166 4842 2699 4915 sistis,puhlicanis
2724 4840 3068 4909 ’subditatis,
3100 4844 3258 4898 omni
3294 4844 3718 4915 quinquennio
3752 4840 3833 4893 in-

2165 4918 2254 4967 ter
2280 4914 2584 4981 vectigalia
2614 4919 2803 4969 vestra
2826 4914 3518 4986 proscripto,adducitis:
3560 4916 3645 4969 sic
3675 4918 3832 4986 Scra-

2168 4986 2456 5053 penm.sic
2480 4984 3087 5056 Capitolium—petitur,
3124 4988 3439 5051 addicitur,
3478 4984 3834 5041 conducitur

2168 5057 2441 5111 divinitas
2473 5061 2579 5111 sub
2631 5059 2830 5111 eadem
2882 5076 3015 5112 voce
3060 5060 3364 5126 prmconis.
3401 5061 3619 5114 eadem
3673 5071 3839 5111 exac-

2166 5132 2323 5182 tione
2358 5128 2683 5197 quaestaris.
2704 5152 2729 5176 ››
2763 5129 2866 5184 Ubi
2893 5132 3118 5196 egregie
3140 5131 3314 5185 etiam
3338 5138 3485 5184 ante
3510 5128 3835 5199 Rigaltium

2167 5217 2532 5268 quiscunque
2565 5200 2677 5254 huc
2711 5201 3003 5269 pertinent
3022 5204 3220 5257 docuit
3241 5202 3649 5258 doctissimus
3669 5200 3843 5256 Jutus

2167 5273 2580 5345 Gothofrenus,
2616 5273 2990 5339 ostenditque
3047 5274 3103 5327 in
3148 5274 3641 5345 quinquennium
3679 5291 3712 5327 a
3741 5287 3841 5341 pu-

2168 5342 2418 5396 blicanio
2455 5343 2632 5397 fuisse
2656 5344 3033 5399 conductum.
3065 5342 3206 5400 HAv.

2237 5414 2312 5484 (l)
2350 5415 2556 5485 Circuit
2604 5430 2896 5485 cauponas.
2930 5417 3247 5472 Gentilium
3281 5415 3719 5485 turpissimum
3757 5411 3849 5467 lu-

2165 5501 2329 5559 crum
2364 5484 2582 5559 arguit,
2612 5484 2766 5559 apud
2802 5505 2951 5559 quos
2983 5491 3312 5544 sacerdotes
3343 5484 3599 5558 Cybeles
3629 5487 3847 5555 stipem

2164 5558 2429 5613 ostiatim
2461 5558 2789 5629 exigebant,
2823 5558 2977 5615 unde
3009 5566 3119 5617 sat.
3147 5577 3251 5615 vm
3284 5560 3601 5615 Juvenalis
3634 5576 3648 5614 :

2288 5673 2433 5739 I_uter
2461 5673 2753 5739 carniﬁces,
2785 5678 2837 5723 et
2866 5674 3045 5724 fabros
3074 5676 3524 5739 saudapinarum.

2288 5735 2351 5782 Et
2378 5737 2676 5799 resupinati
2710 5739 2971 5789 cessantia
2999 5735 3257 5802 tympana
3282 5738 3433 5788 Galli.
3595 5740 3667 5787 Ls
3700 5737 3787 5785 Pl.
