4054 6174
240 362 344 421 405

1334 359 1926 421 APOLOGETICUS
1970 360 2149 418 ADV.
2200 360 2527 419 GENTES.

3518 360 3636 418 406

237 508 329 548 nec
360 491 589 545 tertiam
622 493 848 559 partem
881 488 937 543 in
963 505 1126 544 aram
1170 490 1299 559 ejus
1348 489 1670 559 imponitis.
1724 490 1869 545 Lau-
1900 494 1954 560 Α
1980 489 2200 560 Jovem,
2239 507 2310 545 ne
2333 490 2599 545 eamdem
2621 489 2733 543 vim
2769 506 2801 544 ει
2850 488 3070 543 caeteris
3117 488 3407 544 caelitibus
3456 505 3634 561 expe-

236 581 300 635 do
330 582 373 614 ’7
406 580 595 650 magis
627 579 1136 650 sapientem,quod
1171 579 1242 633 de
1272 580 1496 650 perdito
1522 580 1633 650 (45)
1657 578 1875 648 aliquid

233 670 452 741 eripitis
484 670 546 724 ’⁸.
576 669 687 722 Sed
724 685 1041 724 conversus
1072 669 1141 723 ad
1176 668 1402 723 litteras
1451 674 1697 734 vestras,
1746 668 1877 738 qui-

233 759 330 816 bus
358 757 758 813 informamini
784 758 854 813 ad
878 759 1023 815 35I
1055 758 1422 827 prudentiam
1442 762 1498 812 et
1519 759 1585 812 ad
1614 757 1878 811 liberalia

233 848 665 917 ofﬁcia,quanta
684 845 912 901 invenio
926 845 1179 900 ludibria
1200 845 1211 899 l
1246 846 1549 901 deosinter
1568 862 1629 900 se
1644 851 1878 916 propter

232 939 504 1005 Trajanos
557 940 614 990 et
644 934 893 990 Achivos
952 940 1014 989 ut
1070 934 1458 1006 gladiatorum
1521 935 1683 1006 paria
1739 950 1875 989 con-

232 1041 460 1098 gressos
483 1025 856 1094 depugnasse
881 1048 895 1091 ;
918 1023 1201 1078 Venerem
1226 1024 1485 1078 humana
1505 1024 1718 1095 sagitta
1740 1039 1873 1077 sau-

231 1113 461 1180 ciatam,
481 1112 638 1183 quod
663 1110 851 1166 ﬁlium
886 1115 1292 1167 suum/Enean
1326 1128 1473 1182 pene
1503 1112 1876 1167 interiectum

229 1203 293 1257 ab
322 1202 533 1257 eodem
568 1199 841 1255 Diomede
871 1216 1072 1272 rapere
1113 1199 1287 1255 vellet
1325 1201 1371 1235 ²⁰
1404 1217 1416 1267 ;
1469 1201 1713 1255 Martem
1765 1206 1878 1255 tre-

228 1290 408 1347 decim
458 1289 766 1346 mensibus
816 1290 874 1344 in
916 1288 1169 1344 vinculis
1221 1305 1364 1360 pene
1414 1294 1875 1360 consumptum;

1985 579 2401 650 riretur,opera
2431 578 2740 648 cujusdam
2776 578 3021 633 monstri
3057 578 3457 644 liberatum,et
3479 594 3635 633 nunc

1986 668 2215 723 ﬂentem
2260 668 2582 740 Sapedonis
2630 684 2854 732 casum,
2909 684 3063 722 nunc
3133 669 3271 722 fazde
3320 668 3633 722 subantem

1986 758 2209 814 352m
2226 776 2481 814 sororem
2498 758 2607 813 sub
2622 757 3220 812 commemorationem
3233 774 3343 810 non
3359 756 3438 812 ita
3453 756 3634 811 dilec-

1984 851 2178 901 tarum
2202 847 2557 918 jampridem
2592 848 2916 901 amicarum
2943 846 3052 917 (16)
3074 846 3100 898 ‘?
3123 846 3338 899 Exinde
3361 847 3493 915 quis
3518 863 3630 900 non

1990 942 2157 1005 poeta
2188 952 2255 990 ex
2287 936 2603 990 autoritate
2657 934 2937 1005 principis
2987 933 3081 988 sui
3132 934 3512 989 dedecorator
3545 935 3632 988 in-

1988 1024 2406 1078 veniturdeoru
2420 1023 2607 1077 mlHic
2622 1021 2991 1094 Appollinem
3004 1022 3248 1099 Admeto
3262 1022 3381 1094 regi
3397 1038 3635 1094 pascen-

1989 1112 2080 1167 dis
2113 1114 2420 1184 pecoribus
2452 1111 2667 1166 addicit
2695 1112 2829 1182 (17),
2862 1110 2959 1167 ille
2988 1112 3239 1181 Neptuni
3290 1112 3635 1167 structorias

1990 1217 2201 1273 operas
2228 1200 2604 1257 Laomedonti
2645 1200 2819 1255 locat.
2883 1202 2982 1256 Est
3038 1206 3094 1255 et
3145 1199 3262 1255 illis
3311 1200 3382 1255 de
3439 1201 3636 1272 lyricis

1990 1290 2331 1360 (Pindarum
2364 1290 2535 1361 dico),
2578 1288 2679 1361 qui
2726 1288 3130 1361 {Esculapium
3176 1289 3334 1344 canit
3382 1288 3633 1344 avaritia:

1646 1423 1848 1484 Variae
1887 1423 2209 1486 lectiones.

283 1552 323 1584 ³⁷
356 1550 639 1605 Laudabo
670 1550 837 1605 Seml.

943 1550 988 1584 ²⁸
1018 1549 1342 1621 Descriptis
1370 1551 1499 1605 Jun.
1580 1549 1625 1583 9°
1658 1548 1781 1605 Cod.
1818 1550 1971 1605 Fuld.
2009 1568 2021 1605 :
2055 1567 2187 1605 cum
2223 1549 2409 1604 ﬁlium
2446 1566 2620 1605 suum
2653 1550 2913 1619 Aiacem,
2960 1566 3031 1605 ne
3076 1549 3513 1605 interimeretur
3547 1567 3635 1605 ra-

222 1639 343 1694 pere
375 1622 685 1677 voluisset.
717 1623 850 1690 Quae
871 1620 1175 1686 Scriptura:
1201 1620 1495 1677 diversitas
1544 1624 1709 1677 movit
1744 1622 2066 1693 Rtyultium,
2101 1632 2160 1677 ut
2200 1623 2321 1678 ha’c
2351 1622 2512 1677 verba
2558 1638 2783 1691 prorsus
2833 1622 3055 1688 deleret,
3097 1622 3219 1676 Ilwc
3268 1622 3431 1677 habet
3477 1621 3631 1676 Macr.

218 1696 374 1750 codex
407 1695 555 1749 Bibl.
590 1696 725 1765 Reg.
751 1696 929 1749 Paris.
962 1694 1123 1749 2616.

1667 1810 2192 1872 Commentarius.

220 1951 561 2000 PBRFICIASQ.
605 1951 890 1990 DECVMAM.
932 1952 1021 1989 VT.
1065 1950 1276 1990 FACIAT.
1340 1952 1519 1990 νειιιε.
1583 1950 1865 1990 RATIONIS.
1900 1944 1947 2009 B

222 2024 458 2068 PROQVE.
501 2022 632 2062 HOC.
673 2023 869 2068 ADQVE.
914 2022 1113 2062 ALIEIS.
1156 2023 1338 2061 DONIS.
1382 2024 1504 2062 DES.
1561 2024 1747 2063 DIGNA.
1792 2024 1871 2061 Ml

223 2096 403 2133 BENTI.

282 2151 683 2230 Sumptuosus
714 2153 867 2230 certe
899 2149 1197 2230 Deusuqui
1234 2153 1352 2230 tam
1387 2150 1595 2230 grandi
1630 2149 1868 2230 dispen-

221 2221 306 2274 dio
335 2220 452 2275 coli
493 2237 728 2275 necesse
763 2221 1029 2277 habebat.
1064 2222 1247 2284 Quam
1280 2221 1340 2276 in
1366 2220 1487 2276 rem
1510 2220 1874 2292 elegantissi-

220 2292 289 2346 mi
321 2293 509 2347 simul
543 2297 601 2346 et
629 2293 988 2348 veracissimi
1021 2308 1222 2349 versus
1250 2299 1392 2349 sunt
1440 2293 1728 2364 Antipatri
1768 2295 1874 2348 Au-

218 2364 481 2434 (hologia!
512 2364 662 2418 libro
694 2380 735 2419 ι.

218 2482 473 2560 Εῧχολος
502 2486 779 2560 Ἑρμείας,
816 2485 859 2538 ὧ
890 2484 1164 2560 ποεμτὲνες,
1199 2483 1252 2539 ἐν
1281 2483 1342 2560 δὲ
1373 2486 1605 2559 γάλακτι

214 2554 452 2632 Χαῖῥῳνὶ
481 2554 577 2632 καῖ
608 2554 810 2632 δροζνᾼῳ
838 2554 1204 2632 σπενδόμενος
1231 2554 1429 2632 μέλιτί.

218 2629 359 2705 Ἀλλ’
390 2630 512 2705 οὐχ
540 2626 862 2705 Ἡρακλέης·
895 2626 989 2705 ἕνα
1020 2626 1076 2705 ait
1096 2626 1308 2705 κτίλον,
1342 2630 1376 2699 ἢ
1410 2629 1591 2705 παχὺν
1633 2628 1766 2705 ἄρνα

212 2701 374 2774 Αἰγεῖ,
404 2694 512 2774 ica-2'
538 2694 753 2774 πάντῳν
784 2694 837 2755 ἓν
873 2701 1002 2774 θύος
1032 2694 1327 2774 ἐκλέγεταί.
1366 2694 1375 2699 ’
1418 2772 1427 2774 _

416 2773 626 2848 λύκοος
660 2770 846 2848 ξτξογει·
883 2770 1138 2848 Tingere
1169 2770 1436 2848 ἇῑλὲον,ηιῖ
1464 2772 1525 2826 τὸ
1556 2771 1831 2848 φυλαχθὲν

213 2844 503 2917 Ὅλλυται,
540 2842 644 2898 εἷ’τε
670 2842 880 2913 λῦδὶοις,
914 2843 1011 2907 εἴθ’
1046 2846 1147 2898 ὑπὸ
1176 2849 1272 2898 τοῦ
1298 2843 1558 2919 φύλακος.

216 2972 425 3025 Versus
460 2970 691 3025 Graecos
724 2970 832 3025 hoc
866 2970 1039 3025 modo
1070 2969 1363 3040 eleganter
1410 2970 1703 3041 Josephus
1733 2974 1873 3025 Sca-

218 3042 354 3111 tiger
385 3042 637 3098 Latinos
673 3042 806 3097 fecit
837 3056 850 3097 :

331 3140 659 3200 Mercurius,
692 3139 862 3201 pueri,
897 3140 1119 3187 minimo
1150 3138 1438 3200 placabilis,
1472 3140 1561 3188 illo

336 3204 520 3259 Lacte,
554 3203 637 3250 vel
669 3204 865 3263 agresti
896 3203 1052 3251 melle
1085 3202 1268 3251 litatus
1298 3203 1416 3251 erit.

331 3265 455 3313 Non
494 3265 571 3312 sic
602 3264 812 3313 Alcides
843 3277 854 3312 :
889 3266 1025 3313 aries
1056 3270 1149 3312 aut
1181 3278 1407 3325 magnus
1442 3264 1656 3326 opimus

338 3328 617 3388 Poscitur,
651 3332 744 3376 aut
773 3327 953 3389 aliquo
986 3328 1050 3376 de
1081 3341 1239 3389 grege
1271 3331 1405 3375 lecta
1434 3340 1614 3388 pecus.

336 3391 488 3439 Dicis
526 3394 584 3438 at
616 3390 704 3438 ille
734 3389 887 3451 lupos
918 3395 1084 3452 ercet,
1114 3390 1265 3452 quasi
1296 3390 1506 3447 referat,
1540 3393 1718 3438 utrum

322 3452 552 3513 Custos,
594 3466 733 3501 anne
768 3466 933 3515 rapax
963 3451 1151 3515 perdat
1196 3452 1333 3500 ovile
1365 3452 1539 3515 lupus.
1609 3452 1735 3501 ΗΠ.

272 3560 379 3628 (15)
422 3560 502 3614 De
542 3560 811 3629 perdicto.
847 3560 1005 3613 Idem
1040 3558 1135 3613 ille
1166 3559 1473 3613 Plautinus
1508 3574 1712 3613 servus
1744 3556 1873 3612 istis

212 3632 475 3686 versibus
510 3631 980 3702 quiprzecedunt,
1014 3632 1323 3701 increpans
1353 3630 1475 3685 heri
1510 3630 1819 3685 stultitiam
1856 3645 1869 3682 :

210 3743 407 3794 Domini
441 3745 715 3809 quidquid
747 3744 1164 3804 habet,verritur
1196 3745 1300 3805 ἑξω;
1333 3744 1766 3809 quandoquidem
1790 3744 1841 3809 ip

1249 3809 1381 3865 (sius
1412 3808 1678 3870 perditum
1715 3808 1869 3863 sedit,

214 3868 417 3920 Secreto
441 3869 633 3919 hercle
664 3868 919 3933 equidem
940 3870 1090 3919 illum
1115 3868 1576 3933 adjutabo,neque
1599 3884 1716 3918 mea
1737 3870 1873 3930 (qui-

326 3994 506 4056 Opera
540 4006 825 4058 nunquam
857 3994 1211 4044 nihilominus
1246 4008 1659 4118 propere,quzim
1693 3937 1872 4105 ρὺοῗέξῗί

1597 4070 1706 4118 peri
1750 4071 1763 4104 1
1796 4091 1809 4104 .

1597 4070 1809 4119 permit.

212 4148 262 4196 et
289 4144 385 4214 qui
426 4160 586 4216 pone
618 4149 968 4216 sequuntur.

326 4250 463 4300 Nam
500 4252 608 4300 hoc
639 4251 870 4300 assimile
916 4255 1016 4310 est,
1051 4252 1203 4313 quasi
1235 4252 1301 4301 de
1330 4251 1494 4301 ﬂuvio
1551 4251 1641 4314 qui
1675 4264 1870 4313 aquam

1460 4315 1691 4374 (derivat
1718 4314 1838 4372 sibi,

327 4375 441 4424 Nisi
477 4375 796 4434 derivetur;
820 4378 997 4424 tamen
1023 4377 1197 4425 omnis
1219 4390 1282 4425 ea
1301 4390 1440 4438 aqua
1456 4378 1609 4425 abeat
1629 4377 1684 4424 in
1706 4390 1870 4434 mare,

326 4440 465 4488 Nam
503 4438 612 4487 hoc
639 4439 694 4486 in
726 4451 870 4486 mare
900 4439 1028 4499 abit,
1061 4439 1253 4488 misere
1278 4440 1417 4501 perit
1445 4440 1560 4487 sine
1601 4439 1746 4487 omni
1775 4439 1870 4487 bo-

1496 4508 1591 4558 (na
1618 4502 1809 4564 gratia.

213 4605 323 4680 Huc
353 4623 601 4680 quoque
621 4610 886 4676 spectant
916 4606 1198 4663 Lactantii
1230 4608 1405 4663 verba
1435 4607 1491 4661 in
1527 4607 1628 4662 lib.
1657 4623 1859 4677 11,cap.

210 4678 255 4731 4.
288 4703 313 4727 ‹‹
352 4678 455 4734 His
490 4678 707 4733 aurum
742 4685 799 4733 et
829 4685 1139 4750 argentum
1189 4685 1552 4744 consecrant,
1586 4696 1710 4750 qua:
1744 4685 1860 4733 tam
1895 4681 1941 4745 D

214 4765 317 4832 non
351 4751 605 4832 habent,
638 4750 739 4832 qui
773 4750 1865 4832 acc_i‘piunt,q_uani.qui‘illa'doon‘arunt,

211 4821 303 4895 ubi
336 4828 390 4877 et
424 4821 1208 4895 Dionysiisacrilegiiverba
1237 4822 1493 4879 adverte.
1529 4822 1599 4895 Hi
1641 4822 1722 4876 dii
1748 4822 1867 4879 sci-

215 4891 343 4966 licet
374 4900 526 4949 sunt
559 4891 626 4966 ei;
661 4893 775 4949 illis
815 4891 1051 4963 mortui,
1104 4895 1173 4949 de
1217 4896 1435 4959 quibus
1480 4894 1716 4966 sapiens
1773 4895 1870 4950 ille

213 4964 442 5035 Mimus,
482 4964 758 5021 Publium
790 4967 919 5022 dico
949 4984 1119 5022 versu
1150 4968 1277 5020 608.

327 5071 555 5121 Mortuo
588 5084 787 5120 munus
820 5073 911 5135 qui
941 5072 1122 5131 mittit,
1153 5072 1229 5121 nil
1258 5072 1348 5121 dat
1380 5072 1475 5131 illi,
1500 5072 1685 5121 adimit
1712 5071 1832 5123 sibi.

274 5176 397 5232 Non
431 5178 770 5247 injucunda
848 5179 1031 5249 igitur
1096 5178 1395 5234 altercatio
1444 5178 1707 5234 Cartonis
1739 5194 1872 5234 cum

218 5248 504 5304 Hercurio
542 5251 695 5321 apud
728 5248 1028 5321 Aristoph.
1061 5249 1118 5304 in
1153 5250 1302 5306 Plut.
1337 5254 1460 5306 Atc.
1489 5268 1542 5319 v,
1574 5268 1656 5305 sc.
1691 5268 1729 5305 ι.

216 5356 310 5425 ΕΡ.
344 5354 453 5408 Καὶ
488 5354 600 5425 μὴν
627 5354 791 5409 ὁπότε
816 5376 867 5410 τι
902 5354 1184 5425 σκιύαριον
1216 5360 1311 5409 τοῦ
1343 5353 1609 5411 δεσπότου

216 5423 625 5499 ξγφείλουῖξγώ
659 5446 715 5480 σε
749 5427 1028 5499 λανθάνειν
1066 5423 1284 5499 ἐποίουν
1319 5429 1419 5483 ἀεί.

360 5498 487 5574 Ἐφ’
514 5496 622 5574 ᾧτε
657 5499 903 5574 μετέχειν
937 5498 1119 5574 αὐςεὸς,
1150 5498 1194 5552 ὣ
1223 5499 1563 5574 τονχωρύχε,

217 5563 509 5643 ζῌκενηχᾶρ
535 5563 602 5621 ’ἄν
640 5563 723 5623 σοι
754 5563 942 5643 ναστὸς
970 5571 1029 5643 e5
1058 5563 1425 5643 πεπεμμένος.

240 5591 369 5621 [ικεν
439 5591 509 5642 πρ
546 5591 602 5621 αν
640 5591 723 5623 σοι
754 5591 942 5632 ναστος
974 5591 1029 5623 ευ
1058 5591 1425 5643 πεπιμμενος.

220 5639 319 5715 ΕΡ·
357 5591 597 5715 ’ἔπειτα
625 5641 816 5695 τοῦτόν
845 5644 892 5715 γ’
926 5640 1085 5715 αὐτρς
1116 5640 1173 5695 ἂν
1199 5645 1507 5715 λςατήσϐνες.

228 5710 450 5788 ΙΞΑηΟὐ
484 5711 591 5788 γὸίρ
627 5710 872 5788 μετξῖχεέ
902 5714 995 5775 τὰς
1030 5712 1142 5774 ἴσας
1173 5710 1388 5788 πληγὰς
1415 5713 1561 5787 ἐμοὶ,

225 5781 419 5837 Ὁπότε
452 5780 508 5835 τί
546 5780 817 5860 ληφθείην
846 5789 1225 5863 πανουργήσας
1257 5780 1383 5862 ἔκίώ.

2041 1935 2169 1983 Men.
2202 1934 2267 1982 At
2296 1938 2351 1982 tu
2385 1946 2503 1981 cum
2536 1934 2810 1981 vasculum
2842 1932 3055 1997 aliquod
3089 1934 3383 1997 surriperes
3412 1933 3560 1984 hero.

1979 1996 2258 2045 Faciebem
2289 2010 2405 2059 ego,
2431 2010 2497 2044 ne
2527 1997 2647 2059 quis
2676 2000 2726 2045 te
2755 1998 2809 2043 in
2845 1996 2981 2044 furto
3012 1997 3459 2059 deprehenderet.

2043 2060 2127 2107 CA.
2164 2059 2272 2107 Hoc
2304 2058 2422 2107 ideo
2454 2058 2705 2123 faciebas,
2736 2059 2979 2123 perfosor
3009 2058 3291 2123 parietum,

1982 2122 2135 2179 Quod
2166 2135 2405 2183 sperares
2437 2126 2487 2169 te
2519 2121 2647 2169 furti
2678 2121 2993 2183 participem
3024 2121 3156 2172 fore.

1982 2198 2113 2246 Nam
2146 2184 2297 2245 panis
2322 2184 2552 2232 mellitus
2586 2196 2649 2233 eo
2683 2184 2903 2233 cedebat
2931 2184 3045 2234 tibi.

2043 2249 2170 2296 Msa.
2203 2246 2305 2296 Sed
2337 2261 2459 2295 eum
2494 2260 2684 2309 panem
2721 2250 2832 2295 tute
2864 2247 2977 2308 ipse
3009 2245 3207 2295 edcbas
3236 2250 3439 2308 postea.

2044 2309 2492 2371 CA.Recte,neque
2527 2309 2667 2357 enim
2698 2310 3067 2357 tueorumdem
3108 2321 3312 2358 mecum
3348 2309 3627 2359 verberum

1982 2372 2169 2421 Fiebas
2200 2373 2481 2434 particeps,
2513 2372 2679 2419 sicubi
2716 2371 3153 2433 deprehenderer

1979 2435 2207 2497 Aliquod
2234 2435 2574 2483 committens
2605 2434 2887 2495 ﬂagitium.

1985 2531 2049 2602 Et
2076 2531 2340 2602 eamdem
2368 2531 2440 2586 ob
2472 2546 2709 2585 causam
2743 2530 3040 2602 Diogenes
3078 2528 3310 2602 invigilat
3343 2532 3467 2602 fcch
3503 2526 3629 2583 δού-

1983 2600 2093 2675 λων
2118 2601 2178 2675 γοῖ
2209 2596 2686 2675 λαϐροφαγοῦντας
2732 2596 2961 2675 sgmx/“vce:
2998 2596 3141 2675 frob;-
3190 2598 3471 2670 δεσπότας,
3520 2623 3627 2673 μη-

1983 2670 2067 2727 δὲν
2102 2670 2527 2745 ἀρπάζοὶεν’τῶν
2575 2670 2928 2743 ἐσθιομένων,
2992 2674 3030 2727 i.
3082 2690 3155 2740 e',
3204 2697 3230 2723 «
3283 2691 3481 2729 servos
3516 2670 3627 2729 lni-

1982 2747 2241 2803 rabatur.
2273 2748 2371 2816 qui
2405 2762 2536 2800 cum
2571 2747 2778 2801 edaces
2826 2745 3098 2801 dominos
3130 2750 3448 2811 cernerent,
3486 2747 3630 2801 nihil

1982 2819 2313 2889 deriperent
2342 2817 2603 2873 ciborum
2643 2840 2689 2883 ι,
2725 2823 2787 2871 ut
2818 2822 3019 2872 narrat
3051 2818 3330 2872 Laertius.
3370 2820 3498 2871 llav.

2051 2887 2161 2960 (16)
2222 2888 2335 2943 Non
2400 2892 2479 2943 ita
2542 2889 2868 2943 dilectarum
2911 2890 3243 2943 amicarum.
3295 2889 3379 2960 Ita
3423 2887 3628 2942 malim

1982 2959 2112 3015 cum
2148 2961 2367 3030 optimo
2406 2961 2660 3014 Fuldeno
2694 2962 2909 3024 codice,
2943 2976 3112 3030 quam
3163 2976 3293 3014 cum
3328 2959 3461 3014 aliis
3495 2976 3629 3013 om-

1981 3032 2157 3087 nibus
2183 3049 2194 3086 :
2219 3054 2245 3080 «
2271 3032 2393 3086 Non
2416 3031 2497 3086 ita
2527 3032 3229 3102 dilectarumjampridem
3244 3031 3629 3086 amicarum.»

1982 3104 2283 3174 Siquidem
2304 3103 2480 3158 istum
2516 3104 2571 3158 in
2604 3104 2840 3158 vetitum
2875 3104 3065 3157 nisum
3095 3108 3151 3157 et
3174 3108 3449 3175 negatum
3474 3119 3507 3156 a
3528 3120 3627 3156 na-

1981 3182 2113 3229 tura
2146 3176 2323 3229 situm
2368 3175 2497 3246 ipsa
2544 3176 2775 3229 abunde
2820 3175 2976 3229 Juno
3028 3182 3215 3241 norat,
3271 3178 3628 3245 quapropter

1986 3264 2095 3302 non
2109 3264 2405 3336 nunquam
2422 3246 2643 3336 lse‘Jovi
2670 3248 2778 3336 sub
2796 3247 3019 3336 pellicis
3042 3248 3231 3336 spe‘cie
3248 3246 3628 3336 substittuisse

1906 3323 1947 3389 ί]
1987 3324 2186 3373 narrat
2217 3314 2575 3389 Philostrat”
2613 3336 2666 3388 p.
2698 3314 2821 3381 91c,
2876 3315 3006 3371 ἰδεῖν
3033 3314 3191 3389 αὐεςὸν
3245 3317 3369 3389 τότε
3416 3314 3623 3389 ἡδέως,

1986 3388 2067 3464 δίει
2099 3388 2230 3464 αρτἢ
2255 3387 2473 3464 σύνεστι
2506 3385 2710 3464 ᾎάθραζ
2738 3389 2837 3455 τὴν
2875 3408 2991 3464 λγαρ
3026 3385 3318 3464 Δςῖιῖδεσσίαν
3373 3386 3627 3464 τέθεικεν.

1983 3460 2059 3522 εἷς
2091 3459 2305 3534 κλοπὴν
2343 3458 2622 3534 μοιχείαςξ
2674 3462 2737 3534 Et
2778 3458 2920 3515 satis
2949 3458 3102 3516 bella
3141 3459 3435 3534 excusatio
3466 3478 3627 3515 amo-

1984 3551 2114 3589 rum
2152 3533 2303 3588 Elite
2338 3532 2631 3588 suzs'Vero
2662 3533 2969 3587 videbatur
2999 3534 3151 3604 apud
3181 3532 3623 3603 Spartian.,c.5,

1984 3622 2116 3661 cum
2150 3606 2366 3660 diceret
2423 3606 2495 3659 ad
2540 3622 2776 3660 uxorem
2815 3622 2827 3660 :
2869 3628 2889 3653 ι
2942 3609 3145 3659 Patere
3196 3620 3288 3659 me
3336 3621 3438 3674 per
3484 3605 3631 3659 alias

1982 3694 2246 3732 exercere
2277 3676 2631 3747 cupiditates
2682 3693 2887 3742 meas;
2922 3694 3066 3731 uxor
3116 3676 3272 3731 enim
3322 3675 3627 3746 dignitatis

1983 3766 2194 3804 nomen
2228 3754 2331 3816 est,
2364 3765 2477 3803 non
2510 3748 2848 3820 voluptatis.
2884 3770 2910 3797 n
2942 3749 3049 3802 Sed
3083 3747 3268 3809 locus.
3301 3764 3474 3818 quem
3500 3765 3627 3803 res-

1982 3821 2137 3892 pexit
2168 3827 2391 3885 auctor,
2426 3824 2482 3874 et
2512 3818 2775 3874 cum'illo
2807 3820 3214 3892 Minucius,est
3236 3821 3389 3889 apud
3414 3820 3628 3892 Home-

1982 3890 2112 3947 rum
2140 3892 2304 3947 Iliad.
2338 3893 2409 3955 Ξ,
2442 3907 2591 3957 vers,
2623 3892 2746 3960 314,
2782 3891 2880 3945 ubi
2912 3891 3140 3962 Jupiter
3172 3891 3423 3957 Trojano
3474 3890 3625 3945 bello

1979 3964 2263 4028 intentus,
2315 3968 2619 4017 revocatus
2666 3979 2798 4017 vero
2858 3962 2993 4017 inde
3063 3962 3361 4017 blanditiis
3402 3964 3622 4028 uxoris,

1981 4052 2173 4092 acrem
2206 4034 2511 4089 stimulum
2531 4034 2771 4089 Veneris
2803 4033 3376 4103 prodit,longamque
3407 4034 3623 4087 amica-

1981 4124 2111 4163 rum
2145 4107 2353 4161 seriem
2387 4106 2775 4177 pertexit,non
2802 4122 3060 4177 unquam
3102 4122 3235 4174 erga
3267 4105 3398 4159 illas
3428 4106 3528 4170 ita,
3563 4109 3628 4157 ut

1980 4184 2121 4233 tunc
2144 4195 2280 4249 erga
2310 4181 2600 4249 Junonem
2635 4177 3069 4233 aﬁ‘ectus.Unde
3098 4177 3625 4249 expressiusetiam

1982 4253 2050 4306 ad
2083 4247 2395 4304 Homerum
2429 4254 2487 4303 et
2517 4248 2824 4304 lectionem
2859 4254 3117 4303 nostram
3149 4248 3205 4301 in
3239 4247 3341 4302 lib.
3376 4248 3625 4315 Ad.Nat.,

1982 4340 2019 4377 1.
2061 4323 2172 4375 1οε
2214 4344 2239 4369 ‹‹
2273 4324 2381 4375 Aut
2412 4320 2801 4375 luxuriantem
2850 4337 2983 4373 cum
3030 4320 3263 4374 Junone
3310 4318 3630 4375 fmdissime

1982 4394 2208 4448 inducit
2238 4394 2645 4447 commendato
2680 4391 2936 4447 libidinis
2984 4391 3272 4446 desiderio
3324 4407 3423 4461 per
3462 4407 3630 4446 com-

1984 4465 2469 4520 memorationem
2501 4470 2557 4519 et
2579 4464 3078 4519 enumerationem
3111 4464 3455 4518 amicarum.
3488 4484 3516 4512 »
3556 4464 3631 4517 De

1981 4542 2162 4591 Marte
2202 4552 2308 4591 suo
2338 4536 2532 4590 Venus
2584 4536 2737 4605 apud
2777 4536 3101 4589 Martialem
3144 4534 3202 4588 in
3252 4532 3630 4605 epithalamio

1986 4607 2273 4663 Hiantidis
2303 4615 2360 4662 et
2389 4607 2599 4675 Stellae,
2624 4607 2723 4662 lib.
2758 4623 2835 4674 v1,
2869 4608 2958 4661 21.

2107 4704 2207 4755 Sed
2240 4710 2519 4767 postquam
2552 4719 2704 4754 meus
2734 4708 2834 4761 est,
2857 4704 3008 4752 nulla
3040 4717 3124 4751 me
3157 4702 3343 4763 pellice
3378 4702 3513 4752 laesit
3545 4720 3557 4757 :

2104 4770 2230 4817 Tam
2262 4768 2399 4831 frugi
2426 4769 2568 4817 Juno
2602 4768 2762 4817 vellet
2787 4768 2984 4816 habere
3014 4767 3218 4815 Jovem.

1976 4853 2173 4911 Possis
2202 4852 2358 4908 hunc
2393 4853 2583 4909 locum
2615 4854 2698 4909 ita
2726 4854 2901 4907 etiam
2927 4853 3245 4907 reformare
3279 4869 3291 4907 :
3328 4873 3355 4900 ‹‹
3387 4856 3510 4907 Non
3546 4852 3626 4908 ita

1978 4926 2325 4981 dilectarum
2352 4925 2590 4996 quidem
2627 4925 2968 4991 amicarum,
3002 4923 3116 4991 vel,
3177 4940 3289 4978 non
3324 4923 3426 4996 ita,
3450 4925 3628 4979 dilec-

1978 5003 2174 5053 tarum
2212 4995 2620 5068 baud’pridem
2670 4997 3015 5052 amicarum.
3050 5018 3076 5044 ι)
3105 4996 3266 5068 Quod
3300 4995 3629 5068 stultitiam

1978 5070 2139 5125 illius
2168 5069 2329 5124 Jovis
2360 5067 2547 5139 magis
2598 5069 2812 5140 arguit,
2864 5073 2929 5123 ut
2965 5068 3064 5140 qui
3094 5067 3344 5123 Junonis
3391 5082 3505 5123 suae
3539 5085 3633 5124 re-

1981 5142 2170 5198 centia
2202 5142 2421 5196 foderet
2448 5140 2706 5195 vulnera.
2741 5140 2876 5194 HAV.

2056 5214 2163 5279 (17)
2197 5213 2428 5267 Addicit.
2475 5212 2713 5283 Propria
2763 5211 3027 5282 praetoris
3081 5228 3192 5265 vox
3231 5210 3287 5264 in
3340 5211 3639 5283 peculium

1986 5283 2236 5353 alicujus
2302 5284 2761 5355 servitutemque
2826 5300 3178 5355 quemquam
3238 5284 3634 5355 detrudentis,

1987 5357 2141 5424 quod
2176 5355 2233 5409 in
2268 5354 2537 5411 obseratis
2570 5360 2627 5410 et
2659 5354 2969 5426 mancipiis
3003 5355 3126 5409 fieri
3165 5354 3411 5411 solebat.
3450 5357 3638 5411 Livius

1989 5428 2059 5481 de
2083 5429 2485 5497 provocatione
2519 5427 2680 5499 Appii
2714 5427 2939 5499 Claudii
2980 5432 3109 5498 post
3141 5427 3331 5481 scelus
3374 5429 3633 5483 intenta—

1988 5504 2113 5553 tum
2138 5498 2194 5552 in
2218 5498 2619 5561 Virginiamfe
2640 5498 2899 5569 Rapique
2920 5498 2976 5552 in
2994 5498 3642 5568 vinculaegentemjure

1990 5570 2299 5633 libertatis,
2333 5572 2430 5641 qui
2467 5571 2713 5625 liberum
2746 5570 3038 5641 corpusin
3095 5572 3435 5623 servitutem
3460 5570 3637 5641 eddi-

1991 5643 2199 5708 xisset,
2235 5664 2261 5690 ι)
2294 5640 2397 5698 lib.
2431 5660 2514 5705 ιιι,
2548 5660 2597 5699 c.
2629 5644 2718 5705 55,
2753 5640 2929 5714 supra
2966 5658 2977 5696 :
3014 5667 3040 5691 ‹‹
3077 5640 3638 5714 Divini_tas__addi_cta

1994 5714 2379 5779 conducitur;
2418 5737 2445 5763 ››
2478 5716 2546 5769 de
2576 5710 3015 5769 venditio—nibus
3038 5710 3637 5769 etlocationibus.Vo-

1996 5801 2121 5843 cem
2154 5788 2271 5857 regi
2301 5786 2453 5843 delet
2480 5786 2618 5843 Cod.
2653 5784 2819 5840 Fuld.
2852 5785 2995 5839 HAV.
