4054 6174
238 376 357 436 409

1353 377 1942 440 APOLOGETICUS
1992 378 2174 439 ADV.
2224 376 2553 437 GENTES.

3537 378 3658 438 410

237 510 332 580 qui
364 508 427 562 in
462 509 883 563 contumeliam
917 510 1159 564 deorum
1192 526 1469 580 quercum
1497 515 1552 565 et
1575 511 1806 565 hircum
1840 514 1897 563 ct
1929 522 1975 585 Α
2008 510 2263 563 Socratis
2297 512 2497 579 postea
2528 507 2819 561 afﬂxcrint
2850 508 2896 543 ³³
2926 509 3060 580 (26),
3091 513 3147 563 et
3178 509 3495 580 imaginem
3524 511 3652 579 ejus

236 596 745 667 canem(23)354
775 598 1207 668 dejerabat.Sed
1241 604 1546 670 propterea
1579 600 1896 653 damnatus

233 689 317 738 est
348 683 789 755 Socrates,quia
832 686 970 740 deos
1000 686 1335 740 destruebat
1367 685 1479 756 (24)
1512 686 1683 740 Plane
1732 685 1894 756 olim,

234 774 290 826 id
322 781 409 827 est
441 788 699 843 semper,
735 775 946 828 veritas
977 774 1109 828 odio
1136 778 1243 828 est.
1277 778 1492 830 Tamen
1527 791 1660 829 cum
1712 774 1893 845 pceui-

236 860 416 917 tentia
446 863 751 917 sententia:
786 863 892 933 (25)
946 862 1332 919 Athenienses
1380 867 1436 918 et
1486 864 1896 918 criminatores

2006 613 2240 651 auream
2278 597 2338 651 in
2369 595 2587 667 templo
2623 596 2728 667 (27)
2774 597 2922 652 355
2988 595 3351 666 collocarint,
3404 599 3656 654 rescissa

2005 685 2301 740 damnatio
2328 684 2730 739 testimonium
2765 685 2986 739 Socrati
3021 684 3403 740 reddidit.Sed
3437 690 3493 740 et
3523 687 3657 741 Dio-

2005 791 2182 846 genes
2216 773 2409 828 nescio
2441 774 2581 841 quid
2610 774 2722 842 (28)
2756 774 2811 826 in
2844 774 3150 827 Herculem
3184 773 3413 841 ludit,et
3440 779 3654 830 Roma-

2008 880 2119 917 nus
2151 862 2402 934 Cynicus
2437 862 2545 933 (29)
2577 864 2759 916 Varro
2792 866 3081 916 trecentos
3112 863 3266 918 356
3296 862 3485 931 Joves,
3534 864 3654 920 sive

1666 964 1867 1024 Varia:
1899 963 2222 1024 lectiones.

298 1060 344 1093 ⁸³
374 1058 505 1114 Cod.
539 1058 697 1113 Fuld.
732 1060 947 1115 Tamen
976 1076 1109 1115 cum
1139 1060 1378 1131 paenitet
1402 1060 1705 1116 sententias
1735 1061 2143 1127 Athenienses,
2174 1062 2235 1115 ut
2260 1058 2668 1114 criminatores
2695 1058 2853 1114 Socr.
2888 1058 3220 1128 efﬂixerint,
3253 1064 3311 1114 et
3343 1088 3413 1100 —
3442 1062 3653 1116 rescis-

236 1148 301 1186 sa
324 1131 709 1187 damnatione
738 1135 873 1187 test.
902 1139 1061 1187 Socr.
1095 1131 1495 1188 reddiderunt.

1677 1216 1825 1274 Com
1839 1212 2201 1274 mentarius.

304 1308 424 1377 (23)
463 1308 732 1376 Quercum
762 1313 812 1364 et
842 1309 1057 1363 hircum
1094 1311 1147 1364 et
1200 1324 1409 1363 canem.
1464 1308 1655 1378 Hujus
1713 1326 1901 1365 exem-

234 1378 326 1450 plo
394 1383 550 1434 Zeno
609 1396 712 1451 per
743 1383 1068 1452 capparim
1092 1382 1353 1452 jurabat,
1388 1381 1469 1435 ait
1500 1380 1781 1437 Laertius.
1817 1382 1897 1436 De

234 1452 394 1524 hisce
421 1450 786 1521 juramentis
820 1450 940 1523 agit
975 1452 1184 1523 lydius
1231 1451 1296 1506 de
1347 1453 1588 1518 Juram.,
1651 1469 1777 1524 cap.
1841 1455 1895 1521 3,

233 1523 379 1589 §23,
410 1524 506 1577 51,
540 1524 827 1586 Quoniam
860 1539 994 1578 vero
1031 1532 1088 1577 1n
1121 1539 1265 1577 mss.
1304 1524 1493 1586 Fuld.,
1539 1523 1737 1578 media
1789 1542 1898 1579 vox

230 1596 424 1660 abest,
464 1595 800 1666 suspicatur
828 1596 1115 1666 Rigalt.ex
1140 1611 1284 1649 sono
1320 1597 1703 1665 precedentia
1733 1613 1899 1665 quer-

232 1681 403 1734 quum
443 1665 665 1720 vitiatis
699 1665 943 1721 auribus
976 1666 1270 1736 irrepisse.
1299 1667 1408 1721 Sed
1460 1668 1627 1722 docte
1677 1670 1899 1723 notavit

229 1738 523 1790 Heraldus
556 1754 623 1791 ex
652 1737 979 1793 Scholiasta
1006 1737 1417 1808 AristOphanis
1447 1739 1620 1793 etiam
1658 1755 1757 1808 per
1788 1739 1899 1795 bir-

230 1824 364 1862 cum
400 1809 849 1878 dejerasse,imo
885 1827 987 1881 per
1019 1826 1283 1864 anserem
1305 1816 1361 1863 et
1381 1810 1492 1863 alia
1512 1826 1897 1880 quaecunque,

230 1886 294 1933 ut
327 1882 462 1935 fuse
494 1882 647 1934 idem
681 1885 973 1935 observat.
1008 1881 1275 1935 Faciebat
1304 1896 1437 1935 vero
1467 1882 1521 1934 id
1559 1885 1764 1937 docere
1795 1900 1897 1937 vo—

229 1950 497 2024 lensqper
535 1953 675 2007 deos
708 1970 820 2008 non
856 1969 983 2007 esse
1032 1954 1416 2024 jurandum,
1440 1952 1556 2006 Nos
1614 1955 1891 2023 quoniam
1924 1958 1971 2022 Β
2005 1946 2185 2006 fuisse
2246 1958 2498 2024 statuam
2559 1946 2609 2001 ἐν
2643 1950 2907 2022 Ηομπελιῳ

230 2022 380 2104 nihil
440 2023 763 2104 habemus,
809 2026 999 2104 quod_
1024 2022 1313 2104 addamus
1343 2022 1659 2096 diligentiae
1691 2025 1895 2104 Heral-
2001 2024 2227 2104 ticiout
2254 2029 2413 2104 notat
2446 2022 2826 2104 Casaubonus
2857 2041 2923 2078 ex
2982 2022 3258 2104 Polluce;
3294 2026 3350 2078 in
3375 2097 3383 2104 _
3413 2041 3526 2094 quo
3587 2028 3652 2077 ut
3746 2071 3759 2077 -

227 2096 403 2160 dines,
442 2102 644 2150 nostra
674 2097 830 2149 enim
866 2098 1123 2167 proferre
1154 2095 1474 2164 volumus,
1506 2111 1619 2150 non
1680 2097 1887 2165 aliens,

225 2167 570 2236 symbolum
628 2168 838 2221 damus
872 2166 961 2222 ex
992 2167 1241 2238 gemmis
1271 2166 1607 2236 Gorlsianis,
1644 2172 1781 2224 tom.
1818 2170 1887 2235 ll,

229 2252 397 2291 num.
429 2238 557 2304 305,
592 2239 717 2304 306,
750 2240 875 2307 307,
908 2240 1031 2303 313,
1066 2238 1191 2303 316,
1238 2238 1362 2305 317,
1421 2239 1544 2303 322,
1604 2239 1727 2306 323,
1789 2241 1889 2295 ubi

224 2309 502 2378 conspici
538 2316 785 2379 possunt
815 2312 1009 2381 capita
1040 2309 1505 2382 anseris,aquila3
1537 2311 1891 2382 canis,galli,

227 2381 439 2436 arietis
473 2382 592 2435 sive
625 2382 794 2451 hirci,
822 2383 976 2452 equi,
1012 2387 1069 2435 et
1100 2381 1303 2436 folium
1355 2398 1687 2451 querquus;
1748 2388 1889 2438 sunt

222 2452 481 2513 ibidem.
515 2453 611 2506 ubi
645 2455 943 2523 proboscis
972 2452 1350 2524 elephantine
1380 2453 1652 2507 occurrit.
1688 2453 1827 2507 ΗΑν.

290 2524 410 2593 (24)
446 2524 583 2579 Deo:
612 2524 936 2580 destruebat.
974 2527 1055 2579 Ita
1084 2526 1150 2580 de
1184 2524 1420 2579 Platone
1446 2525 1674 2593 judicat
1704 2525 1885 2579 Theo-

226 2594 496 2659 doretus,
528 2612 802 2666 serm.,p.
834 2613 919 2661 ιιι,
955 2599 1106 2666 p.50,
1138 2612 1272 2651 eum
1306 2612 1421 2650 non
1454 2613 1662 2651 ausum
1700 2601 1881 2652 totam

220 2666 522 2721 idolorum
564 2668 844 2722 lubricam
872 2666 1095 2733 tollere,
1129 2671 1289 2722 metu
1323 2668 1519 2737 populi
1563 2666 1881 2723 Athenien-

220 2739 327 2804 sis,
364 2742 468 2792 sed
497 2740 756 2807 jussisse
786 2756 857 2794 ne
888 2756 957 2794 ex
988 2739 1101 2793 alia
1134 2739 1376 2793 materia
1399 2755 1573 2808 quam
1598 2739 1758 2809 ligno
1792 2740 1882 2794 vel

221 2826 365 2863 saxo
400 2810 629 2875 ﬁerent,
662 2828 838 2881 quam
874 2816 1103 2881 putaret
1149 2811 1507 2880 contemptui
1559 2810 1879 2867 obnoxiam

221 2880 395 2935 facile
419 2880 703 2937 vilitatem
737 2900 845 2937 suo
864 2880 1076 2954 populo
1096 2882 1880 2952 persuasuram.Lactantius

223 2969 466 3023 quoque
498 2954 569 3007 de
600 2956 876 3009 omnibus
912 2954 1115 3025 poetis,
1153 2954 1248 3007 lib.
1284 2969 1323 3020 1,
1359 2954 1509 3025 c142
1543 2969 1555 3007 :
1595 2976 1621 3003 «
1656 2954 1879 3009 Metue-

222 3024 370 3077 bant
400 3024 560 3078 enim
614 3026 857 3093 malum,
913 3023 957 3081 si
1021 3031 1223 3080 contra
1284 3023 1577 3095 publicam
1635 3042 1875 3095 persua-

230 3097 466 3150 sionem
529 3097 868 3162 laterentur,
927 3100 1080 3168 quod
1114 3103 1237 3152 erat
1268 3113 1492 3168 verum.
1529 3116 1567 3168 ii
1594 3102 1656 3150 Et
1686 3098 1756 3151 de
1787 3098 1878 3151 Ci-

222 3183 463 3231 cerone,
501 3168 812 3238 imprimis,
851 3167 954 3223 lib.
988 3170 1147 3224 11.0.3
1180 3186 1193 3223 :
1232 3192 1259 3217 ‹‹
1291 3167 1657 3239 Intelligebat
1684 3169 1878 3225 Cicero

218 3239 372 3293 falsa
401 3254 689 3309 esse,quze
720 3240 989 3296 homines
1019 3239 1498 3295 adorarentNam
1524 3255 1655 3294 cum
1690 3241 1877 3296 multa

2006 1326 2181 1365 aurea
2210 1324 2337 1381 quae
2366 1311 2711 1377 sequuntur,
2754 1306 2900 1363 alias
2957 1308 3248 1381 copiosus.
3310 1310 3495 1366 Locus
3554 1309 3649 1365 hic

2005 1382 2077 1436 ob
2106 1380 2438 1450 angustiam
2470 1396 2578 1433 non
2614 1381 2851 1450 patitur.
2890 1382 3025 1435 llav.

2080 1452 2189 1521 (27)
2230 1453 2287 1505 1η
2346 1453 2567 1520 templo.
2624 1452 2903 1522 Suspecta
2964 1452 3395 1522 quodammodo
3453 1451 3645 1506 lectio.

2003 1522 2211 1576 Narrat
2241 1522 2476 1592 quidem
2506 1522 2737 1576 Flavius
2772 1523 3053 1593 Vopiscus
3084 1524 3349 1577 Tacitum
3400 1522 3649 1593 impera-

2006 1600 2188 1648 torem
2250 1599 2504 1647 statuam
2552 1600 2876 1663 argenteam
2912 1596 3039 1649 divo
3070 1594 3380 1649 Aureliano
3414 1596 3471 1648 in
3504 1602 3650 1648 tem-

2007 1666 2099 1736 plo
2132 1665 2281 1719 Solis
2314 1665 2583 1719 dedicare
2610 1665 2884 1731 voluisse,
2917 1667 3173 1735 itemque
3204 1668 3469 1720 divorum
3502 1672 3650 1721 tem-

2008 1738 2167 1808 plum
2230 1738 2347 1791 tieri
2400 1737 2643 1809 jusisse,
2702 1738 2758 1790 in
2814 1755 2925 1807 quo
2974 1745 3171 1793 essent
3196 1743 3402 1791 statuae
3434 1738 3652 1809 princi-

2005 1825 2144 1879 pum
2180 1808 2599 1863 bonorum.Sed
2636 1808 2747 1863 ista
2775 1816 2939 1863 erant
2971 1812 3215 1864 numina
3249 1808 3647 1864 Romanorum

2007 1878 2227 1950 quibus
2255 1887 2312 1934 et
2343 1878 2651 1950 hostimet
2705 1885 2835 1934 vota
2889 1882 3119 1935 tiebant.
3186 1882 3446 1935 Laertius
3504 1882 3649 1935 dicit

2938 1960 3209 2015 erectam,
3246 1953 3476 2024 publico
3508 1952 3645 2006 aedi-

2001 2100 2188 2165 putat,
2245 2093 2615 2166 canon-traici,
2652 2096 2690 2161 i,
2723 2112 2772 2148 e.
2806 2111 3129 2165 pomparum
3161 2093 3649 2166 choragiaasser-

1998 2164 2304 2238 vehantur.
2330 2164 2493 2220 Unde
2526 2166 2699 2219 etiam
2737 2164 2937 2221 forsan
2958 2164 3339 2238 pretiosiores
3362 2168 3649 2238 imagines

1999 2239 2262 2309 conditas
2294 2237 2372 2290 ibi
2408 2238 2573 2291 festis
2630 2238 2839 2292 diebus
2900 2237 3141 2307 proferri
3202 2237 3515 2309 potuerunt
3573 2239 3644 2293 ad

1997 2308 2983 2391 solemnitatem”amplificandam:
3030 2308 3277 2391 Scripsit
3308 2309 3507 2391 itaque
3541 2325 3644 2391 ex:

1993 2382 2194 2450 templo
2223 2379 2641 2445 Tertullianus,
2674 2382 2825 2451 quod
2865 2382 3042 2452 probo
3105 2379 3170 2435 ex
3236 2379 3480 2443 Laertio,
3535 2381 3643 2452 qui

1995 2452 2134 2505 dicit
2200 2452 2541 2521 pmnitentia
2606 2450 2902 2523 correptos
2988 2452 3370 2507 Athenienses
3434 2450 3637 2519 εὐθὺς,

1992 2540 2121 2577 mox
2169 2529 2343 2595 atque
2374 2523 2508 2595 inde
2542 2523 2841 2593 publicum
2877 2523 3101 2578 luctum
3134 2525 3436 2593 indixisse,
3471 2540 3641 2579 accu-

1992 2600 2213 2650 satores
2252 2594 2630 2665 perdidisse,
2682 2596 2975 2650 Socratem
3037 2600 3237 2651 statua
3296 2597 3636 2651 honorasse.

1991 2667 2098 2720 Sed
2167 2672 2224 2719 et
2285 2668 2342 2720 in
2409 2665 2646 2736 templis
2703 2670 2945 2721 deorum
3013 2673 3236 2722 statuas
3314 2667 3636 2722 illustrium

1989 2738 2254 2810 vivorum
2321 2753 2451 2792 esse
2514 2742 2735 2810 erectas
2802 2740 2969 2792 docet
3052 2739 3326 2793 Leontino
3412 2739 3635 2810 Gorgiae

1992 2808 2177 2864 honos
2236 2809 2345 2863 iste
2402 2810 2457 2861 in
2518 2809 2735 2880 templo
2792 2810 3079 2880 Apollinis
3134 2811 3325 2878 Pythii
3378 2808 3639 2880 habitus,

2035 2884 2164 2934 rout
2195 2896 2334 2934 sane
2367 2884 2569 2934 statuas
2604 2880 2919 2935 illustrium
2977 2881 3287 2936 mulierum
3343 2882 3517 2935 etiam
3576 2883 3634 2937 in

2035 2897 2164 2934 rout
2195 2897 2334 2934 sane
2367 2897 2569 2934 Statua:
2604 2897 2919 2935 iuuetrium
2977 2897 3287 2936 munerum
3343 2897 3517 2935 etiam
3576 2900 3634 2937 1n

1990 2897 2114 3007 Foco
2163 2951 2358 3021 aliquo
2392 2951 2619 3005 numini
2654 2953 2881 3007 cuidam
2918 2954 3182 3008 dedicato
3211 2953 3636 3009 excitabantur.

1990 3023 2077 3077 Ita
2109 3028 2457 3077 testamento
2483 3038 2588 3076 suo
2611 3040 2724 3077 non
2748 3029 2974 3077 tantum
2998 3024 3179 3078 voluit
3196 3024 3637 3094 Theophrastus

1988 3098 2053 3167 ut
2084 3094 2413 3167 Aristotelis
2444 3095 2714 3167 imagoin
2736 3094 2913 3148 simili
2946 3098 3200 3167 sacrario
3232 3102 3631 3167 reponeretur.

1992 3166 2053 3240 in
2088 3166 2206 3240 vita
2236 3166 2363 3240 ejus
2396 3160 2691 3240 Diogeth
2723 3168 2932 3240 Laert,,
2963 3160 3144 3240 ἔπειτα
3184 3160 3638 3240 τήνίέΛριστνοτέο

1988 3232 2117 3311 λονθς
2148 3232 2325 3311 εἷκᾷὖα
2367 3232 2588 3311 τιθὴὗαι
2632 3235 2724 3311 sic;
2782 3237 2843 3290 τὸ
2900 3236 3066 3311 ἱερόν,
3104 3232 3249 3311 Sed
3294 3232 3447 3311 idein
3504 3239 3631 3311 ipse

223 3311 502 3392 dixisset,
533 3308 661 3381 quas
689 3312 760 3366 ad
793 3312 1157 3397 eversionem
1210 3310 1582 3397 religionum,
1604 3310 1879 3382 valerent,
1910 3324 1952 3391 ρ
1989 3308 2439 3397 aristotelesde
2474 3309 2827 3397 matrissuae
2854 3308 3054 3397 statua
3088 3310 3208 3365 ﬁeri
3243 3310 3446 3397 voluit,
3480 3308 3545 3365 ut
3576 3310 3635 3392 in

219 3382 322 3449 ait,
381 3387 582 3436 tamen
644 3400 758 3437 non
810 3400 937 3438 esse
969 3399 1034 3437 ea
1066 3383 1236 3453 vulgo
1267 3382 1643 3453 disputanda,
1676 3399 1745 3437 ne
1775 3401 1879 3439 su-

218 3460 460 3524 sceptas
494 3454 723 3526 publica
754 3456 1066 3526 religiones
1102 3454 1442 3526 disputatio,
1478 3454 1616 3526 telis
1667 3456 1882 3510 exstin-

215 3531 382 3598 guat.
420 3547 449 3571 υ
515 3524 903 3598 ρὺίῌθξςιιθεὶὸ
932 3528 1019 3598 Vde
1052 3525 1401 3598 Christianis
1433 3524 1529 3580 ille
1560 3527 1754 3581 Cicero
1794 3531 1875 3591 in,

215 3596 487 3651 Marcum
517 3596 771 3652 Tullium
797 3596 1089 3652 invehitur
1120 3596 1307 3666 plenis
1338 3596 1680 3667 eloquentiae
1711 3598 1873 3667 velis,

210 3667 419 3723 dicens
452 3670 606 3722 inter
644 3669 803 3724 alia:
839 3692 866 3717 ‹‹
924 3670 1033 3723 Sed
1097 3668 1373 3722 nimirum
1432 3668 1683 3723 Socratis
1742 3686 1867 3724 car-

209 3755 405 3794 cerem
440 3740 618 3794 times
648 3756 661 3793 :
696 3740 943 3811 ideoque
974 3740 1363 3811 patrocinium
1398 3740 1657 3811 veritatis
1690 3742 1876 3796 susci-

209 3827 342 3880 pere
384 3827 500 3865 non
530 3812 730 3866 audes.
765 3810 1131 3879 At’mortem,
1166 3815 1231 3864 ut
1287 3810 1545 3877 sapiens,
1605 3818 1872 3868 contem-

207 3899 345 3937 nere
379 3884 663 3950 debuisti,
694 3904 720 3933 ι
759 3890 816 3939 et
845 3901 973 3955 quas
1005 3886 1354 3955 sequuntur.
1390 3882 1528 3955 HAv.

271 3956 398 4025 (25)
428 3957 783 4011 Ρίεηίιεηιίεε
812 3953 1103 4026 sententia.
1124 3954 1432 4026 _Diogenes
1496 3953 1768 4026 Laertius
1808 3955 1866 4010 in

210 4022 324 4098 Vita
377 4022 507 4096 rejus
559 4044 586 4098 ς
648 4026 926 4098 Ἀθηναῖοι
987 4022 1031 4079 δ’
1090 4022 1669 4098 εὐθὺςὟμετὲγγωσαν,
1730 4024 1868 4080 ὥστε

199 4094 424 4171 adiurat
483 4095 573 4149 καὶ
631 4095 967 4171 παλαίστρας
1024 4097 1111 4149 καὶ
1142 4094 1509 4171 γυμγάσια,ξὶ,
1542 4113 1606 4171 ϐ..
1630 4116 1657 4145 ‹‹
1683 4098 1866 4171 _Athe-

200 4170 521 4225 niensibus
552 4171 750 4225 statim
782 4167 947 4225 tanta
975 4172 1103 4238 ejus
1134 4167 1272 4224 facti
1309 4167 1648 4239 pmnitentia
1679 4167 1867 4225 inces-

199 4240 292 4305 sit,
328 4245 407 4314 ut
437 4239 735 4314 palestras
768 4247 823 4297 et
850 4239 1540 4314 gymnasiaclauderent.
1575 4260 1603 4287 ››
1640 4240 1775 4314 ῌΑν.

265 4313 397 4383 (26)
421 4307 763 4381 Z/ﬂixerint.
790 4307 1088 4383 Laertius,
1138 4312 1280 4383 ibid.
1346 4329 1358 4366 :
1422 4308 1518 4367 Καὶ
1578 4307 1709 4383 τοὺς
1770 4310 1863 4383 μὲν

196 4377 567 4455 ἐφύγάδεύσαν
605 4425 643 4455 ,Α
708 4381 947 4455 Meliten
1023 4380 1080 4437 δὲ
1153 4381 1385 4455 Δθάνοι-ων
1471 4377 1812 4455 ηᾳτέγνωᾳαν
1851 4426 1864 4451 ,

195 4450 433 4527 ξᾼνὺεςόν
493 4473 552 4507 τε
625 4451 1044 4527 ἐπιδημησαντα
1110 4450 1419 4527 αὐθημερὸν
1489 4450 1861 4527 ἐξυςῇρυξαν,

194 4522 588 4597 ῌρακλιῶται,
620 4525 659 4579 i.
694 4522 835 4596 8.,γῆ
866 4522 937 4583 Ut
966 4527 1112 4582 alios
1162 4522 1401 4597 quidem
1461 4522 1685 4591 Exsilio,
1743 4527 1863 4582 Me-

194 4595 366 4669 ljturn
402 4614 542 4653 vero
582 4604 767 4654 morte
819 4595 1194 4666 damnarent,
1250 4599 1505 4669 Anytum
1539 4597 1692 4669 ipsa
1749 4598 1863 4666 die,

192 4666 330 4752 dum
400 4685 660 4752 peregre.
700 4678 903 4752 esset,_
929 4668 1277 4752 Heracleotes
1309 4666 1797 4752 exterminarunt.
1839 4692 1859 4718 ι
1894 4688 1942 4752 D

192 4741 273 4812 Ad
308 4741 471 4796 hanc
504 4741 836 4812 opinionem
871 4744 941 4798 de
965 4746 1195 4797 mortuo
1211 4745 1444 4796 Socrate
1462 4741 1614 4811 apud
1636 4740 1865 4806 judices

192 4810 355 4937 ipsos
392 4810 1194 4939 allfugitg’hiedrusmominis
1213 4818 1271 4869 et
1290 4814 1459 4868 fama:
1491 4810 1864 4884 ambitiosus,

216 4901 229 4936 1
279 4926 293 4938 .
329 4902 427 4947 ιιι,
489 4902 520 4940 a
573 4926 584 4939 .
659 4926 672 4938 .

281 5034 475 5099 Cujus
490 5048 600 5083 non
630 5034 779 5099 fugio
814 5040 1055 5098 mortem,
1089 5037 1131 5085 si
1164 5036 1356 5085 famam
1390 5047 1665 5099 assequar,

280 5098 345 5147 Et
364 5097 519 5147 “cedo
550 5097 784 5159 invidiae,
821 5098 1116 5148 dummodo
1145 5099 1397 5149 absolvar
1426 5097 1578 5147 cinis.

186 5238 247 5293 In
282 5256 401 5295 ms.
442 5238 611 5294 Fuld.
645 5238 729 5293 ita
760 5240 1188 5295 scribebatur:
1249 5239 1497 5295 Pcenitet
1556 5239 1857 5293 sententiae

183 5312 683 5372 Athanienses.ut
712 5310 1120 5367 criminatores
1148 5312 1402 5368 Socratis
1424 5313 1625 5382 postea
1644 5309 1854 5382 ettlixe-

186 5385 322 5452 rint,
357 5388 423 5439 et
456 5382 776 5455 imaginem
808 5384 935 5453 ejus
964 5400 1202 5439 auream
1252 5385 1311 5438 in
1341 5380 1559 5454 templo
1611 5380 1856 5455 colloca-

183 5456 321 5517 rint.
389 5453 679 5519 rescissa,
738 5456 1112 5511 damnatione
1166 5453 1571 5511 testimonium
1633 5453 1853 5509 Socrati

184 5528 603 5599 reddiderunt,
636 5549 665 5576 »
700 5532 757 5580 et
787 5527 869 5581 sic
899 5531 1221 5599 usurpatur
1249 5526 1543 5598 afﬂigendi
1580 5526 1849 5599 verbium,

183 5598 281 5654 lib.
318 5615 428 5663 1v.,
469 5599 595 5670 adv.
631 5602 826 5670 Maron,
859 5614 907 5652 c.
944 5599 1031 5665 12,
1062 5599 1225 5654 addit
1251 5599 1577 5670 SciOppius.
1639 5598 1851 5652 Crimi-

184 5678 430 5727 natores
467 5668 523 5723 hi
556 5668 810 5725 Socratis
840 5686 1049 5726 rursus
1084 5671 1237 5742 apud
1297 5668 1585 5725 Gorlmum
1644 5670 1848 5742 eodem

184 5746 348 5798 torno
408 5746 730 5812 occurrunt
759 5741 949 5807 nobis,
988 5740 1158 5798 modo
1193 5743 1587 5812 dependentes
1621 5755 1653 5795 a
1682 5740 1847 5796 vultu

185 5814 455 5871 Socratis
492 5817 544 5867 ct
571 5811 845 5877 Palladis,
879 5830 1042 5869 num.
1077 5815 1202 5881 301,
1236 5811 1408 5869 modo
1437 5812 1627 5876 aliter,
1680 5829 1845 5869 num.

1989 3380 2277 3454 Vitaejns
2308 3381 2495 3454 eidem
2521 3381 2772 3454 scriptor
2806 3399 2817 3435 :
2854 3380 2952 3433 Καὶ
2985 3380 3225 3454 τήν-τῆς
3277 3380 3484 3454 μητρὸς
3536 3382 3636 3447 τῆς

1987 3450 2254 3524 ἡμετερας
2302 3453 2370 3522 τῇ
2431 3451 2677 3524 Δημητρὶ
2742 3450 3006 3513 ἀναθεῖναὶ
3066 3450 3143 3515 εἷς
3201 3450 3430 3523 Νεμὲαὑ,
3492 3455 3529 3508 i.
3584 3470 3634 3508 θ.

1988 3543 2013 3597 _c
2047 3522 2243 3597 Matris
2301 3539 2528 3597 quoque
2584 3522 2793 3597 uestrae
2841 3530 2945 3590 (sc.
2980 3529 3258 3597 statuam)
3288 3524 3475 3580 Cereri
3496 3542 3635 3597 quas

1984 3593 2043 3648 in
2077 3594 2289 3668 Nemea
2320 3595 2616 3668 estnicari
2652 3595 2800 3650 volo.
2841 3618 2860 3644 ι
2896 3596 3055 3651 Adde
3087 3614 3215 3668 quae
3241 3593 3317 3652 'de
3348 3593 3633 3667 Calph’ur-

1984 3680 2081 3719 ma
2114 3667 2285 3720 modo
2314 3666 2589 3720 diximus.
2628 3672 2766 3721 HAV.

2055 3738 2164 3804 (28)
2197 3739 2461 3804 Diogenes
2490 3740 2673 3793 nescio
2703 3736 2852 3808 quid.
2908 3736 3166 3807 Respicit
3223 3738 3428 3793 Laertii
3488 3737 3631 3794 illud

1981 3806 2039 3881 in
2102 3808 2255 3881 Vita
2289 3812 2438 3878 ejus,
2500 3825 2612 3881 quo
2658 3806 3334 3881 gloriabatur’Diogenes
3367 3810 3630 3881 Herculis

1977 3877 2155 3934 vitam
2206 3876 2431 3945 vivere,
2458 3876 3215 3952 μὴδὲνᾏλευθερίαςγπροὶρ
3253 3880 3397 3947 ἔνων,
3460 3880 3633 3935 πάντα

1978 3952 2084 4001 τῶν
2110 3953 2272 4024 σφῶν,
2293 3952 2428 4003 εἶναι
2458 3948 2659 4023 λέγων,
2692 3952 2740 4024 ἱ.)
2764 3967 2838 4021 6.,
2877 3948 2903 3999 ί(
2934 3948 3094 4024 Nihil
3123 3948 3391 4007 libertate
3417 3954 3629 4010 ducere

1978 4023 2417 4096 praestantius,
2470 4028 2524 4077 et
2587 4023 2785 4077 omnia
2852 4023 3204 4096 sapientium
3286 4040 3415 4096 esse
3486 4042 3629 4096 prae-

1977 4092 2203 4148 dicens.
2240 4114 2264 4144 υ
2300 4094 2454 4166 Dicit
2479 4098 2676 4148 autem
2708 4096 2892 4150 nescio
2920 4092 3073 4164 quid,
3106 4094 3243 4166 quia
3277 4092 3504 4149 ultima'
3531 4097 3630 4152 illa

1977 4166 2341 4221 subobscure
2404 4165 2520 4219 vim
2592 4171 2648 4221 et
2713 4166 2960 4234 injurias
3041 4165 3301 4222 Herculis
3390 4169 3627 4222 innue-

1976 4236 2140 4309 bant,
2173 4254 2322 4308 quas
2352 4236 2737 4309 imitabantur
2763 4237 2846 4291 illi
2871 4237 3089 4309 Cynici,
3120 4238 3172 4309 vi
3226 4238 3523 4307 capientes
3576 4240 3626 4295 si

1976 4308 2106 4381 quis
2166 4308 2500 4381 petentibus
2553 4315 2813 4379 negaret,
2874 4308 2978 4363 nec
3008 4308 3216 4381 baculo
3237 4309 3415 4381 aliter
3445 4327 3624 4381 quam

1976 4378 2253 4435 Hercules
2283 4380 2446 4435 clava
2476 4378 2728 4445 utentes,
2790 4383 2855 4433 ut
2914 4380 3134 4451 passim
3194 4380 3376 4436 videri
3437 4378 3628 4452 potest

1976 4453 2129 4521 apud
2164 4452 2510 4507 Lucianum.
2543 4452 2842 4515 Quomodo
2871 4453 3023 4523 apud
3058 4452 3223 4506 illum
3256 4453 3314 4507 in
3370 4454 3623 4509 Vilarum

1974 4523 2253 4597 Auctione,
2288 4524 2685 4597 interrogatus
2717 4540 2749 4577 a
2782 4528 3107 4597 mercatore,
3130 4524 3435 4597 Diogenes,
3468 4542 3624 4595 quem

1974 4595 2346 4650 imitaretur?
2374 4595 2663 4649 Herculem
2710 4596 3026 4664 respondit.
3087 4596 3182 4650 Sic
3242 4595 3312 4651 de
3371 4597 3615 4653 Hercule

1975 4664 2227 4740 legimus
2271 4667 2440 4740 apud
2504 4666 2868 4740 Lactantium
2927 4667 3057 4740 loco,
3094 4684 3269 4740 quem
3304 4684 3419 4722 non
3452 4668 3622 4740 longe

1976 4735 2113 4792 hinc
2146 4735 2559 4809 producamus,
2596 4758 2623 4787 «
2652 4737 2925 4794 Hercules
2954 4735 3129 4795 solita
3158 4738 3431 4794 violentia
3456 4735 3623 4809 usu's,

1976 4808 2109 4882 quia
2131 4808 2325 4882 (unum
2356 4808 2616 4882 accipere
2641 4826 2755 4864 non
2776 4812 3297 4882 potuitutrumque
3323 4808 3621 4868 sustulit.»

1972 4879 2095 4955 Iino
2129 4881 2284 4955 hunc
2311 4879 2673 4955 conditorem
2706 4879 2876 4955 sectae
2909 4901 3026 4937 suae
3057 4879 3483 4955 gloriabantur.
3520 4889 3621 4938 Le-

1972 4951 2399 5034 pidissimacst
2449 4953 2845 5034 cqpfabulatio
2890 4951 3177 5034 piogénis
3236 4962 3293 5034 et
3350 4955 3619 5034 lierculis

1972 5025 2124 5079 inter
2178 5025 2435 5094 Dialogos
2488 5025 2830 5079 Morinorum
2888 5026 3317 5082 Samosatensis
3350 5027 3614 5082 Luciani.

1972 5094 2079 5151 Ubi
2114 5096 2341 5170 Herculi
2375 5095 2570 5150 illudit
2599 5095 2850 5169 Cynicus
2886 5115 2898 5152 :
2933 5098 3172 5170 q._vide,
3223 5103 3281 5153 et
3336 5115 3478 5170 qua:
3524 5116 3617 5155 se-

1971 5171 2232 5238 quuntur
2267 5169 2437 5240 (facta
2471 5168 2657 5240 sane.
2718 5169 2920 5240 Itaque
2952 5168 3100 5224 nihil
3137 5168 3369 5225 mirum
3386 5170 3434 5226 si
3469 5169 3619 5227 inter

1965 5242 2053 5293 tot
2081 5239 2337 5294 Herculis
2389 5238 2629 5309 eﬂigies,
2682 5238 2938 5309 juvenis,
2991 5242 3167 5307 senis,
3202 5242 3449 5307 barbati,
3505 5243 3617 5298 im-

1964 5310 2184 5383 berbis,
2218 5312 2391 5366 etiam
2423 5312 2619 5383 Cynici
2658 5312 2849 5367 locum
2886 5312 3111 5378 habeat,
3146 5316 3315 5383 cujus
3364 5315 3615 5383 nudum,

1965 5382 2286 5457 sqalidum,
2319 5382 2499 5457 barba
2531 5383 3184 5457 capilloquehirsutum
3218 5382 3387 5457 capet
3414 5403 3483 5441 ex
3514 5405 3613 5443 ve-

1962 5455 2069 5529 teri
2103 5470 2334 5529 gemma
2366 5455 2583 5529 profert
2614 5455 3020 5529 nobilissimus
3037 5455 3410 5529 antiquarius
3434 5460 3609 5515 Leon.

1961 5525 2272 5599 Augustin.
2310 5526 2363 5580 in
2399 5525 2835 5599 Commi/latio“
2867 5544 2920 5599 p.
2956 5546 2995 5595 1,
3037 5547 3095 5586 n.
3128 5525 3358 5586 6.'Hsv.

2031 5598 2143 5669 (29)
2176 5598 2448 5653 Romanus
2479 5598 2732 5670 Cynicus.
2768 5599 2852 5654 Ita
2874 5598 3071 5657 dictus
3102 5603 3175 5657 ob
3208 5602 3445 5670 Satyrus
3498 5600 3606 5670 Mc-

1958 5671 2206 5752 ῖιίρρεαδε
2240 5687 2389 5752 qua}?
2420 5668 2789 5752 CQQSCtipsit,
2821 5688 3071 5752 quorum
3106 5668 3446 5752 fragmenta
3488 5668 3607 5752 c‘ol-

1958 5738 2101 5814 legit
2155 5745 2213 5795 et
2259 5738 2423 5796 notis
2470 5738 2785 5814 illustravit
2813 5738 3108 5800 Ausonius
3140 5738 3378 5814 Popma,
3413 5740 3605 5814 Aulus

1958 5812 2197 5878 Gellius,
2230 5816 2384 5869 Noct.
2418 5815 2549 5879 Att.,
2584 5812 2683 5867 lib.
2718 5830 2780 5879 11,
2816 5830 2866 5868 c.
2902 5817 2968 5869 18
3002 5834 3015 5871 :
3050 5838 3077 5866 ‹‹
3113 5815 3192 5869 Ex

3241 5813 3457 5885 quibus
3508 5812 3606 5869 ille

183 5888 307 5958 330,
344 5888 711 5957 fueruntque
736 5884 1223 5958 Anytus,Melitus
1253 5888 1309 5941 et
1337 5885 1635 5956 Lycon.De
1654 5888 1849 5944 statue
1954 5885 2261 5959 Menippus
2319 5883 2449 5943 fuit.
2511 5884 2683 5955 cujus
2741 5883 2923 5944 libros
2978 5887 3054 5944 M.
3086 5883 3274 5943 Varro
3300 5886 3366 5944 In
3395 5886 3603 5943 Satiris
