4054 6174
318 6032 355 6047 μ

402 303 525 362 419

929 294 1455 359 TERTULLIANI
1501 291 1829 355 OPERUM
1870 292 2072 351 PARS
2119 291 2165 351 Ι.
2199 323 2279 335 -
2308 290 2585 351 SERIES
2630 291 2680 365 Ι,
2721 290 3288 351 APOLOGETICA.

3656 299 3758 357 420

404 436 655 503 tractari,
681 435 738 489 in
771 433 917 504 ipsis
952 431 1301 504 plerumque
1330 429 1677 483 aedituorum
1701 432 1758 481 et
1780 427 2054 482 sacerdo-
2086 445 2139 509 Α
2241 424 2496 509 ostendit.
2530 426 2640 494 Quo
2669 428 2825 509 pacto
2867 424 2973 479 sibi
2992 426 3151 509 nciam
3188 424 3255 480 ad
3295 425 3767 487 demonstrationem

398 530 525 581 tum
559 520 973 588 tabernaculis,
1008 521 1116 575 sub
1170 519 1381 574 iisdem
1415 518 1577 571 vittis
1608 521 1665 571 et
1708 515 1975 587 apicibus
2007 522 2063 572 et

398 615 700 687 purpuris,
736 612 906 666 thure
939 611 1219 681 ﬂagrante
1269 606 1573 661 libidinem
1606 604 1863 677 expungi
1895 604 2009 675 (56)
2045 616 2057 653 ε

399 704 617 770 nescio,
648 700 855 773 plusne
910 699 979 752 de
1012 697 1173 751 vobis
1225 697 1302 750 dii
1338 694 1535 761 vestri,
1570 710 1745 765 quam
1795 694 1866 747 de
1898 691 2061 747 Chri-

398 790 608 847 stianis
655 795 1013 860 quaerantur.
1069 786 1231 840 Certe
1263 783 1528 854 sacrilegi
1559 784 1630 837 de
1674 781 1882 837 vestris
1914 797 2062 835 sem-

399 896 502 950 per
532 877 1075 949 apprehenduntur.
1128 873 1447 927 Christiani
1500 871 1652 926 enim
1702 870 1925 941 templa
1958 885 2062 925 nec

400 968 657 1021 interdiu
701 970 954 1030 norunt;
1007 962 1326 1033 spoliarent
1360 961 1602 1016 forsitan
1639 976 1707 1013 ea
1753 965 1807 1014 et
1838 958 1975 1030 ipsi,
2008 950 2059 1012 si

401 1061 457 1110 et
493 1056 599 1125 ipsi
644 1070 710 1108 ea
760 1054 1089 1107 adorarent.
1145 1051 1293 1116 Quid
1345 1067 1480 1121 ergo
1514 1048 1733 1117 colunt,
1770 1047 1870 1118 qui
1920 1046 2061 1101 talia

401 1161 513 1199 non
536 1142 779 1197 colunt?
807 1142 938 1195 Jam
961 1140 1195 1212 quidem
1220 1137 1463 1209 intelligi
1500 1138 1766 1206 subjacet
1796 1135 2058 1190 veritatis

398 1249 527 1288 esse
558 1232 834 1299 cultores,
867 1230 967 1300 qui
1022 1228 1308 1283 inendami
1360 1244 1475 1281 non
1526 1226 1645 1281 sint
1680 1244 1692 1281 :
1728 1242 1833 1280 nec
1864 1240 2057 1280 errare

400 1320 657 1393 amplius
700 1319 757 1373 in
810 1335 900 1383 eo,
932 1318 991 1372 in
1040 1334 1157 1389 quo
1209 1332 1434 1371 errasse
1482 1332 1543 1370 se
1592 1314 2057 1385 recognoscendo

402 1408 778 1464 cessaverint.
818 1409 931 1461 [loc
980 1406 1144 1477 prius
1177 1405 1387 1475 capite,
1419 1409 1476 1459 et
1523 1420 1757 1457 omnem
1791 1402 1924 1456 hinc
1957 1418 2056 1456 sa-

402 1498 686 1553 cramenti
718 1495 901 1551 nostri
934 1495 1199 1550 ordinem
1249 1493 1497 1563 haurite,
1528 1491 1891 1564 repercussis
1922 1494 2056 1546 ante

401 1593 597 1643 tamen
632 1585 1011 1658 opinionibus
1044 1583 1227 1639 falsis.

1013 1743 1247 1799 CAPUT
1289 1743 1430 1799 XVI.

398 1874 837 1925 ARGUMENTUM.
871 1899 939 1909 —
989 1866 1320 1921 Ostensurus
1369 1868 1502 1934 iam,
1557 1880 1719 1937 quem
1766 1866 1956 1931 Deum,
2005 1874 2058 1920 et

466 1944 728 2013 quomodo
784 1941 942 1994 illum
970 1940 1183 2013 colant
1225 1938 1550 2013 Christiani,
1612 1942 1775 2013 antea
1822 1939 2061 2013 accingit

465 2009 522 2066 3e
553 2015 630 2066 ad
659 2011 1044 2066 convellendas
1095 2012 1379 2080 opiniones
1407 2010 1472 2065 de
1504 2010 1602 2062 isto
1654 2010 1808 2062 cullu
1836 2009 2010 2080 falsas
2036 2025 2055 2061 :

464 2084 530 2138 de
560 2086 737 2153 capite
785 2085 941 2136 364
991 2079 1201 2136 scilieet
1249 2083 1449 2146 asinio,
1501 2082 1792 2153 deeruce,
1826 2079 2053 2153 degsole,

468 2156 533 2209 de
576 2151 697 2223 ficto
748 2156 848 2209 isto
897 2154 1133 2208 Numine
1184 2154 1413 2222 biforni,
1463 2151 1602 2224 quod
1652 2151 2058 2205 inseribebalur

468 2242 788 2281 owoxoms.
824 2226 943 2279 llaec
975 2227 1161 2279 omnia
1192 2240 1300 2278 non
1345 2228 1464 2278 sine
1487 2226 1608 2278 risu
1638 2238 1932 2293 morsuque
1962 2225 2054 2277 di-

468 2299 596 2363 luit,
628 2298 793 2368 inque
824 2298 943 2352 illos
988 2297 1132 2368 ipsos
1180 2301 1521 2351 accusatores
1573 2296 1749 2363 magis
1778 2296 2055 2365 quadrare

2090 1813 2137 1878 B

2242 498 2529 567 religionis
2558 507 2765 553 nostra?
2792 500 3023 568 purgat.

2242 603 2410 670 Nam,
2437 608 2499 659 ut
2534 602 3157 675 quidam,somniastis
3190 607 3359 674 caput
3383 603 3650 660 asininum
3675 607 3766 678 (:37)

2169 708 2298 747 esse
2329 692 2500 748 deum
2537 697 2824 747 nostrum.
2849 691 3009 747 Hanc
3040 691 3335 747 Cornelius
3362 693 3579 749 Tacitus
3604 697 3769 765 suspi-

2171 780 2397 836 cionem
2445 780 2738 851 ejusmodi
2787 780 3036 836 inseruit
3065 781 3130 833 38.
3183 781 3237 834 Is
3284 780 3431 834 enim
3490 782 3544 835 in
3590 783 3769 851 quinta

2170 870 2555 924 Historiarum
2603 886 2844 925 suarum
2877 868 3095 924 bellum
3127 868 3427 924 Judaicum
3458 885 3678 925 exorsus
3707 872 3767 927 ab

2171 958 2391 1026 origine
2422 958 2634 1029 gentis,
2659 958 2835 1013 etiam
2866 959 2936 1013 de
2969 958 3099 1029 ipsa
3128 961 3245 1012 tam
3267 958 3498 1028 origine,
3532 976 3690 1029 quam
3712 960 3771 1014 de

2170 1050 2407 1104 nomine
2438 1055 2494 1103 et
2539 1048 2815 1120 religione
2862 1049 3050 1119 gentis
3083 1066 3207 1120 quas
3240 1047 3412 1102 voluit
3439 1056 3774 1117 argumenta-

2169 1141 2264 1192 tus
2288 1138 2351 1207 39,
2383 1138 2610 1193 Judzeos
2643 1138 2818 1192 refert
2839 1138 2884 1171 ⁴⁰
2912 1137 3153 1208 zEgypto
3186 1136 3475 1207 expeditos
3499 1137 3623 1207 (58),
3653 1139 3775 1205 sive,

2170 1231 2233 1281 ut
2265 1227 2795 1297 putauit,extorres
2817 1228 2886 1291 Η,
2920 1225 2977 1279 in
3011 1224 3191 1280 vastis
3215 1224 3428 1279 Arabia:
3453 1224 3585 1279 locis
3612 1241 3775 1295 aqua~

2169 1334 2300 1371 rum
2333 1316 2751 1389 egentissimis,
2779 1333 2913 1371 cum
2945 1315 3041 1370 siti
3068 1319 3515 1383 macerarentur,
3547 1315 3775 1386 onagris,

2166 1406 2262 1476 qui
2298 1407 2441 1461 forte
2489 1406 2558 1460 de
2608 1411 2773 1476 pastu
2809 1410 3010 1476 potum
3062 1404 3297 1475 petituri
3350 1404 3777 1470 aestimabantur,

2166 1494 2461 1549 indicibus
2509 1494 2667 1549 fonte
2716 1510 2854 1549 usos
2903 1494 2976 1549 ob
3014 1510 3143 1549 eam
3201 1492 3443 1564 gratiam
3490 1491 3779 1546 consimilis

2166 1585 2367 1641 bestiae
2421 1585 3243 1656 superﬁciemconsecrasse.
3295 1586 3477 1655 Atque
3525 1584 3600 1637 ita
3644 1583 3779 1651 inde,

2166 1675 2391 1743 Opinor,
2424 1683 2875 1745 praesumptum,
2911 1690 3016 1729 nos
3047 1689 3280 1743 quoque
3310 1678 3373 1727 ut
3394 1672 3633 1743 judaicae
3663 1670 3780 1726 reli-

2165 1762 2356 1834 gionis
2378 1763 2421 1796 ⁴²
2460 1763 2845 1833 propinquos,
2900 1762 3090 1816 eidem
3125 1761 3437 1817 simulacro
3470 1760 3691 1816 initiari.
3721 1764 3781 1813 At

2165 1850 2317 1906 enim
2362 1851 2518 1905 idem
2550 1850 2850 1907 Cornelius
2889 1850 3149 1919 Tacitus,
3183 1866 3322 1905 sane
3354 1848 3447 1903 ille
3478 1849 3781 1903 mendacio-

2170 1957 2300 1994 rum
2334 1938 2791 2011 loquacissimus
2840 1938 2975 2009 (59),
3025 1939 3083 1993 in
3116 1939 3319 1993 eadem
3370 1937 3605 1993 historia
3634 1936 3787 1990 refert

2167 2028 2405 2083 Cneium
2457 2028 2822 2098 Pompeium,
2856 2043 2989 2081 cum
3038 2026 3367 2082 Jerusalem
3416 2026 3670 2097 cepisset,
3700 2040 3787 2095 pro

2166 2126 2478 2189 ptereaque
2512 2117 2796 2186 templum
2846 2115 3088 2170 adiisset
3140 2115 3511 2187 speculandis
3556 2114 3791 2169 Judaicaa

2168 2204 2465 2275 religionis
2508 2204 2760 2272 arcanis,
2794 2204 2943 2260 365
2980 2202 3209 2258 nullum
3262 2204 3384 2258 illic
3429 2202 3697 2273 reperisse
3725 2201 3791 2253 si-

2166 2292 2496 2348 mulacrum
2528 2294 2663 2365 (60).
2715 2294 2783 2348 Et
2830 2292 3034 2364 utique
3084 2291 3133 2348 si
3181 2293 3239 2346 id
3295 2290 3603 2359 colebatur,
3653 2289 3786 2359 quod

1812 2421 2014 2480 Varias
2058 2420 2374 2481 lectiones.

465 2531 510 2571 ³8
542 2528 750 2595 Rhen.,
778 2527 923 2593 Ald.,
956 2529 1239 2593 Barraeus,
1272 2524 1577 2597 Gangnaeus
1611 2544 1624 2581 :
1658 2526 1804 2580 Nam
1839 2526 2103 2595 quidam,
2135 2530 2239 2580 etc.
2283 2543 2295 2581 :
2331 2524 2535 2593 Gelen.,
2567 2527 2654 2579 Fr.
2687 2526 2906 2592 Junius,
2936 2526 2989 2579 la
3023 2524 3197 2580 Cerda
3232 2526 3397 2597 .‘jam
3432 2528 3494 2578 ut
3522 2520 3774 2597 quidam;

396 2600 626 2655 Haverc.
660 2604 711 2654 et
738 2591 861 2666 'Rig.
898 2591 917 2653 ,λ
947 2599 1088 2653 Nam
1123 2606 1180 2652 et
1208 2591 1448 2668 quidam
1499 2599 1612 2668 (ed.
1665 2614 1716 2652 a.
1754 2591 1908 2651 175-4.
1961 2597 2104 2650 Nam
2151 2603 2207 2651 et.
2236 2591 2528 2667 quidem).
2569 2598 2800 2651 Havere.
2833 2591 3008 2668 Nam,
3056 2602 3119 2651 ut
3147 2591 3389 2667 quidam
3436 2591 3771 2668 somniastis,

395 2678 570 2742 caput
598 2701 667 2711 η-
696 2664 990 2738 nostrum,
1024 2671 1171 2725 hanc
1202 2664 1266 2710 5—
1300 2664 1592 2739 ejusmodi
1622 2670 1916 2742 inseruit._
1940 2669 2029 2742 Fr.
2059 2664 2305 2725 Junius:
2336 2664 2643 2742 Judaismo
2693 2670 2950 2723 inseruit.
2981 2667 3087 2742 _Sed
3114 2664 3481 2739 antiquiorem
3510 2664 3771 2742 verborum

394 2736 813 2814 distinctionem
838 2736 1196 2811 retinuimus,
1247 2736 1350 2814 quo
1380 2744 1523 2812 facto
1553 2758 1603 2795 υ.
1638 2740 1778 2794 hanc
1824 2739 2123 2814 delendum
2168 2746 2362 2814 est,_ut
2392 2740 2689 2814 voluerunt
2741 2738 3113 2814 Heinrieltius,
3144 2747 3193 2794 et
3228 2736 3770 2814 Rittertsfdirzseviit

390 2830 493 2885 pro
526 2813 776 2868 inseruit
804 2804 1194 2869 scribendum:
1254 2804 1304 2848 ’³9
1333 2804 1653 2884 Argutatus
1681 2814 1809 2868 Jun.
1888 2812 1932 2845 ‘0
1962 2811 2143 2866 Infert
2174 2804 2354 2869 Paris.
2430 2814 2470 2846 “
2506 2811 2930 2867 Exterminatos
2972 2804 3334 2883 Havercamp.
3406 2804 3453 2843 λ’
3482 2804 3771 2879 Religionis

391 2886 543 2941 abest
572 2887 823 2941 Parisin.

1830 2980 2347 3042 Commentarius.

462 3089 573 3161 (56)
608 3089 926 3144 Libidinem
947 3090 1210 3161 expungi,
1236 3087 1276 3142 i.
1303 3103 1351 3142 e.
1380 3087 1598 3158 perﬁci,
1618 3086 2038 3161 consummari.

386 3143 476 3215 De\
493 3143 721 3215 Tiberio
740 3143 1079 3222 Suetonids,
1116 3143 1174 3213 in
1200 3143 1349 3212 'Vita
1380 3143 1508 3228 ejus
1542 3143 1597 3213 cf
1623 3160 1690 3212 44
1724 3174 1736 3212 :
1778 3180 1803 3209 α
1838 3160 2041 3213 Fertur
2070 3143 2113 3209 C

391 3232 564 3285 etiam
601 3233 656 3285 in
691 3233 1070 3285 sacrificando
1122 3232 1418 3301 quondam
1452 3236 1658 3301 captus
1691 3231 1831 3284 facie
1865 3230 2037 3284 mini-

389 3303 516 3368 stri,
554 3319 809 3357 acerram
848 3304 1226 3373 praeferentis,
1260 3302 1527 3370 nequisse
1558 3303 1869 3365 abstinere,
1895 3303 2037 3372 quin

392 3390 559 3445 paene
589 3375 681 3427 vix
706 3374 847 3428 dum
882 3391 940 3428 re
971 3374 1169 3427 divina
1204 3380 1452 3445 peracta,
1479 3373 1691 3427 ibidem
1726 3375 1924 3428 statim
1953 3391 2039 3428 se-

391 3444 634 3526 ductum
667 3452 1098 3570 cﬁnstupraret,
1131 3444 1425 3515 simulque
1471 3445 1709 3499 fratrem
1743 3448 1868 3515 ejus
1900 3445 2037 3499 tibi-

391 3533 594 3570 cinem.
632 3538 657 3565 »
742 3535 830 3570 av.

388 3533 594 3572 cmem.
632 3538 657 3565 >)
692 3533 830 3571 ΠΑν.

454 3588 568 3658 (57)
602 3589 789 3658 Caput
817 3587 1082 3641 asinium.
1135 3586 1417 3640 Praeclara
1457 3592 1513 3640 et
1565 3589 1731 3641 docte
1763 3592 2039 3658 congesta

380 3659 564 3712 videri
625 3658 731 3712 hoc
782 3657 905 3711 loco
957 3658 1109 3728 apud
1162 3658 1511 3727 interpretes
1557 3659 1739 3712 Taciti
1792 3657 2041 3729 possunt

383 3731 597 3801 quibus
629 3730 937 3784 addendos
962 3730 1198 3801 Lydius,
1222 3730 1285 3783 de
1320 3732 1392 3784 Ite
1425 3731 1589 3785 Milit.
1628 3730 1726 3784 lib.
1763 3748 1801 3784 11
1834 3732 1888 3784 in
1925 3731 2038 3784 ﬁne

382 3801 913 3926 captitisnsecundi.
968 3802 1073 3856 Pro
1131 3802 1397 3873 ejusmodi
1440 3802 1576 3857 Cod.
1628 3801 1795 3857 Fuld.
1851 3803 2037 3870 huius-

382 3890 550 3926 ﬂlOll.
639 3890 727 3926 Αν.

380 3890 550 3927 ηιοιιι.
590 3890 628 3926 U
639 3890 727 3927 AV.

453 3945 564 4015 (58)
597 3947 823 4014 ngyplo
854 3942 1150 4012 expeditos.
1202 3944 1261 3996 In
1298 3941 1443 4015 libro
1499 3943 1568 3997 ad
1615 3945 1872 3999 Nationes
1904 3943 2043 3997 scri-

423 4014 597 4082 serat,
653 4018 864 4071 Judwos
913 4016 1083 4083 re/ert
1134 4016 1193 4067 in
1242 4014 1608 4083 expeditione,
1665 4021 1816 4081 etc.;
1866 4021 1920 4069 et
1980 4017 2037 4068 in

433 4087 652 4156 lossis,_
687 4086 987 4156 Expeditio
1042 4085 1257 4139 dicitur
1303 4082 1487 4153 ἔξοδος
1537 4084 1610 4142 εἷς
1658 4085 1926 4155 πόλεμον.
1978 4088 2037 4139 ln

382 4158 514 4240 aliis
545 4154 725 4240 {E0824
760 4154 1104 4240 {XS'QE'Q'E-txﬁ
1159 4159 1540 4240 anputiwrmv.‘
1577 4156 1682 4240 ῌὶο
1713 4154 2038 4240 tameq‘ex-

377 4230 606 4300 pedites
637 4232 879 4302 {Egypt’o
909 4230 1145 4283 Judaeos
1179 4229 1341 4299 dicit,
1375 4229 1541 4299 quasi
1578 4230 1646 4281 de
1679 4229 1832 4283 tristi
1866 4229 2037 4302 Egy-

378 4299 633 4372 ptiorum
661 4299 805 4369 jugo
839 4300 1117 4355 liberatos
1152 4315 1163 4353 :
1201 4318 1313 4354 non
1369 4308 1623 4354 extorres
1657 4306 1755 4354 aut
1786 4299 2036 4365 exsules,

378 4378 445 4427 ut
474 4373 699 4440 putavit
730 4372 986 4427 Tacitus.
1022 4372 1149 4426 Pus.

450 4446 561 4513 (5‘3)
607 4444 1009 4498 Mendaciorum
1058 4443 1499 4513 loquacissimus.
1551 4441 1710 4506 Quod
1764 4458 1876 4495 non
1926 4442 2032 4495 mi-

2149 3085 2238 3141 vel
2266 3103 2409 3142 casco
2442 3091 2717 3155 appareat
2759 3086 2963 3141 laudes
2993 3087 3123 3156 ejus
3174 3083 3485 3153 contineri,
3516 3086 3572 3138 et
3597 3080 3773 3156 legen-

2151 3159 2357 3230 dumiz
2416 3180 2443 3209 ‹‹
2481 3150 2620 3213 Sine
2670 3158 2839 3212 laude
2887 3150 3232 3228 loquendus.
3270 3180 3299 3230 s
3354 3150 3684 3230 Quanquam
3713 3150 3774 3230 de

2149 3229 2421 3284 omnibus
2471 3230 2856 3301 scriptoribus
2903 3225 2987 3283 ita
3026 3229 3370 3300 pronuntiat
3415 3225 3774 3301 Vopiscusin

2146 3301 2459 3356 Aureliano
2495 3320 2507 3355 :
2541 3324 2569 3351 ‹‹
2595 3297 2783 3355 Nemo
2812 3297 3190 3372 scriptorum,
3211 3297 3516 3371 quantum
3534 3298 3601 3352 ad
3622 3297 3780 3372 histo-

2149 3374 2296 3427 riam
2331 3372 2601 3443 pertinet,
2632 3390 2744 3427 non
2779 3378 2868 3427 est
2897 3366 3117 3443 aliquid
3154 3366 3541 3443 mentitusin
3566 3383 3673 3443 quo
3703 3366 3776 3443 Li-

2150 3445 2297 3510 vius,
2322 3439 2378 3497 i'n
2413 3461 2528 3513 quo
2557 3444 2889 3509 Sallustius,
2916 3445 2972 3498 in
2996 3439 3117 3513 quo
3137 3445 3440 3498 Cornelius
3462 3439 3703 3513 Tacitus,
3726 3439 3776 3487 in

2149 3533 2262 3586 quo
2286 3510 2538 3587 denique
2555 3516 2802 3587 Trogus,
2824 3516 2981 3569 mani
2996 3510 3153 3569 “estis
3169 3515 3468 3587 erroribus
3494 3510 3779 3587 convince—

2149 3584 2368 3641 rentur.
2405 3584 2620 3640 n'lnter
2645 3584 2791 3657 quos
2822 3588 3084 3641 Tacitum
3114 3587 3355 3658 quidem
3389 3586 3461 3658 ab
3496 3584 3778 3649 utriusque

2145 3659 2381 3730 Vopisci
2414 3666 2467 3713 et
2496 3656 2835 3713 Tertulliani
2859 3656 3156 3713 calumnia
3178 3660 3412 3724 acriter,
3440 3656 3614 3725 large,
3631 3659 3697 3730 et
3719 3664 3779 3703 ex

2149 3723 2409 3801 professo
2442 3731 2699 3784 defendit
2736 3730 3259 3800 eloquentissimus
3293 3723 3578 3801 Muretus,
3624 3723 3777 3801 Oper:

2150 3793 2290 3858 tom.
2328 3804 2368 3869 ι,
2414 3808 2559 3856 orat.
2595 3803 2679 3856 14.
2727 3793 2901 3857 Recte
2940 3818 3070 3857 vero
3113 3802 3263 3874 idem
3299 3793 3780 3874 Cerdanbservat

2148 3875 2438 3944 argutiam
2494 3875 2675 3928 nostri
2707 3890 2838 3928 cum
2889 3874 3157 3928 Tacitum
3191 3873 3359 3927 illum
3412 3876 3475 3926 ut
3502 3869 3778 3938 loquacis-

2150 3946 2363 4000 simum
2398 3951 2455 3999 et
2486 3944 2696 4015 lingua:
2743 3945 2997 3999 minima:
3028 3946 3389 3999 continentis
3422 3944 3671 4005 denotat,
3698 3951 3778 3991 se-

2150 4034 2249 4071 cus
2281 4033 2345 4069 ac
2378 4016 2570 4085 ipsum
2608 4033 2815 4071 nomen
2851 4034 2964 4087 pres
2996 4033 3058 4070 se
3090 4017 3218 4071 fert.
3254 4016 3401 4070 Hav.

2221 4088 2334 4158 (60)
2398 4074 2630 4142 Nullum
2684 4088 2805 4142 illic
2853 4074 3127 4159 reperisse
3190 4088 3581 4159 simulacrum.
3632 4074 3778 4155 Quod

2148 4175 2351 4230 verum
2384 4165 2471 4212 est
2502 4159 2584 4212 vel
2630 4159 2758 4230 ipsa
2801 4157 3056 4214 caecitate
3086 4164 3252 4213 teste.
3288 4157 3784 4230 Unquamue_q018

2149 4229 2457 4299 gentilium
2520 4223 2713 4300 majus
2761 4230 2832 4284 de
2888 4233 3039 4286 Moss
3097 4236 3154 4286 et
3200 4223 3453 4285 Judaic'a
3501 4223 3781 4300 religione.

2151 4294 2471 4379 primisque
2504 4294 2735 4355 illorum
2768 4301 3204 4379 institutoribus
3224 4318 3410 4356 ausus
3439 4303 3530 4355 est
3550 4294 3783 4379 proferre

2149 4370 2549 4445 testimonium
2599 4390 2775 4441 quam
2830 4375 2935 4445 hoc
2966 4376 3099 4429 est?
3152 4370 3778 4445 SZXILOﬂpaTOUVt§C‘X'{E

2149 4438 2415 4504 θεοσεϐείς
2468 4443 2541 4503 ὡς
2592 4438 2813 4512 άληθῶς
2861 4440 3031 4507 ὄντες,
3069 4447 3210 4516 justi
3253 4448 3309 4499 et
3358 4438 3485 4499 vere
3534 4438 3780 4516 religiosi.

375 4502 507 4569 rum
546 4502 667 4587 (ubi
714 4516 784 4570 de
832 4514 1051 4587 Judazis
1100 4502 1240 4583 agit,
1288 4530 1423 4587 cum
1476 4502 2035 4587 omnequuotquot
2066 4502 2111 4566 Ι)
2147 4502 2334 4569 Verba
2365 4502 2503 4571 sunt
2530 4502 2854 4580 Strabonis,
2895 4534 2961 4572 ex
2993 4502 3141 4572 libro
3174 4519 3301 4587 ejus
3353 4502 3676 4587 xv1.rCuju's
3702 4512 3780 4559 te-

374 4592 532 4646 sunt,
568 4586 624 4639 in
656 4586 767 4641 ista
803 4586 1044 4641 historia
1096 4583 1513 4649 coscutiverint,
1549 4589 1604 4638 et
1635 4585 1836 4639 eadem
1872 4602 2026 4639 erro-

374 4658 454 4713 ris
487 4657 703 4711 chorda
737 4656 1153 4714 oberraverint.
1176 4655 1297 4725 lege
1329 4656 1592 4709 Tacitum
1620 4661 1674 4709 et.
1704 4656 2028 4723 Justinum,

377 4734 434 4782 et
468 4730 702 4784 ridebis.
739 4730 796 4783 in
856 4745 1034 4782 causa
1066 4733 1188 4780 erat
1245 4743 1367 4781 mos
1393 4728 1747 4792 Judaaorum,
1799 4729 1869 4782 de
1902 4730 2029 4799 qui-

378 4801 488 4854 bus
518 4800 644 4871 ipse
690 4799 1036 4871 Tacitus_V.
1094 4800 1296 4871 Hister.
1347 4814 1395 4852 c.
1429 4800 1463 4851 5
1497 4816 1510 4852 :
1547 4820 1571 4850 ι
1612 4800 1718 4871 Sed
1753 4802 2030 4855 adversus

379 4869 585 4926 omnes
620 4870 768 4925 alios
802 4869 1009 4924 hostile
1042 4870 1263 4942 odium.
1288 4871 1539 4942 separati
1566 4870 2027 4942 epulis,disereti

380 4944 698 4999 cubilibus.
737 4966 764 4992 »
800 4943 1065 4997 Liberius
1095 4940 1391 4996 Juvenalis
1421 4946 1535 4996 Sat.
1564 4940 1673 5007 xiv,
1709 4958 1878 4998 versu
1904 4944 2027 4999 401.

470 5060 737 5107 Romanas
769 5060 944 5104 autem
982 5056 1118 5104 soliti
1148 5061 1492 5104 contemnere
1524 5058 1683 5119 leges,

468 5122 750 5169 Judaicum
782 5119 1047 5177 ediscunt,
1079 5125 1129 5166 et
1169 5123 1401 5173 servant,
1435 5134 1495 5166 ac
1528 5124 1772 5167 metuunt
1795 5134 1901 5182 jus,

468 5183 707 5230 Tradidit
738 5195 929 5229 arcano
960 5186 1317 5242 quodcunque
1351 5182 1597 5230 volumue
1631 5183 1819 5241 Moses,

470 5246 584 5292 Non
616 5246 917 5291 monstrare
951 5245 1074 5301 vias,
1106 5244 1298 5291 eadem
1330 5244 1430 5291 nisi
1462 5258 1613 5291 sacra
1644 5244 1856 5292 codeuti
1889 5260 1901 5293 :

472 5307 760 5365 Quaesitum
798 5306 863 5353 ad
894 5305 1094 5355 fontem
1126 5305 1265 5355 solos
1295 5304 1558 5355 deducere
1600 5320 1806 5369 verpos.

375 5440 565 5504 Quare
597 5436 910 5492 ridiculum
944 5442 999 5491 et
1028 5435 1391 5492 intolerabile
1414 5437 1554 5491 illud
1589 5438 1741 5507 quod
1774 5438 1829 5493 1a
1846 5441 2027 5497 Cerda

374 5510 578 5638 Epicuri
611 5509 857 5577 afﬁnxit,
893 5510 1056 5580 quasi
1095 5510 1152 5563 in
1184 5509 1625 5581 multiloquium
1658 5510 1784 5581 ejus
1816 5511 2025 5569 dixerit

418 5607 429 5636 ι
478 5599 690 5639 onius:

467 5693 580 5750 Qua
610 5703 807 5753 pompa
844 5687 1073 5746 Tacitus,
1107 5699 1386 5749 nunquam
1427 5687 1540 5735 sine
1587 5686 1690 5737 ﬁne
1723 5687 2024 5751 loquendus

372 5796 473 5852 ubi
507 5813 641 5853 cum
686 5793 953 5867 Varroni,
998 5792 1295 5863 Sallustio,
1352 5793 1557 5853 Plauto
1611 5796 2020 5872 conjungatur,

2142 4589 2487 4662 stimouium
2523 4587 2593 4642 de
2627 4589 2868 4662 Mosc_ct
2909 4586 3375 4662 cultuiNuminis
3408 4586 3624 4642 ibidem
3654 4593 3780 4662 prte-

2141 4659 2316 4732 cedit,
2366 4660 2433 4732 in,
2477 4659 2635 4713 hunc
2689 4660 2920 4713 modum
2974 4678 2987 4715 :
3036 4661 3242 4726 Μωσῆς
3289 4658 3415 4732 γὰρ,
3469 4664 3601 4732 etc.,
3652 4658 3685 4705 i.
3734 4665 3778 4702 e.

2142 4753 2167 4779 α
2204 4730 2347 4784 Nam
2386 4731 2575 4785 Moses
2605 4748 2760 4785 unus
2792 4747 2860 4785 ex
2890 4732 3174 4803 [Egyptiis
3206 4730 3634 4787 sacerdotibus,
3656 4734 3779 4803 curn

2142 4808 2363 4872 partem
2423 4804 2739 4871 quamdam
2802 4796 3055 4871 regionis
3112 4803 3374 4870 haberet,
3428 4817 3495 4855 ac
3554 4796 3784 4873 moleste

2142 4869 2313 4927 ferret
2362 4869 2704 4944 praesentem
2754 4869 2997 4943 statum,
3031 4875 3165 4929 inde
3213 4874 3328 4928 huc
3360 4869 3780 4944 commigravit,

2141 4936 2535 4999 multis'rum
2594 4936 3037 5011 comitantibus,
3097 4946 3311 5015 quibus
3371 4936 3613 5015 divina“
3637 4936 3781 4992 cordi

2138 5021 2323 5069 erant.
2362 5016 2706 5072 Afﬁrmabat
2735 5019 2889 5071 enim
2923 5013 3304 5088 docebatque,
3341 5013 3641 5089 .‘Egyptios
3672 5022 3782 5089 non

2140 5092 2292 5143 recte
2324 5088 2561 5151 sentire,
2596 5090 2691 5158 qui
2726 5090 3048 5144 bestiarum
3096 5106 3161 5144 ac
3190 5086 3470 5159 pecorum
3506 5086 3782 5157 imagines

2138 5160 2244 5213 deo
2296 5160 2642 5221 tribuerent,
2696 5160 2950 5229 itemque
3009 5158 3205 5223 Afros,
3244 5176 3347 5217 nec
3396 5158 3782 5229 Grmcos,_qul

2138 5229 2252 5283 diis
2286 5229 2589 5303 hominum
2624 5223 2895 5286 naturth
2949 5232 3311 5302 attingerent.
3348 5230 3403 5283 ld
3442 5244 3575 5282 vero
3608 5223 3786 5303 solum

2136 5318 2265 5355 esse
2297 5302 2503 5370 Deum,
2537 5303 2691 5372 quod
2727 5320 2831 5356 nos
2881 5309 2938 5358 et
2970 5297 3181 5358 terram
3213 5310 3270 5357 ct
3319 5317 3481 5355 mare
3512 5297 3784 5372 continget,

2136 5372 2290 5443 quod
2324 5370 2624 5429 coelum—et
2657 5375 2943 5429 mundum
2988 5380 3043 5429 et
3091 5392 3281 5430 rerum
3317 5372 3588 5428 omnium
3623 5370 3783 5421 uatu-

2136 5461 2260 5500 ram
2313 5444 2702 5514 appellamus,
2734 5448 2905 5517 cujus
2960 5447 3210 5515 profecto
3244 5444 3566 5513 imaginem
3619 5451 3783 5493 nemo

2134 5534 2289 5572 sane:
2324 5516 2537 5593 mentis
2568 5518 2817 5593 alicujus
2851 5536 3052 5593 earum
3084 5535 3279 5593 rerum
3312 5533 3438 5593 qua:
3469 5528 3660 5593 penes.
3683 5522 3782 5563 n08

2134 5594 2268 5661 sunt
2303 5589 2557 5643 similem
2584 5588 2797 5645 audeat
2826 5592 3122 5661 efﬁngere.
3143 5588 3391 5645 Proinde
3413 5588 3578 5661 omni
3614 5588 3786 5661 simu-

2132 5660 2421 5733 lacrorum
2455 5661 2742 5719 efﬁctione
2774 5654 3097 5733 repudiata,
3142 5663 3384 5733 dignum
3418 5658 3467 5713 ei
3500 5654 3782 5733 templum

2131 5749 2200 5860 pc
2231 5730 2540 5861 gelubrug
2573 5730 2973 5805 statuendum,
2997 5752 3063 5791 ac
3096 5735 3221 5791 sine
3251 5732 3452 5803 aliqua
3485 5732 3677 5803 ﬁgura
3697 5740 3784 5781 co-

2155 5820 2226 5861 en
2275 5820 2393 5861 um.
2425 5826 2455 5855 »
2536 5823 2625 5861 av.

2155 5820 2262 5861 θησ
2275 5820 2393 5861 um.
2425 5826 2455 5855 »
2486 5820 2625 5863 HAV.
