4054 6174
405 277 524 336 423
937 276 1466 339 TERTULLIANI
1511 275 1837 338 OPERUM
1879 275 2048 337 PAR;

2164 322 2181 339 .
2213 310 2289 321 -—-
2318 280 2597 343 SERIES
2642 282 2690 358 Ι,
2734 283 3299 346 APOLOGETICA.
3666 290 3773 349 424

402 426 534 464 rum
596 413 716 464 tota
774 410 1091 465 castrensis
1148 410 1317 481 signa
1362 414 1672 464 veneratur
1707 408 1842 481 (60),
1890 409 2060 481 signa
2089 414 2142 478 Α
2174 410 2257 465 illi
2284 411 2611 485 imaginum
2647 417 2964 486 suggestus
3008 412 3065 466 in
3118 413 3299 487 signis
3324 416 3369 450 ³³
3418 418 3522 489 (71)
3554 421 3787 477 monitis

390 498 761 570 jurat,signa
783 497 1057 553 omnibus
1086 498 1237 553 368
1266 498 1377 552 diis
1398 499 1510 569 (70)
1536 498 2063 569 praeponit.0mnes
2174 516 2415 556 crucum
2448 502 2558 573 (72)
2593 508 2752 557 sunt.
2785 500 3031 573 Siphara
3072 503 3222 559 869
3263 504 3357 560 illa
3386 506 3699 563 vexillorum
3730 516 3780 565 et

1834 601 2035 660 Variae
2064 601 2387 662 lectiones.

482 691 525 724 ⁶²
559 691 621 743 In
656 687 839 759 signis
870 687 1124 742 emendat
1155 687 1263 758 lips
1297 688 1390 759 Ep.
1436 688 1535 755 Qu.
1585 689 1638 755 V,
1676 688 1759 742 15.

1852 770 2375 830 Commentarius.

408 875 717 944 Victorias,
744 878 809 928 ut
836 874 1102 940 numina,
1126 878 1181 929 et
1208 874 1446 944 quidem
1471 873 1812 944 angustiora
1843 879 2060 945 quant)

412 950 653 1016 latiora,
695 948 1051 1000 veneramini
1104 963 1117 1001 :
1164 947 1607 1015 Contignatione
1657 947 1797 1015 quid
1850 945 2062 1000 melius

413 1021 712 1087 extollant,
774 1035 975 1073 cruces
1022 1025 1198 1073 erunt
1272 1019 1572 1086 intestina,
1632 1018 2060 1086 quodammodo

412 1100 717 1164 tropreum.
761 1114 788 1140 ››
836 1090 1098 1164 Victoriae
1129 1088 1318 1164 ipsius
1366 1091 1597 1164 signum
1632 1105 1747 1164 una
1777 1105 1910 1143 cum
1943 1094 2059 1164 tro-

411 1158 553 1235 paeis
608 1162 925 1235 aliquando
971 1162 1030 1215 in
1082 1158 1818 1235 nu’mmisuc0nspicimus,
1880 1164 1943 1214 ut
2000 1161 2057 1214 in

409 1232 670 1291 nummis
701 1232 930 1290 Hostilii
961 1236 1018 1287 et
1047 1232 1287 1299 Aurelii,
1319 1232 1705 1302 aliorumque.
1741 1232 1879 1287 HAV.

481 1306 591 1376 (69)
650 1307 821 1378 Signa
875 1313 1182 1378 ueneratur.
1237 1304 1511 1378 Sequitur
1577 1305 1632 1357 in
1708 1303 1850 1378 Coll.
1892 1302 2056 1378 Mod.

408 1382 571 1446 signa
600 1376 819 1434 adorat.
869 1377 1047 1430 Vocat
1077 1376 1205 1429 ideo
1245 1376 1504 1442 Tacitus,
1534 1376 1761 1444 propria
1792 1376 2058 1442 legionem

408 1445 663 1504 numina.
700 1451 800 1505 lib.
834 1467 851 1503 ι
882 1448 1197 1513 Ann-ilium,
1227 1464 1275 1500 ο.
1312 1450 1395 1501 19,
1432 1448 1580 1510 Quin
1624 1464 1735 1500 non
1767 1445 2059 1500 ornabant

406 1527 659 1589 tantum,
692 1524 762 1576 de
791 1538 905 1592 quo
939 1537 1070 1573 mox
1113 1522 1344 1592 Auctor,
1376 1521 1477 1572 sed
1530 1522 1593 1592 ut
1634 1519 1878 1571 deorum
1910 1517 2055 1592 ima-

408 1594 573 1664 gines
594 1588 965 1665 inunge'bant
980 1590 1432 1665 etiam.Quod‘_ut
1456 1590 1768 1665 barbarum
1801 1595 1860 1643 et
1884 1588 2056 1665 molle

406 1660 773 1719 detestantur
826 1664 1070 1729 Plinius,
1130 1664 1268 1715 Hist.
1328 1662 1454 1716 Nat.
1508 1660 1610 1714 lib.
1662 1677 1785 1724 xm,
1844 1677 1893 1714 c.
1950 1660 1983 1711 3
2039 1676 2051 1713 :

406 1758 434 1786 ‹‹
472 1737 720 1791 Maxime
750 1744 945 1790 tamen
997 1735 1212 1787 mirum
1258 1739 1367 1796 est,
1419 1733 1566 1785 hanc
1597 1732 1846 1803 gratiam
1879 1746 2051 1803 pene-

404 1814 593 1862 trasse
621 1817 678 1862 et
708 1810 765 1862 in
797 1812 1009 1861 castra.
1052 1803 1269 1874 Aquilae
1319 1811 1472 1858 certe
1512 1820 1575 1857 ac
1609 1801 1815 1873 'signa,
1850 1801 2051 1874 pulve-

406 1881 637 1935 rulenta
665 1879 765 1933 illa
794 1886 850 1933 et
882 1873 1163 1931 custodiis
1198 1876 1433 1929 horrida
1466 1874 1872 1947 :inunguntur
1890 1873 2051 1927 festis

2172 876 2518 931 draconium
2568 873 2825 932 hiatibus
2877 893 3055 948 super
3098 894 3361 935 summas
3409 878 3599 934 hastas
3631 880 3777 935 elatis

2172 947 2491 1022 incolantia
2529 964 2741 1022 acrper
2779 947 3012 1022 tractus
3030 952 3326 1022 contextis
3372 951 3677 1022 squammis
3704 953 3779 1004 di-

2170 1020 2418 1074 stinctos
2450 1021 2768 1085 veutillata,
2802 1020 3293 1090 iucundissimum
3328 1020 3499 1076 simul
3528 1028 3580 1077 et
3604 1023 3777 1076 formi-

2168 1091 2437 1146 dolosum
2485 1091 2887 1161 spectaculum
2941 1091 3125 1146 oculis
3154 1095 3423 1162 praebent.
3455 1114 3480 1142 ››
3513 1094 3649 1148 Hinc
3696 1110 3778 1148 ve-

2169 1168 2341 1217 nuste
2372 1164 2665 1235 intelligas
2709 1179 2888 1234 quare
2937 1164 3356 1234 pulchritudini
3403 1165 3628 1235 Sponsaa
3658 1164 3777 1219 hor-

2169 1250 2357 1289 rorem
2391 1236 2695 1306 signorum
2736 1235 3078 1290 militarium
3123 1237 3299 1291 addat
3345 1235 3607 1291 Salomon
3636 1237 3781 1291 Cant.

2166 1321 2247 1369 VI,
2310 1307 2395 1360 10.
2456 1308 2575 1361 Imo
2635 1307 2787 1377 quod
2850 1306 3248 1361 Tertullianus
3307 1306 3399 1362 hic
3455 1308 3534 1361 ait
3586 1307 3785 1361 Monitia

2165 1392 2409 1446 crurum,
2440 1385 2529 1432 est
2559 1395 2699 1432 sane
2749 1378 2969 1433 dictum
3019 1377 3277 1449 pulchre,
3310 1385 3367 1433 et
3410 1379 3558 1448 quod
3606 1394 3783 1432 sacras

2168 1450 2413 1502 Litteras
2445 1449 2617 1503 etiam
2660 1451 2865 1518 juvare
2918 1456 3124 1520 potest.
3175 1452 3469 1520 Suggestus
3499 1452 3783 1519 imaginum

2165 1526 2331 1592 vocat
2352 1524 2559 1575 Noster
2590 1521 2888 1591 parmulas
2921 1523 3040 1575 sive
3070 1521 3360 1591 clypoelos
3393 1521 3490 1592 qui
3520 1521 3576 1573 in
3606 1521 3782 1575 orbem

2166 1591 2354 1661 signis
2402 1592 2906 1663 appendebantur,
2941 1593 3020 1646 ita
3069 1599 3132 1646 ut
3180 1594 3376 1646 multis
3415 1591 3623 1663 essent
3674 1607 3785 1661 gra-

2164 1664 2452 1728 dationes,
2485 1664 2719 1718 altiores
2750 1664 3234 1733 depressioresve,
3268 1664 3424 1717 velut
3477 1662 3716 1717 tabulata
3736 1666 3785 1714 et

2165 1734 2444 1789 circuitus
2492 1735 2550 1788 in
2610 1735 2869 1789 turribus
2928 1735 3216 1804 visuntur,
3280 1736 3335 1789 in
3395 1734 3512 1788 illis
3566 1734 3785 1802 depictas

2162 1813 2328 1877 erant
2374 1806 2662 1877 imagines
2729 1808 3147 1876 imperatorum
3207 1807 3309 1876 qui
3378 1806 3685 1860 consecrati
3737 1810 3786 1856 et

2162 1876 2313 1932 inter
2369 1876 2533 1932 divos
2584 1877 2746 1931 relati
2777 1885 2963 1942 erant,
2997 1877 3084 1933 vel
3116 1879 3446 1931 etiamnum
3479 1878 3661 1931 adhuc
3693 1876 3784 1928 im-

404 1952 612 2006 diebus
656 1967 667 2003 :
706 1951 1049 2018 utinamque
1081 1950 1270 2019 dicere
1311 1963 1637 2016 possemus.
1664 1946 1797 2019 quis
1827 1947 2051 2016 primus
2082 1952 2128 2017 Β
2162 1949 2460 2019 parabant,
2494 1953 2558 2002 ut
2593 1966 2662 2002 ex
2711 1948 2977 2019 Lipsiano
3028 1950 3150 2004 loco
3201 1951 3273 2003 de
3299 1948 3511 2004 Vitellii
3557 1946 3789 2019 imagine

404 2023 777 2076 instituisset.
833 2022 911 2075 lta
941 2026 1048 2082 est,
1102 2018 1378 2071 nimirum
1416 2020 1517 2072 hac
1558 2018 1821 2072 mercede
1851 2033 2047 2071 corru-

404 2102 514 2165 ptas
572 2101 856 2147 terrarum
921 2094 1117 2144 orbem
1189 2092 1446 2143 devicere
1502 2088 1733 2165 aquilas.
1798 2109 1825 2136 ››
1890 2093 2050 2142 Hunc

403 2162 605 2227 ritum,
639 2172 704 2218 ut
735 2171 935 2217 notum
982 2179 1143 2229 sane,
1203 2177 1334 2215 cum
1393 2163 1595 2214 multis
1653 2162 2053 2214 demonstrent

401 2241 794 2308 lnterpretes,_
836 2243 960 2289 tum
1016 2234 1181 2308 docet
1211 2234 1477 2308 insignis
1512 2235 1686 2308 locus
1726 2233 2046 2308 Sozomeni,

401 2300 727 2363 Eccl.'Hist.
784 2306 821 2358 l.
877 2323 916 2369 ι,
979 2322 1030 2370 c,
1062 2306 1115 2369 4,
1167 2305 1264 2357 ubi
1324 2300 1395 2357 die
1454 2304 1938 2373 laboro-Enpsiov
1993 2300 2049 2354 δὲ

400 2383 559 2433 τοῦτο
614 2376 964 2448 τιμιώτατον,
1004 2374 1187 2427 καθότι
1245 2374 1325 2448 ἀεὶ
1382 2377 1478 2448 τοῦ
1539 2370 1802 2448 βασιλέιορ
1860 2374 2050 2445 ἡγεῖσ-

406 2463 532 2516 θαι,
608 2444 693 2503 καὶ
781 2452 1197 2513 προσκυνεῖσθαι
1275 2444 1586 2515 ἐνενόμισπὲο
1671 2445 1816 2518 παρά
1894 2444 2051 2518 στρα-

401 2526 634 2577 τιωτῶν.
696 2523 733 2575 i.
783 2537 831 2574 e.
886 2544 910 2569 ‹‹
950 2522 1063 2573 Hoc
1110 2534 1345 2588 signum
1395 2518 1721 2572 venerabile
1773 2518 2046 2584 maxime,

405 2595 542 2666 quia
574 2602 631 2647 et
659 2592 978 2666 principem
1012 2592 1376 2666 antecedere,
1399 2596 1481 2666 _e_t
1536 2588 1982 2666 adorari_etiam
2015 2606 2049 2642 a

407 2660 697 2720 militibus
727 2660 969 2718 solebat.
1008 2684 1033 2709 »
1064 2662 1364 2715 Videndus
1399 2660 1631 2731 Lipsius
1674 2661 1744 2713 ad
1780 2661 2044 2713 Tacitum

331 2740 350 2749 '
404 2739 501 2808 qui
539 2738 607 2790 de
638 2735 821 2797 cultu,
854 2733 1218 2808 religioneAet
1245 2733 1432 2808 forma
1463 2730 1662 2808 eorum
1694 2731 1815 2801 agit
1844 2730 1944 2808 lib.
1993 2747 2046 2783 iv

404 2803 468 2863 de
496 2810 566 2862 Re
600 2808 699 2863 Mil
758 2808 903 2861 Rom.
956 2821 1081 2869 cap.
1127 2805 1183 2867 3,
1236 2807 1290 2869 5,
1332 2804 1404 2869 9;
1455 2808 1512 2858 et
1557 2803 1867 2869 Causeum,
1899 2807 2043 2856 tom.

401 2881 467 2942 X,
509 2881 571 2933 A.
618 2884 681 2933 R.
720 2896 773 2948 p.
829 2876 983 2930 1528.
1031 2873 1200 2930 Unde
1246 2875 1443 2945 aquila
1489 2873 1787 2948 insistens
1817 2890 1927 2927 aras
1959 2873 2043 2927 vel

404 2950 635 3006 fulmini
665 2946 917 3004 occurrit
947 2948 1097 3001 inter
1128 2949 1241 3001 duo
1272 2948 1441 3017 signa
1474 2947 1625 3017 apud
1658 2946 2042 3017 Gorlasumdu,

400 3026 487 3090 44,
522 3039 587 3077 eo
625 3023 673 3087 1,
700 3022 793 3074 161
829 3025 885 3075 et
917 3021 1038 3083 122,
1063 3022 1119 3090 et
1150 3015 1395 3072 notabili
1426 3016 1584 3072 cultu
1616 3018 1767 3088 apud
1803 3015 2041 3088 Seguin,

402 3114 455 3168 p.
477 3089 715 3168 7109,_de
740 3109 854 3168 quo
887 3107 1037 3168 mox.
1073 3089 1208 3168 Hsv.

472 3158 905 3236 (70)’0mnibus_
946 3162 1071 3236 diis.
1134 3158 1287 3214 Nihil
1346 3159 1499 3236 aliud
1560 3158 2039 3236 innuit_Auctor,

401 3229 576 3305 quam
616 3235 831 3289 milites
881 3233 1108 3305 facilius
1140 3247 1306 3285 sacra
1334 3231 1532 3285 omnia
1559 3236 1616 3305 e_t
1638 3231 1888 3305 profan_a
1920 3229 2043 3305 pol-

403 3308 584 3372 luere,
618 3323 652 3376 q

402 3379 575 3434 modo
607 3373 776 3443 intra,
809 3392 858 3429 c.
890 3376 957 3426 27
994 3391 1006 3427 :
1049 3396 1075 3423 ‹‹
1109 3373 1294 3428 Citius
1325 3374 1576 3445 denique
1624 3374 1779 3444 apud
1811 3389 1912 3428 vos
1946 3389 2046 3445 per

404 3466 609 3505 omnes
642 3450 801 3510 deos,
834 3463 1010 3514 quam
1046 3461 1148 3515 per
1177 3460 1358 3498 unum
1395 3444 1641 3498 Genium
1675 3445 1913 3499 Caesaris
1945 3444 2043 3515 pe-

392 3524 703 3594 jeraturs»
753 3518 955 3571 bzelius
990 3517 1060 3594 ad
1101 3516 1427 3594 scipionem
1463 3517 1613 3586 apud
1662 3517 1878 3594 l_._ivium
1942 3516 2040 3594 lib.

402 3588 592 3659 kxxvr,
652 3591 709 3644 in
767 3589 1083 3644 certamine
1131 3589 1201 3642 de
1250 3604 1460 3642 corona
1503 3588 1711 3642 murali
1769 3588 1921 3641 inter
1978 3589 2041 3649 Ο.

401 3661 751 3717 Trebellium
785 3670 838 3714 et
866 3665 991 3715 Sex.
1029 3660 1304 3730 Digitium
1356 3675 1368 3710 :
1423 3681 1450 3707 «
1494 3661 1655 3713 Stare
1694 3659 1829 3713 hinc
1860 3660 2044 3727 legio-

402 3735 599 3789 narior
648 3731 885 3797 milites,
938 3731 1074 3784 hinc
1137 3730 1431 3795 classicos,
1489 3747 1590 3801 per
1644 3747 1846 3784 omnes
1905 3733 2045 3784 deos

403 3806 849 3878 paratosjurare
873 3804 1257 3878 magisquam
1282 3802 1479 3878 velint,
1499 3819 1680 3878 quam
1708 3818 1832 3872 quae
1857 3802 2046 3878 sciant

402 3873 539 3933 vera
587 3873 734 3941 esse,
786 3880 842 3928 et
892 3875 1253 3941 obstringere
1294 3874 1549 3944 perjurio
1596 3890 1708 3927 nor:
1761 3890 1822 3927 se
1852 3873 2040 3928 solum

401 3964 693 4019 suumque
723 3946 1051 4019 caput,dsed
1101 3946 1269 4017 signa
1301 3944 1580 4019 militaria
1607 3952 1663 3999 et
1692 3945 1919 4019 aquilas
1950 3961 2044 3998 sa-

398 4016 796 4089 cramentique
845 4016 1202 4089 religionem.
1259 4040 1279 4064 ι
1316 4017 1524 4071 Vocem
1574 4018 1740 4088 signa
1798 4017 1892 4070 hic
1940 4034 2043 4071 ne-

395 4092 574 4165 glexit
607 4091 1107 4165 Bhenan_us.ll_sv.
1170 4160 1179 4165 _
1242 4158 1256 4165 _
1318 4120 1341 4138 .

468 4164 582 4238 (71)
616 4165 673 4238 (η
704 4163 893 4238 signis.
933 4160 1220 4238 Palmaria
1242 4158 1363 4211 haec
1395 4162 1480 4211 est
1509 4158 1841 4238 emendatio
1865 4156 2041 4238 Lipsii

396 4237 567 4305 Epist.
604 4229 813 4305 Quaest,
837 4232 873 4286 l.
907 4248 961 4293 v,
1003 4247 1092 4300 ep.
1129 4233 1218 4305 15,
1249 4245 1424 4305 quam
1461 4229 1717 4305 omnino
1743 4229 2046 4305 inspicias

394 4300 999 4373 velim.Anteainepta
1032 4304 1330 4369 legebatur
1360 4301 1619 4368 insignes.
1644 4300 1758 4373 ASed
1796 4300 2045 4373 insignis

397 4378 498 4431 illa
528 4376 667 4432 Coll.
704 4376 856 4430 Mod.
905 4371 1142 4444 quoque
1181 4376 1240 4426 in
1269 4373 1469 4444 signis,
1504 4371 1657 4442 quod
1690 4378 1887 4425 tamen
1921 4371 2046 4424 edi-

400 4430 591 4503 tiones
620 4447 827 4514 Rigalti
865 4430 1433 4515 ne'glcieriintjisv.

474 4521 583 4591 (72)
662 4511 886 4573 Illonilia
941 4511 1183 4591 crucum.
1251 4511 1682 4591 l’ulcherrimus
1738 4518 1842 4591 est
1886 4512 2045 4591 locus

402 4580 578 4663 ofng
625 4589 980 4663 Nazianzeni
1019 4588 1209 4663 Orat.“
1244 4586 1307 4638 In.
1361 4586 1647 4637 Iulianum
1686 4602 1703 4637 :
1750 4582 1941 4655 Τολμᾷ
1991 4580 2047 4635 δὲ

661 3322 795 3359 nam
830 3304 1079 3357 militare
1109 3308 1541 3376 sacramentum
1576 3302 1791 3376 fallere.
1832 3302 2038 3357 Eodem
2077 3310 2120 3376 (ξ

2182 2020 2505 2089 iquet,nam
2532 2021 2636 2074 hoc
2659 2018 2832 2074 etiam
2857 2020 3186 2075 incunculis
3214 2023 3409 2074 aureis
3435 2027 3491 2074 et
3520 2018 3788 2085 argenteis

2161 2091 2357 2154 ﬁebat,
2401 2097 2462 2145 ut
2510 2093 2732 2161 passim
2767 2092 2958 2146 adhuc
2997 2108 3065 2146 ex
3102 2093 3495 2147 marmoribus
3528 2096 3583 2146 et
3621 2090 3790 2161 pictu-

2160 2163 2238 2216 ris
2271 2170 2327 2217 et
2357 2163 2627 2233 gemmis,
2661 2170 2791 2230 etc.,
2825 2163 3019 2217 videre
3044 2171 3150 2218 est.
3194 2165 3466 2233 Adeoque
3505 2162 3794 2233 magniﬁca

2158 2242 2216 2287 et
2248 2236 2405 2305 regia
2434 2241 2523 2288 est
2552 2236 2650 2287 illa
2676 2235 3058 2304 computatio,
3089 2252 3220 2305 qua;
3250 2236 3311 2288 in
3341 2234 3790 2305 elaboratissimo

2159 2303 2508 2361 Salomonis.
2553 2303 2941 2376 Epithalamio
2972 2303 3195 2361 occa—rit
3240 2323 3370 2376 cap.
3406 2323 3484 2370 1v,
3514 2306 3547 2359 3
3595 2320 3607 2358 :
3656 2303 3797 2358 Sicut

2158 2380 2340 2430 turris
2374 2377 2594 2431 Davidis
2624 2378 2825 2432 collum
2857 2386 3032 2444 tuum,
3060 2378 3347 2434 adificata
3378 2379 3451 2431 ad
3469 2390 3790 2447 propuguan.

2156 2448 2309 2513 dum,
2338 2449 2498 2501 mille
2527 2450 2706 2519 εἰς]ρεὶ
2742 2450 3150 2519 protenduntur
3177 2451 3244 2502 ab
3274 2464 3369 2508 ea,
3392 2463 3585 2519 omnes
3601 2458 3794 2519 parma:

2156 2520 2402 2573 heroum.
2438 2521 2520 2573 lta
2571 2518 2747 2573 enim
2774 2521 2936 2575 locus
2968 2522 3077 2575 iste
3133 2522 3275 2573 verti
3308 2520 3503 2582 debet,
3538 2518 3635 2571 ubi
3664 2518 3797 2570 mire

2156 2598 2353 2645 errant
2381 2592 2742 2661 interpretes.
2788 2595 2911 2645 Non
2962 2593 3118 2645 enim
3162 2596 3417 2645 teretum
3468 2595 3796 2661 tantumro-

2157 2667 2214 2716 tu
2230 2663 2519 2732 ndamque
2541 2659 2916 2716 altitudinem
2951 2664 3009 2716 in
3034 2662 3179 2717 collo
3201 2670 3412 2716 amatas
3446 2678 3561 2715 ense
3592 2659 3793 2732 laudat,

2156 2734 2254 2788 sed
2292 2734 2347 2786 in
2385 2730 2491 2788 hac
2523 2736 2957 2803 comparatione
2980 2735 3052 2788 ab
3083 2738 3293 2789 ornatu
3326 2734 3501 2788 etiam
3534 2730 3799 2803 describit

2154 2810 2209 2859 et
2239 2806 2632 2871 commendat,
2660 2802 2817 2875 quod
2870 2821 3079 2875 nempe
3134 2806 3290 2860 sicut
3340 2805 3521 2859 turris
3557 2802 3790 2875 Davidis,

2154 2892 2287 2931 cum
2320 2882 2479 2930 stant
2509 2872 2768 2947 undique
2800 2878 2973 2930 validi
3014 2872 3380 2947 protectores
3430 2878 3488 2929 in
3522 2872 3797 2939 transtris,

2154 2965 2257 3019 per
2285 2949 2482 3002 orbem
2528 2949 2884 3019 fulgentibus
2916 2947 3133 3018 clypeis
3164 2948 3360 3002 cincta
3394 2947 3562 3019 nitet,
3594 2947 3649 3019 in
3683 2959 3797 3019 pre:

2152 3012 2303 3073 tiosa
2361 3012 2870 3089 monilia'ingens
2925 3012 3104 3073 decus
3156 3019 3355 3073 nativa
3390 3012 3799 3087 pulchritudini

2152 3092 2387 3159 adpant.
2420 3089 2617 3155 Qualis
2661 3091 2815 3161 apud
2862 3091 3145 3144 Lacanum
3194 3093 3439 3161 formam
3491 3092 3669 3147 fucata
3711 3102 3803 3139 no-

2149 3164 2375 3230 centem,
2410 3162 2507 3216 lib.
2540 3179 2593 3227 χ,
2626 3177 2794 3216 versu
2830 3162 2931 3215 140
2963 3178 2975 3215 :

2281 3276 2441 3339 Plena
2473 3277 2632 3325 maris
2659 3276 2823 3325 Rubri
2850 3276 3053 3339 spoliis,
3083 3274 3331 3339 colloque
3362 3276 3614 3339 cumique

2283 3338 2504 3387 Divitias
2534 3339 2813 3402 CleOpatra
2837 3337 2989 3401 gerit,
3023 3337 3277 3400 cultuque
3299 3337 3542 3387 laborat;

2150 3444 2275 3499 Non
2312 3444 2511 3499 itidem
2545 3445 2777 3500 Catonis
2808 3444 3047 3513 Maecia,
3081 3445 3250 3514 cujus

2276 3558 2528 3623 Baltheus
2558 3560 2701 3623 haud
2735 3560 2904 3607 ﬂuxos
2932 3559 3154 3623 gemmis
3185 3558 3479 3609 adstrinxit
3508 3559 3744 3616 amictus,

2276 3622 2419 3671 Colla
2448 3622 2644 3671 monile
2673 3622 2888 3683 decens,

2153 3728 2305 3797 apud
2338 3728 2528 3782 eumd.
2562 3727 2662 3782 lib.
2705 3745 2765 3793 II,
2799 3728 2924 3781 562.
2960 3728 3173 3781 Eadem
3224 3743 3431 3798 opera,
3488 3728 3629 3781 dum
3660 3724 3806 3779 aliud

2154 3816 2282 3870 ago,
2338 3798 2635 3869 explicabo
2705 3799 3024 3868 superioris
3068 3798 3285 3854 Cantici
3347 3815 3453 3863 vn,
3494 3799 3530 3851 5
3582 3814 3595 3852 :
3648 3798 3811 3867 Caput

2155 3881 2315 3926 tuum
2344 3886 2509 3939 super
2555 3876 2624 3935 te,
2659 3875 2719 3924 ut
2748 3887 2905 3924 mons
2954 3870 3263 3935 Carmelus,
3317 3870 3626 3924 lemniscus
3656 3881 3815 3924 coma?

2155 3953 2269 3998 tua:
2296 3957 2625 4012 purpureus,
2657 3958 2761 3995 rea;
2805 3944 3015 4011 ligatus
3043 3943 3215 4012 estin
3243 3941 3364 4012 eius
3411 3943 3705 4008 suggestis.
3737 3944 3817 4012 lta

2157 4008 2355 4067 Latine
2402 4008 2585 4084 dicas.
2610 4013 2799 4084 βπ·θοὶ
2834 4008 3041 4067 vocant
3093 4008 3445 4084 πλοκάμους.
3502 4011 3819 4084 Hesychius

2155 4084 2411 4155 exponit,
2461 4081 2757 4143 κονδύλους
2805 4087 2911 4135 τῶν
2963 4087 3185 4157 cpulari
3221 4080 3657 4156 rtsﬁksypévwvv,
3696 4084 3739 4157 (ἱ.
3771 4098 3817 4135 e.

2152 4159 2435 4211 cincinnos
2492 4157 2840 4225 capillorum,
2874 4172 2968 4225 qui
3001 4155 3214 4226 digitis
3266 4155 3617 4223 crispentur.
3678 4156 3820 4218 Quo-

2156 4228 2328 4281 modo
2359 4227 2510 4280 Juno
2542 4244 2668 4282 sese
2700 4231 2862 4280 ornat
2902 4225 3103 4281 Jovem
3141 4225 3413 4279 illectura
3463 4227 3525 4281 in
3561 4241 3815 4283 amorem

2154 4299 2246 4354 sui
2279 4299 2432 4370 apud
2472 4300 2826 4364 Homerum;
2858 4297 3027 4351 Iliud.
3062 4300 3107 4368 ξ,
3138 4314 3307 4351 versu
3348 4300 3480 4353 176.

2262 4474 2575 4545 Πηξαμὲνη,
2622 4471 2778 4548 χερσί
2831 4398 3720 4549 πλοκάμους-δὲπέἓιὲζαᾷαεινοὺξ,

2156 4582 2194 4636 i.
2258 4598 2307 4635 e.
2369 4602 2397 4630 ‹‹
2458 4581 2522 4635 Et
2571 4586 2805 4651 pectens
2866 4580 3079 4643 crines,
3158 4581 3441 4635 manibus
3523 4582 3828 4637 cincinnos

400 4652 650 4729 ﬁdnuxai
702 4660 836 4713 κατὰ
890 4661 985 4711 τοῦ
1049 4653 1291 4739 μεκίάλου
1350 4666 1712 4737 συνθηματος,
1757 4652 1889 4739 etes,
1922 4674 1960 4711 1.
1995 4672 2041 4707 ρ.

2160 4654 2445 4739 disposuit
2478 4652 2771 4739 pulchros;
2812 4653 2966 4739 fulta.
3013 4655 3221 4739 Ifoster
3252 4654 3585 4739 imaginum
3638 4667 3828 4739 sugge-

403 4734 610 4797 «Quin
644 4749 709 4787 eo
760 4747 991 4801 quoque
1039 4728 1293 4801 audacias
1335 4728 1622 4801 prorupit,
1678 4732 1743 4780 ut
1772 4729 2050 4801 adversus

400 4822 681 4874 magnum
734 4799 878 4857 illud
930 4800 1205 4874 vexillum,
1254 4815 1504 4874 praeceps
1537 4799 1825 4874 ferretur.
1868 4823 1893 4847 ››
1925 4799 2051 4874 _Lo-

403 4870 603 4946 quitur
632 4877 701 4928 de
733 4874 915 4935 labro,
976 4888 1145 4946 cruce
1194 4870 1488 4946 insignito,
1521 4870 1592 4924 de
1644 4887 1756 4940 quo
1791 4871 2051 4925 Pruden-

398 4942 517 5002 tius
547 4952 751 5001 contra
782 4943 1198 5016 Symmachum
1236 4943 1283 5004 1,
1314 4942 1417 4994 487
1451 4958 1463 4995 :

524 5062 767 5109 Christus
797 5070 1125 5120 purpureum
1158 5060 1422 5118 gemmato
1453 5060 1628 5120 textus
1652 5056 1712 5120 in
1732 5070 1877 5120 auro

528 5122 1051 5234 giguabattlabarum
1086 5135 1099 5167 :
1131 5133 1446 5182 crypeorum
1470 5119 1696 5181 insignia
1718 5119 1957 5167 Christus

564 5198 797 5247 cripsera
825 5222 836 5240 ,

411 5324 430 5348 α
469 5300 628 5362 Quod
665 5297 838 5351 simul
874 5314 1003 5351 cum
1040 5312 1209 5350 cruce
1240 5294 1545 5357 magnifice
1580 5298 1628 5346 et
1665 5309 1796 5346 cum
1831 5293 2047 5364 insigni

407 5388 618 5441 pempa
649 5370 961 5425 exercitum
996 5368 1179 5429 ducit,
1199 5367 1267 5441 in
1300 5366 1552 5441 sublime
1580 5370 1867 5441 evectum,
1893 5367 2048 5441 quod

405 5437 671 5498 loborum
708 5441 1116 5495 solvendorum
1158 5440 1273 5491 vim
1324 5438 1517 5501 habet,
1542 5437 1612 5489 ab
1662 5452 1845 5506 eoque
1893 5438 2047 5508 apud

408 5515 645 5570 Latinos
720 5530 928 5568 nomen
1000 5510 1199 5574 trahit,
1260 5508 1789 5579 principatumque,
1852 5514 1913 5563 ut
1969 5510 2051 5563 ita

408 5588 622 5649 dicam,
682 5583 740 5639 in
784 5583 1006 5654 reliqua
1052 5581 1250 5636 omnia
1292 5580 1497 5635 vexilla
1542 5584 1732 5654 tenet,_
1760 5585 1879 5634 tam
1921 5597 2048 5654 quae

405 5662 823 5729 imperatorum
858 5651 1236 5729 imaginibus,
1290 5656 1465 5722 atque
1506 5651 1768 5729 expassis
1799 5652 2050 5729 testuris

405 5734 464 5785 in
497 5723 671 5785 variis
705 5727 1088 5784 tractionibus
1122 5725 1565 5792 litterarumque
1606 5723 1847 5795 picturis
1880 5723 2047 5778 illus-

404 5806 636 5860 trantur
664 5802 953 5873 quasique
1001 5798 1282 5871 gestiunt,
1341 5812 1517 5867 quam
1566 5811 1696 5866 quae
1744 5796 2051 5852 horrendis

2159 4737 2294 4779 stus.
2332 4724 2497 4777 Hisce
2528 4723 2686 4778 locos
2736 4724 2877 4779 Satii
2920 4728 2976 4778 et
3021 4725 3320 4778 Juvenalis
3354 4727 3564 4794 possis
3598 4727 3827 4794 addere,

2160 4802 2331 4851 notos
2361 4797 2668 4867 omnibus.
2721 4795 2844 4849 Non
2888 4794 3270 4867 pedrinde‘ille
3309 4793 3701 4861 Nazianzeni,
3733 4793 3829 4867 qui

2160 4866 2371 4921 Invecti
2404 4883 2530 4919 vam
2561 4883 2726 4920 suam
2756 4867 2812 4920 in
2848 4865 3120 4920 mulieres
3141 4864 3219 4919 ita
3243 4868 3523 4924 orditur:
3552 4892 3581 4918 ‹‹
3609 4864 3829 4929 Cavete,

2160 4957 2192 4993 o
2228 4937 2522 5005 mulieres,
2547 4955 2618 4992 ne
2650 4943 2827 5009 caput
2854 4943 3114 4991 vestrum
3149 4938 3345 4991 nothis
3378 4944 3441 4993 et
3475 4937 3830 4994 adulterinis

2160 5010 2442 5069 crinibus,
2474 5016 2754 5079 tanquam
2809 5010 3071 5063 turribus
3117 5009 3483 5079 quibusdam
3520 5012 3832 5073 muniatis,

2161 5080 2360 5135 mollia
2401 5080 2550 5133 colla
2601 5098 2630 5135 e
2680 5080 2941 5151 scapulis
2989 5080 3266 5135 deducate
3314 5088 3756 5147 ostentantes;
3808 5103 3832 5128 »ι

2158 5152 2514 5222 Scripsimus
2548 5168 2679 5206 vero
2722 5167 2937 5206 crucem
2978 5167 3089 5206 non
3128 5152 3392 5219 crucium,
3452 5156 3652 5209 secuti
3688 5169 3830 5209 mss.

2162 5224 2323 5296 Fuld.
2354 5228 2409 5277 et
2442 5230 2496 5296 li.
2536 5228 2569 5274 Β
2632 5229 2687 5277 et
2733 5222 2835 5276 lib.
2888 5223 2957 5277 ad
2996 5224 3277 5296 Nationes.
3310 5230 3664 5296 Suggestus
3708 5240 3837 5278 vero

2160 5295 2241 5349 illi
2303 5295 2625 5368 imaginum
2685 5300 2749 5347 ut
2783 5294 3067 5368 montalia
3098 5294 3622 5368 crucumegregie
3656 5314 3836 5368 appa-

2159 5370 2307 5431 rent,
2356 5366 2415 5419 in
2478 5382 2724 5421 nummo
2780 5366 2995 5419 Tiberii
3051 5381 3226 5434 quem
3278 5364 3554 5435 vulgavit
3606 5364 3839 5425 clatriss.

2156 5437 2481 5511 Seguinus._
2524 5437 2677 5511 inter
2741 5436 2930 5511 Select.
2992 5437 3152 5491 Num.
3216 5452 3270 5507 p.
3334 5438 3465 5511 169,
3531 5456 3843 5511 quemque

2159 5511 2353 5569 modo,
2387 5509 2483 5562 ubi
2517 5509 2587 5561 de
2618 5508 2815 5579 aquila
2868 5524 3057 5562 sermo
3104 5513 3229 5562 erat
3275 5508 3704 5567 exhibuimus.
3739 5508 3841 5566 Cui

2159 5579 2445 5637 simillimi
2505 5581 2641 5650 duo,
2687 5596 2938 5649 quorum
2996 5579 3141 5634 alter
3184 5580 3529 5637 Germanici
3587 5584 3845 5640 Cmsaris

2157 5658 2266 5718 est,
2293 5656 2609 5707 occurrunt
2650 5652 2801 5722 apud
2835 5652 3045 5706 illustr.
3100 5650 3319 5719 Spanli.
3368 5651 3439 5705 de
3499 5656 3618 5712 Ucu
3662 5664 3714 5711 σι
3749 5662 3837 5711 pr,

2158 5729 2320 5781 Num.
2358 5741 2412 5794 p.
2466 5726 2587 5777 120.
2636 5723 2755 5777 lmo
2787 5724 2858 5777 ab
2893 5723 2983 5776 his
3027 5724 3291 5777 diversus
3323 5725 3488 5794 apud
3526 5730 3842 5794 eumdem,

2158 5812 2217 5867 p.
2255 5795 2381 5865 558,
2415 5795 2474 5850 in
2504 5794 2743 5851 denario
2771 5795 2964 5867 gentis
2994 5794 3254 5850 Valeriis.
3292 5795 3433 5851 ΗΑν.
