4054 6174
234 312 319 376 423
1273 299 1863 367 APOLOGETICUS
1915 300 2099 363 ADV.
2146 299 2480 361 GENTES.

3460 300 3582 360 426

230 442 579 503 cantabrorum
602 439 785 511 ⁸³(73)
816 436 982 495 stolae
1026 452 1261 493 crucem
1291 438 1431 492 sunt
1454 435 1593 509 (74).
1629 434 1820 490 Laudo
1850 435 1906 502 Α
1938 450 2053 503 sas,
2085 433 2202 490 si“
2238 433 2408 503 forte,
2456 432 2876 506 deputabimur
2922 431 3080 502 (licet
3126 431 3309 487 solem
3357 448 3475 489 non
3520 432 3583 489 in

232 530 564 604 diligentiam,
617 528 892 585 noluistis
952 528 1142 583 nudas
1198 530 1257 582 et
1312 524 1569 581 incultas
1621 540 1822 579 cruces

1936 522 2117 578 linteo
2166 522 2465 595 depictum
2508 523 2619 595 (76)
2678 524 3014 592 adoremus)
3048 520 3329 578 habentes
3386 522 3585 595 ipsum

230 634 537 682 consecrare.
586 616 697 673 Alii
744 616 916 689 plane
972 616 1294 671 humanius
1340 619 1396 669 et
1442 612 1823 669 verisimilius
1934 613 2216 685 ubique“
2246 614 2304 667 in
2356 628 2462 668 suo
2514 611 2712 684 clypeo
2737 614 2869 685 (77).
2901 613 3161 684 Denique
3208 612 3347 669 inde
3390 614 3589 687 suspi-

228 710 374 769 b‘olem
412 708 659 764 credunt
706 706 880 763 deum
929 710 1197 762 nostrum
1225 705 1357 777 (75).
1392 704 1477 759 Ad
1509 704 1663 759 870
1689 703 1823 758 Per-

1935 704 2044 774 cio,
2068 704 2219 775 quod
2254 703 2576 759 innotuerit
2610 720 2717 759 nos
2757 706 2827 760 ad
2869 704 3125 760 Orientis
3154 704 3450 777 regionem
3473 706 3591 777 (78)

1597 801 1801 862 Variae
1844 800 2160 863 lectiones.

272 907 307 942 ⁸³
329 905 478 962 Rhea.
505 907 727 976 Sypara
752 901 856 959 illa
885 918 1008 959 vex.
1044 905 1101 958 et
1130 900 1644 971 eandelabrorum,
1675 904 1783 955 etc.
1861 900 1907 935 5‘
1935 899 2031 956 Sic
2059 902 2242 956 Paris.
2320 900 2364 935 ³⁸
2394 898 2608 972 Utique
2643 901 2695 957 V.
2732 900 2789 955 C.

1625 1000 2148 1063 Commentarius.

272 1103 360 1174 (73)
397 1101 812 1174 Cantabrorum.
876 1101 963 1156 Ita
1017 1102 1074 1155 et
1130 1098 1450 1174 Minucius,
1487 1102 1562 1174 _et
1616 1098 1827 1174 Noeter

216 1169 382 1233 rursus
434 1174 507 1229 ad
564 1173 866 1237 Nationes,
899 1187 1081 1243 quare
1137 1172 1355 1226 frustra
1413 1169 1649 1242 litigant
1694 1169 1824 1243 Viri

217 1248 354 1316 docti,
394 1246 673 1301 mutando
714 1242 796 1299 vel
846 1242 1167 1316 incendes
1203 1243 1557 1308 tabarorum,
1591 1242 1825 1316 ωερε-

218 1313 349 1392 liger,
373 1317 455 1372 vel
486 1316 882 1392 cautabrorum
913 1315 998 1370 vel
1029 1314 1509 1392 candelabrorurn,
1544 1313 1630 1392 vel
1664 1314 1827 1392 (alie:

211 1383 389 1455 rerum,
419 1394 481 1443 ut
512 1388 608 1443 alii
638 1394 695 1443 et
726 1390 886 1443 Barr.
924 1393 981 1442 et
1024 1387 1232 1455 Aldus,
1263 1403 1396 1441 cum
1429 1386 1603 1441 fuerit
1631 1383 1827 1440 vexilli

209 1479 379 1536 genus,
410 1462 583 1536 cujus
614 1459 871 1516 nominis
914 1459 1077 1536 origo
1108 1459 1307 1531 ignota
1336 1461 1446 1526 est,
1471 1474 1595 1528 quas
1627 1458 1827 1536 forsan

212 1528 266 1590 ad
307 1528 519 1599 Persas,
554 1533 849 1588 Romanos
877 1530 966 1585 vel
1008 1528 1300 1602 Hispanos
1346 1546 1461 1584 non
1496 1528 1828 1602 magisrc-

213 1607 319 1662 ferri
361 1609 570 1678 potest,
597 1621 814 1678 Aquam
853 1603 924 1657 ad
975 1601 1135 1675 ipsos
1184 1604 1373 1678 Afros,
1407 1601 1522 1678 qui
1552 1601 1829 1678 quoniam

215 1672 379 1734 multa
410 1672 561 1731 cum
594 1672 851 1731 Hebraeis
899 1672 1237 1729 communia
1283 1672 1564 1728 vocabula
1609 1674 1826 1727 habue-

1935 1098 2057 1155 beri
2109 1097 2446 1170 suspicatus
2498 1100 2589 1153 est
2632 1097 3020 1167 Hemelarius,
3066 1098 3165 1154 illo
3197 1098 3322 1155 scil.
3356 1099 3449 1157 cui
3496 1101 3587 1157 in-

1935 1170 2217 1227 scribitur
2246 1170 2577 1225 PANNONIE.
2610 1170 2751 1226 Hav.

2007 1243 2119 1313 (77)
2156 1243 2358 1316 Ubique
2387 1245 2446 1296 in
2473 1259 2571 1316 suo
2601 1242 2812 1314 clypeo.
2850 1242 3360 1316 Locusnotabilis,
3386 1260 3589 1316 quem-

1937 1330 2049 1385 que
2081 1331 2215 1370 cum
2251 1314 2469 1386 priores
2508 1313 2855 1385 interpretes
2888 1331 3001 1368 non
3045 1313 3492 1383 intellexissent,
3529 1316 3587 1373 la

1936 1386 2376 1459 Cerdaprimus
2417 1391 2572 1459 recte
2604 1403 2717 1440 non
2770 1386 2840 1440 ad
2896 1387 3123 1459 Persas,
3156 1388 3259 1442 sed
3303 1388 3375 1442 ad
3427 1389 3589 1459 ipsos

1937 1458 2302 1514 Christianos
2334 1458 2622 1529 pertinere
2655 1458 3095 1513 demonstravit.
3131 1458 3242 1514 Sed
3273 1463 3330 1514 et
3358 1476 3390 1514 a
3419 1458 3589 1517 nobis

1938 1528 2128 1584 lucem
2161 1528 2422 1600 accipere
2468 1546 2582 1584 non
2617 1530 3049 1599 dedignabitur.
3084 1534 3227 1585 Nam
3261 1530 3319 1584 in
3366 1530 3462 1587 illo
3496 1549 3589 1587 as-

1940 1601 2143 1656 sentiri
2191 1601 2550 1657 doctissimis
2582 1601 2720 1656 viris
2766 1602 2822 1655 la
2868 1603 3058 1656 Corde:
3089 1607 3146 1656 et
3175 1602 3424 1672 Rigaltio
3474 1620 3589 1659 non

1939 1689 2203 1745 possum,
2238 1675 2392 1744 quod
2437 1688 2539 1745 per
2567 1689 2734 1728 voces
2766 1675 2825 1727 in
2853 1672 3048 1745 clypeo
3076 1689 3195 1745 suo,
3221 1674 3417 1744 ipsum
3450 1674 3592 1732 solis

211 1756 339 1818 runt,
379 1763 570 1804 vocem
629 1748 967 1818 habuerunt
1024 1746 1223 1801 forsan
1282 1745 1551 1818 similem
1594 1746 1828 1800 Persico
1859 1751 1903 1815 Β
1936 1744 2159 1811 urbem,
2195 1748 2379 1818 quasi
2410 1744 2680 1816 clypeum
2731 1745 2852 1818 Dei,
2891 1744 2955 1799 ut
2981 1750 3144 1818 vocat
3173 1744 3337 1818 Ovid.
3372 1748 3586 1802 Metam.

210 1816 385 1877 Kanatb
416 1818 504 1875 vel
537 1819 711 1874 Hebr.
740 1817 963 1882 Kendes,
1000 1833 1247 1888 quaeque
1282 1816 1466 1887 magis
1497 1816 1654 1871 hisce
1684 1833 1824 1870 can-

209 1895 360 1949 tabris
387 1889 962 1964 appropinquaverit.
998 1890 1199 1944 Inveni
1240 1905 1472 1964 quoque
1504 1888 1659 1964 apud
1693 1905 1826 1964 pose

208 1962 602 2021 teriores‘i’nter
634 1962 979 2017 vexilliferos
1020 1962 1307 2016 recenseri
1337 1962 1733 2025 cantabrarz'os,
1765 1963 1829 2013 ut

207 2039 345 2091 docet
373 2052 459 2090 me
492 2034 662 2089 Dom.
697 2035 774 2089 du
805 2034 1016 2103 Gange,
1050 2048 1117 2087 ex
1149 2032 1186 2085 l.
1222 2049 1286 2097 ιι,
1321 2031 1376 2086 C.
1413 2032 1501 2086 Th.
1539 2033 1610 2086 de
1640 2030 1825 2086 Colle-

207 2108 545 2181 gist.Sypurq
565 2106 785 2181 passim
808 2105 1113 2181 editiones,
1135 2105 1233 2181 sed
1262 2114 1415 2158 recte
1578 2103 1829 2181 Sypharu

207 2122 785 2233 gmmgparagassxm
808 2122 1113 2171 editiones,
1135 2122 1233 2158 sea
1262 2122 1415 2158 reete
1436 2122 1560 2175 mg.
1578 2122 1829 2186 sypnaru

206 2186 257 2235 ut
281 2181 345 2235 Co
393 2221 404 2233 .
437 2178 547 2233 Ful
598 2220 610 2232 .
645 2182 702 2233 et
748 2176 1040 2249 Agobard.
1074 2176 1228 2248 quod
1278 2180 1336 2231 et
1384 2174 1509 2230 vult
1539 2175 1599 2230 L.
1634 2176 1695 2231 B.
1731 2174 1829 2230 ubi

207 2250 550 2390 s'i‘i’ii'szlile
599 2334 822 2374 crucum
859 2318 1006 2390 sunt.
1042 2317 1205 2390 Quod
1260 2316 1409 2390 belle
1467 2315 1831 2390 oculissese

206 2388 408 2450 exhibet
438 2394 496 2448 in
546 2391 806 2447 nummis
838 2388 1221 2460 quibusdam,
1254 2389 1351 2461 qui
1404 2389 1624 2460 passim
1672 2389 1829 2444 inve-

206 2467 296 2520 niri
341 2467 487 2521 inter
540 2462 939 2519 Arsehotanos
977 2465 1245 2531 possunt,
1295 2462 1540 2531 Augusti
1593 2477 1830 2529 aureus,

205 2537 285 2593 ubi
305 2534 745 2610 egregiecrucis
766 2538 1009 2610 apparet
1036 2533 1238 2610 figura,
1263 2535 1583 2610 Argenteus
1607 2536 1837 2610 Meuan-

202 2610 272 2676 tii,
293 2603 381 2664 ubi
411 2603 627 2681 aquila:
650 2603 1025 2681 ﬁgura—stolas
1048 2603 1269 2681 intexta
1289 2603 1667 2681 conspicitur.
1692 2606 1835 2681 Clonf

204 2682 388 2737 stantis
416 2676 563 2737 item
590 2676 904 2750 argenteus
932 2677 1125 2748 ipsam
1164 2676 1348 2750 labari
1383 2677 1483 2733 sed
1518 2676 1835 2732 Christiani

203 2760 248 2809 et
275 2770 428 2810 sacro
459 2749 706 2808 nomine
736 2749 1078 2822 insignitum
1112 2749 1369 2822 ostendit
1397 2750 1666 2822 formam.
1701 2750 1779 2804 Id.

263 2826 366 2897 (75)
408 2827 585 2897 Deum
636 2819 906 2897 nostras}.
966 2819 1232 2897 .luvenal.
1292 2821 1362 2876 de
1417 2821 1657 2888 Judaeis,
1692 2837 1837 2891 quos

210 2892 324 2952 cum
350 2892 706 2953 Christianis
738 2892 1154 2951 confundebat.

330 3002 471 3051 Nihil
502 3004 705 3066 praeter
733 3000 906 3050 nubes
936 3002 990 3049 et.
1018 2997 1138 3048 οωιὶ
1166 3009 1367 3047 numen
1398 2996 1643 3048 adorant.

207 3105 348 3190 Upde
374 3108 593 3190 l‘foster
644 3106 794 3190 infra
846 3120 973 3190 cap.
1006 3105 1120 3190 24‘:
1153 3126 1181 3155 «
1217 3102 1379 3159 Colat
1424 3102 1579 3190 alius
1627 3102 1834 3169 Deum,
1867 3123 1909 3190 ρ

203 3178 332 3235 alius
384 3181 619 3246 Jovem,
658 3178 810 3234 alius
867 3174 939 3231 ad
997 3174 1208 3231 coelum
1267 3175 1563 3247 supplices
1624 3191 1835 3231 manus

202 3252 427 3306 tendat:
480 3252 640 3307 alius
698 3251 769 3305 ad
831 3264 988 3303 aram
1051 3248 1208 3318 ﬁdei,
1242 3246 1415 3316 alius,
1449 3246 1498 3301 si
1558 3247 1667 3301 hoc
1721 3264 1835 3317 pu—

200 3326 338 3391 tatis,
395 3325 593 3380 nubes
660 3326 931 3376 numeret
986 3335 1183 3391 orans,
1244 3320 1394 3374 alius
1448 3318 1770 3374 lacunaria.
1805 3339 1835 3368 »

207 3399 327 3450 Har.

260 3466 363 3535 (76)
392 3467 455 3521 In
487 3467 669 3521 linteo
698 3460 1109 3535 depictum._De
1144 3460 1303 3535 cultu
1341 3459 1668 3535 solisuapud
1706 3464 1838 3515 Per-

202 3532 284 3592 sas
310 3532 497 3593 multa
527 3532 902 3606 interpretes,
925 3532 1140 3606 quibus
1170 3534 1351 3606 digna
1382 3532 1517 3606 addi
1548 3535 1687 3586 sunt
1712 3549 1836 3602 quae

201 3608 407 3681 collegit
435 3603 714 3681 ampliss.
738 3603 1074 3681 Bris_soni‘u_s
1105 3605 1164 3658 in
1197 3603 1392 3660 libello
1423 3605 1486 3659 de
1512 3606 1840 3681 [tegnePer-

202 3675 394 3747 eorum,
445 3675 569 3736 lib:
593 3696 654 3747 ιι,
687 3694 735 3733 ο.
773 3680 822 3732 1.
852 3677 959 3731 Pro
990 3676 1216 3731 diverso
1262 3692 1396 3731 vero
1439 3675 1599 3730 cultu
1647 3676 1835 3730 diver-

199 3768 286 3807 sus
312 3753 555 3808 habitus
593 3749 805 3818 depicti
836 3748 989 3804 Solis
1018 3753 1162 3812 erat,
1195 3749 1349 3818 quod
1382 3747 1543 3802 disco
1595 3763 1664 3801 ex
1713 3763 1838 3801 me-

200 3825 447 3895 morabili
481 3818 827 3895 locoiFlavii
856 3818 1115 3895 Vopiscii
1143 3820 1200 3895 i_n
1240 3822 1362 3895 Vita
1389 3820 1715 3895 Aurelium",
1746 3818 1840 3873 cui

195 3893 328 3951 inter
354 3896 471 3952 alia
514 3900 580 3951 et.
634 3894 742 3949 hoc
774 3890 1115 3964 prodigium
1139 3892 1336 3964 futuri
1386 3890 1617 3963 imperii
1666 3891 1840 3964 obve-

197 3966 337 4023 nisse
366 3969 649 4024 observat
682 3982 694 4019 :
721 3988 747 4015 ιι
774 3960 1072 4019 Datus—est
1101 3962 1151 4018 ei
1184 3960 1489 4033 praeterea;
1513 3978 1647 4017 cum
1680 3960 1841 4033 lega-

199 4040 280 4093 tus
306 4041 375 4095 ad
401 4044 616 4096 Persas
646 4037 812 4101 isset,
835 4036 1073 4108 clypeus
1094 4035 1286 4108 qualis
1308 4034 1456 4090 solet
1480 4034 1841 4108 imperatori-

196 4110 293 4165 bus
320 4112 446 4166 dari
480 4129 517 4166 a
551 4126 691 4181 rege
735 4106 1064 4181 Persarum,
1096 4106 1153 4181 in
1189 4124 1303 4178 quo
1355 4106 1689 4181 insculptus
1721 4114 1845 4160 erat

198 4182 277 4236 Sol
308 4200 371 4238 eo
402 4179 759 4252 habitufquo
781 4179 1081 4252 colebatur
1110 4179 1168 4231 in
1200 4180 1416 4248 templo
1438 4179 1498 4233 in
1524 4194 1636 4252 quo
1660 4181 1844 4252 mater

201 4254 312 4333 ejus
358 4255 559 4311 fuerat
608 4248 906 4333 sacerdos:
926 4276 947 4304 ι
982 4251 1184 4333 Itaque
1226 4252 1399 4333 verba
1450 4252 1508 4305 in
1546 4248 1723 4331 linteo
1752 4248 1843 4333 cle-

194 4320 407 4396 pi'clum,
438 4344 565 4382 non
614 4330 843 4380 tantum
875 4322 946 4379 de
984 4320 1209 4396 vexillis
1241 4322 1550 4396 Persarum
1601 4321 1841 4396 accipio,

199 4392 287 4450 sed
326 4392 400 4453 de
448 4397 914 4465 quibuscunque
963 4393 1183 4448 tabulis
1239 4399 1296 4448 et
1342 4392 1491 4465 lino,
1521 4392 1581 4447 in
1629 4393 1845 4465 quibus

197 4467 412 4524 Numen
445 4464 604 4525 illud
637 4464 934 4538 depictum
976 4466 1143 4538 intra,
1173 4464 1375 4535 templi
1407 4464 1499 4520 sui
1530 4464 1745 4538 mcenia
1772 4466 1844 4519 ab

193 4540 297 4621 illis
326 4541 663 4621 celabatur.
700 4536 867 4621 Apud
922 4536 1419 4619 Egyptioscerte
1452 4537 1614 4619 varia
1662 4538 1850 4592 forma

197 4610 279 4667 Sol
313 4612 701 4684 pingebatur,
725 4608 969 4684 infans,
1000 4608 1181 4684 puer,
1204 4608 1479 4684 juvenis,
1512 4608 1616 4684 vir,
1651 4625 1848 4684 senex,

1935 1834 2028 1891 xv,
2064 1818 2185 1891 192,
2216 1815 2543 1888 intelligit:
2577 1833 2714 1891 nam
2746 1815 2955 1871 cmlum
2990 1817 3081 1891 hic
3117 1816 3365 1888 intelligi
3397 1820 3587 1891 debet,

1936 1889 1993 1943 in
2027 1890 2197 1961 cujus
2234 1890 2384 1961 orbe
2435 1893 2642 1960 praeter
2679 1888 2879 1943 lunam
2929 1888 3247 1961 stellasque
3305 1888 3587 1961 minores,

1936 1960 2190 2031 insignis
2220 1960 2314 2015 Sol
2348 1962 2583 2033 eminet.
2619 1961 2780 2033 Quod
2815 1961 3008 2033 ipsum
3042 1960 3271 2025 caelum,
3306 1964 3473 2033 quasi
3506 1960 3589 2018 di-

1938 2033 2259 2105 midiasua
2287 2037 2444 2104 parte
2475 2031 2660 2105 clypei
2701 2032 3019 2105 imaginem
3051 2031 3338 2097 referens,
3363 2037 3587 2105 poetico

1939 2104 2184 2160 artiﬁcio
2214 2103 2414 2175 clypeo
2435 2103 2677 2161 Achillis
2709 2104 3046 2175 insculpens
3070 2103 3378 2173 Homerus,
3403 2107 3589 2163 solem

1938 2176 2115 2232 etiam
2140 2176 2302 2302 13360
2337 2193 2452 2231 non
2504 2175 2777 2247 neglexit.
2806 2177 3021 2233 Versus
3063 2178 3191 2247 ejus
3222 2183 3380 2246 sunt,
3418 2180 3489 2248 II,
3524 2185 3587 2250 Σ,

1938 2265 2109 2302 versu
2277 2265 2290 2302 :

1937 2265 2109 2304 versu
2140 2265 2243 2302 λιὸό
2277 2265 2290 2305 ζ

1940 2369 2152 2445 ξΕγ-μξν
2184 2367 2549 2445 γαῖαν-ἔτευξ’,
2585 2367 2634 2423 ἐν
2658 2365 3002 2445 β’μούρανὸνλ
3023 2366 3165 2445 ἰνᾲδὲ
3195 2369 3479 2430 θέλασσαν,

1941 2439 2152 2513 Ἠἑλεόν
2184 2439 2229 2495 ’ὲ’
2260 2439 2562 2513 ἀκάμαντᾷ,
2597 2439 2831 2510 σελήνηὺ
2859 2462 2917 2495 τε
2945 2440 3287 2513 πλήθουσαν,

1944 2514 2030 2569 Ἐν
2067 2510 2123 2567 δὲ
2151 2515 2217 2567 τὰ
2240 2510 2443 2585 τείρὲια
2472 2512 2644 2567 πάντα
2674 2514 2739 2567 τὰ
2767 2518 2883 2575 τοῖς
2930 2516 2975 2568 τ’
3027 2510 3248 2584 cupavo:
3276 2510 3593 2593 ’ἐστεφάνω-

3376 2589 3513 2660 [ται.

3397 2608 3513 2646 ται.

1944 2710 1981 2765 i.
2006 2726 2056 2765 e.
2077 2731 2105 2760 «
2121 2713 2194 2783 _In
2217 2725 2283 2765 eo
2306 2709 2541 2780 quidem
2559 2708 2749 2783 (scuto
2766 2708 3089 2779 Vulcanus)
3110 2714 3323 2767 terram
3348 2712 3592 2783 affinxit,

1945 2787 2001 2838 et
2031 2781 2266 2848 omium,
2298 2787 2354 2836 et
2385 2780 2573 2853 mare,
2590 2780 2891 2853 solemque
2937 2783 3320 2850 indefessum,
3356 2780 3592 2840 lunam-1

1946 2871 2056 2925 que
2088 2853 2342 2924 plenam,
2374 2852 2684 2924 sideraque
2733 2852 2952 2919 omnia,
2986 2855 3202 2925 quibus
3252 2855 3461 2911 coelum
3496 2873 3593 2911 co-

1947 2931 2219 2999 ronatum
2252 2930 2360 2999 est.
2393 2946 2417 2999 ξ
2444 2929 2510 2999 Εἰ
2540 2941 2666 2999 quae
2697 2932 3052 2996 sequuntur,
3086 2927 3145 2981 in
3175 2928 3589 2999 compendium

1946 2997 2188 3053 collecta
2216 2997 2289 3052 ab
2320 2995 2520 3052 Ovidio
2551 2995 2925 3065 Metamfxm,
2958 3015 3119 3054 versu
3153 3000 3255 3054 110
3287 3017 3300 3056 :

2100 3123 2205 3172 Nec
2234 3121 2452 3186 clypeus
2479 3123 2617 3172 vasti
2647 3121 2868 3172 caelatus
2896 3124 3127 3189 imagine
3157 3125 3364 3175 mundi.

1951 3249 2085 3330 Jam
2113 3248 2220 3330 tibi
2265 3248 2475 3330 cl‘gpei‘
2498 3247 2807 3330 vocabulo.
2829 3248 3326 3330 cmlum_o_courr_it
3355 3253 3414 3330 in
3446 3253 3597 3330 anti-

1948 3320 2250 3392 quissimis
2290 3319 2404 3395 illis
2436 3319 2616 3395 Ennii,
2639 3320 2905 3395 versibus
2938 3337 3005 3395 ex
3034 3323 3323 3393 Iphigenia
3364 3325 3593 3395 Euripi:

1946 3396 2058 3462 dis,
2079 3410 2226 3463 quos
2258 3392 2495 3462 reliquit
2526 3392 2697 3448 nobis
2727 3392 3120 3450 latinissimus
3149 3398 3298 3452 Varo
3330 3396 3386 3451 in
3420 3392 3599 3453 medii

1947 3466 2063 3521 fere
2092 3466 2192 3521 lib.
2225 3480 2301 3535 vx,
2335 3464 2406 3519 de
2437 3464 2497 3518 L.
2534 3465 2595 3518 L.
2632 3481 2646 3519 :

2288 3587 2423 3647 Quid
2460 3587 2601 3638 nocti
2632 3587 2868 3639 videtur!
2905 3588 2967 3638 In
2998 3589 3226 3641 altisono

2287 3650 2416 3716 Quali
2447 3651 2635 3714 clupeo
2664 3656 2807 3702 temo
2842 3657 3059 3716 superat

2292 3712 2499 3770 Stellae,
2530 3712 2723 3773 cogens
2754 3712 2979 3763 sublime
3016 3716 3174 3765 etiam

2287 3776 2461 3838 Atque
2503 3774 2659 3823 etiam
2692 3776 2861 3823 noctis
2891 3777 3005 3824 iter.

2020 3923 2089 3935 -
2122 3892 2219 3946 Hic
2262 3890 2502 3946 multam
2546 3894 2758 3946 noctem
2803 3894 3090 3949 ostendere
3136 3895 3253 3950 vult
3294 3913 3328 3950 α
3366 3898 3596 3953 temonis

1950 3969 2123 4031 motu,
2156 3964 2349 4036 inquit
2399 3963 2599 4036 Varro.
2635 3964 2820 4036 Quare
2869 3966 3228 4036 suspiciendi
3260 3968 3503 4022 veniunt
3536 3970 3592 4024 hi

1951 4040 2066 4110 duo
2100 4034 2325 4110 nummi
2357 4035 2585 4110 Trajani
2617 4040 2672 4089 et
2698 4034 3007 4110 Alexandri
3060 4038 3503 4110 Imperatorem,
3534 4040 3594 4094 in

1953 4109 2167 4182 quibus
2186 4106 2360 4182 Solet
2393 4107 2548 4182 Luna
2570 4123 2716 4182 cum
2736 4107 3043 4182 duodecim
3071 4106 3297 4165 Zoiliaci
3330 4111 3515 4182 signis
3536 4112 3596 4165 in

1953 4178 2151 4252 clypeo
2174 4178 2341 4249 quasi
2372 4178 2497 4253 eceli
2530 4179 2813 4253 insculpti
2841 4187 3143 4252 apparent.
3168 4178 3428 4253 Denique
3461 4182 3599 4238 hino

1956 4250 2132 4324 patet,
2158 4268 2277 4325 non
2298 4251 2508 4325 utique,
2540 4252 2693 4325 quod
2721 4250 2848 4325 vult
2881 4250 3275 4321 Wouwerius,
3303 4250 3600 4325 sequitur-

1956 4322 2069 4395 que
2098 4325 2171 4397 in_
2187 4322 2444 4397 editione
2475 4340 2583 4377 sua
2615 4322 2923 4397 Rigaltius,
2952 4326 3051 4380 sed
3081 4327 3277 4397 ubique
3308 4322 3601 4397 quomodo

1958 4393 2089 4450 cum
2124 4393 2221 4450 alii
2254 4394 2550 4469 Mss._tum
2589 4393 2757 4469 etiam
2808 4398 3091 4469 Agobard.
3126 4393 3374 4469 exhibet,
3405 4399 3605 4469 legen-

1883 4502 1925 4565 D
1959 4465 2470 4565 dumfs‘se.9eia,
2496 4466 2685 4565 inquit
2709 4467 3050 4548 Septimius,
3076 4486 3190 4565 nou
3224 4468 3390 4553 illum
3423 4465 3608 4565 agilem

1959 4541 2016 4594 in
2049 4538 2274 4613 tabella
2297 4537 2495 4613 aliqua
2526 4538 2882 4613 suspicimus
2933 4558 3109 4595 manu
3157 4539 3412 4613 hominis
3444 4543 3613 4613 depi-

1961 4616 2145 4676 ctum,
2178 4610 2277 4665 sed
2313 4609 2506 4679 ipsum
2543 4610 2639 4664 Dei
2673 4610 2945 4683 digitum,
2981 4613 3036 4667 in
3072 4629 3178 4669 suo
3209 4612 3357 4680 loco,
3392 4620 3449 4669 et
3478 4609 3613 4669 ubi-

194 4690 249 4736 ut
295 4680 880 4758 notat__Macrobius,
904 4680 1012 4758 lib.
1047 4697 1086 4746 ι,
1119 4680 1239 4758 Set.
1272 4697 1433 4758 xviii.
1469 4681 1647 4758 Cujus
1664 4683 1852 4758 _ve_rba
1962 4697 2077 4758 que
2108 4686 2418 4758 terrarum,
2454 4680 3003 4758 quoniam'ubique
3034 4686 3207 4742 lucet.
3239 4690 3358 4741 Imo
3391 4687 3615 4758 ubique,

196 4760 321 4809 sunt
353 4773 367 4809 :
394 4778 423 4804 ‹‹
460 4755 567 4810 Has
615 4759 809 4808 autem
849 4757 1082 4806 aetatum
1117 4752 1487 4807 diversitates
1538 4753 1608 4807 ad
1660 4752 1851 4807 Solem

1963 4751 2231 4824 inquam,
2279 4751 2592 4822 legendum
2644 4759 2753 4817 est,
2789 4751 2941 4825 quod
2993 4756 3121 4827 ipsa
3174 4759 3406 4813 Luciani
3440 4751 3617 4815 verba

193 4826 556 4888 referuntur,
592 4831 655 4879 ut
687 4823 969 4895 parvulus
1000 4823 1262 4878 videatur
1311 4822 1551 4896 hiemali
1603 4824 1856 4879 solstitio
1966 4822 2173 4881 docere
2205 4828 2687 4896 possunt;_quem
2723 4822 2959 4896 quidem
2992 4822 3093 4892 ego
3125 4830 3481 4896 deprehendi
3515 4831 3619 4885 mi-

194 4899 420 4968 qualem
482 4897 738 4968 Egypti
783 4895 1086 4968 proferunt
1140 4911 1207 4968 ex
1255 4895 1436 4968 adyto
1495 4895 1588 4949 die
1643 4901 1855 4968 certa:

197 4964 343 5040 quod
374 4976 527 5025 tunc
570 4964 936 5023 brevissimo
967 4967 1062 5021 die
1092 4964 1269 5040 veluti
1303 4982 1516 5040 parvus
1559 4970 1616 5020 et
1665 4967 1860 5040 infans

786 5038 1497 5121 autemhprocedentibus
1530 5038 1863 5121 augmentis
1972 5038 2159 5115 Syria,
2193 5058 2250 5112 p.
2282 5040 2408 5108 904,
2439 5038 2591 5096 hanc
2641 5042 2928 5098 rationem
2968 5038 3447 5121 reddit,__cur__ih_i
3496 5046 3626 5121 aliis

198 5114 555 5187 aequinoctio
580 5110 799 5187 vernali
832 5110 1102 5187 similiter
1131 5112 1301 5187 atque
1327 5110 1719 5187 adolescentis
1750 5110 1867 5164 adi-

195 5182 447 5259 piscitur
488 5186 677 5254 vires,
729 5184 1035 5259 figuraque
1085 5182 1319 5259 juvenis
1365 5186 1627 5259 ornatur.
1659 5183 1869 5259 Postea

195 5252 482 5315 statuitur
515 5252 825 5329 ejus'mta’s
857 5252 1201 5325 plenissima
1232 5254 1423 5324 efﬁgie
1444 5253 1649 5329 barba
1678 5253 1867 5329 solsti-

193 5041 459 5098 videatur
496 5059 511 5097 :
552 5041 764 5095 exinde
796 5044 993 5094 autem

1968 4894 2232 4953 rabiliter
2259 4894 2549 4971 Septimio
2574 4894 2768 4971 nostro
2813 4899 2897 4971 in,
2921 4902 3125 4956 multis
3159 4894 3469 4971 placuisse,
3504 4904 3621 4957 im-

1970 4972 2245 5042 pietatem
2276 4966 2347 5043 et;
2362 4966 2760 5043 blasphemiae
2782 4970 3045 5027 excludo.
3073 4966 3391 5043 Illeitaque
3414 4966 3479 5030 de
3510 4980 3627 5029 Dea.

3128 5116 3251 5172 Diis
3282 5118 3556 5191 efﬁgiatis

2051 5256 2163 5326 (78)
2195 5254 2273 5310 Ad
2303 5258 2535 5311 orientis
2564 5258 2862 5327 regionem,
2896 5260 3098 5314 Exstat
3127 5262 3195 5315 de
3224 5262 3333 5319 hoc
3366 5263 3481 5318 ritu
3514 5264 3634 5319 sin-

196 5331 269 5386 tio
300 5330 514 5387 aestivo
537 5326 563 5398 ;'
595 5343 710 5404 qu_o
738 5331 1003 5404 tempore
1032 5341 1343 5404 summum
1367 5326 1459 5381 sui
1490 5326 1874 5404 consequitur
1981 5328 2204 5404 gularis
2234 5327 2551 5399 disputatio
2582 5326 2705 5386 Jac.
2725 5331 3021 5386 Thomasii
3053 5332 3251 5404 Lipsiae.
3281 5336 3442 5392 edita
3474 5337 3632 5391 1670.

197 5397 628 5486 augmentum;
658 5397 880 5486 [deinde
922 5415 1027 5486 per
1047 5397 1489 5486 deminutiones
1505 5397 1747 5486 (dierum
1778 5414 1871 5453 ve-

200 5470 302 5531 luti
361 5470 719 5531 senescenti
778 5476 986 5539 quarta
1043 5470 1232 5525 forma
1287 5470 1442 5526 Deus
1501 5471 1869 5541 figuratur,»

199 5546 303 5602 Sed
335 5552 395 5602 et
430 5550 689 5599 Pazones
719 5541 910 5597 Solem
955 5541 1153 5614 colere
1170 5542 1461 5597 Maximus
1490 5540 1697 5614 Tyrius
1729 5540 1877 5598 scri-

1982 5400 2296 5476 Yiderique
2334 5405 2581 5476 possunt
2610 5406 2849 5459 Cosmas
2892 5400 3314 5476 Indopléustes,
3336 5427 3393 5463 v.

3424 5409 3632 5480 p.202.

1985 5471 2299 5544 Menardus
2356 5478 2414 5527 et
2467 5472 2588 5544 alii,

2648 5492 2795 5545 quos
2852 5476 2993 5530 citat
3046 5478 3100 5532 J.
3153 5480 3279 5537 ΛΠ).
3330 5476 3636 5535 Fabricius

1991 5543 2255 5621 Bibliogr.
2280 5544 2499 5615 Antiqu.
2527 5543 2806 5621 pag—361.
2836 5549 2998 5609 Quod
3026 5565 3158 5606 vero
3186 5553 3428 5621 gentiles
3458 5549 3636 5621 etiam

202 5618 299 5687 bit,
333 5622 496 5675 erat.
534 5615 636 5683 38,
668 5613 933 5688 Solisque
982 5612 1381 5688 simulacrum
1399 5612 1551 5688 apud
1582 5614 1713 5688 illos
1752 5629 1882 5667 esse
1990 5616 2061 5669 ad
2092 5615 2297 5688 cmlum
2343 5612 2733 5688 suspeierint.
2763 5623 2819 5673 et
2848 5620 3131 5675 orientem
3162 5612 3362 5677 versus
3417 5619 3637 5688 precati

199 5685 438 5747 discum
474 5688 727 5759 brevem
756 5685 988 5759 pertica
1020 5703 1205 5759 supra,
1227 5685 1585 5759 longissimae
1618 5686 1881 5759 affixuum.

1995 5687 2401 5765 l'ruerint,cui_n
2436 5688 2762 5765 aliirnulti,
2794 5698 2918 5748 tum
2953 5694 3156 5750 docere
3188 5698 3372 5765 potest
3400 5692 3641 5765 Kippin-

204 5764 367 5833 Quod
410 5760 635 5836 ipsum
682 5757 1023 5832 iu'Trajani
1054 5757 1212 5816 Decii
1243 5757 1417 5817 aureo
1444 5774 1690 5817 nummo
1719 5757 1886 5817 exhi-
1996 5759 2151 5834 gius,
2183 5777 2240 5833 p.
2275 5761 2377 5817 178
2404 5765 2462 5819 et
2494 5763 2613 5819 188.
2646 5757 2785 5819 HAv.

490 5888 771 5947 Panos.
818 5884 869 5947 Ι.

3284 5891 3359 5948 14
