4054 6174
219 571 313 613 cum
345 547 605 624 ejusmodi
652 547 1041 621 inscriptione
1071 565 1085 605 :
1119 560 1268 604 usus
1317 562 1784 604 CHRISTIANORUM
1813 547 1869 615 Α

215 656 458 702 ososoxrss
477 638 519 672 ⁵⁸
550 638 686 710 (85).

263 731 442 789 87318
461 734 582 784 erat
603 727 847 785 auribus
866 726 1050 783 asinis
1072 726 1185 800 (86)
1212 724 1391 782 altere
1420 725 1566 798 pede
1598 742 1792 798 ungu-

1246 411 1833 476 APOLOGETlCUS
1880 414 2068 476 ADV.
2110 414 2447 479 GENTES.

3426 416 3551 475 430

1895 546 2054 605 latus
2085 549 2427 621 (8’7)librum
2450 552 2710 623 gestans,
2728 554 2783 607 et
2805 553 3062 624 togatus.
3087 547 3348 605 Risimus
3369 551 3427 606 et
3447 565 3555 606 no-

1904 655 2039 694 men
2070 643 2125 694 et
2155 638 2426 695 formam.
2445 640 2553 696 Sed
2583 639 2669 694 illi
2701 640 2990 697 debebant
3011 641 3055 675 5°
3086 640 3328 696 adorare
3350 639 3553 696 statim

1903 728 2150 784 biforme
2184 746 2401 785 numen
2424 730 2491 797 ⁸ο,
2526 729 2664 801 quia
2697 733 2755 785 et
2800 728 3009 785 canino
3040 730 3195 785 374
3237 733 3293 785 et
3320 728 3553 786 leonino

1561 855 1765 916 Varia:
1808 855 2124 918 lectiones.

259 970 487 1029 I“Rhea,
515 966 673 1031 Her.,
704 968 1019 1037 Gangneus
1054 980 1066 1019 :
1102 962 1533 1035 Ononychites;
1569 963 1737 1037 codd.
1770 962 1933 1037 Bong

1819 1036 2197 1107 On'oehoitis';
2250 1038 2377 1111 Rig.
2439 1056 2452 1095 :
2505 1038 2903 1106 Onochoetes;
2955 1038 3095 1094 Hav.
3151 1053 3165 1092 :
3219 1036 3543 1094 Onokoitis.

208 1040 529 1099 siteszcodd.
579 1038 789 1110 Agob.,
838 1035 968 1093 Put.
1007 1038 1173 1093 Fuld.
1224 1044 1281 1091 et
1328 1037 1505 1110 Lugd.
1559 1035 1707 1090 alter
1755 1051 1768 1090 :

204 1116 236 1151 ⁸⁸
254 1114 535 1171 Debuerant
565 1109 803 1166 Hdverc.
882 1111 927 1146 ⁸ο
956 1113 1181 1165 Nomen
1214 1109 1397 1163 Paris.

1938 1006 1950 1019 .
1984 970 2039 1020 et
2076 967 2232 1038 Lugd
2270 982 2282 1021 :
2318 966 2740 1034 Onochotasis;
2792 966 2920 1021 cod.
2972 964 3163 1021 Vatic.
3198 962 3548 1038 :_Onochor-

1580 1207 2099 1269 Commentarius.

200 1318 542 1376 necessitatem
592 1314 893 1387 pugnandi
934 1312 1357 1387 Acummhestiis,
1391 1311 1547 1367 inter
1589 1311 1790 1387 noxios

196 1394 282 1447 illis
298 1408 393 1446 non
409 1385 905 1452 addictum—tamen
933 1385 1123 1440 lucelli
1154 1385 1495 1455 cupiditate,
1524 1385 1789 1439 mercede

199 1468 344 1535 pacta,
370 1462 483 1533 ipse
507 1476 577 1535 se
606 1460 845 1535 lanistis
862 1458 1201 1535 tradiderat.
1236 1456 1498 1535 Pugnam
1530 1455 1786 1535 cumbe-

196 1526 294 1591 stiis
317 1526 429 1589 vero
473 1531 771 1599 eleganter
820 1528 1259 1584 frustrationem
1310 1529 1473 1591 dicit,
1502 1526 1785 1599 quoniam

194 1606 385 1662 audacis
435 1598 591 1659 illius
643 1604 788 1657 artis
836 1601 1090 1656 maxima
1138 1616 1272 1671 pars
1329 1600 1455 1654 erat
1497 1598 1783 1671 impetum

193 1679 454 1732 bestiarum
514 1675 769 1729 eludere.
818 1673 1033 1742 Noxiis,
1083 1669 1220 1727 Cod.
1271 1671 1561 1742 Agobard.
1612 1669 1783 1741 quasi

192 1751 242 1804 ad
266 1755 442 1821 gentes
483 1748 792 1820 pertineat,
825 1761 975 1816 quos
1019 1746 1215 1799 noxios
1245 1749 1424 1810 vocet,
1459 1742 1615 1812 quod
1667 1757 1782 1796 non

223 1820 316 1875 uto.
344 1820 471 1875 HAV.

193 1839 316 1891 puto.
344 1839 471 1875 mw.

242 1894 331 1963 (85)
382 1893 514 1946 Deus
585 1888 1027 1944 Christianorum
1097 1884 1398 1963 Onokoites.
1454 1886 1779 1963 Monstrum

186 1956 265 2016 hoc
289 1956 423 2018 varie
442 1963 848 2016 deformarunt
869 1962 1135 2013 monstra
1153 1958 1486 2011 lectionum.
1516 1956 1781 2013 Nonnul-

187 2034 233 2087 le
254 2036 506 2089 editiones
542 2033 890 2098 onochoistis,
923 2030 1075 2100 quod
1123 2028 1381 2098 Baptista
1412 2027 1545 2082 Pius
1576 2043 1780 2081 emen-

187 2078 700 2176 όίιιξῖιιῖἧιίῆἦιᾶἠίιες
722 2078 1068 2176 ιιρΐοιξῷἶιιιε,
1091 2078 1507 2176 placruitqueid
1537 2100 1776 2166 Barrsso,
1810 2078 1857 2143 Β

184 2171 385 2232 Parnelio
424 2171 695 2247 aliisque.
746 2173 1079 2228 Hariolatur
1108 2178 1319 2247 tamen
1351 2171 1543 2247 adhuc
1573 2186 1780 2247 onony:

183 2250 351 2313 choitis,
379 2249 444 2302 ab
495 2240 686 2316 asino,
738 2261 935 2316 ungue
981 2252 1037 2299 et
1087 2260 1226 2299 aure
1275 2243 1358 2316 sic
1403 2243 1650 2316 dictum,
1692 2240 1779 2296 vel

183 2320 529 2391 anonyeholtis
569 2313 782 2391 Adnot.
828 2313 1231 2391 Post._Ac._19.
1274 2313 1492 2391 Junius
1542 2329 1612 2368 ex
1650 2329 1776 2391 _m_s.

179 2384 321 2446 Vatic.
352 2390 567 2446 mavult
596 2390 953 2446 Onocorsites.
990 2385 1240 2455 Denique
1273 2385 1570 2456 Rigaltius
1601 2384 1783 2439 edidit

185 2463 289 2517 Deus
316 2464 756 2518 Christianorum
772 2461 1119 2518 Onochoetes.
1139 2461 1331 2524 Iserat,
1365 2464 1473 2512 etc.
1498 2458 1603 2519 Qui
1635 2472 1780 2526 quo-

176 2549 262 2603 que
280 2535 327 2588 in
350 2536 493 2590 notis
511 2535 777 2588 onocoztis
795 2530 1041 2601 explicat
1059 2530 1225 2599 quasi
1246 2546 1315 2583 ex
1334 2530 1498 2584 asino
1520 2533 1575 2582 et
1598 2528 1782 2603 homi-

177 2599 229 2676 ne
248 2613 594 2676 conceptum,
614 2605 851 2676 optime.
871 2599 1085 2676 itaque
1104 2603 1161 2655 in
1180 2606 1400 2676 textum
1428 2599 1776 2676 recepimus.

178 2675 285 2731 Vult
308 2670 449 2733 enim
482 2670 1175 2731 illam-lectionem—clare
1205 2689 1316 2727 ms.
1354 2672 1535 2743 Lugd.
1563 2675 1682 2725 Bat.
1718 2670 1775 2724 in

170 2763 263 2823 quo
287 2749 385 2820 legi
423 2749 824 2823 Onochoittssis
852 2749 968 2801 erat
992 2761 1012 2805 ,·
1060 2749 1116 2799 et
1167 2744 1363 2823 Anldin.
1395 2744 1453 2823 in
1489 2759 1602 2823 quo
1631 2744 1777 2823 φηρ-

170 2815 479 2891 έὴοἱιίεὶναι,
512 2824 584 2874 ut
611 2826 670 2873 et
698 2819 824 2888 ipse
868 2822 1151 2889 praestari
1183 2815 1685 2891 CodexAAgobard.
1719 2815 1776 2867 in

172 2906 277 2968 quo
310 2886 838 2968 clare'Onochoilis.
869 2886 947 2968 ’ῃ
1000 2886 1615 2968 erat._.etc.._Denique
1664 2901 1775 2939 ms.

170 2963 300 3016 Fuld.
331 2964 425 3016 oui
475 2963 634 3016 male
680 2968 875 3016 tamen
910 2963 990 3013 ita
1037 2963 1350 3016 distinguit
1381 2974 1395 3012 :
1428 2974 1573 3013 usus
1613 2972 1778 3011 cam-

170 2975 300 3016 t'ulrl.
331 2981 425 3033 qui
475 2975 634 3018 male
680 2975 875 3016 tamen
910 2975 990 3013 ita
1037 2975 1350 3085 σιειιιιὲιιιῑ
1381 2975 1395 3012 :
1428 2975 1573 3013 usus
1613 2975 1777 3011 cam-

169 3048 454 3091 smxonum
487 3034 816 3091 Onochoites
851 3036 910 3086 in
938 3040 1076 3087 erat.
1130 3030 1214 3085 Un
1262 3048 1291 3085 e
1320 3032 1552 3099 putaret
1581 3029 1777 3083 forsan

168 3105 277 3173 quis
302 3124 489 3164 vocem
525 3106 854 3163 Onochoites
881 3121 996 3159 non
1031 3103 1317 3174 pertinere
1338 3102 1410 3156 ad
1443 3100 1776 3174 inscriptio-

164 3172 268 3230 nem
289 3178 464 3249 ipsam
490 3196 519 3231 a
548 3172 1159 3249 scurrainditam,sed
1182 3190 1310 3228 esse
1332 3172 1773 3249 explicationem

165 3243 466 3321 quam'ipse
514 3248 921 3321 Tertullianus
971 3247 1275 3316 adjungat,
1317 3261 1445 3299 eam
1495 3243 1773 3321 quoniam

158 3315 313 3376 Grece
354 3315 467 3378 uno
517 3320 805 3377 vocabulo
853 3323 985 3390 apte
1031 3315 1430 3390 expresserat,
1459 3318 1531 3371 ob
1586 3315 1774 3371 Latini

161 3394 409 3465 sermonis
437 3399 766 3465 egestatem
797 3388 1066 3465 pluribus
1098 3388 1575 3465 circumscribere
1611 3402 1774 3441 coac-

161 3466 253 3529 tns,
281 3464 381 3521 nisi
413 3460 550 3521 mox
588 3460 846 3531 adderet,
870 3463 1111 3519 Risimus
1134 3465 1185 3517 et
1212 3476 1406 3515 nomen
1439 3468 1489 3515 et
1506 3460 1774 3532 formem.

160 3532 375 3592 Verbum
408 3542 615 3593 tamen
641 3530 927 3602 6vaott'qc;
952 3534 1100 3603 quod
1138 3532 1376 3597 Latinis,
1402 3535 1465 3584 ut
1487 3530 1613 3585 mos
1636 3530 1775 3603 olim

160 3604 607 3679 descriptoribus,
680 3601 1229 3679 reprznsentabatur,
1304 3619 1601 3679 nusquam
1662 3601 1773 3679 illo

158 3674 478 3751 sensu-apud
535 3674 773 3751 Graecos
822 3678 1139 3751 scriptores
1172 3674 1545 3751 inveniasut
1579 3675 1776 3751 fmtum

156 3764 210 3801 ex
234 3744 381 3805 asino
412 3759 469 3807 et
502 3752 625 3806 alio
658 3749 899 3806 animali
930 3744 1276 3819 conceptum
1310 3749 1488 3819 notet,
1524 3745 1621 3819 sed
1658 3744 1781 3819 qui-

158 3820 262 3875 dem
306 3825 796 3879 concumbentem
839 3822 1024 3888 asino,
1069 3816 1133 3874 ut
1178 3816 1515 3887 παρακοίτης
1566 3816 1782 3870 dicitur

154 3891 232 3960 qui
275 3895 427 3949 uxori
481 3911 616 3950 suae
665 3892 1020 3962 concumbit,
1064 3896 1119 3947 et
1166 3887 1388 3956 ἀκοίτης
1438 3888 1520 3941 vel
1573 3888 1780 3962 ἄκοιτις

155 3958 256 4031 qua:
283 3968 485 4022 marito
512 3967 674 4020 latus
704 3966 867 4037 tegit,
897 3958 1324 4037 sed'invenitur
1359 3967 1553 4015 tamen
1592 3958 1781 4037 simile

155 4030 279 4113 apud
322 4030 860 4113 Lxxglnterpretes,
893 4037 1181 4113 quinvoce
1225 4031 1422 4113 xolrnc
1448 4048 1550 4101 pro
1600 4030 1780 4113 prole,

153 4102 333 4177 saepius
364 4111 456 4165 usi
492 4128 564 4164 su
581 4102 667 4175 nt;
694 4109 846 4164 unde
876 4102 1125 4177 eiplicat
1149 4105 1386 4177 Grotius
1414 4103 1599 4177 locum
1629 4102 1783 4177 Bauli

157 4166 551 4242 ad'Romanos.
611 4166 667 4236 οξ
712 4198 792 4237 1x.
838 4166 1005 4236 versu
1058 4179 1125 4232 iO
1156 4194 1169 4233 ε
1204 4172 1380 4230 Ἀλλὰ
1408 4174 1493 4227 καὶ
1536 4166 1787 4225 Ῥεϐέκκα

154 4242 346 4326 {sese
418 4251 594 4326 κοίτη
665 4247 869 4326 ἔχουσα
938 4249 1115 4326 Ἰσᾳὰκ
1179 4247 1276 4299 τοῦ
1325 4246 1560 4326 πατρὸς..
1592 4246 1784 4326 ﬁlatim.

151 4320 236 4382 Qui
266 4324 383 4394 ipse
413 4317 595 4380 locus
626 4317 889 4394 nondum
917 4322 1062 4377 satis
1093 4317 1603 4394 perspectusmihi
1637 4318 1786 4394 vide:

154 4395 231 4466 tur
256 4411 266 4446 :
289 4391 445 4452 illud
475 4396 641 4453 enim
687 4393 736 4466 ἐξ
770 4394 885 4455 ἑνὸς
917 4410 1029 4447 non
1086 4391 1269 4466 refero
1302 4392 1369 4444 ad
1405 4394 1694 4466 Isaacum,
1726 4391 1792 4442 ut

150 4462 202 4536 tit
226 4468 459 4536 passim,
516 4462 851 4524 absurdum
886 4466 1043 4519 enim
1094 4465 1152 4518 in
1187 4468 1305 4536 tam
1340 4466 1502 4536 casta
1546 4462 1790 4536 conjuge

152 4533 379 4594 Rebecca
428 4533 814 4622 peregrinam
842 4552 1034 4620 .opem
1085 4534 1365 4622 cogitare,
1398 4534 1495 4587 sed
1551 4533 1621 4622 ad
1654 4548 1791 4622 con-

151 4620 392 4685 gressum
431 4606 806 4685 maritalem,
840 4606 1033 4679 ipsum
1085 4606 1502 4685 concubitum_;
1531 4608 1610 4685 _et
1641 4608 1794 4685 certe

152 4675 263 4755 inde
304 4689 570 4755 augetur
610 4683 702 4736 vis
749 4675 1277 4755 aggumentationis
1326 4675 1654 4755 apostolicis
1696 4675 1794 4744 qui

156 4749 215 4803 de
239 4746 417 4809 sterili
453 4756 754 4810 hactenus
786 4746 1042 4807 Rebecca
1073 4766 1273 4821 agens,
1306 4746 1470 4802 nutat
1491 4746 1651 4801 illam
1680 4761 1797 4800 uno

153 4836 447 4895 congressu
476 4824 774 4898 gemellos
805 4824 863 4898 in
898 4827 1059 4898 utero
1080 4814 1450 4898 concepisse,
1471 4823 1545 4898 ut
1565 4832 1796 4872 omnem
1833 4814 1876 4877 D

150 4891 684 4964 supérfoatationem
727 4894 1013 4958 excludat,
1063 4894 1133 4949 de
1166 4891 1286 4964 qua
1330 4891 1451 4962 agit
1482 4891 1796 4964 Hippocra-

151 4961 295 5020 tesin
328 4968 485 5024 libro
519 4970 600 5023 de
634 4969 801 5024 Diam.
838 4970 1098 5037 etquam
1152 4961 1512 5037 medicorum
1547 4961 1648 5037 filii
1696 4977 1796 5037 no:

148 5043 298 5110 mut;
348 5042 472 5097 imo
509 5039 708 5096 multo
755 5034 956 5110 magis
992 5043 1056 5091 ut
1104 5034 1702 5110 ostendat‘Jacobum
1747 5036 1803 5085 et

147 5109 338 5167 Esaum
368 5131 493 5169 uno
534 5116 704 5167 utero
749 5106 1117 5181 progressos,
1144 5125 1270 5181 uno
1302 5106 1623 5176 eodemque
1654 5109 1799 5181 tem-

148 5194 267 5248 pore
296 5189 633 5256 conceptos
665 5187 719 5236 et
747 5177 957 5256 editos,
980 5178 1437 5256 dissimillimam
1464 5182 1657 5256 tamen
1694 5177 1805 5231 foro

147 5256 331 5328 tunam
394 5250 566 5328 apud
630 5256 804 5310 Deum
855 5251 1168 5308 invenisse.
1227 5251 1382 5328 Adeo
1428 5250 1802 5328 verissimum

150 5321 273 5379 illud
340 5321 537 5383 Persii
606 5333 694 5382 est
746 5342 889 5383 sano
947 5341 1121 5380 sensu
1192 5325 1492 5395 receptum
1549 5324 1669 5376 Sat.
1726 5336 1803 5384 v1,

150 5410 299 5453 versu
334 5399 403 5454 18
438 5417 454 5455 :
1654 5432 1657 5437 η

331 2964 425 3033 qui
475 2962 634 3018 male
680 2968 875 3016 tamen
910 2962 990 3013 ita
1037 2958 1217 3033 dis_t_in

777 5503 1026 5555 Geminos
1054 5501 1353 5563 horoscope
1382 5512 1511 5549 varo

224 5564 488 5617 Producis
526 5566 717 5630 genio.

153 5713 419 5775 Pmterea
457 5734 579 5772 vox
635 5715 813 5770 Ἰσαὰκ
854 5734 968 5772 non
1003 5715 1304 5771 referenda
1350 5715 1439 5769 est
1484 5711 1554 5767 ad
1588 5709 1637 5780 ἐξ
1670 5708 1810 5777 ἐνὸς,

152 5790 235 5844 sed
293 5793 370 5849 ad
444 5782 738 5853 Ῥεϐέκκα,
803 5794 867 5843 ut
931 5790 1012 5843 ita
1076 5803 1308 5857 comma
1372 5787 1627 5857 ponatur
1680 5789 1813 5841 ante

154 5858 337 5935 Ἱσαὲικ,
389 5862 588 5935 quasi
645 5850 794 5918 esset
837 5860 1122 5932 scriptum
1168 5850 1445 5927 Ῥεϐέκκα,
1491 5854 1669 5910 Ἰσαὰκ
1718 5858 1813 5910 τοῦ

1899 1313 2092 1385 πατρὶς
2139 1315 2300 1385 ἡμῶν
2348 1310 2400 1382 ἐξ
2455 1312 2570 1374 ἐνὸς
2616 1313 2803 1381 κοίτην
2857 1308 3079 1388 ἔχουσα.
3113 1313 3151 1368 ἱ.
3207 1330 3257 1369 e.
3310 1315 3544 1372 Rebecca

1898 1402 2044 1441 uxor
2071 1389 2253 1456 patris
2283 1388 2457 1441 nostri
2485 1391 2640 1442 Isaac
2686 1404 2756 1443 ex
2784 1405 2898 1442 una
2927 1388 3306 1457 congressione
3335 1388 3548 1454 prolem

1896 1457 2099 1528 [quam
2133 1459 2330 1513 binam
2364 1457 2563 1513 laudat
2594 1460 2649 1512 in
2682 1459 3083 1530 sequentibus]
3125 1475 3250 1530 eum
3278 1458 3548 1529 suscepis-

1894 1538 1991 1583 set.
2027 1530 2191 1600 Hunc
2221 1530 2419 1599 itaque
2463 1531 2646 1584 Deum
2699 1533 2897 1585 fictum
2928 1546 2997 1585 ex
3048 1529 3250 1584 habitu
3284 1530 3545 1600 corporis

1896 1603 2063 1671 quasi
2126 1599 2407 1668 ὀνοκοίτην
2462 1602 2759 1656 denotavit
2808 1618 3013 1656 scurra
3066 1602 3331 1667 Judaeus,
3381 1599 3543 1671 turpi

1938 1672 2061 1727 uasi
2091 1675 2315 1728 moecha
2349 1680 2718 1744 prognatum,
2747 1675 2941 1743 qualis
2973 1672 3157 1728 ferina
3184 1673 3363 1729 libido
3385 1674 3540 1744 apud

1890 1688 2061 1799 quasi
2091 1688 2315 1728 mmcna
2349 1688 2718 1744 prognatum,
2747 1688 2904 1743 quau

1932 1744 2255 1815 uvenalem,
2288 1747 2405 1800 Sat.
2438 1762 2516 1813 v1,
2548 1762 2718 1801 versu
2750 1746 2856 1799 330
2890 1762 2904 1801 :

1984 1889 2038 1939 Si
2068 1888 2203 1937 nihil
2232 1893 2327 1952 est,
2359 1889 2527 1938 servis
2556 1890 2864 1947 incurritur,
2897 1888 3174 1952 abstuleris
3203 1900 3351 1952 spem

1983 1952 2286 2009 Servorum,
2317 1954 2494 2001 veniet
2520 1952 2816 2001 conductus
2843 1952 3110 2015 aquarius,
3134 1951 3301 2015 hic'si

1983 2014 2332 2078 Qumritur,et
2345 2016 2539 2078 desunt
2552 2015 2832 2067 homines:
2864 2013 3039 2063 moras
3055 2014 3201 2063 nulla
3231 2027 3327 2078 per
3342 2013 3534 2078 ipsam,

1979 2077 2093 2135 Quo
2123 2079 2302 2126 minus
2329 2077 2579 2140 imposito
2611 2078 2819 2127 clunem
2850 2078 3128 2127 submittat
3156 2077 3337 2127 asello.

1890 2209 2029 2264 Tale
2061 2209 2199 2281 quid
2232 2210 2291 2264 in
2324 2209 2640 2282 Pasiphaes
2662 2209 2860 2266 fabula
2889 2211 2959 2267 ad
2993 2210 3187 2266 vivum
3219 2226 3535 2282 repraesen-

1890 2286 2009 2336 tata
2044 2290 2333 2352 spectasse
2366 2299 2541 2337 ausos
2586 2282 2983 2337 Romanorum
3032 2283 3253 2349 oculos,
3286 2283 3396 2337 sub
3426 2282 3537 2336 im-

1934 2354 2227 2408 urissimis
2259 2354 2468 2409 belluis
2517 2358 2741 2409 Nerone
2769 2360 2825 2409 et
2870 2354 3222 2420 Domitiano,
3274 2362 3537 2409 auctores

1930 2430 2124 2480 ueton.
2159 2442 2285 2495 cap.
2322 2427 2407 2491 12,
2443 2425 2688 2480 Martial.
2722 2442 2762 2494 ι,
2788 2428 2842 2479 5.
2878 2426 3018 2481 ΗΑν.

1963 2498 2076 2568 (86)
2103 2498 2336 2553 Auribus
2365 2497 2617 2552 asininis.
2658 2497 2819 2553 Unde
2839 2502 3127 2555 Petronus
3156 2497 3215 2551 in
3249 2496 3539 2570 epigram-

1892 2575 2047 2623 mate
2082 2586 2094 2622 :

2043 2701 2260 2750 Judtsus
2287 2701 2411 2750 licet
2440 2704 2493 2751 et
2520 2700 2801 2764 porcinum
2832 2714 3053 2761 numen,
3084 2700 3286 2761 adoret,

2042 2765 2106 2814 Et
2134 2764 2239 2813 cilli
2268 2778 2503 2813 summas
2532 2764 2757 2813 advocet
2786 2764 3056 2813 auriculas

1890 2895 1975 2946 Ita
2003 2890 2335 2946 emendavit
2379 2889 2640 2946 Pithoeus
2689 2907 2791 2961 pro
2838 2890 2962 2944 coeli
2990 2885 3185 2950 κιλλὸς
3218 2884 3342 2951 ὄνος
3379 2891 3534 2961 apud

1889 2962 2264 3035 ilesychium.
2295 2962 2601 3035 Hominem
2624 2963 2741 3017 fere
2774 2962 2950 3017 talem
2984 2962 3263 3018 describit
3293 2962 3534 3020 Martia-

1886 3034 1960 3090 lis
1991 3033 2185 3106 Epigr.
2217 3050 2293 3101 γι,
2322 3033 2392 3088 39
2426 3049 2439 3088 :

2045 3166 2196 3230 Hunc
2221 3179 2347 3230 vero
2382 3168 2537 3215 acuto
2567 3166 2756 3227 capite,
2790 3170 2842 3216 et
2873 3166 3092 3216 auribus
3117 3165 3309 3230 longis,

2042 3228 2170 3286 Quae
2200 3229 2275 3277 sic
2306 3233 2605 3290 moventur,
2642 3234 2696 3279 ut
2726 3230 2903 3279 solent
2934 3228 3237 3289 asellorum,

2042 3292 2170 3349 Quis
2197 3292 2453 3340 morionis
2482 3291 2648 3341 ﬁlium
2674 3297 2832 3355 negot
2858 3293 3073 3342 Gurthae
3097 3293 3123 3339 ?

1887 3424 2034 3474 Sunt
2064 3419 2325 3492 insignes
2373 3421 2488 3493 duo
2539 3420 2649 3476 loci
2695 3422 2847 3493 apud
2898 3421 3543 3493 Epiphanium,_contm

1894 3488 2259 3561 Gnosticos'l.
2312 3509 2349 3561 1,
2401 3492 2605 3561 hzeres.
2654 3488 2960 3561 ἳὸἶνψασῖ-
2998 3488 3054 3547 δὲ
3090 3493 3181 3547 τὸν
3225 3488 3455 3557 Σαϐαὼθ
3487 3494 3539 3547 οἱ

1894 3562 2013 3640 μὲν,
2046 3557 2173 3640 ὅνμου
2199 3557 2424 3640 pepedi”
2457 3559 2641 3640 ἔχειν,
2678 3564 2729 3617 οἱ
2877 3564 3172 3640 χοίρᾳυκὶ.
3206 3582 3255 3621 e.
3286 3588 3319 3640 ῃ
3354 3571 3537 3622 Deum

1887 3635 2137 3707 Sabaoth
2162 3636 2258 3689 alii
2279 3635 2425 3689 asini
2449 3635 2718 3698 formam,
2739 3637 2835 3692 alii
2856 3635 3010 3707 porci
3031 3638 3246 3694 habere
3267 3638 3488 3693 dicunt.
3507 3661 3538 3689 ››

1997 3706 2169 3778 paulo
2219 3713 2350 3784 post
2399 3708 2804 3784 :_'Ex_to'5'coo
2860 3706 2967 3782 γάρ
3026 3729 3150 3784 φαοίι
3206 3708 3297 3763 τὸν
3352 3715 3532 3784 Ζαχα-

1891 3775 2194 3853 ρξαιῑλθὶοη
2220 3775 2264 3832 i.
2294 3795 2348 3853 e.
2384 3801 2411 3828 «
2444 3780 2524 3853 Ex
2573 3779 2678 3833 hac
2708 3775 3073 3853 enim'caus'a
3123 3782 3401 3852 inquiunt
3429 3775 3532 3838 Za-

1893 3849 2153 3905 chariam
2185 3851 2438 3905 occisum
2473 3852 2530 3905 in
2563 3852 2804 3922 templo,
2833 3858 3110 3915 quoniam
3144 3849 3422 3909 visionem
3455 3854 3534 3908 vi-

1891 3923 1996 3989 dit,
2039 3928 2097 3977 et
2145 3938 2213 3976 ex
2261 3924 2469 3977 timore
2515 3923 2716 3977 volens
2765 3940 2999 3979 narrare
3056 3924 3361 3993 visionem,
3412 3926 3531 3981 oris

1895 3993 2607 4068 obturationempertulit.
2632 3994 2791 4068 Vidit
2815 3997 3367 4068 enim,inquiunt,in
3390 3998 3534 4051 hora

1891 4066 2151 4131 sufﬁtus,
2186 4064 2479 4121 hominem
2528 4067 2839 4135 quemdam
2892 4064 3168 4136 stantem,
3219 4064 3370 4124 asini
3420 4068 3537 4123 for-

1894 4154 2048 4210 mam
2090 4138 2427 4210 habentem,
2458 4142 2513 4210 et
2544 4155 2677 4193 cum
2724 4156 2996 4210 egressus
3040 4144 3218 4207 esset,
3251 4158 3316 4196 ac
3347 4139 3539 4195 dicere

1894 4207 2065 4264 vellet
2098 4227 2110 4264 :
2144 4208 2239 4262 Vsa
2270 4209 2435 4265 vobis
2462 4208 2473 4263 !
2509 4226 2681 4280 quem
2706 4207 2998 4267 adoratis!
3032 4213 3324 4268 obturavit
3354 4213 3541 4280 ipsius

1897 4298 1962 4335 os
1996 4280 2091 4334 ille
2137 4279 2236 4350 qui
2286 4281 2446 4355 visus
2476 4279 2563 4336 est
2611 4282 2681 4337 ab
2733 4284 2859 4354 ipso
2908 4285 2967 4339 in
3017 4282 3254 4355 templo,
3291 4288 3353 4340 ut
3378 4279 3544 4354 loqui

1900 4370 2013 4435 non
2050 4355 2262 4435 posset.
2299 4352 2442 4435 Cum
2476 4370 2609 4435 vero
2654 4352 2907 4435 aperiret
2935 4372 3015 4435 os_
3042 4352 3227 4435 suum
3253 4361 3317 4435 ut
3344 4352 3545 4427 loque-

1900 4430 2080 4551 Eatur,
2116 4430 2255 4479 tunc
2294 4425 2569 4480 revelavit
2598 4425 2762 4496 ipsis,
2796 4431 2853 4482 et
2900 4427 3237 4484 occiderunt
3266 4425 3483 4501 ipsum.
3521 4449 3543 4476 ιι

1951 4512 2039 4551 av.

1951 4512 2039 4551 AV.

1973 4566 2335 4642 (87)-Altero_
2374 4566 2879 4642 pede_ungulatus.
2939 4570 3052 4625 Cur
3102 4587 3218 4625 non
3278 4574 3550 4642 utroque,

1907 4642 2080 4710 prout
2108 4638 2166 4691 in
2214 4638 2541 4693 auriculis?
2574 4638 2882 4695 misturam
2928 4642 3178 4698 hominis
3228 4643 3384 4698 enim
3414 4638 3554 4698 celi-'-

1908 4726 2089 4838 Iquum
2121 4725 2335 4781 corpus
2358 4712 2562 4765 docere
2582 4713 2787 4782 potuit.
2816 4720 2899 4766 An
2925 4715 3178 4785 respexit
3200 4715 3561 4786 Empusami‘

1955 4781 2038 4836 uit
2055 4781 2207 4836 enim
2232 4786 2530 4838 spectrum
2551 4783 2789 4838 Hecates
2809 4786 3147 4838 meridianae
3170 4786 3280 4838 hoc
3299 4787 3558 4838 nomine.

1955 4781 2038 4836 uit
2055 4781 2207 4836 enim
2232 4786 2530 4853 spectrum
2551 4783 2789 4839 Hecates
2809 4781 3147 4841 meridianae
3170 4786 3280 4841 hoc
3299 4781 3558 4853 nomine,

1910 4854 2088 4908 altero
2122 4853 2263 4923 pede
2295 4858 2359 4907 ut
2390 4853 2564 4909 homo
2598 4856 3090 4923 incedens,altero
3110 4862 3176 4912 ut
3207 4859 3431 4914 asinus.
3464 4863 3566 4911 Do-

1911 4930 2042 4980 cent
2088 4924 2479 4981 Philostratus
2530 4926 2632 4982 lib.
2682 4944 2743 4981 IlI
2792 4934 2848 4981 et
2878 4944 2953 4996 xv,
3010 4931 3083 4985 De
3138 4930 3253 4985 Vita
3295 4928 3569 4996 Apollonii

1912 4998 2180 5068 Tyana’i;
2232 4997 2586 5070 Scholiastcs
2639 4998 2929 5070 Apollonii
2982 5001 3188 5056 Rhodii
3240 5003 3312 5058 ad
3334 4997 3444 5057 lib.
3478 5018 3564 5066 ιιι,

1913 5069 2232 5142 Argonaut;
2266 5070 2440 5123 etiam
2495 5068 2914 5142 Aristophanes
2962 5072 3019 5127 in
3064 5074 3252 5140 Ranis,
3286 5074 3383 5129 ubi
3415 5073 3567 5128 Xan-

1914 5141 2053 5194 thus
2102 5145 2157 5193 ct
2208 5142 2479 5216 Bacchus
2511 5144 2588 5216 ad
2641 5141 2857 5216 inferos
2913 5143 3302 5216 descendunt,
3352 5151 3478 5201 Act.
3523 5145 3568 5216 Ι,

1916 5228 2075 5287 scen.
2105 5229 2163 5266 v1
2199 5230 2211 5267 :
2248 5211 2344 5287 Kal.
2388 5210 2687 5287 βόλίθινονῗ
2719 5213 2961 5287 θάτερον,
2996 5217 3033 5271 i.
3067 5234 3117 5273 e.
3169 5210 3414 5273 alterum
3441 5210 3569 5272 crus

1916 5285 2203 5360 asinium;
2240 5285 2339 5360 ubi
2371 5285 2956 5360 doctusScholiastes
2989 5294 3285 5360 spectrum
3313 5290 3457 5345 illud
3480 5307 3576 5346 ex-

1918 5355 2145 5435 plicans
2175 5356 2310 5435 i_n_de
2350 5358 2712 5435 vocari__dicit
2745 5355 3048 5435 6V'5xo)_)_ko‘f,
3145 5377 3195 5417 e.
3231 5363 3401 5435 altera
3442 5362 3574 5435 pede

1919 5429 2160 5503 asinum.
2194 5428 2349 5503 Idem
2384 5429 2736 5503 Scholiastes
2769 5431 3020 5503 appellat
3062 5430 3383 5488 ὀνοσκελίδα
3412 5428 3575 5489 c'rure

1919 5501 2139 5588 asinino
2170 5500 2237 5553 ad
2272 5499 2634 5586 Concionatr:
2669 5519 2785 5560 non
2806 5499 2820 5503 ⁷
2844 5499 3080 5588 longas
3111 5507 3252 5588 fine.-
3278 5504 3573 5588 Ipsamil-

1920 5570 2038 5652 lam
2073 5576 2387 5652 Empusam
2430 5574 2736 5652 c0nspic_or
2770 5593 2845 5652 ex
2868 5570 3574 5652 ﬁr‘istophanisdescri‘p-

1920 5643 2081 5697 tione
2137 5643 2292 5699 inter
2340 5643 2605 5715 gemmas
2651 5646 2806 5703 Gorl.
2861 5648 3009 5703 Daet.
3064 5643 3207 5705 t'om.
3262 5649 3330 5717 ΙΙ,
3384 5664 3439 5700 n.
3487 5643 3579 5717 lit,

1922 5730 2125 5787 quam,
2174 5720 2236 5787 ut
2285 5721 2449 5787 puto,
2498 5717 2784 5775 hactenus
2829 5720 2935 5775 viri
2982 5720 3132 5777 docti
3181 5719 3261 5774 ibi
3312 5716 3577 5773 denotari

1922 5804 2038 5843 non
2069 5785 2501 5845 intelleierunt.
2535 5790 2676 5846 Hav.
