4054 6174
263 348 371 407 449

1368 343 1962 406 ΑΡΟιΟςῖΕΤΙΟΠΞ
2008 345 2186 407 ADV.
2236 345 2564 405 GENTES.

3553 352 3673 413 450

261 477 541 553 portentis
572 477 932 534 naturalium
966 477 1154 533 forma
1181 476 1477 545 turbatur,
1496 474 1911 549 providenter‘
1938 479 1993 547 Α
2023 478 2282 533 daeorum
2330 476 2742 533 instrumentis
2786 479 3006 533 sectam
3055 477 3227 535 istam
3277 495 3408 537 esse
3449 480 3673 538 sufﬁci-

260 570 472 641 scripta
525 573 687 623 sunt.
740 568 891 624 Dum
942 567 1224 640 patimur,
1274 566 1590 637 leguntur;
1644 567 1783 621 dum
1818 582 1912 621 re-

260 659 687 731 cognoscimus,
741 658 1081 729 probantur.
1128 656 1431 722 Idoneum,
1480 656 1706 726 opinor,
1740 655 1911 711 testi-

261 749 519 805 monium
551 747 879 803 divinitatis
909 748 1123 803 veritas
1145 747 1165 781 ⁵
1197 744 1598 800 divinationis.
1628 745 1775 801 Hinc
1796 745 1911 818 igi-

256 844 347 895 tur
378 838 541 909 apud
574 854 680 892 nos
706 837 1037 893 futurorum
1062 851 1296 908 quoque
1320 835 1464 889 fides
1496 837 1625 889 tuta
1655 836 1910 905 est,jam

257 929 482 985 scilicet
512 926 915 1000 probatorum,
963 925 1103 999 quia
1134 941 1267 981 cum
1298 923 1439 994 illis,
1492 940 1617 995 quas
1648 924 1912 995 quotidie

257 1018 602 1090 probantur,
640 1014 1129 1087 praedicebantur.
1184 1014 1399 1069 Eadem
1426 1013 1447 1048 ⁶
1476 1028 1647 1068 voces
1676 1015 1909 1081 sonant,

256 1108 460 1162 eadem
492 1104 701 1159 littera
734 1108 959 1171 notant,
993 1103 1148 1158 idem
1196 1101 1443 1174 spiritus
1476 1100 1691 1172 pulsat,
1727 1118 1911 1157 unum

254 1201 494 1266 tempus
526 1197 618 1250 est
648 1191 994 1249 divinationi
1023 1192 1220 1247 futura
1243 1190 1509 1263 praefanti
1539 1192 1694 1261 apud
1724 1190 1910 1245 homi-

252 1300 375 1352 nes,
405 1284 456 1339 si
492 1283 641 1338 forte
671 1280 1054 1351 distinguitur
1087 1281 1228 1334 dum
1262 1279 1639 1351 expungitur,
1672 1279 1812 1334 dum
1844 1296 1913 1335 ex

251 1374 492 1429 futuro”
545 1387 826 1443 prazsens,
859 1369 1071 1425 dehinc
1114 1384 1183 1423 ex
1230 1367 1503 1440 praesenti
1548 1368 1908 1439 praeteritum

251 1464 593 1533 deputatur.
630 1459 777 1527 Quid
809 1458 1235 1530 delinquimus,
1258 1474 1357 1512 oro
1390 1473 1511 1525 vos,
1546 1458 1741 1512 futura
1762 1474 1909 1529 quo-

251 1568 362 1624 que
415 1551 746 1616 credentes,
791 1549 891 1620 qui
928 1550 1055 1620 jam
1104 1546 1424 1603 didicimus
1455 1545 1571 1602 illis
1621 1563 1723 1619 per
1763 1548 1911 1604 duos

250 1642 474 1715 gradus
507 1639 741 1695 credere
762 1639 790 1693 ‘t

876 1707 1107 1764 CAPUT
1144 1708 1287 1763 XXI.

248 1805 690 1859 Ancumsurum.
719 1829 787 1839 —-
817 1802 933 1855 Hoc
964 1798 1179 1867 insigni
1207 1798 1388 1867 capite
1407 1798 1738 1869 plenissima
1774 1812 1907 1865 pro-

311 1854 569 1945 pinatur
594 1872 827 1938 Christi,
881 1854 991 1945 Dei
1029 1854 1183 1945 Filii,
1218 1854 1473 1945 historia,
1504 1872 1621 1941 qui,
1649 1854 1814 1941 prout
1843 1869 1914 1924 ad
1943 1854 1991 1920 Β

315 1942 559 2000 salutem
590 1945 911 1998 animarum
958 1942 1107 1998 debet
1149 1943 1413 2013 cognosci,
1449 1942 1555 1997 late
1601 1950 1651 1997 et
1688 1956 1912 1997 nervose

318 2016 675 2072 describitur.
708 2014 1038 2073 Ostenditur
1082 2016 1333 2080 interim,
1366 2014 1497 2083 quid
1538 2013 1744 2070 Judaei:
1789 2029 1910 2068 eoe-

315 2091 491 2156 nerit,
523 2086 654 2141 dum
686 2087 745 2141 in
774 2086 875 2140 illo
914 2085 1066 2140 892
1096 2085 1246 2141 verbi
1289 2087 1470 2140 divini
1501 2086 1912 2156 implementum

315 2174 625 2229 agnoscere
644 2158 926 2213 noluerint
959 2174 977 2211 :
1005 2158 1159 2217 cuius
1173 2172 1309 2229 sane
1322 2157 1618 2211 divinitate
1632 2161 1908 2228 percepta,

313 2228 489 2303 falsae
546 2231 810 2300 religioni
861 2232 1189 2303 renuntiare
1220 2228 1397 2303 decet,
1451 2243 1579 2284 cum
1625 2231 1792 2303 etiam
1843 2229 1911 2282 ab

316 2301 459 2375 ipsis
489 2302 755 2375 mulignis
783 2301 1097 2375 spiritibus,
1130 2301 1326 2373 quibus
1375 2302 1630 2375 imperat,
1664 2301 1910 2356 testimo-

314 2372 486 2431 nium
516 2372 829 2444 aliquando
860 2372 1267 2441 potentissima?
1294 2374 1503 2442 exigat.

312 2466 407 2519 21.
462 2463 573 2518 Sed
627 2461 902 2533 quoniam
957 2461 1274 2526 edidimus,
1323 2460 1758 2532 antiquissimis
1807 2459 1910 2515 Ju-

2022 571 2165 637 tam,
2200 583 2377 638 quam
2428 566 2723 637 aliquanto
2775 566 3063 622 novellam
3100 569 3231 639 (67),
3285 574 3349 625 ut
3377 570 3671 627 Tiberiani

2023 656 2383 728 temporibus
2417 658 2548 728 (68),
2586 655 2860 728 pleraque
2890 658 3107 728 sciunt,
3130 660 3539 729 proﬁtentibus
3574 678 3674 717 no-

2021 745 2112 801 bis
2134 747 2154 779 ⁹
2184 762 2418 817 quoque
2448 746 2556 817 (69)
2585 763 2598 813 ;
2629 746 2874 800 fortasse
2898 763 2969 800 an
3004 746 3111 801 hoc
3145 748 3380 804 nomine
3413 750 3481 805 de
3510 755 3670 807 statu

2020 835 2149 905 ejus
2197 839 2544 890 retractetur
2587 834 2698 905 (70)
2747 834 2917 907 quasi
2968 836 3078 891 sub
3129 836 3471 894 umbraculo
3526 839 3670 895 insi-

2021 924 2321 997 gnissimae
2352 923 2674 996 religionis,
2707 929 2861 979 certe
2906 922 3076 979 licitae
3102 925 3141 995 θ,
3174 924 3393 997 aliquid
3428 928 3673 999 propriis

2023 1014 2497 1086 prtssumptionis
2529 1013 2874 1083 abscondat,
2905 1012 2994 1068 vel
3026 1013 3167 1085 quia
3196 1019 3405 1086 praeter
3446 1020 3675 1073 aetatem

2024 1119 2212 1175 neque
2244 1104 2315 1157 de
2344 1101 2530 1157 victus
2563 1102 3021 1173 exceptionibus,
3073 1119 3263 1174 neque
3294 1106 3365 1159 de
3392 1104 3677 1162 solemni-

2020 1192 2243 1247 tatibus
2275 1193 2527 1258 dierum,
2563 1207 2751 1263 neque
2793 1190 2865 1246 de
2895 1192 3023 1263 ipso
3058 1192 3359 1263 signaculo
3392 1197 3675 1267 corporis,

2021 1306 2212 1361 neque
2244 1290 2313 1345 de
2358 1289 2651 1345 consortio
2700 1289 2958 1344 nominis
3006 1306 3138 1345 cum
3168 1291 3387 1348 Judaeis
3419 1294 3675 1367 agimus,

2021 1380 2175 1451 quod
2226 1379 2428 1451 utique
2476 1382 2787 1450 oporteret,
2822 1378 2871 1434 si
2922 1378 3110 1434 eidem
3142 1380 3258 1436 Deo
3311 1384 3677 1455 mancipare-

2020 1468 2202 1523 mur?
2233 1469 2339 1523 Sed
2372 1474 2426 1522 et
2465 1467 2675 1539 vulgus
2699 1469 2822 1537 jam
2873 1468 2984 1522 scit
3016 1468 3340 1537 Christum,
3375 1472 3672 1530 hominem

2021 1558 2223 1628 utique
2254 1555 2534 1626 aliquem,
2583 1554 2811 1626 qualem
2861 1556 3511 1628 Judmijudicaverunt,
3558 1580 3674 1634 quo

2020 1645 2252 1701 facilius
2301 1644 2434 1715 quis
2477 1660 2581 1699 nos
2608 1644 2651 1680 ιο
2700 1645 2812 1715 (71)
2862 1644 3123 1702 hominis
3169 1646 3424 1706 cultores
3471 1652 3672 1707 existi-

2020 1735 2266 1791 maverit
2288 1737 2354 1787 ¹¹.
2388 1732 2602 1789 Verum
2651 1749 2840 1805 neque
2870 1735 2940 1790 de
2972 1735 3199 1792 Christo
3244 1740 3672 1813 erubescimus,

2019 1840 2150 1879 cum
2201 1824 2353 1878 393
2395 1823 2503 1878 sub
2538 1822 2775 1878 nomine
2822 1826 2949 1895 ejus
3000 1826 3265 1897 deputari
3298 1832 3355 1883 et
3402 1830 3673 1887 damnari

2015 1915 2202 1985 juvat,
2236 1929 2426 1984 neque
2471 1912 2541 1967 de
2590 1917 2704 1968 Deo
2735 1912 2904 1968 aliter
2934 1917 3370 1985 prmumimus.
3424 1919 3673 1977 Necesse

2020 2007 2109 2058 est
2142 2000 2319 2073 igitur
2365 2017 2550 2072 pauca
2582 2000 2626 2037 ¹²
2657 2000 2923 2057 dicamus
2973 2003 3042 2058 de
3082 2003 3313 2060 Christo
3362 2012 3428 2061 ut
3462 2008 3572 2064 Deo
3608 2010 3671 2065 ¹⁹.

2018 2100 2272 2156 Tantum
2303 2099 2523 2154 Judazis
2557 2104 2680 2154 erat
2708 2100 2861 2170 apud
2895 2100 3077 2155 Deum
3128 2102 3338 2174 gratia,
3370 2104 3466 2160 ubi
3499 2110 3555 2161 et
3584 2106 3675 2163 in-

2021 2188 2206 2261 signis
2241 2187 2477 2259 justitia
2524 2193 2579 2243 et
2630 2187 2771 2243 ﬁdes
2824 2190 2867 2222 ”
2915 2191 3292 2261 originalium
3342 2199 3672 2265 auctorum,

2022 2280 2177 2334 unde
2210 2278 2325 2335 illis
2356 2284 2412 2334 et
2442 2278 2673 2350 generis
2723 2281 3068 2352 magnitudo
3118 2288 3176 2338 et
3208 2285 3369 2356 regni
3402 2286 3673 2342 sublimi-

2020 2372 2111 2423 tas
2144 2367 2341 2422 ﬂoruit
2391 2367 2504 2438 (72)
2536 2372 2591 2423 et
2637 2374 2801 2423 tanta
2845 2370 3111 2436 felicitas,
3163 2377 3226 2427 ut
3274 2375 3369 2429 Dei
3405 2376 3669 2447 vocibus,

2022 2458 2239 2529 quibus
2267 2456 2681 2525 edocebantur,
2716 2458 2785 2512 de
2839 2462 3225 2529 promerendo
3277 2467 3408 2532 Deo,
3462 2468 3519 2520 et
3556 2482 3671 2521 non

1686 2587 1889 2648 Variae
1923 2585 2240 2647 lectiones.

316 2700 337 2732 ‘
374 2694 761 2753 Providentiae
807 2696 1037 2750 Semler.
1133 2694 1153 2727 ⁸
1190 2692 1504 2749 Veritatem
1548 2695 1730 2749 Paris.

246 2772 265 2805 '
290 2774 465 2825 Certe
499 2768 750 2823 licentiae
779 2769 949 2823 Fran.
1028 2766 1073 2803 ¹⁰
1103 2765 1173 2821 Ut
1206 2783 1240 2838 q

1825 2694 1845 2727 ⁶
1876 2692 2101 2747 Eisdem
2153 2692 2353 2746 eadem
2402 2695 2539 2748 Jun.

1246 2783 1352 2821 uos
1385 2768 1605 2821 (lavere.
1638 2768 1727 2842 _“
1763 2765 1985 2842 Qui—1
2000 2763 2466 2842 existimaverint
2505 2762 2616 2842 alii
2649 2764 2791 2842 Jun._
2861 2766 2913 2842 ‘2_
2943 2767 3058 2842 l’oc.
3091 2767 3340 2824 dicamus
3370 2775 3671 2842 recepimus

2634 2693 2653 2726 ⁷
2689 2692 2904 2748 Futura
2949 2695 3133 2751 Paris.
3226 2697 3245 2730 ⁸
3278 2698 3455 2755 Vobis
3503 2701 3671 2755 Fran.

245 2843 581 2899 auctoritate
605 2839 725 2895 cod.
759 2839 915 2894 Fuld.
996 2838 1040 2873 ¹³
1071 2838 1142 2895 Ut
1171 2834 1241 2895 de
1271 2843 1385 2895 Deo
1417 2843 1605 2893 totum
1632 2838 1795 2893 Fran.
1876 2839 1919 2872 ¹¹ι
1954 2837 2068 2906 Rig.
2102 2840 2154 2891 et
2184 2837 2315 2890 Ηαυ.
2350 2835 2421 2891 ob
2453 2834 2744 2907 insignem
2767 2835 3061 2907 justitiam
3092 2844 3149 2895 et
3185 2842 3383 2911 ﬁdem,
3415 2834 3524 2898 etc.

1694 2952 2215 3017 Commentarius.

244 3065 439 3123 bravit
469 3063 597 3119 beo
626 3062 823 3119 omnia
851 3060 1095 3134 pulchre
1124 3065 1374 3134 Prosper
1402 3062 1728 3133 Aquitanus
1760 3060 1908 3117 libro

244 3138 604 3209 Epigramm.
638 3152 658 3189 :

328 3244 459 3293 Non
487 3241 635 3291 idem
665 3243 833 3290 status
867 3242 948 3289 est
974 3239 1131 3301 agris,
1164 3252 1273 3289 non
1310 3240 1532 3290 urbibus
1557 3239 1692 3299 ullis,

398 3306 706 3367 Omniaque
735 3304 790 3367 in
823 3301 983 3367 finem
1014 3303 1343 3367 praecipitata
1374 3305 1557 3351 ruunt.

329 3370 502 3419 Ferro
535 3365 704 3424 ueste,
734 3365 895 3424 fame,
924 3366 1131 3426 vinclis,
1165 3365 1361 3428 algore,
1394 3368 1589 3424 calore,

398 3430 551 3480 Mille
584 3429 759 3479 modis
786 3429 1005 3477 miseros
1034 3441 1177 3478 more
1205 3430 1357 3492 rapit
1385 3441 1491 3478 una
1521 3428 1783 3477 homines.

330 3495 594 3557 Undique
626 3492 762 3541 bella
792 3490 1312 3557 fremuntthominis
1341 3491 1490 3557 furor
1517 3492 1729 3551 excitat,
1750 3490 1910 3540 armis

400 3555 739 3606 lucumbunt
767 3568 921 3617 reges
951 3555 1168 3617 regibus
1198 3555 1516 3603 innumeris.

335 3622 520 3677 impia
552 3617 778 3667 confuso
808 3618 960 3666 saevit
990 3617 1255 3666 discordia
1284 3618 1524 3677 mundo;

453 3696 519 3731 ax
551 3681 682 3729 abiit
709 3681 885 3738 terris,
914 3680 1103 3729 ultima
1134 3694 1361 3744 quisque
1393 3681 1559 3729 vides.
1592 3680 1719 3729 Hav.

317 3776 436 3849 (67)
497 3776 793 3901 Aliguanto
840 3776 1137 3831 novellam.
1197 3776 1302 3831 Per
1348 3775 1523 3830 aliam
1575 3774 1907 3842 lectionem,

323 3867 367 3901 aa
402 3850 469 3901 in
502 3847 579 3901 Co
630 3890 642 3901 .
676 3847 840 3901 Fuld.
882 3852 993 3901 est.
1026 3847 1178 3901 alius
1227 3865 1435 3901 sensus
1464 3848 1599 3901 huic
1648 3848 1771 3901 loco
1804 3849 1906 3901 da-

245 3865 367 3919 quae
402 3847 469 3902 in
502 3847 642 3903 Cod.
676 3847 840 3901 Fuld.
882 3852 993 3912 est,
1026 3847 1178 3903 alius
1227 3865 1435 3903 sensus
1464 3848 1599 3902 huic
1648 3848 1771 3903 loco
1804 3849 1906 3903 da-

246 3929 351 3987 tur,
392 3920 498 3975 ubi
552 3919 789 3991 legitur.
845 3939 871 3967 «
922 3919 1106 3983 Quam
1160 3920 1345 3975 scient
1396 3920 1730 3989 aliquando,
1766 3942 1793 3967 »
1825 3924 1909 3973 'ut

243 3995 309 4047 ad
338 3993 589 4049 Judaeos
624 3992 925 4046 referatur.
950 3991 1093 4047 Puto
1115 3993 1309 4046 verius
1338 4008 1406 4046 ex
1437 3992 1708 4062 sequenti
1728 3994 1907 4046 sciunt

241 4064 331 4120 hic
362 4064 539 4120 illam
572 4078 768 4118 vocem
805 4062 1163 4133 duplicatum
1187 4081 1332 4119 esse.
1365 4064 1699 4118 Secundum
1736 4063 1901 4118 Fuld.

243 4154 347 4192 ms.
384 4151 635 4206 sensus,
670 4136 770 4206 qui
803 4151 930 4190 sese
962 4134 1058 4189 hic
1090 4135 1242 4191 alius
1274 4136 1500 4206 aperire
1530 4135 1774 4201 videtur,
1809 4134 1905 4191 ille

243 4154 347 4192 ms.
384 4152 635 4199 sensus,
715 4152 770 4188 ui
803 4152 930 4190 sese
963 4152 1058 4189 DIC
1090 4152 1242 4191 anus
1274 4152 1500 4206 aperire
1530 4152 1774 4201 v1uetur,
1809 4152 1903 4191 me

237 4214 321 4265 est
354 4226 368 4263 :
404 4208 528 4279 Ipsi
556 4205 647 4279 illi
670 4152 867 4261 audiui
900 4207 1088 4261 scient
1130 4208 1447 4278 aliquando
1480 4208 1628 4262 hanc
1660 4213 1903 4275 sectam,

236 4280 271 4335 i.
305 4297 356 4336 e.
392 4278 733 4349 intelligent
782 4284 838 4334 et
883 4279 1319 4350 approbabunt,
1372 4279 1429 4333 in
1481 4284 1679 4335 nostra
1711 4284 1906 4334 castra

238 4368 363 4407 sese
397 4352 811 4421 conjicientes,
864 4352 1189 4405 secundum
1224 4352 1445 4407 dictum
1490 4352 1670 4421 Oseaa,
1717 4369 1801 4416 ιιι,
1827 4352 1900 4420 5;

236 4444 261 4471 α
293 4424 448 4479 Tum
483 4439 621 4477 cum
655 4422 842 4477 scient
881 4429 938 4477 et
967 4430 1322 4495 cognoscent
1371 4424 1587 4494 ipsum.
1621 4445 1649 4473 ››
1683 4422 1899 4479 Jerem.

231 4512 383 4556 xxxx.
418 4495 491 4549 34
519 4512 532 4561 ;
579 4496 905 4550 clamantes
938 4511 951 4549 :
984 4496 1125 4550 Deus
1176 4498 1280 4563 mi,
1312 4512 1410 4551 nos
1443 4497 1616 4551 Israel
1647 4499 1773 4549 tuus
1802 4512 1903 4549 no-

234 4569 415 4621 vimus
447 4572 524 4621 te.
548 4566 894 4639 _Oseaa,ﬁvm,
926 4567 981 4639 2.
1036 4567 1147 4620 Alii
1199 4567 1421 4639 legunt.
1479 4572 1739 4639 Barcaeus
1770 4567 1899 4638 qui-

236 4639 461 4711 demet
493 4637 624 4692 Ald.
652 4643 711 4711 et
733 4638 963 4711 Herald.
993 4644 1051 4693 et
1070 4637 1292 4697 Rheni:
1312 4664 1339 4691 ‹‹
1374 4642 1557 4706 Quam
1582 4637 1898 4711 aliquando

234 4709 550 4782 novellam.
588 4731 616 4759 »
648 4710 725 4765 La
774 4710 957 4782 corda
989 4726 1001 4764 :
1055 4733 1083 4761 «
1118 4712 1301 4775 Quam
1354 4712 1654 4782 aliquanto
1682 4709 1894 4767 'novel-

2018 3059 2152 3138 rini.
2221 3057 2430 3130 Supra,
2502 3074 2650 3138 cap;
2771 3076 2803 3138 _:_
2856 3082 2883 3110 ‹‹
2944 3060 3213 3138 Tiberius
3280 3067 3668 3138 ergo,_cujus

2018 3135 2281 3211 tempore
2310 3128 2541 3185 'nomen
2576 3128 2992 3187 Christianum
3040 3134 3099 3187 in
3132 3128 3432 3191 saeculum
3464 3128 3669 3195 introi-

2018 3205 2394 3352 νῆ’ςξὸὶέἶνῖῖἱς
2428 3288 2656 3352 θηρατιε.
2714 3273 2797 3327 Ita
2830 3274 3116 3352 RigaAld.
3167 3277 3307 3352 Junt
3358 3278 3461 3334 Alii
3494 3282 3663 3352 vobis,

2021 3350 2085 3426 ut
2117 3344 2255 3426 Pam
2290 3346 2444 3426 quod
2476 3345 2750 3426 vitiosum
2783 3352 2890 3410 est,
2922 3347 2978 3401 id
3012 3350 3167 3403 enim
3199 3349 3419 3405 Judaais
3448 3356 3503 3406 et
3524 3344 3663 3424 gen;

1941 3438 1983 3506 Ο
2020 3416 2180 3506 tibus
2214 3416 2380 3506 facile
2421 3417 2823 3506 concedimus,
2856 3435 3061 3474 novam
3103 3437 3244 3506 esse
3294 3416 3669 3506 sectamfnsed

2021 3492 2216 3543 tamen
2250 3488 2683 3559 antiquissimis
2702 3489 2786 3543 vel
2811 3490 3071 3560 ipsorum
3093 3493 3428 3549 Judaaorum
3455 3488 3669 3551 inetru-

2020 3562 2230 3637 mentis
2262 3560 2729 3637 suti‘ultam,_qua
2758 3561 3131 3637 disciplinam
3160 3567 3270 3621 Deo
3301 3573 3526 3637 gratam
3554 3586 3669 3623 non

2018 3632 2190 3714 tollit,
2257 3633 2358 3688 sed
2426 3632 2744 3701 illuminat,
2804 3632 2927 3689 sed'
2966 3638 3260 3693 reformat.
3303 3632 3410 3693 'La
3466 3640 3669 3712 Cerda,

2017 3713 2233 3760 nostris.

2091 3777 2200 3850 (70)
2224 3776 2596 3850 Retraclelur.
2625 3774 2768 3850 Cum
2820 3793 2952 3850 vero
2983 3778 3052 3831 de
3105 3783 3261 3833 statu
3297 3781 3423 3850 ejus
3457 3786 3669 3837 retrac-

2017 3848 2128 3901 tari
2179 3846 2341 3911 dicit,
2376 3846 2751 3919 rputoiinnui
2803 3848 3227 3919 malignitatem
3278 3846 3341 3906 et
3388 3852 3669 3910 invidiam

2019 3935 2135 3990 qua
2159 3918 2511 3996 judicabapt
2542 3918 2613 3971 de
2644 3918 3299 3996 religioueIBeIraclare
3325 3925 3479 3979 enim
3513 3927 3668 3996 apud

2020 3997 2294 4045 Nostrum
2329 3989 2563 4060 quidem
2597 3992 2825 4065 passim,
2850 3991 3140 4062 significat
3171 3994 3482 4065 diligenter
3511 3989 3669 4054 trac-

2016 4067 2139 4140 tare
2169 4068 2225 4118 et
2251 4077 2685 4140 recognoscere,
2731 4062 2831 4140 sed
2865 4065 3146 4140 quoniam
3191 4062 3306 4140 ille"
3340 4066 3439 4136 qui
3472 4068 3667 4140 lippus

2016 4134 2141 4205 ipse
2173 4139 2327 4188 recta
2358 4135 2604 4188 aliorum
2627 4133 2888 4204 aspicere
2921 4153 3031 4191 non
3058 4137 3200 4201 vult,
3224 4133 3666 4195 obtrectationis

2014 4223 2151 4279 ergo
2182 4206 2494 4277 diligenter
2530 4205 2793 4277 inquirit,
2828 4208 3015 4263 sicubi
3065 4209 3315 4264 faculam
3349 4210 3577 4265 invidias
3611 4216 3668 4266 et

2015 4278 2435 4352 maledicentia:
2486 4279 2801 4352 accendere
2848 4280 3049 4351 possit,
3084 4282 3213 4335 ideo
3268 4281 3357 4335 hic
3408 4299 3507 4352 pro
3540 4299 3664 4337 car-

2010 4368 2141 4422 pere
2175 4350 2415 4425 accpipio.
2451 4351 2751 4425 Quomodo
2786 4350 2900 4425 fere
2938 4352 3122 4406 utitur
3152 4353 3210 4407 in
3244 4350 3487 4407 libro—de
3515 4356 3664 4425 Jeju-

2011 4425 2146 4497 niis,
2180 4440 2229 4478 c.
2262 4424 2349 4489 15,
2383 4427 2535 4497 certe
2584 4422 2640 4477 in
2694 4422 2905 4477 malam
2959 4430 3182 4494 partem
3216 4440 3227 4479 :
3279 4424 3556 4497 «Atquin
3577 4422 3664 4482 'ad

2011 4495 2303 4550 Romanos
2334 4494 2617 4567 scribens,
2653 4510 2748 4549 vos
2793 4511 2957 4567 nunc
3013 4496 3356 4567 compungit
3388 4494 3663 4554 retracta-

2010 4571 2165 4622 tores
2214 4566 2391 4637 hujus
2443 4566 2656 4628 ofﬁcii;
2713 4588 2732 4614 ι
2790 4565 2827 4619 i.
2871 4583 2921 4621 e.
2971 4565 3412 4634 detrectaturos,
3462 4571 3663 4626 inobs-

2009 4639 2260 4703 dientes,
2295 4636 2580 4693 irrisores.
2618 4636 2756 4692 HAV.

2083 4712 2195 4780 (71)
2229 4711 2362 4777 Quis
2410 4726 2522 4764 nos.
2575 4708 2855 4763 Aldinum
2906 4709 3203 4780 exemplar
3245 4728 3341 4782 qui
3393 4730 3495 4765 nos
3526 4712 3578 4767 h.
3612 4728 3659 4766 c.

233 4781 441 4869 lnamzf)
477 4787 545 4869 ut
578 4785 637 4836 et
669 4798 777 4837 ms.
814 4781 874 4837 L.
912 4782 971 4836 Β.
1008 4786 1066 4837 et
1108 4784 1398 4856 Agobard.
1432 4781 1489 4839 et
1518 4784 1812 4839 Pamelius
1844 4788 1899 4839 et
1930 4805 1975 4869 D
2006 4782 2470 4869 exz'slimaverinl.
2504 4782 2686 4869 Verus
2730 4797 2943 4869 sensus
2973 4788 3085 4864 est,
3117 4782 3206 4864 vel
3238 4781 3371 4869 inde
3405 4783 3659 4869 humano

236 4852 451 4907 Rigalt.
488 4853 631 4907 Hav.

302 4870 747 4996 ἕέὲἷΐῗῶϊᾶᾳηί
786 4926 1061 4995 temporis.
1114 4929 1194 4981 Ita
1243 4924 1397 4979 clare
1428 4942 1571 4980 mss.
1606 4925 1896 4996 Agobard.

234 4998 289 5068 et
324 5001 381 5051 L.
422 4996 486 5051 Β.
522 4997 604 5049 ita
656 4994 816 5050 Pam.
868 4994 925 5049 et
974 4996 1101 5068 Rig.
1156 5003 1213 5051 et
1245 4998 1429 5051 Rhea.
1484 4997 1581 5068 qui
1613 4994 1745 5051 cum
1780 5015 1895 5053 non

233 5067 611 5138 distinguant
656 5073 786 5137 post
836 5067 1118 5136 temporis,
1152 5069 1424 5124 videntur
1476 5067 1798 5139 intelligere
1828 5070 1897 5125 de

233 5139 963 5211 scriptoribungiberiani
1018 5141 1318 5211 temporis,
1353 5142 1503 5211 quod
1558 5140 1649 5195 hic
1682 5142 1893 5197 falsum

233 5217 337 5266 est.
368 5212 529 5267 Dicit
561 5210 717 5265 enim
752 5211 1061 5283 plerosque
1082 5210 1509 5283 introgressum
1537 5229 1694 5266 novae
1719 5213 1896 5283 hujus

232 5288 410 5337 sectae
443 5283 503 5338 in
537 5284 739 5337 orbem
770 5283 918 5336 scire
952 5283 1168 5338 factum
1208 5294 1489 5355 tempore
1517 5284 1754 5351 Tiberii,
1790 5286 1894 5339 for-

231 5356 415 5409 tassis
432 5355 631 5427 itaque
652 5358 954 5423 putaturos
979 5372 1185 5409 novam
1205 5354 1893 5427 hanc'prtesumptionem

229 5427 341 5482 sub
398 5426 504 5482 illa
553 5430 839 5480 vetustate
886 5442 993 5480 sua
1043 5426 1315 5482 roborata
1367 5426 1705 5483 Judteoru’m
1757 5428 1894 5483 reli-

227 5500 428 5571 gione,
465 5502 530 5552 ut
562 5503 693 5568 post
723 5496 915 5571 Ajacis
949 5498 1200 5571 alicujus
1226 5500 1493 5571 clypeum
1520 5500 1697 5555 latere
1726 5500 1890 5555 velle.

229 5568 337 5624 Alii
396 5568 679 5644 legebant
727 5585 739 5622 :
795 5590 821 5619 «
989 5569 1205 5644 Tiberii
1257 5568 1701 5643 temporibus,»
1738 5573 1893 5644 quod

227 5658 361 5696 cum
402 5642 533 5696 sine
567 5658 768 5709 sensu,
802 5640 1069 5696 additum
1103 5642 1301 5699 fuitin
1334 5640 1500 5699 Fuld.
1533 5654 1731 5709 ortam,
1758 5640 1844 5698 ita
1879 5662 1891 5698 :

235 5736 253 5759 ι
288 5713 365 5769 Ut
397 5713 733 5769 Tiberianis
784 5714 1149 5784 temporibus
1199 5722 1406 5772 ortam.
1444 5738 1471 5765 ››
1526 5717 1586 5770 In
1638 5717 1892 5771 editione

229 5784 541 5843 Prioriana
571 5784 700 5859 Rig.
754 5798 821 5841 ex
872 5787 1189 5858 postremis
1238 5788 1446 5846 vitiose
1474 5787 1689 5861 legitur
1739 5789 1890 5845 Tibe-

2009 4854 2244 4925 ingenio
2279 4858 2509 4925 tantum,
2556 4854 2799 4908 rationis
2849 4854 3123 4910 debuisse
3173 4855 3484 4925 indulgeri.
3521 4857 3661 4910 utsi

2009 4924 2418 4999 congruumet
2468 4924 2659 4999 simile
2706 4925 2957 4994 alicujus
2988 4926 3105 4999 veri
3160 4924 3379 4999 ﬁngere
3408 4933 3465 4981 et
3496 4943 3659 4981 men-

2010 4999 2105 5052 tiri
2126 4995 2222 5051 illi
2265 4995 2607 5064 voluissent,
2642 4997 2960 5051 humanam
3016 4997 3223 5052 saltem
3249 4995 3529 5067 wspeciem
3563 4999 3663 5054 Dei

2007 5069 2469 5143 Christianorum
2490 5068 2813 5143 ﬁ_nxisseut.
2833 5086 2945 5143 non
2966 5069 3660 5143 ferinam,monstrosam,

2008 5142 2357 5214 utfecerant
2401 5140 2457 5193 in
2511 5139 2849 5211 Onochoite,
2898 5142 2967 5195 de
2999 5157 3113 5211 quo
3160 5142 3340 5214 paulo
3388 5139 3663 5214 superius

2007 5213 2148 5293 ggit,
2181 5213 2460 5293 quasi_eit
2504 5218 2675 5293 gente
2719 5213 3659 5293 Qentaurorum._Chimaar_arum,

2005 5282 2329 5359 sphingum
2366 5282 2609 5354 hybrida
2633 5284 2853 5359 _quis_a
2892 5284 3060 5359 nobis
3110 5283 3416 5359 coleretur.
3452 5288 3514 5342 In
3548 5282 3663 5359 quo

2007 5364 2161 5411 certe
2203 5355 2463 5427 egissent
2513 5360 2576 5410 ut
2613 5355 2809 5431 _._iu_da3i
2847 5358 3021 5431 _olim_,
3076 5357 3177 5431 qui
3228 5363 3405 5431 Deum
3440 5355 3661 5431 ipsum,

2004 5432 2207 5483 Jesum
2241 5432 2532 5494 nostrum,
2567 5427 2713 5482 nihil
2746 5428 2857 5482 nisi
2892 5429 3117 5504 nudum
3150 5427 3657 5504 hominem'puta-

2005 5506 2250 5573 verunt;
2290 5504 2642 5573 proutcerte
2691 5507 2936 5570 egerunt
2986 5501 3161 5557 etiam
3198 5502 3282 5558 illi
3333 5501 3660 5573 inter'gen-

2004 5577 2113 5641 tes,
2143 5572 2240 5643 qui
2266 5572 2625 5629 Christianos
2659 5578 3012 5629 accusarunt
3034 5578 3100 5629 ut
3129 5574 3382 5631 cultores
3402 5572 3659 5628 hominis

2004 5644 2301 5713 suspensi.
2337 5644 2477 5699 Hav.

2076 5710 2183 5783 (72)
2218 5718 2387 5784 Regni
2416 5714 2728 5770 sublimitas
2776 5718 2984 5784 ﬂoruit.
3037 5715 3269 5772 Similia
3312 5710 3531 5771 Justini
3566 5710 3654 5766 hi-

2004 5775 2203 5846 storici
2244 5775 2367 5859 illa,
2420 5787 2556 5844 licet
2585 5787 2656 5843 ab
2706 5775 2936 5843 errante
2986 5787 3246 5858 profecta
3279 5800 3291 5842 :
3330 5808 3358 5838 «
3388 5785 3659 5858 Semper-
