4054 6174
222 294 313 356 ιδτ
1264 292 1859 357 APOLOGETICUS
1902 295 2084 357 ADV.
2130 295 2459 358 GENTES.

3454 295 3577 359 458

218 421 473 480 versitatis.
505 420 675 477 Hunc
703 421 859 477 enim
889 423 1040 479 Zeno
1064 423 1174 495 (89)
1205 423 1559 481 determinat
1586 424 1810 481 factita-
1836 434 1893 501 Α
1922 424 2183 482 veritatis
2214 426 2547 483 istiusmodi
2590 426 3274 499 praeministraverunt”.
3296 426 3581 483 Sciebant

217 520 373 579 torem,
397 511 490 583 qui
522 516 738 568 cuncta
768 511 829 567 in
861 512 1246 585 dispositione
1277 513 1633 585 formaverit,
1659 530 1821 570 eum-

214 603 312 658 dem
352 606 401 656 et
447 600 635 657 fatum
669 603 820 657 399
856 602 1071 672 vocari,
1106 607 1163 659 et
1212 604 1395 658 Deum
1449 609 1507 659 et
1555 604 1822 659 animum

215 689 333 747 Jovis
379 690 506 761 (90),
556 694 613 745 et
661 690 1073 746 necessitatem
1123 692 1390 747 omnium
1440 708 1656 747 rerum.
1691 692 1824 747 Haec

211 779 473 835 Cleanthes
514 779 573 834 in
626 779 902 852 Spiritum
953 781 1236 852 congerit,
1273 798 1444 853 quem
1494 786 1825 853 permeato-

208 883 300 924 rem
328 866 719 924 universitatis
759 868 1038 924 afﬁrmat.
1073 870 1143 925 Et
1186 886 1293 926 nos
1347 870 1525 926 etiam
1556 863 1826 927 Sermoni

210 960 343 1027 atque
367 956 598 1013 Rationi
626 957 891 1029 itemque
917 956 1157 1027 Virtuti,
1180 975 1285 1031 per
1315 976 1442 1031 qua:
1476 960 1677 1015 omnia
1709 976 1824 1014 mo-

205 1046 338 1101 litum
366 1046 550 1101 Deum
583 1046 903 1116 ediximus,
936 1047 1232 1119 propriam
1265 1048 1662 1105 substantiam
1699 1049 1827 1119 spi—

204 1134 406 1189 ritum”
458 1133 864 1201 inscribimus,
900 1136 991 1190 cui
1022 1141 1080 1191 et
1109 1137 1313 1193 Sermo
1368 1137 1511 1192 insit
1560 1154 1825 1209 pronun-

200 1225 354 1290 tianti,
384 1229 440 1280 et
486 1225 654 1283 Ratio
707 1227 864 1282 adsit
917 1227 1280 1299 disponenti,
1309 1232 1366 1284 et
1394 1228 1582 1285 virtus
1629 1226 1829 1300 praesit

200 1313 509 1384 perﬁcienti.
557 1315 723 1371 Hunc
771 1332 841 1371 ex
890 1316 1008 1371 Deo
1057 1316 1354 1389 prolatum
1402 1317 1741 1387 didicimus,
1772 1320 1830 1373 et

199 1401 487 1472 prolatione
540 1408 909 1475 generatum,
959 1410 1016 1460 et
1072 1405 1291 1462 idcirco
1356 1406 1571 1463 Filium
1624 1407 1725 1463 Dei
1772 1410 1831 1462 et

198 1495 346 1547 Deum
376 1492 600 1547 dictum
632 1509 701 1548 ex
731 1493 955 1549 unitate
1004 1495 1369 1552 substantias.
1405 1497 1552 1552 Nam
1588 1501 1645 1553 et
1677 1501 1831 1551 Deus

194 1580 427 1653 spiritus.
462 1582 537 1637 Et
566 1597 701 1636 cum
751 1582 953 1638 radius
986 1599 1055 1638 ex
1082 1583 1205 1639 sole
1264 1586 1604 1657 porrigitur,
1640 1585 1829 1658 portio

196 1686 249 1725 ex
273 1686 528 1739 summa;
563 1670 665 1727 sed
708 1670 792 1726 sol
844 1670 955 1727 erit
984 1673 1043 1726 in
1076 1673 1244 1728 radio
1272 1675 1336 1739 ’7,
1370 1674 1507 1743 quia
1555 1674 1695 1730 solis
1744 1668 1834 1729 est

192 1760 383 1827 radius,
417 1777 527 1816 nec
577 1763 891 1831 separatur
929 1760 1285 1830 substantia,
1322 1763 1423 1819 sed
1475 1764 1829 1819 extenditur.

202 1849 267 1904 Ita
291 1850 352 1905 de
380 1850 607 1923 Spiritu
636 1852 910 1922 Spiritus,
937 1859 994 1907 et
1025 1853 1095 1908 de
1123 1853 1241 1908 Deo
1264 1854 1419 1909 Deus
1441 1855 1504 1923 ’3,
1530 1860 1596 1910 ut
1627 1855 1829 1910 lumen

194 1938 250 1994 de
287 1938 507 1996 lumine
558 1956 894 1996 accensum.
928 1941 1126 1997 Manet
1178 1942 1406 2015 integra
1439 1949 1497 2000 et
1538 1944 1830 2000 indefecta

193 2027 417 2083 materias
457 2028 698 2092 matrix,
731 2028 840 2083 etsi
888 2028 1091 2099 plures
1118 2030 1164 2063 ²⁰
1195 2029 1334 2085 inde
1384 2031 1657 2086 traduces
1690 2047 1832 2101 qua-

193 2112 395 2171 litatum
448 2115 746 2172 mutueris
767 2116 834 2172 ³⁰.
868 2117 954 2173 Ita
994 2123 1051 2173 et
1080 2118 1124 2155 δι
1158 2119 1315 2191 quod
1375 2120 1445 2175 de
1490 2120 1607 2175 Deo
1638 2121 1832 2191 profe-

195 2208 328 2259 ctum
357 2209 465 2275 est,
497 2209 653 2261 Deus
698 2208 812 2273 est,
842 2208 901 2261 et
950 2205 1053 2262 Dei
1106 2207 1308 2275 Filius,
1343 2211 1399 2263 et
1432 2225 1583 2264 unus
1632 2208 1829 2263 ambo.

193 2294 265 2347 Ita
289 2298 338 2348 et
366 2293 434 2349 de
464 2292 695 2365 Spiritu
743 2293 1021 2365 Spiritus,
1052 2300 1111 2352 et
1140 2297 1210 2351 de
1241 2301 1355 2353 Deo
1390 2301 1541 2353 Deus
1594 2297 1834 2354 modulo

193 2380 435 2449 alterum,
476 2399 599 2438 non
649 2373 895 2439 numero
917 2385 1054 2456 (91),
1088 2385 1274 2457 gradu
1326 2402 1441 2442 non
1495 2390 1654 2441 statu
1674 2386 1720 2421 ³³
1750 2388 1833 2443 fe-

195 2469 275 2536 cit,
302 2476 353 2527 et
399 2488 433 2527 a
483 2472 733 2527 matrice
783 2489 901 2528 non
949 2474 1218 2543 recessit,
1262 2475 1363 2541 sed
1418 2476 1685 2531 excessit.
1722 2475 1835 2532 Iste

192 2556 347 2630 igitur
375 2560 473 2617 Dei
512 2560 739 2631 radius,
771 2566 836 2616 ut
864 2566 1018 2617 retro
1049 2578 1284 2634 semper
1313 2565 1738 2636 praedicabatur
1765 2565 1833 2634 ³³,

195 2647 443 2720 delapsus
493 2651 560 2705 in
604 2649 889 2722 virginem
924 2651 1266 2721 quamdam,
1297 2657 1354 2708 et
1400 2653 1461 2707 in
1506 2658 1673 2709 utero
1704 2655 1833 2725 ejus

193 2752 307 2792 caro
337 2738 629 2811 ﬁguratus
652 2739 723 2806 3‘,
759 2739 1022 2795 nascitur
1050 2744 1237 2796 Homo
1286 2746 1399 2797 Deo
1433 2742 1665 2798 mistus.
1689 2744 1833 2799 Caro

198 2825 384 2895 spiritu
442 2827 746 2883 instructa
783 2828 829 2862 ³⁸
885 2829 1168 2899 nutritur,
1227 2829 1539 2903 adolescit,
1599 2832 1836 2898 affatur,

197 2912 363 2986 docet,
394 2921 701 2988 operatur,
735 2921 792 2973 et
836 2917 1106 2974 Christus
1146 2923 1254 2975 est.
1289 2920 1549 2992 Recipite
1597 2921 1833 2978 interim

195 3001 325 3059 hanc
355 3004 644 3075 fabulam,
677 3005 889 3062 similis
921 3012 1009 3063 est
1038 3007 1269 3079 vestris,
1294 3008 1434 3064 dum
1466 3011 1835 3069 ostendimus

193 3094 463 3163 quomodo
499 3094 774 3151 Christus
804 3096 1099 3167 probetur.
1133 3097 1407 3153 Sciebant
1435 3102 1492 3154 et
1522 3100 1622 3172 qui
1656 3117 1834 3172 penes

193 3196 277 3237 vos
320 3183 617 3254 ejusmodi
674 3183 898 3241 fabulas
955 3184 1195 3241 aemulas
1244 3187 1316 3242 ad
1372 3187 1829 3245 destructionem
1861 3174 1904 3242 C

1861 1811 1909 1876 B

1931 521 1987 571 et
2031 516 2219 572 Judaei
2267 521 2579 572 venturum
2625 533 2754 572 esse
2799 518 2954 573 400
3002 515 3327 585 Christum,
3358 515 3582 572 scilicet

1934 605 2149 676 quibus
2182 607 2476 678 prophetae
2503 605 2910 679 loquebantur.
2937 606 3083 661 Nam
3106 609 3163 661 et
3190 622 3346 661 nunc
3367 607 3583 662 adven-

1933 700 2061 750 tum
2095 696 2222 765 ejus
2262 700 2622 766 exspectant,
2655 712 2759 749 nec
2809 695 2925 750 alia
2973 695 3160 765 magis
3206 696 3358 751 inter
3388 712 3494 751 nos
3526 699 3583 751 et

1934 783 2065 840 illos
2095 784 2485 855 compulsatio
2516 789 2624 855 est,
2659 800 2837 855 quam
2869 784 3024 855 quod
3049 787 3175 854 jam
3205 784 3434 839 venisse
3466 801 3581 840 non

1935 872 2199 927 credunt.
2220 872 2461 928 Duobus
2483 871 2640 927 enim
2673 872 3021 927 adventibus
3045 872 3171 943 ejus
3193 870 3540 941 signiﬁcatis
3565 888 3579 926 :

1936 961 2145 1032 primo,
2170 962 2267 1031 qui
2291 963 2416 1032 jam
2449 966 2776 1033 expunctus
2806 966 2895 1016 est
2923 961 2984 1016 in
3014 959 3345 1015 humilitate
3376 959 3584 1015 condi-

1936 1051 2113 1106 tionis
2152 1050 2455 1118 humanes;
2489 1050 2766 1119 secundo,
2791 1050 2891 1121 qui
2934 1049 3336 1105 concludendo
3367 1048 3581 1105 saeculo

1935 1138 2203 1196 imminet
2224 1140 2282 1194 in
2307 1140 2666 1195 sublimitate
2690 1138 3013 1194 divinitatis
3033 1142 3302 1195 exsertae:
3324 1138 3582 1211 primum

1940 1245 2054 1283 non
2110 1228 2518 1301 intelligendo,
2572 1229 2918 1299 secundum,
2980 1244 3154 1300 quem
3215 1226 3586 1283 manifestius

1937 1317 2319 1390 praedicatum
2342 1320 2384 1353 ³⁷
2430 1322 2689 1390 sperant,
2741 1334 2924 1372 unum
2977 1316 3473 1372 existimaverunt.
3504 1316 3587 1372 Ne

1939 1407 2095 1462 enim
2152 1406 2544 1479 intelligerent
2601 1406 2942 1478 pristinum,
2976 1405 3254 1461 credituri
3309 1407 3360 1461 si
3407 1406 3584 1462 intel-

1938 1495 2235 1567 lexissent,
2270 1501 2327 1552 et
2364 1495 2734 1551 consecuturi
2782 1494 3033 1550 salutem
3080 1494 3130 1550 si
3176 1494 3587 1561 credidissent,

1941 1585 2221 1641 meritum
2279 1584 2388 1640 fuit
2429 1584 2709 1639 delictum
2770 1600 2972 1639 eorum
2995 1584 3059 1638 ³⁸.
3094 1584 3212 1656 Ipsi
3260 1584 3463 1655 legunt
3506 1582 3590 1639 ita

1940 1674 2226 1746 scriptum
2259 1674 2577 1729 mulctatos
2608 1688 2671 1728 se
2709 1672 2996 1743 sapientia
3026 1676 3083 1728 et
3114 1672 3505 1743 intelligentia
3532 1676 3590 1728 et

1942 1762 2246 1818 oculorum
2296 1767 2353 1817 et
2400 1763 2631 1817 aurium
2682 1760 2867 1833 fruge.
2908 1764 3090 1825 Quem
3139 1761 3320 1833 igitur
3366 1760 3589 1817 solum-

1941 1852 2114 1908 modo
2156 1851 2455 1908 hominem
2478 1852 2523 1886 ⁸⁸
2571 1855 3067 1922 praesumpserant
3113 1851 3183 1906 de
3237 1849 3589 1917 humilitate,

1939 1942 2294 2011 sequebatur
2337 1941 2423 1995 uti
2469 1955 2709 2011 magum
2758 1938 3117 1994 aestimarent
3164 1938 3236 1994 de
3282 1942 3590 2010 potestate,

1940 2046 2073 2084 cum
2103 2028 2203 2084 ille
2233 2029 2408 2084 verbo
2445 2027 2733 2083 daemonia
2781 2028 2851 2083 de
2902 2027 3243 2083 hominibus
3274 2030 3591 2098 excuteret,

1941 2136 2121 2175 caecos
2167 2117 2544 2174 reluminaret
2566 2118 2630 2186 ‘°,
2673 2116 2936 2189 leprosos
2985 2121 3281 2189 purgaret,
3316 2115 3593 2189 paralyti-

1940 2224 2039 2263 cos
2087 2207 2495 2280 restringeret,
2547 2210 2811 2262 mortuos
2864 2206 3115 2276 denique
3163 2206 3336 2260 verbo
3387 2205 3595 2260 redde-

1942 2304 2029 2353 ret
2081 2297 2231 2365 vitae,
2284 2296 2575 2352 elementa
2626 2296 2755 2366 ipsa
2803 2294 3117 2350 famularet
3160 2293 3293 2365 (92),
3359 2308 3596 2364 compe-

1942 2403 2112 2442 scens
2160 2384 2447 2458 procellas
2478 2389 2536 2441 et
2576 2385 2721 2439 freta
2779 2383 3138 2456 ingrediens,
3172 2382 3485 2438 ostendens
3531 2398 3596 2438 se

1943 2493 2069 2532 esse
2126 2478 2344 2529 ΛΟΓοΝ
2401 2474 2524 2541 Dei,
2568 2473 2624 2527 id
2683 2476 2771 2528 est
2826 2472 3082 2529 Verbum
3140 2470 3284 2525 illud
3343 2470 3593 2542 primor-

1943 2563 2161 2620 diale“
2214 2563 2692 2635 primogenitum,
2724 2561 2937 2616 virtute
2988 2563 3047 2615 et
3095 2560 3319 2615 ratione
3349 2559 3593 2615 comita-

1945 2660 2107 2722 tum,
2167 2659 2223 2709 et
2290 2651 2503 2724 spiritu
2570 2649 2779 2705 fultum
2816 2650 2882 2719 ι’,
2942 2649 3213 2705 eumdem
3268 2650 3370 2720 qui
3419 2649 3595 2705 verbo

1946 2741 2168 2809 omnia,
2218 2746 2275 2797 et
2332 2742 2565 2805 faceret,
2623 2738 2752 2794 et“
2810 2738 3062 2793 fecisset.
3122 2737 3208 2793 Ad
3267 2737 3595 2793 doctrinam

1948 2849 2078 2888 vero
2145 2832 2303 2902 ejus,
2369 2846 2487 2901 qua
2526 2830 2571 2863 “
2628 2827 3075 2883 revincebantur
3140 2826 3410 2899 magistri
3475 2827 3595 2898 pri-

1948 2937 2257 2992 moresque
2304 2920 2665 2986 Judaeorum,
2713 2917 2795 2972 ita
2842 2915 3359 2988 exasperabantur,
3411 2915 3597 2971 maxi-

1948 3026 2042 3065 me
2099 3008 2255 3081 quod
2320 3008 2390 3064 ad
2461 3022 2594 3062 eum
2662 3006 2870 3077 ingens
2937 3003 3257 3060 multitudo
3322 3004 3597 3060 deﬂecte-

1948 3105 2037 3155 ret
2063 3100 2129 3167 “,
2178 3103 2245 3154 ut
2302 3101 2598 3170 postremo
2657 3094 2918 3150 oblatum
2976 3094 3179 3150 Pontio
3233 3091 3442 3163 Pilato,
3491 3093 3598 3165 Sy-

1942 3189 2090 3246 riam
2136 3193 2281 3244 tunc
2334 3202 2403 3242 ex
2459 3189 2626 3258 parte
2648 3184 2691 3220 ⁴⁶
2744 3184 3006 3240 Romana
3034 3183 3077 3217 ⁴⁷
3107 3183 3222 3256 (93)
3271 3198 3594 3255 procuran-

1602 3325 1806 3388 Variae
1853 3325 2178 3388 lectiones.

249 3421 784 3504 ’R‘SpiritusParis.
862 3425 1065 3504 "Exit
1090 3428 1264 3504 [εζητ-
1297 3428 1341 3463 ²⁸
1374 3428 1460 3504 ita
1492 3430 1563 3504 de
1603 3448 1692 3504 sp.
1721 3462 1790 3471 —
1818 3431 1972 3488 Deus
2029 3432 2219 3504 desunt
2276 3431 2335 3485 in
2377 3427 2508 3504 ⁸οοιέ.
2563 3426 2720 3504 Euld.
2775 3432 2827 3482 et
2871 3425 2962 3504 ed.
3267 3423 3314 3458 ³ο
3345 3423 3406 3504 In
3460 3427 3595 3504 Par:

190 3490 408 3576 3ξίξοίίιῖζ
433 3495 720 3576 Fuld.__et_
750 3499 959 3576 fame].
995 3498 1333 3571 qualitatis;
1365 3502 1536 3573 Lugd.
1571 3490 1655 3558 lI.‘
1674 3504 1935 3559 traducis
1967 3502 2296 3576 qualitates.
2374 3502 2415 3536 δι
2443 3500 2697 3576 Ει-(ιὸεξξ
2728 3500 2929 3576 Puris.
3007 3498 3053 3532 ³³
3082 3497 3208 3576 _Non
3236 3495 3445 3576 gradu
3494 3495 3595 3576 sed

189 3568 325 3647 {italu
372 3569 562 3647 Paris.
594 3569 824 3647 Modulg
873 3567 1186 3637 alternum,
1220 3567 1534 3647 numerum
1584 3576 1791 3647 gradu,
1829 3595 1832 3630 λ

1985 3567 2152 3633 statu
2197 3575 2362 3647 Fran.
2439 3572 2484 3606 ³⁸
2517 3570 2950 3647 Przedicebatur
2998 3568 3114 3647 cod.
3160 3567 3589 3647 vet.Scriverii.

189 3634 551 3709 ffFiguratus
602 3642 732 3696 Jun.
766 3643 1016 3709 Haverc.;

1071 3644 1388 3718 quamdam
1446 3651 1504 3701 et
1559 3640 1616 3701 in
1676 3640 1841 3703 utero
1901 3649 2030 3718 ejus
2086 3662 2219 3701 caro
2278 3646 2567 3715 ﬁguratur
2622 3642 2734 3696 cod.
2795 3641 2992 3718 Βαιάά
3052 3640 3592 3718 figurata‘Scmler.

187 3706 474 3788 “Stiucta
503 3727 617 3766 ηις.
668 3713 957 3788 Fallit,“
983 3706 1104 3771 Sic-
1132 3716 1311 3771 locum
1348 3720 1706 3775 restituerunt
1752 3706 2008 3788 Scriver,
2058 3720 2180 3787 Rig.
2231 3719 2281 3771 et
2321 3706 2581 3779 Favere;
2609 3722 2774 3788 antea
2818 3713 2922 3781 leg.
2958 3706 3237 3788 probetur
3287 3714 3343 3767 et
3391 3710 3492 3788 qui
3523 3740 3593 3752 -

190 3782 802 3860 preministraverintt
847 3785 893 3860 ἶτ
918 3788 1111 3860 Geten.
1145 3805 1158 3844 :
1194 3788 1541 3859 pradictum.
1617 3792 1661 3825 ³⁸
1694 3793 1832 3846 [then

1946 3782 2104 3845 n'ed.
2128 3782 2201 3844 Ἰ.
2255 3788 2399 3857 Ald.,
2450 3787 2694 3860 Ραγηειη,Δ
2738 3782 3235 3860 βατνεεμδμϐαπρ.
3267 3800 3279 3837 :
3314 3783 3592 3860 meritum

190 3850 281 3906 fuit
310 3854 687 3911 delictorum.
763 3857 808 3892 ³9
838 3858 1038 3914 Solum
1088 3850 1388 3914 hominem
1440 3862 1609 3916 modo
1660 3861 1825 3919 Smel.
1902 3864 1947 3897 ⁴⁰
2002 3850 2580 3917 ΙΙΙυωὶηιιιιθιῬανὶε.
2658 3857 2697 3891 ⁴¹
2735 3856 2860 3912 Cod.
2912 3850 3110 3911 Fuld.:
3164 3850 3480 3910 ostendens
3533 3869 3596 3910 se

189 3938 297 4003 esse
324 3926 512 4003 filium
539 3932 610 4003 et
640 3927 808 3984 illum
840 3929 979 3985 olim
1014 3949 1047 3987 a
1081 3932 1190 3987 Deo
1236 3932 1631 4003 praedicatum,
1666 3938 1722 3989 et
1769 3934 1840 3989 ad
1891 3934 2155 3990 omnium
2207 3932 2454 3987 salutem
2511 3933 2715 3985 natum
2745 3929 3004 4003 Verbum
3040 3927 3134 4003 Dei
3167 3926 3511 4003 _illud,_etc.,
3546 3929 3597 3981 et

189 3997 379 4053 omissi:
426 4000 617 4054 verbis
662 4016 682 4053 :

730 4003 1002 4057 eumdem
1052 4004 1150 4075 qui
1187 3998 1253 4044 -Σ
1286 4005 1535 4060 fecisset.
1614 4003 1658 4036 ⁴²
1687 4007 1880 4072 Rhen.,
1932 4008 2079 4072 Hera,
2131 4004 2339 4075 Gangn.
2378 4020 2389 4058 :
2424 4005 2805 4075 instructum,
2852 3998 2969 4075 cod.
3029 3998 3198 4075 Lugd.
3260 3998 3593 4075 suffultum.

188 4067 225 4100 ⁸³
251 4068 405 4150 latam
434 4069 607 4155 ῥῆσεν
624 4074 911 4155 “eumdem
941 4102 1014 4155 :—
1037 4067 1790 4155 féci‘ssetldeklet.Rigaltius__:
1817 4067 2266 4155 fl'averca'mpius:
2297 4079 2479 4155 auten}
2523 4081 2710 4155 (uetiti;
2735 4074 2836 4155 ‘sic
2884 4067 3238 4155 rea/armatam
3267 4086 3295 4155 :_
3320 4068 3595 4155 eumdem

219 4140 268 4193 ui
296 4138 493 4198 omnia
523 4146 591 4198 et
618 4142 834 4201 faceret
862 4147 919 4201 et
941 4144 1197 4202 fecisset.
1274 4147 1318 4180 “
1349 4147 1496 4210 Quia
1526 4138 1656 4202 Par.
1734 4149 1778 4184 ιδ
1808 4138 2139 4207 Conﬂueret
2166 4147 2287 4205 eod.
2316 4146 2487 4204 Fuld.
2563 4146 2607 4181 ιδ
2633 4144 2804 4201 Plebs
2838 4138 2948 4199 ms;
2978 4141 3149 4213 Lugd.
3188 4146 3311 4197 Bal.
3387 4141 3429 4175 ιτ
3461 4138 3595 4195 Cod.

221 4212 338 4283 ugd.
371 4230 439 4269 ex
470 4213 652 4287 plebe
683 4216 965 4287 Romana,
999 4218 1154 4273 Fuld.
1189 4234 1257 4274 ex
1286 4222 1453 4291 parte
1487 4219 1834 4277 Romanam.

1621 4335 2143 4398 Commentalius.

1621 4354 1990 4398 uommenta
2051 4354 2143 4397 us.

239 4431 345 4506 (89)
402 4437 572 4513 Hune
638 4437 787 4513 enim
842 4438 985 4493 Zeno
1050 4438 1385 4513 determinat
1449 4443 1833 4513 factitatorem.
1867 4446 1914 4511 Ι)
1948 4354 2100 4513 q1ii3d
2132 4457 2317 4497 unum
2370 4441 2518 4495 Deus
2551 4442 2658 4495 est.
2694 4438 2818 4513 Rm.
2854 4435 3156 4513 -Ᾰῖοάτιιο
3206 4434 3463 4513 alterum.
3498 4430 3599 4513 Sic

179 4503 463 4585 Zenonem
485 4509 741 4585 aliquid
769 4514 1047 4580 praeterea
1090 4510 1329 4585 dixisse,
1361 4529 1428 4568 ex
1449 4503 1680 4571 'Laertio
1714 4515 1838 4571 dis-

183 4581 373 4659 cimus.
410 4581 675 4659 Nempe,
710 4582 827 4659 duo
858 4598 988 4659 esse
1018 4583 1285 4659 omnium
1311 4585 1634 4659 principia,
1668 4592 1836 4643 Crea-

185 4652 369 4734 torem.
400 4656 463 4707 et
515 4652 853 4734 materiam,
884 4652 946 4706 τὸ
993 4657 1185 4734 ποιῷ-ν
1217 4652 1347 4734 ⁸ξαπιῖ
1381 4657 1443 4710 τὸ
1499 4652 1750 4734 τὶάσχονκ
1770 4662 1839 4714 Et

184 4723 477 4798 materiam
501 4724 764 4798 quidem
814 4741 942 4780 esse
980 4726 1286 4797 qualitatis
1336 4723 1834 4798 expertem'subs-

183 4793 445 4876 tentiam:
486 4793 827 4876 creatorem
876 4793 1026 4876 verp,
1080 4798 1292 4876 ch‘tv
1334 4793 1483 4876 e611}
1530 4800 1690 4876 λᾴγον
1741 4802 1838 4876 ίτὸν

183 4858 316 4915 θὶόΨ
347 4868 553 4956 τοῦτεν
600 4866 701 4940 γὰρ
735 4863 862 4956 ὅχτα
909 4864 1082 4922 ἀίδιον
1132 4867 1223 4923 καὶ
1275 4858 1704 4942 πάσηςνταύῖτης
1737 4870 1835 4943 δη-

224 4954 455 4994 ιουργειν
494 4954 723 4993 εκαστα.
757 4954 883 4994 Ῑίῐῦ.

187 4952 301 5003 pinu
338 4942 455 5011 γεῖν
491 4940 723 4993 ἕκαστα.
755 4940 883 4995 RIG.
1663 4940 1669 4942 ⁷
1794 4940 1802 4943 ⁷

191 5076 206 5090 ν
240 4955 661 5090 (ᾨῶο-εψηάςτη
694 5019 743 5090 et
778 5012 977 5090 fatum_
1002 5014 1190 5068 vocari
1217 5019 1272 5090 et
1298 5016 1473 5090 Deum
1502 5019 1557 5069 et
1586 5017 1839 5090 animum

178 5076 353 5168 {piis};
350 5082 587 5164 Eadem
621 5076 796 5168 verba
826 5085 980 5168 apud
1016 5085 1403 5168 Dactantium‘,
1440 5087 1837 5168 LaerytiusAau-

178 5150 278 5224 tem
317 5152 585 5224 Zenonis
626 5149 980 5211 sententiam
1012 5156 1096 5212 sic
1126 5156 1342 5224 retulit,
1376 5149 1427 5209 ἔν
1457 5177 1516 5211 τι
1546 5159 1676 5212 εἶναι
1708 5159 1835 5213 Θεὸν

176 5218 448 5300 inuisos},
484 5223 875 5300 εἱμαρμένην,
907 5225 996 5280 καὶ
1031 5226 1144 5283 Δία.
1180 5229 1305 5283 RIG.

234 5293 339 5365 {91)
372 5293 607 5351 Modulo
650 5293 922 5368 alterum,
964 5316 1073 5355 non
1120 5315 1374 5355 numero.
1406 5300 1571 5356 Alius
1618 5318 1650 5355 a
1697 5302 1839 5358 Filio

175 5358 331 5447 {fater
357 5372 475 5447 est,
510 5384 639 5440 qua
677 5370 866 5447 linter,
901 5358 1015 5428 non
1058 5388 1176 5443 qua
1206 5372 1377 5447 D_eu_s.
1407 5371 1577 5447 Alius
1609 5390 1643 5429 a
1670 5374 1840 5447 Patre

176 5432 340 5516 Filius
373 5432 495 5506 est,
530 5432 667 5516 iure
690 5432 1042 5516 Filius,non
1074 5432 1193 5516 qua
1224 5444 1293 5498 de
1327 5445 1436 5516 Deo
1467 5444 1640 5501 Deus.
1674 5446 1841 5504 Alius

177 5510 389 5592 spat-tle
442 5516 538 5592 et_
560 5510 709 5592 Filio
758 5510 1059 5592 Spiritus,_
1087 5510 1202 5587 qua
1248 5515 1522 5587 Spiritus,
1558 5532 1672 5573 non
1724 5537 1841 5592 qua

176 5590 290 5635 cum
323 5582 445 5639 Deo
497 5587 681 5639 Patre
728 5582 973 5643 et'Filio
1035 5582 1184 5643 De'us
1238 5592 1346 5642 est.
1382 5582 1523 5643 Nam
1576 5606 1711 5645 cum
1742 5582 1841 5646 ‘sit

176 5664 381 5733 causa
415 5656 609 5733 Patre
658 5661 716 5733 et
764 5657 1387 5733 FilioSpiritusLuno
1443 5660 1677 5733 spiritu,
1724 5678 1842 5718 una

177 5722 509 5785 substantia
566 5727 738 5786 Pater
767 5734 826 5788 et
857 5722 1033 5788 Filius
1064 5736 1120 5789 et
1149 5722 1406 5806 spiritus
1457 5722 1840 5808 unum'sunt,

461 5859 744 5925 Panos.
789 5862 839 5927 Ι.

1947 4504 2208 4569 adversus
2238 4516 2534 4579 Praxeam,
2570 4527 2701 4584 pag.
2724 4511 2829 4564 640
2853 4525 2901 4564 ;‹‹
2928 4509 3053 4584 Non
3077 4504 3601 4584 ismendiversita-

1947 4591 2004 4641 te
2050 4586 2232 4641 alium
2281 4585 2493 4640 Filium
2522 4577 2588 4638 Va.
2622 4577 2815 4647 Patre,
2850 4581 2950 4636 sed
2999 4577 3444 4645 distributione;
3495 4592 3600 4631 nec

1948 4657 2231 4714 divisione
2260 4656 2463 4722 alium,
2487 4656 2586 4711 sed
2619 4652 3013 4722 distinctione,
3040 4651 3176 4722 quia
3198 4667 3314 4707 non
3338 4650 3416 4722 sit
3442 4648 3599 4722 idem

1948 4729 2115 4785 Pater
2172 4734 2228 4783 et
2284 4719 2488 4794 Filius,
2530 4726 2619 4781 vel
2680 4725 2917 4782 modulo
2971 4719 3121 4779 alius
3181 4723 3253 4778 ab
3312 4720 3494 4776 alio.-
3531 4719 3601 4773 Et

1946 4817 2079 4873 pag.
2128 4801 2236 4855 645
2268 4817 2284 4873 ;
2315 4823 2342 4849 «
2377 4798 2713 4873 Yisibilem_
2740 4814 2899 4873 vero,
2926 4795 3141 4851 Filium
3188 4807 3599 4873 agnoscamus,

1948 4868 2055 4946 pro
2083 4872 2321 4929 modulo
2373 4868 2827 4927 derivationis.»
2862 4870 3066 4938 Itaque
3106 4868 3317 4946 modus
3365 4869 3432 4946 et.
3472 4878 3601 4918 mo-

1948 4940 2122 5001 dulus
2180 4949 2270 5000 est
2325 4947 2618 4999 certarum
2686 4956 2879 4996 rerum
2950 4940 3275 4995 secundum
3344 4940 3436 4993 sui
3503 4948 3603 5007 ge-

1948 5016 2106 5072 neris
2172 5016 2427 5072 rationes
2492 5012 2833 5086 dispositio,
2892 5012 3202 5083 ordinatio,
3264 5009 3601 5065 aeconomia.

1947 5090 2122 5147 Idem.

2019 5160 2130 5230 (92)
2166 5159 2500 5214 Famularet.
2533 5156 2675 5211 Cum
2701 5155 3091 5230 Ausumpverbi
3144 5170 3261 5230 non
3311 5148 3605 5230 intelligec

1948 5223 2562 5295 rent.'substituerunt
2589 5229 2649 5283 in
2690 5228 2827 5284 Cod.
2863 5228 3072 5284 Aldino
3113 5227 3165 5282 ei
3197 5223 3486 5297 Agobard.
3517 5223 3608 5292 fa-

1950 5292 2244 5359 mularem.
2263 5302 2460 5357 Voluit
2483 5302 2691 5357 Noster
2710 5301 3033 5370 exprimere
3059 5292 3322 5356 Graecu'm
3344 5292 3603 5370 δουλρῦν,

1951 5376 2105 5447 quod
2137 5380 2227 5431 est
2267 5376 2331 5429 z'n
2360 5376 2676 5430 servitutem
2706 5367 2979 5445 redigere,
3009 5376 3065 5429 et
3096 5371 3180 5426 ita
3228 5370 3376 5427 alios
3427 5367 3601 5423 etiam

1949 5446 2176 5504 locutos
2209 5450 2412 5501 notant
2446 5446 2817 5518 interpretes.

2023 5518 2131 5588 (93)
2163 5520 2256 5573 Ea:
2285 5526 2440 5589 parte
2473 5512 2713 5573 Romana
2745 5532 2836 5570 ms
2881 5515 2938 5589 L.
2972 5520 3033 5570 Β.
3059 5513 3309 5589 explebe
3338 5512 3599 5589 Romana.

1950 5582 2126 5663 Quasi
2156 5582 2364 5646 innuat
2409 5590 2699 5663 plebeiam
2748 5588 3086 5663 Pontiorum
3131 5582 3603 5663 fu_i_sse_gent6m-

1954 5662 2114 5718 Fuld.
2140 5679 2273 5746 vero
2296 5655 2555 5746 eagparte
2578 5664 2895 5743 Romanam,
2916 5660 3083 5746 quasi
3108 5658 3291 5746 nollet
3314 5655 3603 5746 {tiam-alma:

1950 5752 2081 5793 rum
2112 5722 2429 5810 provinciis
2460 5731 2837 5794 annumerari
2869 5722 3123 5803 i'n'Syria
3151 5732 3519 5799 Comagenen
3549 5722 3608 5779 et
