4054 6174
458 319 579 381 459

979 315 1504 379 TERTULLIANI
1548 316 1876 380 OPERUM
1925 317 2129 381 PARS
2173 319 2221 381 1.
2258 350 2335 367 -—
2362 318 2639 382 SERIES
2684 321 2734 398 Ι,
2778 318 3361 383 APOLOGETICA.

3762 317 3878 379 460

451 450 493 506 ti
538 450 671 523 (94),
722 448 1001 506 violentia
1055 447 1469 522 suffragiorum
1525 448 1583 503 in
1643 465 1875 505 crucem
1908 450 1952 485 ιθ
2002 451 2104 505 de-
2132 453 2507 521 Aconcussa
2562 456 2799 524 repente
2862 456 3043 520 terra,
3102 454 3159 507 et
3215 450 3368 507 mole
3424 448 3706 517 revoluta,
3753 466 3875 520 quae

455 539 515 594 di
584 539 694 595 sibi
763 539 1132 594 extorserint.
1205 540 1353 593 401
1426 539 1779 594 Prmdixerat
1854 542 1911 594 et
1986 540 2111 611 ipse

454 628 536 685 ita
592 629 871 684 facturos.
918 633 1132 683 Parum
1199 627 1333 699 hoc,
1391 627 1438 683 si
1509 644 1622 683 non
1691 632 1749 683 et
1814 628 2108 701 prophetis

452 722 627 772 retro.
686 718 757 771 Et
808 721 1003 773 tamen
1067 716 1317 772 sufﬁxus
1387 716 1661 789 spiritum
1688 717 1732 752 ‘9
1790 733 1925 773 cum
1984 734 2112 773 ver-

452 806 523 861 bo
601 811 811 876 sponte
901 806 1160 874 dimisit,
1229 812 1517 876 praevento
1612 807 1904 862 carniﬁcis
1983 807 2111 861 ofﬁ-

450 895 540 950 cio
594 895 729 966 (95).
790 895 1006 951 Eodem
1064 899 1363 951 momento
1421 895 1565 963 dies,
1624 896 1881 950 medium
1904 896 1949 930 ‘0
1995 896 2108 967 (96)

450 985 653 1038 orbem
711 983 982 1056 signante
1040 982 1192 1054 sole,
1251 985 1542 1040 subducta
1602 990 1709 1040 est.
1770 984 2109 1057 Deliquium

452 1072 654 1142 utique
717 1077 1068 1144 putaverunt
1132 1072 1267 1144 (97),
1341 1073 1442 1145 qui
1512 1073 1569 1128 id
1631 1090 1868 1145 quoque
1934 1091 2111 1146 super

446 1161 678 1216 Christo
735 1162 1111 1233 praedicatum
1167 1178 1282 1218 non
1342 1162 1634 1231 scierunt;
1686 1162 1933 1235 [ratione
1992 1180 2108 1219 non

444 1250 828 1322 deprehensa,
870 1256 1233 1324 negaverunt
1254 1252 1351 1322 In];
1404 1257 1460 1306 et
1506 1256 1704 1308 tamen
1754 1268 1887 1309 eum
1935 1270 2107 1308 mun-

447 1340 506 1394 di
564 1356 766 1395 casum
836 1340 1022 1396 relatu
1091 1340 1151 1395 in
1221 1341 1521 1397 arcanis”
1588 1341 1798 1397 vestris
1856 1341 2103 1398 habetis.

446 1430 608 1484 Tunc
638 1429 823 1483 Judaei
877 1432 1199 1484 detractum
1231 1434 1289 1484 et
1321 1429 1588 1500 sepulcro
1622 1430 1925 1486 conditum
1978 1447 2107 1485 ma-

444 1534 561 1590 gna
591 1517 768 1573 etiam
821 1516 1095 1573 militaris
1129 1519 1405 1574 custodiae
1431 1519 1474 1553 ⁵³
1506 1518 1809 1588 diligentia
1853 1520 2104 1575 circum-

443 1606 725 1662 sederunt
744 1607 810 1677 ⁵⁵,
845 1622 937 1675 ne,
972 1606 1111 1678 quia
1154 1606 1499 1677 praedixerat
1546 1606 1722 1663 tertia
1768 1607 1859 1663 die
1910 1624 2102 1663 resur-

441 1697 739 1750 recturum
808 1710 869 1751 se
925 1712 959 1751 a
1017 1700 1239 1766 morte,
1305 1694 1584 1766 discipuli
1654 1696 1807 1751 furto
1876 1696 2103 1752 amoliti

441 1784 683 1839 cadaver
731 1782 1003 1839 fallerent
1050 1787 1378 1856 suspectos.
1428 1785 1673 1841 Sedecce
1723 1784 1815 1840 die
1865 1785 2037 1841 tertia
2059 1785 2103 1820 ⁵⁵

2222 542 2591 596 obstruxerat
2636 543 2790 598 402
2849 541 3210 614 sepulcrum,
3246 544 3303 595 et
3355 539 3623 596 custodia
3670 555 3877 610 pavore

2220 629 2484 701 disjecta,
2546 630 2725 686 nullis
2773 630 3192 704 apparentibus
3239 628 3572 702 discipulis,
3628 627 3777 682 nihil
3818 628 3873 683 in

2220 718 2487 789 sepulcro
2536 726 2833 790 repertum
2892 724 3016 790 est,
3078 721 3465 790 praeterquam
3515 716 3733 773 exuvias
3787 731 3874 771 se-

2221 807 2450 878 pulti“.
2486 807 2884 863 Nihilominus
2916 811 3111 862 tamen
3159 807 3465 879 primores,
3501 821 3754 877 quorum
3788 805 3871 859 in-

2218 897 2418 968 tereat,
2452 900 2507 952 et
2538 896 2727 953 scelus
2761 896 3084 969 divulgare,
3116 900 3174 952 et
3214 893 3497 968 populum
3528 893 3874 966 vectigalem

2219 989 2277 1041 et
2313 985 2661 1041 famularem
2716 986 2827 1041 sibi
2859 1003 2893 1041 a
2925 987 3033 1040 ﬁde
3056 986 3097 1019 ‘7
3128 1001 3418 1053 revocare,
3467 985 3815 1054 subreptum
3846 1000 3877 1040 a

2219 1074 2522 1145 discipulis
2545 1075 2987 1145 jactitaverunt.
3018 1074 3159 1130 Nam
3209 1088 3315 1129 nec
3346 1072 3444 1129 ille
3476 1088 3538 1128 se
3569 1072 3629 1126 in
3658 1070 3874 1144 vulgus

2216 1164 2436 1231 eduxit,
2470 1179 2541 1218 ne
2589 1162 2759 1235 impii
2806 1179 2999 1218 errore
3039 1161 3449 1228 liberarentur,
3484 1164 3549 1216 ut
3594 1165 3652 1216 et
3701 1161 3874 1228 ﬁdes,

2217 1270 2332 1308 non
2392 1251 2668 1308 mediocri
2722 1251 2959 1323 praemio
3013 1252 3331 1321 destinata,
3363 1248 3686 1305 diﬁcultate
3736 1266 3873 1304 con-

2216 1344 2417 1396 staret.
2468 1341 2612 1396 Cum
2674 1339 2981 1412 discipulis
3042 1344 3241 1395 autem
3299 1338 3655 1409 quibusdam
3714 1339 3872 1410 apud

2215 1429 2510 1487 Galilaeam
2567 1429 2779 1485 Judaaaa
2838 1428 3137 1501 regionem
3187 1428 3261 1483 ad
3308 1426 3701 1500 quadraginta
3744 1427 3873 1483 dies

2213 1519 2346 1588 egit,
2396 1520 2611 1573 docens
2659 1534 2758 1574 eos
2806 1534 2937 1589 quas
2985 1519 3280 1574 docerent.
3314 1516 3537 1572 Dehinc
3582 1515 3872 1573 ordinatis

2212 1609 2295 1663 eis
2327 1608 2397 1663 ad
2431 1607 2688 1663 ofﬁcium
2724 1606 3083 1678 praedicandi
3121 1621 3223 1677 per
3252 1606 3477 1676 orbem,
3510 1605 3872 1662 circumfusa

2212 1697 2367 1751 nube
2408 1695 2469 1750 in
2516 1696 2727 1751 malum
2779 1700 2869 1751 est
2914 1700 3149 1767 ereptus
3171 1695 3214 1729 ⁵⁸
3245 1694 3431 1749 multo
3461 1692 3657 1749 verius
3688 1710 3869 1765 quam

2212 1785 2367 1857 apud
2423 1801 2524 1841 vos
2581 1800 2911 1841 asseverare
2968 1784 3040 1840 de
3101 1782 3349 1839 Romulo
3371 1783 3415 1817 ⁸⁸
3475 1781 3704 1838 Proculi
3756 1782 3870 1855 (98)

1901 1910 2107 1972 Variae
2135 1909 2437 1971 lectiones

510 2023 554 2057 ‘3
587 2023 671 2077 Ita
697 2022 818 2096 cod,
845 2022 1033 2087 Fuld.;
1061 2023 1167 2096 alii
1195 2042 1214 2079 :
1245 2023 1304 2077 in
1354 2040 1435 2078 cr.
1466 2023 1673 2096 Jesum’
1717 2023 1872 2079 dedi.
1950 2025 1995 2059 ‘9
2024 2025 2161 2080 Edd.
2190 2034 2325 2080 ante
2380 2025 2686 2093 Rigaltium
2741 2032 2793 2081 ct
2852 2028 3039 2079 Hav.:
3084 2023 3381 2096 propheta
3442 2024 3596 2078 retro
3653 2021 3862 2096 etiam.

440 2095 658 2149 Tamen
692 2094 943 2168 sufﬁxus
974 2094 1160 2149 multa
1200 2097 1406 2151 mortis
1455 2095 1616 2168 illius
1665 2096 1901 2167 propria
1953 2097 2213 2151 ostendit
2261 2096 2535 2168 insignia.
2568 2096 2714 2151 Nam
2746 2095 3047 2167 spiritum,
3079 2093 3358 2168 ets—[Fu
3392 2096 3580 2149 multa
3610 2125 3674 2168 —_
3708 2093 3862 2168 Nam

444 2169 506 2220 in
552 2167 675 2221 cod.
710 2166 864 2220 Fuld.
912 2166 1107 2221 desunt
1150 2168 1269 2235 Rig.
1302 2167 1506 2221 emend.
1567 2172 1633 2221 Et
1665 2163 1875 2222 tamen
1934 2168 2067 2223 suﬁ'.
2147 2168 2192 2203 ⁸ο
2222 2163 2472 2224 Mediam
2502 2168 2674 2223 Seml.
2752 2163 2798 2204 δῖ
2836 2170 2923 2225 γυ.
2959 2169 3119 2224 Uncis
3180 2163 3393 2222 inclusa
3447 2168 3507 2221 in
3561 2163 3681 2220 solo
3741 2165 3863 2221 cod.

441 2237 598 2292 Fuld.
662 2238 857 2291 addita
911 2238 1191 2306 leguntur.
1267 2239 1313 2273 ⁸2
1345 2241 1422 2293 Ita
1472 2240 1589 2308 Rig.
1642 2243 1693 2293 et
1742 2241 1871 2293 Hav.
1924 2256 1953 2294 ε
1998 2238 2113 2294 cod.
2173 2241 2361 2300 Fuld.;
2416 2241 2645 2295 czeteri:
2678 2240 2739 2294 ln
2800 2239 3070 2294 archivis.
3150 2239 3194 2273 ⁵³
3224 2238 3456 2293 Militari
3512 2253 3689 2292 manu
3751 2252 3863 2291 cu-

440 2310 642 2365 stodia:
672 2312 902 2382 Franeq.
938 2311 1185 2382 Parisin.
1263 2307 1563 2382 “Circum
1612 2315 1924 2382 sepserunt
1974 2327 2083 2365 ms.
2117 2310 2382 2381 Agobard.
2461 2312 2504 2345 ³³
2533 2313 2642 2366 Sed
2676 2311 2749 2366 ad
2781 2312 2935 2366 diem
2970 2311 3201 2382 tertiam
3253 2327 3367 2366 ms.
3401 2307 3561 2364 Fuld.
3640 2308 3684 2342 ⁸⁸
3717 2312 3868 2382 Prae-

438 2384 529 2454 ter
575 2381 811 2454 exuvias
869 2380 1187 2453 sepulturae
1232 2381 1348 2438 cod.
1380 2381 1536 2437 Fuld.
1616 2380 1775 2438 57—Ad
1830 2383 2002 2438 ﬁdem
2063 2380 2293 2454 Francq.

435 2451 725 2509 Romulia.

2371 2384 2413 2417 ⁸⁸
2440 2387 2728 2455 Receptus
2782 2388 2955 2440 Fran.
3032 2383 3075 2417 ⁵ο
3109 2381 3233 2438 Cod.
3266 2381 3424 2437 Fuld.
3456 2382 3576 2452 Rig.
3609 2388 3663 2435 et
3720 2381 3861 2436 Hav.

1894 2543 2418 2605 Commentarius.

425 2656 708 2731 .ludaaam,
739 2659 939 2731 utpote
972 2654 1097 2731 suis
1126 2656 1390 2731 dynastis
1421 2661 1480 2731 et
1507 2655 1728 2731 regulis
1757 2657 2074 2731 subjectae.
2111 2660 2159 2726 Β
2187 2673 2352 2731 super
2382 2667 2592 2714 terram
2622 2658 2739 2713 dies
2782 2658 3035 2714 luminis.
3064 2680 3085 2706 ι
3123 2657 3347 2731 Ibidem
3381 2675 3446 2713 :«
3480 2657 3550 2714 Ut
3593 2657 3853 2731 pr0ph7e-

424 2729 562 2783 Erat
590 2744 725 2783 vero
754 2726 897 2801 illud
930 2726 1186 2783 solitum‘
1204 2729 1484 2785 Romanis
1529 2726 1660 2785 istis
1688 2726 2075 2801 temporibus,

427 2804 491 2873 ut
512 2815 639 2873 sese
659 2799 913 2854 turbidis
935 2801 1110 2855 rebus
1132 2802 1482 2873 populorum
1509 2806 1564 2855 et
1587 2817 1787 2873 regum
1812 2799 2075 2857 dissidiis

424 2871 847 2946 immiscerent,
876 2888 991 2946 quo
1034 2871 1388 2946 potentiores
1418 2874 1517 2946 qui
1550 2871 1836 2946 nutusuo
1869 2874 2073 2944 Remp.

426 2944 707 3016 regebant
734 2947 792 2998 et
822 2943 1049 3015 pedum
1077 2944 1252 3014 pulsu
1301 2943 1587 3001 exercitus
1619 2943 1978 3016 colligerent,
2009 2943 2079 3000 ex

427 3016 651 3142 rapinis
681 3016 1033 3070 ditescerent
1063 3020 1119 3069 et
1149 3034 1325 3084 regna
1374 3034 1439 3073 ac
1490 3021 1824 3098 potestates,
1860 3018 2076 3088 quibus

427 3088 660 3142 velent.
692 3088 1001 3141 donarent.
1042 3086 1342 3142 Quomodo
1391 3087 1477 3142 illi
1530 3089 1765 3142 obnoxii
1811 3090 2075 3142 patronis

424 3086 660 3153 vellent,
692 3088 1001 3141 donarent.
1025 3086 1342 3160 Quomodo
1391 3086 1506 3142 illi_
1530 3088 1765 3144 obnoxii
1811 3086 2075 3160 patronis

428 3160 555 3214 suis
579 3175 653 3213 ne
687 3159 909 3213 hiscere
939 3157 1176 3227 quidem
1211 3166 1413 3215 contra
1439 3162 1752 3215 audebant.

498 3230 611 3354 (94)
646 3231 999 3283 Procuranli.
1031 3229 1290 3297 Tacitus,
1323 3234 1394 3285 de
1432 3247 1572 3286 nece
1601 3228 1837 3295 Christi,
1869 3229 2072 3285 Annal.

498 3318 518 3354 ‘.
543 3301 574 3354 Ιι
635 3317 685 3354 :«
710 3299 817 3354 Oui
839 3299 1065 3354 Tiberio
1094 3301 1483 3354 imperitante.
1509 3319 1611 3354 ner
1641 3306 2072 3354 procuratorem

424 3316 518 3374 xv.
543 3299 611 3374 1174
635 3317 685 3355 :«
710 3299 817 3374 Qui
839 3299 1065 3354 Tiberio
1094 3301 1483 3374 imperitante,
1509 3319 1611 3374 per
1641 3306 2076 3374 procuratorem

428 3371 699 3443 Pontium
732 3369 983 3427 Pilatum
1012 3369 1300 3443 supplicio
1340 3369 1579 3430 allectus
1611 3369 1756 3439 erat,
1778 3395 1806 3423 »
1838 3372 2072 3428 Hieron.

422 3443 484 3517 i_n
521 3442 716 3517 Chron.
742 3443 959 3517 Euseb.
996 3442 1329 3517 num’._2042
1361 3464 1371 3501 :
1402 3468 1427 3495 ‹‹
1464 3445 1689 3501 Pilatus
1734 3451 2076 3517 procurator

422 3515 647 3569 Judaazn
677 3531 711 3569 a
740 3514 971 3570 Tiberio
1026 3515 1293 3572 mittitur.
1325 3538 1346 3568 ι
1383 3518 1517 3581 Qua:
1566 3533 1699 3572 cum
1734 3514 1965 3571 'mirum
2013 3515 2073 3571 in

424 3587 666 3660 modum
701 3585 919 3660 passim
964 3587 1276 3642 turbentur
1295 3606 1321 3641 a
1344 3589 1718 3660 quibusdam,
1744 3589 2070 3658 sciendum,

420 3657 744 3731 Vitellium,
776 3657 963 3731 virum
998 3657 1387 3725 consularem,
1420 3661 1599 3715 fuisse
1633 3665 1760 3714 tum
1792 3657 2073 3731 temporis

422 3729 730 3801 praesidem
777 3728 964 3803 totius
1000 3731 1194 3801 Syriis,
1228 3734 1328 3788 sed
1384 3733 1662 3788 habuisse
1691 3748 1831 3788 suos
1863 3728 2070 3803 procu-

422 3800 664 3875 ratores,
689 3800 788 3871 qui
820 3801 938 3875 fere
978 3800 1434 3875 7erant'7equites
1478 3805 1646 3867 Rom.
1682 3820 1829 3875 quos
1863 3800 1966 3859 'vel
2009 3804 2069 3858 in

422 3873 1079 3949 minores__prov_incia_s,
1112 3874 1200 3929 vel
1229 3873 1287 3931 in
1321 3892 1500 3949 regna
1530 3873 1822 3949 sociorum
1874 3875 2069 3949 mitte-

2192 2730 2283 2783 tiaa
2336 2730 2823 2801 adimplerentur,
2858 2730 3189 2801 properavit
3236 2728 3363 2784 dies
3414 2728 3721 2799 vesperam
3768 2729 3858 2784 fa-

2190 2816 2337 2855 cere.
2368 2824 2388 2850 ι»
2426 2799 2581 2858 Idem
2643 2802 2779 2856 hinc
2810 2799 3091 2873 explicat
3146 2799 3361 2856 Jerem.
3398 2816 3474 2873 7n,
3528 2802 3595 2855 12
3630 2817 3643 2855 :
3678 2820 3702 2847 ι
3736 2802 3855 2854 Ex-

2182 2874 2337 2942 pavit
2380 2875 2796 2945 malumsuper
2848 2872 2953 2927 isto
2988 2892 3007 2928 :
3038 2873 3105 2927 Et
3157 2872 3451 2945 quomodo
3504 2877 3561 2927 et
3612 2873 3856 2945 quando

2189 2943 2421 3016 expavit
2441 2949 2483 3027 Ρ.
2510 2943 2865 3025 lndubitate,
2899 2946 3133 3027 quando
3174 2943 3395 3026 passus
3442 2948 3531 2998 est
3576 2943 3856 3027 Christus

2188 3015 2255 3087 Et
2286 3015 2534 3083 hOPPUIt,
2584 3017 2798 3087 inquit,
2838 3014 3160 3087 plurimum
3212 3033 3409 3085 nimis,
3443 3018 3500 3087 et
3530 3015 3617 3087 sol
3649 3017 3854 3072 media

2520 3060 2534 3083 ν
2584 3056 2798 3085 unauana,
2838 3056 3160 3085 rnuaamum
3212 3056 3409 3085 μιωιυ,

2188 3086 2281 3141 die
2312 3086 2708 3143 tenebricavit.
2744 3089 2814 3143 Et
2862 3088 3098 3157 quando
3131 3086 3360 3142 horruit
3404 3086 3601 3153 nimis,
3636 3088 3753 3142 nisi
3784 3088 3851 3142 in

2188 3158 2465 3215 Passione
2505 3159 2721 3214 Christi
2751 3164 2821 3214 Ρ»
2857 3159 3059 3214 Simile
3108 3160 3460 3215 miraculum
3506 3158 3753 3213 adnotat
3784 3159 3850 3213 in

2187 3230 2287 3284 lib.
2322 3232 2399 3285 Ad
2428 3232 2742 3300 Scapulam,
2774 3247 2898 3299 cap.
2934 3232 2967 3285 3
2998 3248 3010 3284 :
3038 3252 3067 3279 «
3100 3231 3242 3285 Nam
3277 3235 3335 3285 et
3365 3229 3450 3285 sol
3479 3228 3576 3284 ille
3611 3230 3667 3283 in
3702 3248 3852 3285 con-

2185 3308 2359 3357 ventu
2396 3302 2647 3357 Uticensi
2700 3302 2984 3357 exstincto
3039 3318 3183 3373 pene
3231 3302 3664 3374 lnmine,7adeo7
3704 3318 3851 3374 por-

2184 3378 2411 3446 tentum
2445 3374 2574 3441 fuit,
2609 3378 2673 3429 ut
2702 3390 2819 3446 non
2851 3371 3105 3446 potuerit
3140 3390 3208 3429 ex
3252 3372 3545 3446 ordinario
3576 3371 3848 3446 deliguio

2185 3444 2306 3518 hoc
2326 3446 2467 3517 pati,
2502 3446 2729 3517 positus
2762 3445 2818 3499 in
2851 3444 2958 3501 suo
3001 3446 3347 3518 hypsomate
3377 3450 3432 3518 et
3463 3444 3786 3518 domicilio.
3812 3467 3844 3496 υ

2183 3515 2342 3571 Dixit
2386 3515 2578 3573 orbém
2630 3518 2880 3588 signante
2924 3515 3133 3587 solefi.
3168 3534 3217 3572 e.
3251 3515 3844 3588 occultantelumen

2182 3605 2358 3643 suum
2389 3594 2444 3645 et
2474 3587 2839 3659 obsignante.
2867 3589 3013 3644 Nam
3043 3590 3269 3657 signare
3296 3587 3525 3659 antiqui
3556 3587 3847 3644 dixerunt

2184 3678 2285 3729 pro
2335 3661 2645 3733 obsignare
2700 3668 2758 3715 et
2815 3661 3126 3716 occultare.
3159 3660 3487 3733 Nonius7:7«
3524 3659 3839 3730 Signatam

2182 3731 2531 3801 integratam
2566 3733 2846 3801 virginem
2876 3737 3139 3787 vetustas
3172 3733 3354 3787 voluit
3382 3731 3637 3785 dicere.»
3664 3733 3840 3788 Unde

2181 3802 2331 3858 illud
2367 3807 2529 3860 Cant.
2563 3820 2638 3870 ιν,
2676 3806 2741 3857 12
2774 3819 2787 3858 :
2821 3802 3109 3874 Scaturigo
3154 3804 3343 3858 clausa
3392 3818 3470 3867 es,
3510 3805 3633 3873 fons
3680 3804 3839 3858 obsi-

2177 3884 2394 3944 gnatas.
2431 3878 2548 3932 lmo
2578 3878 2648 3929 do
2678 3874 2807 3946 ipsa
2841 3875 2970 3929 luce
3013 3873 3332 3930 ctelestium
3364 3874 3699 3946 globorpm,
3733 3890 3839 3931 ex-

423 3946 544 4021 bat,
580 3942 767 4021 ut_7ibi
813 3944 1299 4021 administrarent
1342 3942 1436 4004 res
1480 3966 1613 4021 pop.
1650 3948 1815 4021 Rom.
1844 3946 1968 4021 sive
2006 3947 2067 4003 in
2178 3942 2297 4021 stat
2341 3948 2472 4021 haec
2528 3942 2743 4003 locuti-0
2794 3945 3202 4021 apudJobum
3250 3965 3327 4013 1x,
3357 3942 3413 4013 7,
3445 3944 3685 4021 de7Deg
3729 3947 3842 4017 qui

422 4014 723 4099 exigendis
754 4014 1011 4098 tributis,
1044 4022 1113 4099 et7
1140 4021 1325 4090 pactis
1367 4014 1501 4099 cum
1540 4014 2065 4099 7Rom17fmderibus
2097 4023 2140 4092 C
2179 4018 2293 4075 Soli
2314 4020 2417 4099 dat
2431 4020 2588 4099 j_u_ssa
2617 4036 2739 4099 sua,
2765 4014 2863 4099 nec
2887 4020 3084 4099 oritur,
3107 4020 3398 4099 signatque
3417 4016 3619 4073 stellas.
3645 4014 3841 4089 Cuj'us

421 4086 750 4162 servandis,
778 4087 892 4141 sive
925 4088 981 4143 in
1014 4086 1354 4146 universum
1397 4091 1803 4162 inspiciendis,
1824 4107 1896 4144 ne
1925 4091 2064 4162 quid

418 4160 752 4217 detrimenti
805 4175 958 4230 resp.
995 4169 1243 4231 caperet.
1289 4164 1379 4218 sic
1422 4160 1575 4220 inter
1621 4163 1752 4218 illos
1798 4160 2065 4218 Judaéam

417 4234 659 4290 sortitus
688 4234 777 4285 est
826 4236 1049 4303 partem
1082 4236 1255 4306 Syriae
1298 4236 1536 4292 Pontius
1583 4235 1810 4291 Pilatus
1840 4238 1904 4289 ut
1933 4251 2062 4291 eam

412 4307 769 4377 procuraret.
865 4376 869 4377 7
1130 4376 1133 4377 7
1650 4376 1657 4377 7
1708 4307 1845 4361 Hav.

482 4377 591 4449 (7975)
625 4376 905 4449 Praevenlo
936 4376 1223 4449 carniﬁcis
1254 4378 1457 4448 ofﬁcio.
1492 4378 1617 4433 Duo
1649 4376 2061 4449 locaappone-

408 4464 469 4503 re
489 4447 638 4502 libet
668 4448 785 4518 haec
834 4447 1087 4501 maxime
1140 4447 1517 4512 illustrantia,
1539 4447 1801 4505 Suetonii
1853 4465 2060 4518 unum,

390 4518 637 4573 ~Senecea
678 4517 946 4573 alterum.
983 4520 1042 4573 In
1100 4520 1216 4574 Vita
1266 4523 1469 4577 Tiberii
1496 4538 1546 4576 c.
1583 4522 1643 4575 61
1682 4538 1749 4575 ;‹‹
1786 4519 1927 4574 Mori
1960 4517 2057 4575 vo?

402 4590 665 4645 lentibus
711 4590 797 4661 vis
845 4588 1108 4643 adhibita
1138 4592 1385 4646 vivendi.
1418 4594 1562 4647 Nam
1615 4597 1859 4647 mortem
1912 4592 2056 4647 adeo
2166 4588 2296 4649 culo
2354 4588 2593 4649 omnino
2649 4591 2835 4647 videri
2889 4592 3085 4661 debet,
3130 4592 3349 4647 ibidem

405 4661 527 4736 leve
546 4659 911 4736 supplicium
946 4662 1205 4736 putabat,
1232 4670 1457 4736 utcum
1492 4664 1957 4736 audissetunum
1987 4680 2058 4719 ex
2166 4666 2486 4731 adducens,
2534 4663 2781 4719 illustris
2833 4659 3108 4736 scaliger,
3142 4682 3175 4735 p

403 4731 866 4807 eis,_Garnaliu_m
908 4732 1164 4797 nomine,
1200 4735 1548 4807 anticipasse
1580 4752 1729 4801 eam,
1764 4733 2051 4791 exclama-

2178 4108 2282 4161 ego
2314 4090 2544 4146 locihic
2580 4090 2789 4159 respici
2826 4097 2961 4160 puto
2992 4090 3366 4152 locutionem.

2244 4164 2357 4231 (97)
2387 4164 2705 4233 Deliquium
2734 4164 2922 4232 utique
2950 4166 3298 4233 putaverunt.
3324 4161 3576 4229 Phlegon
3610 4175 3840 4233 nempe

2244 4180 2357 4231 (Ut)
2387 4180 2705 4233 ueuqutum
2734 4180 2922 4232 utrque
2990 4180 3298 4217 umvcrum.
3324 4180 3576 4229 rnlegon
3610 4180 3837 4231 nempe

2172 4236 2228 4288 et
2276 4235 2543 4313 Thallus,
2592 4235 2862 4313 insignes
2905 4180 3271 4313 egronqlogi,
3308 4231 3837 4313 quprumhprioris

2172 4308 2408 4362 nomine
2454 4312 2509 4361 et
2557 4306 2751 4360 studio
2785 4304 3075 4359 Adrianus
3107 4301 3437 4369 Caesarjvir
3465 4301 3843 4373 multiscius,

2172 4393 2316 4432 usus
2347 4379 2606 4433 creditur
2635 4377 2691 4431 in
2718 4376 2842 4431 suis
2874 4374 3658 4447 publicandis.7'l‘estimonia
3692 4379 3848 4430 nota

2171 4454 2331 4516 sunt,
2356 4455 2413 4506 et
2444 4450 2621 4520 digna
2641 4465 2770 4520 quae
2792 4445 3063 4520 legantur
3085 4449 3235 4517 apud
3266 4446 3579 4520 Eusebium
3604 4445 3839 4520 Chron.

2169 4538 2224 4591 p.
2258 4524 2382 4578 202.
2417 4522 2496 4577 De
2512 4517 2741 4591 'quib'us
2783 4517 3139 4576 teetimoniis
3186 4525 3242 4576 et
3290 4520 3468 4591 hujus
3499 4517 3606 4584 rei,
3642 4518 3845 4591 mira-

3407 4590 3606 4661 plures
3663 4589 3844 4646 locos

3187 4707 3198 4718 .
3234 4664 3357 4729 186,
3391 4666 3448 4717 et
3476 4662 3550 4716 De
3592 4661 3844 4717 Emend.

2169 4738 2507 4807 Tcmporum,
2542 4754 2599 4806 p.
2622 4737 2749 4790 561.
2783 4735 2883 4807 Cui
2922 4733 3056 4790 addi
3088 4733 3281 4806 potest
3308 4740 3578 4806 Bynteus,
3602 4733 3709 4787 lib.
3737 4750 3846 4800 In,

402 4805 566 4874 verit,
593 4802 898 4862 Carnalius
948 4819 1039 4859 me
1088 4806 1285 4861 evasit.
1318 4829 1345 4857 ››
1376 4802 1614 4873 Seneca,
1645 4808 1716 4863 ad
1750 4807 2048 4874 Marciam,
2162 4826 2212 4865 c.
2245 4802 2308 4875 8';
2341 4810 2406 4865 de
2436 4802 2627 4875 Morte,
2664 4826 2702 4871 ι,
2732 4812 2790 4861 C.
2820 4806 2963 4861 Hav.

405 4895 454 4932 c.
479 4878 674 4954 722_de
701 4878 887 4954 patre
945 4876 1072 4954 ejus
1112 4875 1409 4935 Cremutio
1439 4882 1644 4946 Cordo,
1677 4880 1787 4954 sub
1844 4873 2051 4954 eodem
2159 4950 2205 4954 __
2228 4873 2341 4951 (98)
2377 4887 2450 4936 De
2502 4873 2745 4954 (tumulis
2794 4878 3063 4954 Prorutis.
3092 4878 3185 4954 ita
3208 4877 3343 4954 Βία.
3371 4893 3440 4954 ex
3468 4874 3614 4954 God.
3646 4873 3841 4954 Fuld.

402 4948 667 5019 principe
700 4947 893 5022 inedia
924 4949 1069 5002 mori
1101 4954 1275 5015 certo,
1320 4968 1389 5006 ne
1430 4969 1564 5008 reus
1596 4950 1809 5022 periret
1842 4967 1853 5005 :
1881 4974 1908 5003 «
1943 4952 2048 5006 Ac-
2158 4947 2332 5007 Nota
2358 4952 2593 5008 locutio.
2626 4951 2735 5004 Alii
2792 4949 2857 5003 de
2914 4950 3137 5005 Romulo
3196 4948 3435 5022 Proculi.
3495 4948 3843 5022 Augustin.

401 5018 723 5083 ousatores,
755 5019 962 5086 Seiano
1011 5024 1266 5081 auctore.
1311 5024 1532 5078 adeunt
1580 5018 1893 5077 consulum
1940 5022 2046 5075 tri-
2158 5024 2231 5076 de
2261 5025 2373 5079 Civ.
2412 5027 2523 5089 Dei,
2561 5023 2595 5078 l.
2630 5038 2715 5085 III,
2748 5036 2798 5073 ο.
2832 5022 2916 5089 15,
2951 5022 3207 5076 ostendit
3236 5039 3306 5077 ex
3339 5020 3613 5075 Cicerone
3649 5018 3841 5075 illam

397 5092 677 5147 bunalia:
714 5095 1045 5161 queruntur
1090 5094 1232 5147 mori
1284 5096 1556 5161 Cordum,
1608 5094 2045 5161 interpellantes
2154 5094 2307 5150 inter
2341 5102 2483 5151 Deos
2518 5092 2744 5148 Romuli
2778 5093 3169 5163 receptionem
3205 5094 3489 5147 creditam
3522 5104 3652 5144 esse
3686 5106 3845 5163 ma-

395 5165 549 5234 quod
584 5167 920 5237 coegerant.
956 5164 1110 5217 Adeo
1139 5162 1260 5237 illis
1290 5167 1509 5221 Cordus
1539 5164 1845 5220 videbatur
1895 5165 2043 5219 eﬁ'u-
2153 5166 2244 5235 gis
2287 5185 2460 5237 quam
2516 5170 2748 5221 factam.
2782 5162 3159 5237 Nec’mirum
3207 5180 3363 5237 cum
3392 5163 3569 5237 etiam
3600 5176 3760 5237 sepu
3784 5162 3845 5217 l-

391 5231 792 5311 gere.__Magna
824 5249 934 5311 res_
964 5234 1224 5311 erat_in_7
1248 5238 1583 5306 quaestione,
1618 5254 1688 5292 an
1746 5241 1930 5291 morte
1960 5238 2041 5293 rei
2152 5231 2318 5311 crum
2375 5241 2502 5311 ejus
2538 5235 2863 5311 exstiterit,
2904 5234 2966 5311 si_
3002 5236 3245 5291 Varroni
3296 5236 3473 5311 ﬁdes._
3510 5231 3831 5311 Porphyr.

391 5302 865 5391 prohiberentur.
900 5305 1050 5391 llum
1093 5302 1469 5391 deliberatur,
1499 5311 1639 5366 dum
1671 5313 2041 5366 accusatores
2149 5310 2233 5391 ad
2279 5302 2473 5391 Horat.
2529 5310 2695 5391 Epod.
2747 5302 2857 5391 lib.
2900 5306 2972 5362 ad
3010 5324 3286 5391 carmen,
3321 5306 3477 5391 quod
3533 5302 3761 5391 incipit
3811 5324 3829 5362 :

389 5376 1005 5463 iterqm_a_deunt,_ille
1032 5376 1475 5463 senabsplverat':
1499 5405 1525 5432 »
1616 5453 1659 5463 _
1733 5455 1743 5463 7
2066 5398 2114 5463 D
2147 5381 2487 5463 {luerajam
2519 5376 2741 5463 teritur,
2775 5376 2883 5463 hoc
2929 5382 3091 5463 notat
3124 5376 3511 5463 idqvgl’arro
3537 5378 3655 5463 post
3687 5392 3848 5463 rp:-

456 5452 567 5523 (96)
605 5454 748 5513 Dies.
780 5450 1043 5524 medium.
1090 5450 1410 5524 conﬁrmat
1462 5454 1586 5524 ipse
1616 5449 2034 5516 Tertullianus,
2066 5449 2112 5463 "
2146 5457 2239 5507 tra
2268 5449 2445 5524 fuisse
2473 5453 2782 5521 sepulcrum
2832 5450 3059 5524 Romuli
3108 5450 3263 5507 dicit.
3300 5453 3499 5521 Itaque
3529 5462 3664 5524 vere
3698 5449 3849 5524 Aus

386 5520 810 5581 Advﬁludzeos.
846 5540 894 5576 c.
932 5522 998 5596 170
1032 5537 1044 5574 :
1074 5543 1101 5569 «
1132 5521 1275 5579 Nam
1308 5526 1461 5594 quod
1487 5520 1551 5579 in
1586 5524 1859 5596 passione
1904 5524 2034 5596 eius
2145 5520 2367 5591 gustin.
2409 5549 2437 5576 ‹‹
2484 5524 2753 5596 Viderint
2807 5522 3050 5591 quidam
3110 5520 3422 5594 scriptores
3474 5520 3677 5581 etiam,
3720 5523 3851 5590 qui

381 5596 701 5669 accidit,7ut
725 5596 915 5669 media
939 5594 1062 5647 dies
1089 5596 1532 5669 tepebrescerrt,
1554 5594 1727 5651 Amos
1754 5595 2037 5669 propheta
2146 5614 2279 5669 eum
2318 5602 2553 5669 prepter
2584 5594 2944 5650 ferocitatem
2980 5612 3012 5648 a
3038 5600 3253 5649 Senatu
3288 5596 3648 5669 discerptum
3669 5607 3855 5669 esse

387 5668 717 5724 annuntiat.
772 5667 970 5721 dicens
1006 5682 1072 5740 :_«
1125 5666 1187 5720 Et
1234 5669 1359 5730 erit,
1413 5668 1626 5740 inquit,
1661 5670 1720 5723 in
1756 5661 1872 5722 'die'
1906 5666 2033 5731 illa,
2147 5661 2443 5737 dixerunt,
2502 5670 3012 5740 subornatumque
3076 5669 3274 5723 nescio
3318 5661 3513 5740 quem
3585 5661 3857 5723 Julium

386 5740 518 5796 dicit
566 5741 851 5812 Dominus,
887 5738 1090 5797 occidet
1142 5740 1221 5795 sol
1275 5740 1460 5799 media
1496 5736 1628 5810 'dic,
1686 5741 2034 5807 tcncbrcscet,
2148 5740 2482 5811 Proculum,
2505 5741 2603 5814 qui
2630 5755 2766 5798 eum
2787 5736 2901 5796 sibi
2926 5740 3275 5811 apparuisse
3300 5736 3863 5810 diceret,eumque
