4054 6174
238 376 345 436 461

1336 375 1929 438 APOLOGETICUS
1974 376 2160 438 ADV.
2207 375 2541 437 GENTES.

3522 378 3646 440 462

232 507 441 563 solent.
478 507 557 562 Ea
584 508 738 562 403
787 508 989 563 omnia
1038 523 1217 579 super
1263 507 1496 563 Christo
1550 508 1790 573 Pilatus,
1831 511 1887 563 et
1914 512 1970 579 Α
2003 509 2297 575 transfert,
2330 512 2389 563 e't
2436 509 2838 565 transferendo
2868 510 2997 581 jam
3030 526 3143 567 non
3195 510 3333 568 colit
3361 512 3515 583 quod
3546 528 3649 568 ne-

230 598 353 670 ipse
404 597 530 667 jam
591 614 693 669 pro
753 614 860 652 sua
922 596 1283 653 conscientia
1339 596 1707 653 Christianus
1753 597 1885 668 (99),

228 687 436 742 Caesari
470 690 597 740 tum
649 686 879 742 Tiberio
926 687 1353 742 nuntiavit.Sed
1388 692 1445 743 et
1474 688 1730 744 Caesares
1762 702 1885 742 cre-

228 774 523 829 didissent
550 791 729 846 super
758 775 1012 839 Christo.
1046 776 1095 831 si
1128 780 1230 831 aut
1260 778 1514 832 Caesares
1548 793 1661 832 non
1694 780 1887 831 essent

228 862 444 920 saeculo
496 864 810 920 necessarii
842 865 941 936 (1),
976 870 1078 921 aut
1124 865 1173 921 si
1205 870 1262 921 et
1294 865 1607 921 Christiani
1655 866 1884 938 potuis-

227 959 357 1010 sent
389 969 523 1009 esse
554 956 808 1009 Caesares
841 956 941 1023 (2).
980 954 1262 1026 Discipuli
1292 972 1525 1026 quoque
1555 954 1753 1010 diffusi
1784 970 1886 1026 per

226 1043 453 1108 orbem,
486 1058 555 1097 ex
602 1049 889 1114 pracepto
942 1045 1209 1115 magistri
1255 1044 1356 1099 Dei
1410 1050 1749 1115 paruerunt,
1784 1044 1884 1114 qui

225 1138 277 1188 et
307 1132 427 1203 ipsi
461 1149 497 1186 a
525 1131 747 1187 Judaeis
776 1132 1228 1203 insequentibus
1261 1133 1450 1189 multa
1480 1133 1883 1205 perpessi,uti-

225 1238 335 1293 que
372 1238 481 1293 pro
515 1221 727 1276 fiducia
759 1221 1024 1277 veritatis
1056 1222 1323 1292 libenter,
1356 1222 1550 1278 Romae
1591 1230 1884 1293 postremo

223 1328 323 1382 per
356 1310 612 1365 Neronis
645 1310 952 1381 saevitiam,
982 1311 1329 1383 sanguinem
1362 1312 1760 1366 Christianum
1794 1328 1883 1367 se-

222 1401 627 1455 minaverunt.
669 1399 779 1453 Sed
833 1400 1300 1455 monstrabimus
1339 1402 1383 1434 ⁶⁰
1430 1400 1595 1455 vobis
1643 1400 1884 1455 idoneos

220 1492 406 1543 testes
455 1488 695 1553 Christi,
729 1487 891 1559 ipsos
938 1488 1071 1543 illos
1118 1506 1265 1561 quos
1316 1490 1593 1545 adoratis.
1634 1489 1882 1544 Multum

222 1586 327 1645 est,
363 1578 417 1633 si
452 1594 550 1633 eos
577 1576 891 1633 adhibeam
946 1584 1010 1632 ut
1040 1578 1291 1634 credatis
1343 1578 1713 1650 Christianis,
1747 1594 1883 1649 pro-

220 1672 349 1739 pter
381 1684 534 1739 quos
584 1683 703 1722 non
753 1667 990 1723 creditis
1039 1667 1385 1723 Christianis
1416 1670 1480 1721 δ’.
1518 1668 1753 1723 Interim
1789 1668 1882 1724 hic

218 1760 308 1812 est
338 1756 488 1811 ordo
521 1759 735 1811 nostra)
784 1755 1198 1826 institutionis,
1232 1757 1390 1813 hunc
1420 1756 1717 1812 edidimus
1748 1758 1792 1791 ⁸³
1823 1761 1881 1812 et

218 1850 392 1900 secta
427 1852 487 1900 et
516 1844 773 1900 nominis
804 1861 1045 1902 censum
1101 1863 1235 1901 cum
1271 1863 1376 1901 suo
1408 1852 1662 1901 auctore.
1696 1850 1878 1903 Nemo

211 1936 335 2006 jam
366 1934 678 1989 infamiam
710 1933 980 2001 incutiat,
1014 1951 1187 1990 nemo
1220 1933 1380 1990 aliud
1413 1935 1882 2006 existimet,quia

218 2041 322 2079 nec
356 2026 449 2079 las
479 2024 526 2057 ⁶²
556 2029 646 2078 est
694 2022 798 2077 ulli
834 2024 904 2078 de
950 2040 1057 2078 sua
1107 2023 1344 2095 regione
1399 2025 1654 2079 mentiri.
1686 2025 1767 2079 Ex
1815 2042 1882 2081 eo

218 2114 400 2180 enim,
430 2111 773 2185 quod‘aliud
802 2129 835 2166 a
866 2129 927 2167 se
959 2112 1067 2168 coli
1101 2113 1267 2180 dicit,
1303 2130 1479 2184 quam
1513 2113 1671 2181 colit,
1708 2119 1883 2185 negat

220 2203 380 2274 quod
432 2200 590 2268 colit,
623 2205 679 2255 et
708 2199 1000 2256 culturam
1033 2206 1090 2257 et
1139 2202 1423 2257 honorem
1455 2202 1588 2269 “ciu
1631 2202 1880 2257 alterum

1996 598 2171 670 gavit.
2186 596 2465 668 Dicimus,
2500 601 2554 653 et
2584 596 2779 669 palam
2808 598 3148 668 dicimus,et
3170 601 3336 657 vobis
3364 604 3649 674 torquen-

1995 688 2155 741 tibus
2187 686 2421 741 lacerati
2470 692 2526 741 et
2556 686 2782 741 cruenti
2824 688 3214 744 vociferamur
3246 707 3257 745 :
3293 690 3476 745 Deum
3505 689 3644 746 coli-

1997 792 2129 831 mus
2185 792 2287 845 per
2345 775 2663 831 Christum.
2701 775 2869 831 Illum
2930 776 3230 833 hominem
3288 783 3508 850 putate,
3542 796 3647 851 per

1994 881 2129 920 eum
2176 871 2232 919 et
2280 864 2337 918 in
2389 878 2454 918 eo
2486 881 2548 919 se
2599 865 2871 936 cognosci
2919 865 3045 920 vult
3093 866 3249 922 Deus
3299 870 3356 922 et
3404 866 3535 923 coli.
3568 868 3643 923 Ut

1995 958 2191 1009 autem
2248 953 2467 1009 Judaeis
2523 954 2927 1025 respondeam,
2989 959 3047 1011 et
3103 955 3217 1027 ipsi
3295 956 3483 1011 Deum
3539 972 3643 1027 per

1994 1042 2336 1114 [hominem]
2372 1046 2603 1114 Moysen
2634 1044 2679 1077 ⁸⁵
2709 1042 2895 1098 colere
2926 1043 3295 1111 didicerunt;
3333 1050 3397 1100 ut
3426 1045 3641 1102 Graecis

1993 1148 2316 1201 occurram,
2351 1132 2617 1203 Orpheus
2649 1132 2864 1198 Pieria,
2898 1132 3150 1188 Musmus
3183 1136 3337 1189 404
3376 1135 3638 1201 Athenis,

1992 1221 2313 1292 Melampus
2361 1222 2551 1293 Argis,
2586 1220 2960 1290 Trophonius
3014 1222 3241 1278 Boeotia
3290 1222 3638 1278 initiationi-

1992 1311 2100 1365 bus
2135 1310 2403 1365 homines
2451 1309 2899 1381 obligaverunt;
2929 1314 2991 1365 ut
3020 1311 3092 1365 ad
3138 1328 3240 1366 vos
3271 1328 3506 1383 quoque
3538 1312 3638 1367 do-

1994 1400 2311 1455 minatores
2345 1400 2607 1471 gentium
2643 1399 3144 1470 aspiciam,homo
3176 1400 3284 1455 fuit
3314 1401 3641 1473 Pompilius

1994 1488 2312 1560 Numa,qui
2342 1493 2637 1544 Romanos
2659 1488 3093 1560 operosissimis
3119 1489 3643 1561 superstitionibus

1994 1577 2271 1633 oneravit.
2310 1577 2565 1632 Licuerit
2597 1584 2653 1632 et
2680 1578 2905 1633 Christo
2949 1580 3337 1633 commentari
3367 1578 3640 1635 divinita-

1992 1674 2105 1725 tem
2142 1686 2263 1724 rem
2318 1668 2649 1741 propriam;
2686 1687 2800 1724 non
2851 1668 2953 1740 qui
2986 1670 3218 1741 rupices
3254 1671 3324 1741 (3)
3358 1676 3415 1726 et
3446 1670 3640 1726 adhuc

1991 1760 2141 1815 feros
2172 1758 2441 1813 homines
2474 1757 2850 1813 multitudine
2882 1763 2967 1813 tot
2998 1758 3310 1814 numinum
3341 1760 3645 1815 demeren-

1990 1848 2199 1903 dorum
2229 1847 2507 1903 attonitos
2540 1846 2848 1902 efficiendo
2876 1848 2948 1902 ad
2973 1847 3401 1904 humanitatem
3421 1852 3642 1919 tempe-

1991 1942 2166 2005 raret,
2200 1953 2314 2007 quo
2365 1935 2587 2001 Numa;
2622 1936 2721 1991 sed
2756 1936 2855 2007 qui
2900 1936 3029 2006 jam
3076 1936 3362 2008 expolitos
3411 1941 3468 1992 et
3510 1937 3641 2009 ipsa

1992 2026 2323 2080 urbanitate
2357 2025 2629 2096 deceptos
2659 2024 2717 2079 in
2752 2024 3112 2097 agnitionem
3143 2025 3405 2080 veritatis
3434 2024 3637 2081 ocula-

1990 2117 2077 2168 ret
2134 2114 2229 2184 (4).
2274 2112 2522 2177 Queerite
2567 2128 2724 2184 ergo,
2759 2113 2807 2168 si
2865 2129 3000 2168 vera
3056 2112 3135 2168 sit
3190 2112 3304 2168 ista
3360 2114 3637 2170 divinitas

1988 2202 2220 2257 Christi.
2254 2201 2314 2257 Si
2345 2217 2413 2257 ea
2442 2206 2550 2269 est,
2585 2218 2700 2272 qua
2730 2203 2964 2274 cognita
2994 2203 3065 2258 ad
3120 2202 3338 2258 bonum
3371 2203 3505 2274 quis
3545 2221 3638 2260 re-

1662 2310 1867 2371 Variae
1896 2308 2221 2372 lectiones.

285 2410 334 2443 θο
366 2405 914 2461 Demonstrabimus
947 2406 1180 2461 Semler.

1278 2407 1322 2442 ⁸³
1348 2406 1694 2470 Adhibeam,
1729 2412 1793 2461 ut
1823 2408 2073 2462 credatis
2103 2406 2417 2461 Christiani
2446 2408 2613 2460 Fran.

2707 2408 2752 2441 δ’
2781 2406 3089 2462 Edidimus
3130 2408 3293 2463 Fran.
3389 2407 3434 2441 ⁸⁸
3463 2407 3638 2464 Nefas

218 2480 307 2535 αι.
387 2479 436 2513 ⁸*
466 2479 529 2532 In
556 2478 683 2533 cod.
716 2477 871 2552 If‘atd.
905 2478 1109 2552 desunt
1133 2496 1213 2534 vv.
1247 2484 1304 2552 et
1334 2479 1648 2552 cultarum.
1682 2479 1744 2533 In
1789 2479 1908 2533 cod.
1941 2479 2107 2550 Agob.
2151 2479 2209 2533 in
2259 2479 2562 2546 honorem,
2612 2482 2907 2550 utrumque
2954 2478 3173 2535 videtur
3217 2479 3284 2535 ab
3334 2478 3632 2552 interprete

212 2552 491 2624 adjectum
519 2565 653 2605 esse.
729 2550 773 2583 ⁸⁵
806 2549 938 2605 Cod.
972 2550 1129 2606 Futd.
1168 2554 1217 2606 et
1248 2551 1383 2606 Hav.
1417 2567 1519 2623 per
1550 2551 1807 2623 Moysen.

1664 2658 2186 2720 Commentarios.

206 2774 312 2829 per
344 2771 408 2811 se
441 2753 660 2827 populo
694 2754 1007 2829 mandasse
1039 2758 1322 2829 Romano,
1350 2760 1419 2829 ut
1443 2756 1596 2811 inter
1625 2754 1872 2810 numina

202 2826 523 2891 coleretur,
559 2842 743 2896 eoque
776 2826 949 2880 modo
983 2826 1289 2897 populum,
1323 2828 1422 2898 qui
1455 2833 1665 2882 contra
1695 2843 1871 2881 sena-

201 2906 335 2955 tum
367 2902 768 2955 intumescere
822 2906 1094 2968 coeperat,
1128 2915 1461 2969 repressum
1494 2904 1665 2969 atque
1702 2900 1869 2953 seda-

198 2978 349 3028 tum.
392 2994 423 3019 »
462 2971 607 3026 Nam
640 2974 795 3023 certe
849 2970 1102 3028 precatio
1133 2972 1277 3024 satis
1308 2972 1671 3025 divinitatem
1718 2970 1866 3025 obti-

200 3045 411 3099 nuisse
446 3044 618 3096 docet
646 3039 1049 3113 Aurel.Victor
1079 3042 1135 3094 in
1170 3043 1397 3113 Epir.in
1433 3043 1624 3097 Marco
1652 3044 1843 3096 Anton

201 3139 229 3166 ιι
261 3117 333 3170 Et
363 3115 530 3187 quod
582 3114 652 3167 de
704 3112 952 3167 Romulo
985 3112 1467 3187 aegre_creditum
1490 3120 1627 3187 gest,
1660 3129 1866 3169 omnes

199 3189 325 3260 pari
364 3184 555 3260 sensu
580 3184 1368 3260 przesutnpserunt,Marcum
1403 3185 1542 3240 coelo
1566 3191 1864 3260 receptum

202 3257 355 3316 esse,
394 3280 425 3307 »
461 3258 560 3328 Et,
589 3257 704 3310 huc
736 3258 959 3328 Aforsan
1018 3257 1216 3328 referri
1273 3262 1465 3328 potest
1519 3257 1866 3312 seminudus

199 3331 299 3387 ille
359 3327 616 3398 invenis,
650 3325 750 3398 qui
800 3329 951 3397 apud
1004 3325 1319 3383 Bellorium
1369 3328 1427 3383 in
1478 3329 1656 3383 Admi.
1708 3331 1861 3384 Rom.

196 3404 390 3474 Antiq.
437 3401 710 3474 Vestigiis,
760 3399 1001 3474 tab._36,
1042 3400 1379 3474 Ifaustinam
1428 3399 1863 3474 Marci,_babit_u

197 3469 405 3531 Diana:
466 3469 762 3540 Luciferis,
794 3470 938 3526 ccelo
986 3472 1208 3540 inferri,
1238 3472 1478 3529 intentis
1531 3469 1715 3527 oculis
1764 3472 1866 3527 ad-

196 3548 485 3613 miratur,
517 3543 627 3599 nisi
682 3540 883 3614 potius
913 3560 981 3598 ex
1028 3542 1231 3599 habitu
1261 3549 1318 3600 et
1369 3544 1719 3611 diademate,
1752 3559 1866 3614 quo

197 3624 383 3690 caput
414 3621 686 3690 ornatur,
712 3620 863 3669 Deus
887 3614 1105 3690 Genius
1135 3616 1214 3690 sit
1242 3616 1620 3690 aestimandus
1655 3632 1667 3671 :
1702 3618 1872 3671 tanta

194 3686 437 3746 scilicet
491 3688 691 3760 glorias
720 3686 990 3743 vecordia
1040 3687 1305 3744 homines
1352 3688 1692 3760 incesserat.
1718 3692 1912 3760 (Suet

1978 2754 2059 2809 ita
2091 2753 2385 2828 memoria:
2418 2754 2546 2828 ejus
2580 2754 3158 2811 favere.C/zristianus
3180 2755 3376 2828 itaque
3406 2754 3636 2813 Pilatus

1978 2828 2195 2900 dicitur
2226 2826 2457 2900 Nostro,
2482 2825 2655 2894 plane
2688 2831 2750 2900 ut
2782 2842 2884 2895 per
2904 2828 3105 2900 jocum
3140 2825 3367 2883 Livium
3398 2832 3633 2900 Augus-

1978 2904 2075 2952 tus
2108 2898 2527 2969 Pompeianum
2562 2897 2854 2968 appellare
2885 2898 3129 2964 solebat,
3163 2901 3317 2969 quod
3351 2897 3540 2956 exstat
3571 2900 3630 2956 in

1978 2968 2261 3041 przeclara’
2310 2968 2650 3042 defensione
2683 2971 2981 3042 _Cremutii
3042 2968 3211 3027 Cordi
3254 2973 3409 3042 apud
3459 2972 3626 3027 Taci-

1977 3040 2124 3114 tum,
2158 3058 2213 3095 ιν
2242 3040 2440 3114 Annal.
2471 3042 2539 3114 34
2574 3058 2586 3095 ;
2621 3062 2647 3089 ‹‹
2681 3040 2848 3114 Titus
2883 3042 3113 3114 ALivius,
3161 3040 3507 3114 eloquentia
3555 3057 3623 3098 ac

1976 3113 2127 3185 fidei
2161 3111 2473 3185 praeclarus
2521 3111 2834 3184 imprimis,
2869 3112 2976 3168 Gn.
3032 3111 3376 3185 Pompeium
3435 3114 3622 3170 tantis

1975 3184 2249 3258 laudibus
2279 3184 2434 3252 tulit,
2471 3191 2529 3258 ut
2557 3186 2978 3258 Pompeianum
3029 3203 3157 3240 eum
3184 3184 3490 3258 Augustus
3521 3204 3624 3258 ap-

1976 3257 2219 3340 pellaret
2249 3272 2263 3310 :
2301 3272 2487 3340 neque
2515 3255 2573 3308 id
2607 3256 2874 3340 amicitiai
2923 3273 3137 3340 eorum.
3157 3255 3622 3340 oli‘ecit._»'_Libet

1976 3327 2176 3399 itaque
2206 3327 2533 3401 exclamare
2566 3329 2633 3381 ad
2671 3329 2964 3401 Pontium,
2999 3334 3063 3383 ut
3092 3333 3300 3384 Noster
3328 3331 3400 3385 ad
3430 3330 3624 3401 Traja-

1977 3418 2140 3465 num,
2174 3416 2222 3453 c.
2257 3402 2291 3451 2
2323 3417 2373 3453 :«
2406 3400 2449 3453 Ο
2477 3399 2828 3453 sententiam
2861 3403 3208 3457 necessitate
3236 3399 3622 3457 confusam‘l»

1976 3479 2077 3528 et:
2114 3494 2142 3521 «
2177 3470 2324 3536 Quid
2378 3470 2754 3541 temetipsam
2803 3487 3051 3529 censura
3096 3473 3534 3529 circumvenis?
3574 3471 3627 3528 si

1976 3546 2245 3616 damnas,
2280 3559 2385 3597 cur
2432 3541 2682 3616 inquiris
2703 3542 2810 3616 ?Asi
2838 3544 3111 3616 inquiris,
3145 3563 3247 3601 cur
3277 3563 3393 3602 non
3433 3549 3490 3601 et
3519 3544 3629 3600 ab-

1979 3617 2156 3674 solvis
2182 3615 2210 3668 ‘I
2240 3635 2268 3663 ››
2300 3618 2365 3668 ut
2397 3614 2638 3683 paulum
2669 3614 2985 3672 inﬂectam.
3018 3617 3165 3673 HAV.

2052 3688 2123 3759 (1)
2157 3686 2217 3741 Si
2244 3689 2344 3759 aut
2393 3685 2641 3759 Caesares
2686 3702 2798 3742 non
2842 3698 3021 3745 essent
3064 3689 3262 3744 swculo
3308 3685 3635 3745 necessarii.

192 3763 429 3831 tonius,
466 3757 533 3815 ἀὲ
561 3760 798 3829 Augusti
845 3774 1058 3831 anima,
1091 3775 1217 3829 cap.
1252 3777 1283 3814 α
1316 3776 1328 3813 :
1365 3782 1392 3808 «
1429 3759 1542 3816 Nec
1572 3758 1759 3831 defuit
1788 3757 1873 3813 vir
1980 3757 2234 3823 Ilo‘c'est,
2267 3758 2514 3831 imperio
2549 3758 2832 3826 Romano,
2858 3761 3251 3831 quodtandiu
3281 3761 3638 3831 duraturum

236 3829 549 3897 maturius,
587 3831 688 3903 qui
736 3846 799 3885 se
828 3830 1084 3903 efﬁgiem
1129 3830 1371 3886 cremati
1402 3829 1724 3903 euntemin
1759 3846 1872 3884 coe-

220 3922 317 3963 um
347 3904 583 3960 vidisse
603 3901 887 3975 iurasset.
917 3919 951 3975 n_
981 3901 1090 3975 Sed
1122 3903 1258 3958 audi
1289 3902 1602 3959 Tertull.de
1632 3901 1871 3972 Spectat.

196 3996 331 4057 cap.
372 3976 491 4032 ult.
526 3972 623 4029 de'
645 3990 817 4057 pmna
862 3972 1074 4057 inferni
1108 3990 1121 4029 :
1155 3977 1501 4057 «(‘ta‘pectans
1530 3978 1617 4057 tot
1648 3989 1715 4027 ac
1745 3978 1874 4027 tan-

193 4043 288 4105 tos
322 4064 529 4119 reges,
563 4043 673 4119 qui,
698 4045 756 4100 in
781 4043 987 4119 caelum
1019 4045 1232 4119 recepti
1262 4043 1704 4119 nuntiabantur,
1740 4060 1874 4119 cum

192 4122 329 4192 ipso
368 4115 522 4192 Jove
552 4124 610 4172 et
661 4118 792 4172 istis
845 4115 977 4192 suis
1018 4115 1267 4192 testibus
1322 4118 1380 4171 in
1420 4118 1567 4192 _imis
1618 4116 1877 4192 tenebris

197 4187 752 4263 c-ongemiscentes.
778 4208 813 4263 _n
848 4187 1059 4242 Verius
1089 4188 1160 4243 de
1190 4188 1644 4263 triumphatore
1671 4187 1878 4263 mortis

194 4258 352 4321 Jesﬁ
387 4267 602 4318 nostro
651 4260 793 4315 illud
830 4276 1209 4330 usurpamus,
1242 4258 1399 4330 quod
1446 4278 1557 4316 non
1591 4258 1702 4315 nisi
1735 4260 1879 4315 adu-

190 4336 422 4394 latorie
449 4333 726 4389 Valerius
778 4330 1064 4386 Maximus
1096 4332 1167 4386 de
1213 4330 1370 4387 Julio
1418 4331 1641 4388 Caesare
1690 4333 1881 4387 dicere

192 4409 429 4482 patuit,
469 4423 546 4469 ιν,
644 4422 720 4482 :__«_
755 4402 819 4482 _In
854 4404 1008 4482 hunc
1031 4404 1282 4482 _modum
1337 4420 1452 4460 non
1486 4404 1755 4459 homines
1786 4420 1881 4459 ex-

188 4474 469 4553 spirant,
506 4477 609 4534 sed
642 4477 723 4531 dii
738 4474 1115 4553 _immortales
1149 4476 1317 4531 sedes
1358 4493 1497 4553 suas
1530 4481 1817 4553 repetunt.
1853 4496 1883 4525 »

189 4546 493 4608 A'lludere
544 4553 688 4621 puto
736 4546 1164 4621 Tertullianum
1207 4564 1354 4621 (cum
1388 4548 1528 4603 dicit
1565 4547 1635 4602 ad
1680 4548 1808 4621 Nat.
1843 4563 1883 4611 ι,

190 4628 259 4679 10
295 4642 310 4677 :
351 4647 384 4673 (ι
423 4617 642 4678 Coram
695 4617 909 4689 populo
960 4635 1076 4673 non
1126 4619 1415 4690 pejeraret
1461 4619 1887 4690 contemplator

185 4696 423 4753 cmlitis
478 4690 787 4747 incoatum
836 4691 1071 4762 recepti.
1104 4711 1133 4762 υ
1168 4690 1281 4745 Sed
1330 4690 1424 4762 hic
1467 4691 1631 4746 locus
1687 4694 1890 4762 monet

185 4786 285 4824 me
321 4764 655 4823 medicina:
680 4779 805 4835 qua
834 4761 1075 4835 summe,
1110 4761 1336 4834 indiget
1362 4761 1463 4817 illo
1496 4762 1684 4832 capite
1717 4761 1885 4835 libel-

187 4842 287 4897 lus
338 4841 501 4896 isto.
560 4833 793 4908 Legitur
822 4834 901 4890 ibi
937 4852 950 4889 :
985 4856 1013 4884 ‹‹
1048 4834 1188 4897 Quis
1238 4835 1427 4908 istam,
1464 4833 1882 4908 contumeliam

187 4915 489 4977 excuset,
526 4906 659 4979 quae
689 4915 748 4979 ut
781 4911 883 4961 aut
914 4911 1178 4961 mortuos
1211 4921 1345 4960 cum
1399 4906 1523 4979 deis
1550 4907 1828 4979 deputet;
1863 4927 1886 4956 ι

188 5001 391 5055 quem
429 4976 640 5055 lucum
664 4978 862 5055 minus
894 4994 1102 5033 sanum
1131 4977 1479 5055 pronuntiat
1500 4976 1655 5055 recte
1687 4976 1896 5055 Gotho-

187 5047 444 5125 fredus,
484 5051 843 5125 medicinam
903 5066 1015 5103 non
1077 5047 1685 5125 adhibetLVRigaltius
1740 5047 1883 5125 nihil

187 5120 603 5192 notat,'nihil
654 5127 879 5186 mutat;
919 5138 1096 5175 unam
1141 5120 1269 5175 dele
1316 5120 1659 5190 litterulam,
1711 5120 1891 5175 veris-

188 5202 362 5256 sima
397 5199 681 5267 emerget
728 5191 923 5267 lectio,
958 5192 1269 5267 scribendo
1320 5196 1438 5267 utut
1469 5197 1732 5267 mortuos,
1767 5192 1805 5247 i.
1835 5206 1890 5267 _e.

186 5262 613 5348 quocunque
646 5266 819 5348 modo
850 5264 1339 5348 tandem.mortui
1383 5265 1636 5348 fuerint,
1668 5262 1892 5348 utscil.

186 5334 446 5400 scaevus
494 5334 616 5393 iste
667 5334 977 5403 Romulus,
1013 5334 1113 5407 qui
1150 5335 1455 5406 dissipatis
1504 5336 1787 5392 membris
1823 5351 1897 5390 ne

186 5418 450 5487 integer
489 5409 729 5487 quidem
746 5407 1061 5487 _tumulum
1095 5406 1487 5487 invenit1Yide
1516 5408 1706 5487 plura,
1741 5407 1895 5487 apud

184 5479 590 5559 interpretes
637 5485 695 5559 _et
728 5480 1141 5559 Elmenhorst.
1172 5479 1597 5559 ad_1ttinuc.'p.
1629 5481 1733 5559 56._
1756 5481 1895 5559 llav.

258 5551 397 5627 (99)
433 5554 799 5627 Conscientia
833 5551 1344 5627 Cleristianas,_Cui
1376 5567 1510 5607 cum
1541 5551 1901 5627 Conscientia

185 5622 481 5689 dictaret
520 5626 739 5696 injuste
787 5624 1130 5696 accusatum
1179 5622 1502 5687 Christum,
1540 5624 1762 5679 nullam
1810 5622 1898 5679 vel

184 5705 546 5761 minimam
581 5693 803 5752 noxam
844 5696 904 5749 in
954 5695 1053 5769 illo
1098 5693 1347 5769 inveniri
1399 5713 1596 5769 posse,
1630 5699 1899 5769 coactum

185 5796 307 5834 non
351 5770 788 5829 voluntarium
821 5783 883 5821 se
916 5768 988 5822 ad
1022 5766 1766 5838 puniendum'accessisse,
1798 5767 1901 5823 ubi

187 5850 462 5911 nullum
506 5846 633 5899 erat
662 5840 965 5909 delictum,
984 5854 1225 5896 necesse
1254 5839 1482 5910 habuit,
1517 5846 1581 5897 ut
1609 5841 1721 5912 ipsi
1750 5841 1898 5910 vivo,

1982 3830 2256 3887 dicebant
2277 3830 2539 3900 quandiu
2564 3831 2859 3885 saculum.
2883 3829 2979 3885 Ex
2998 3830 3098 3885 illo
3126 3832 3395 3887 videlicet
3425 3829 3584 3887 Pauli
3620 3845 3635 3886 :

1985 3924 2014 3955 «
2043 3903 2293 3957 Tantum
2329 3902 2429 3972 qui
2459 3907 2635 3957 tenet.
2673 3924 2699 3951 »
2732 3902 2812 3956 F1.
2850 3903 3135 3974 Vopiscus
3167 3905 3237 3959 de
3266 3902 3638 3966 Aureliano,»

1982 3975 2089 4029 Hic
2118 3974 2274 4048 finis,
2307 3974 2861 4048 inquit,_Aureliano
2896 3976 3023 4043 fuit,
3061 3975 3313 4048 principi
3362 3989 3633 4031 necessa-

1986 4048 2070 4102 rio
2103 4046 2292 4117 magis
2322 4062 2496 4115 quam
2530 4046 2701 4100 bono.
2733 4068 2761 4095 »
2796 4048 2920 4102 Pun.

2059 4119 2133 4187 (2)
2165 4115 2279 4189 Aitt
2321 4120 2371 4173 si
2412 4122 2465 4172 et
2512 4117 2823 4173 Christiani
2866 4118 3172 4189 potuissent
3215 4130 3328 4171 esse
3381 4115 3638 4189 Caesares.

1988 4191 2183 4272 Longe
2210 4188 2335 4244 alia;
2368 4194 2594 4272 mentes
2640 4188 3102 4272 Christianorum
3130 4189 3295 4272 fuere
3322 4188 3640 4272 subOCons-

1988 4258 2242 4326 tantino,
2274 4276 2449 4333 quem
2482 4266 2538 4315 et
2568 4262 2764 4316 saeculi
2796 4263 3214 4333 praesidem,et
3238 4258 3641 4333 Christianum

1989 4349 2118 4390 esse
2176 4328 2442 4405 potuisse
2498 4328 2814 4400 dixerunt;
2836 4340 2893 4389 et
2950 4332 3185 4403 quantis
3242 4347 3359 4386 non
3405 4328 3641 4405 ingenii

1989 4401 2426 4461 Graeci'viribus
2474 4405 2867 4473 probaverunt
2898 4406 2909 4460 l
2936 4401 3054 4461 Sub
3079 4420 3144 4459 eo
3177 4408 3329 4459 certe
3360 4401 3645 4457 Christia-

1992 4493 2202 4549 narum
2255 4494 2448 4549 rerum
2481 4476 2671 4531 adhuc
2703 4478 2905 4549 ignaro
2938 4476 3193 4549 hmretici
3224 4474 3526 4549 catholicis
3556 4474 3648 4549 in-

1995 4548 2300 4605 sultabant
2358 4544 3012 4617 hujusmodi'convicio
3047 4566 3058 4603 :
3093 4548 3240 4611 Quid
3300 4544 3651 4602 Christianis

1995 4637 2128 4745 putm
2161 4619 2396 4745 relgtibus
2419 4620 2569 4745 ‘IRaut
2598 4620 2738 4690 quid
2772 4620 3064 4693 episcopis
3091 4635 3223 4675 cum
3256 4618 3476 4692 palatio
3495 4618 3523 4674 *Ι
3544 4617 3655 4689 Op-

2024 4711 2053 4745 a
2086 4709 2174 4745 us.
2235 4709 2248 4745 1
2301 4734 2309 4743 .
2346 4707 2384 4744 ι.
2471 4707 2546 4745 IG.

1994 4698 2174 4758 tatus,
2211 4698 2309 4745 lib.
2346 4707 2384 4744 ι.
2420 4698 2546 4745 itis.

2075 4763 2151 4836 (3)
2182 4763 2412 4836 Rapices
2444 4765 2609 4836 vocat
2637 4761 2910 4816 homines
2957 4760 3210 4836 rusticos
3240 4766 3298 4817 et
3336 4759 3595 4836 incultos
3624 4776 3659 4836 a

1923 4799 1960 4859 υ
2005 4799 2201 4908 ϐδωίςο
2235 4799 2404 4907 ῥῖπαξ
2435 4838 2491 4908 et
2524 4831 2714 4908 saepe.
2748 4836 2820 4889 De
2862 4834 3067 4899 Pallio,
3099 4849 3147 4887 c.
3178 4834 3212 4888 4
3245 4850 3259 4889 :
3294 4856 3314 4882 ι
3348 4833 3461 4908 Ille
3499 4831 3655 4903 apud

2004 4904 2265 4978 rupicem
2314 4911 2388 4978 et,
2420 4904 2741 4978 silvicolam
2799 4910 2853 4959 et
2910 4908 3242 4978 monstrum
3288 4904 3657 4978 eruditorem

2005 4974 2255 5047 scrupea
2313 4977 2515 5032 schola
2570 4977 2856 5031 eruditus.
2902 4999 2929 5026 »
2989 4977 3137 5032 Ibid.
3201 4997 3228 5024 ‹‹
3288 4976 3539 5047 Rupices
3594 4974 3657 5029 in

2004 5046 2270 5119 urbanis,
2307 5065 2541 5104 scurras
2572 5048 2630 5101 in
2667 5049 3019 5119 forensibus,
3056 5063 3314 5119 paganos
3341 5046 3403 5102 in
3436 5046 3659 5101 milita-

2006 5124 2191 5177 ribus.
2228 5144 2255 5170 »
2286 5122 2357 5176 Et
2404 5122 2467 5175 de
2514 5120 2732 5187 Anima,
2767 5138 2814 5175 c.
2849 5122 2883 5173 6
2916 5139 2928 5177 :
2964 5144 2989 5170 «
3024 5120 3173 5184 Quid
3205 5123 3401 5174 autem
3442 5119 3659 5174 facient

2005 5200 2090 5251 tot
2121 5210 2185 5249 ac
2214 5198 2392 5247 tantae
2422 5192 2630 5247 animas
2663 5192 2930 5263 rupicum
2966 5197 3022 5248 et
3067 5209 3405 5264 varronum,
3438 5192 3658 5263 quibus

2009 5266 2287 5322 alimenta
2320 5264 2621 5337 sapientiae
2671 5265 2881 5321 desunt
2909 5268 2931 5320 Ρ
2960 5288 2987 5315 ››
3020 5266 3101 5321 Ita
3130 5265 3323 5321 locum
3354 5265 3505 5337 lege,
3538 5280 3655 5321 non

2009 5336 2407 5395 Barbarorum.
2445 5336 2719 5409 Respexit
2748 5338 2904 5393 enim
2935 5354 3171 5393 versum
3205 5336 3429 5406 Lucilii,

2133 5445 2436 5493 Varronum
2470 5458 2530 5493 ac
2564 5445 2810 5508 rupicum
2844 5458 3132 5509 squarrosa
3159 5446 3435 5496 incondita
3480 5446 3668 5494 rostra.

2084 5550 2165 5623 (4),
2194 5549 2468 5623 Ocularet.
2502 5550 2905 5621 Ἐξωμμάτωσε
2934 5550 3129 5623 inquit
3163 5551 3444 5623 Scaliger,
3492 5561 3670 5623 quem

2084 5568 2160 5620 (ιι)
2194 5568 2468 5605 ucutarct.
2519 5568 2905 5621 Εξωμμνχτωσε
2934 5568 3129 5676 mqun
3163 5568 3444 5623 Scaliger,
3492 5568 3667 5618 quem

2012 5622 2250 5677 omnino
2281 5622 2411 5677 vide
2461 5624 2530 5677 ad
2564 5623 2888 5690 Manilium,
2924 5641 2980 5695 p.
3031 5624 3138 5695 _l8.
3172 5624 3415 5695 Videtur
3458 5621 3667 5695 Noster

2009 5710 2207 5749 vocem
2259 5696 2486 5749 oculare
2533 5711 2843 5767 usurpare,
2876 5690 3048 5767 quasi
3078 5694 3436 5767 signiﬁcaret
3469 5690 3664 5767 visum

2014 5766 2274 5835 reddere,
2344 5768 2636 5836 quomodo
2684 5762 2911 5838 'apud‘
2959 5762 3260 5838 Nostrum,
3313 5762 3393 5838 _de
3462 5763 3663 5838 Pcenit.

2016 5856 2062 5895 ο.
2122 5840 2296 5895 12;‹‹
2357 5834 2641 5902 Hirundo,
2700 5834 3173 5893 siexczecaverit
3230 5834 3444 5906 pullos,
3505 5835 3666 5891 novit
