4054 6174
432 320 554 382 463

955 321 1486 384 TERTULLIANI
1530 318 1859 382 OPERUM
1903 318 2105 380 PARS
2148 319 2198 382 Ι.
2227 352 2304 367 -
2334 320 2615 384 SERIES
2659 323 2711 398 Ι,
2758 325 3321 389 APOLOGETICA.

3688 336 3795 397 464

431 454 718 509 formetur
743 454 807 523 ⁸⁸,
840 428 1129 525 sequitur,
1171 458 1236 509 ut
1266 453 1413 509 falsa
1461 451 1830 508 renuntietur
1867 452 2088 523 quasvis
2118 472 2173 539 Α
2205 454 2355 511 405
2377 455 2813 527 spiritales;nec
2837 473 3050 514 nomen
3072 476 3279 517 novum
3302 464 3600 520 est.Sciunt
3617 466 3803 525 dieme-

434 542 545 599 alia
589 542 882 598 contraria
928 548 1263 615 comperta;
1295 541 1591 614 imprimis
1639 541 1745 596 illa
1795 542 1954 596 omni
1998 558 2092 597 ra-

435 633 596 687 tione
624 632 689 697 ⁸⁷,
722 648 851 702 quae
884 632 1236 689 delitescens
1268 631 1380 687 sub
1422 631 1766 686 nominibus
1796 634 1853 686 et
1882 630 2090 702 imagi-

434 720 611 775 nibus
642 720 1406 793 mortuorum,quibusdam
1439 718 1647 791 signis,
1680 723 1737 774 et
1769 718 2091 787 miraculis,

437 812 496 863 et
527 808 781 865 oraculis
813 810 990 864 ﬁdem
1024 808 1350 865 divinitatis
1376 812 1673 881 cperatur.

1041 915 1280 971 CAPUT
1314 914 1485 969 XXII.

444 1009 874 1058 ARGUMENTUM.
909 1033 978 1043 --
1006 1004 1260 1074 Explicat
1292 1004 1415 1074 jam
1448 1004 1766 1059 daemonum
1803 1010 2088 1074 naturam,

507 1091 737 1145 quorum
770 1077 1028 1129 notitiam
1059 1093 1093 1147 α
1117 1075 1452 1147 philosophis
1483 1084 1533 1129 et
1561 1076 1743 1145 poetis
1770 1076 1940 1129 etiam
1970 1076 2090 1130 ins-

504 1147 740 1201 tillatam
786 1146 959 1215 docet,
988 1146 1113 1201 inde
1163 1146 1390 1202 illorum
1434 1147 1789 1216 spiritualem
1835 1147 2086 1201 substan-

500 1218 637 1273 tiam
660 1218 928 1289 edisserit,
962 1222 1124 1288 atqu-e
1172 1219 1299 1274 inde
1327 1219 1481 1274 elicit
1532 1218 1756 1273 modum
1780 1217 1997 1289 agendi
2026 1219 2087 1272 in

500 1289 767 1359 homines,
798 1299 858 1345 ut
906 1294 1156 1353 noceant,
1202 1291 1607 1361 ostenditurque
1649 1288 1791 1345 illud
1836 1290 2085 1359 fallaciis

495 1363 612 1417 suis
640 1361 819 1417 solum
872 1375 1053 1430 agere,
1088 1364 1145 1416 ut
1186 1363 1377 1417 relicto
1408 1363 1510 1417 Deo
1559 1377 1689 1417 vero
1738 1361 1894 1432 falsae
1945 1361 2081 1416 reli-

494 1434 648 1505 gioni
676 1433 891 1489 creduli
920 1435 1179 1490 mortales
1206 1436 1612 1505 mancipentur.

2206 560 2313 599 nas
2344 543 2957 616 philosophi,Socrate
2986 547 3115 619 ipso
3146 551 3214 604 ad
3248 551 3507 607 daemonii
3534 555 3807 613 arbitrium

2205 637 2598 704 exspectante.
2633 635 2896 698 Quidni?
2925 652 3059 692 cum
3110 642 3165 693 et
3194 637 3304 709 ipsi
3344 640 3675 697 daemonium
3720 646 3805 700 ad-

2206 721 2448 777 haesisse
2478 740 2512 778 a
2543 724 2796 794 pueritia
2846 725 3097 795 dicatur,
3126 727 3569 784 dehortatorium
3607 732 3760 803 plane
3780 752 3809 789 a

2205 811 2356 866 bono
2400 811 2495 883 (5).
2536 813 2834 868 Daemones
2892 813 3089 868 sciunt
3144 819 3346 885 poetae,
3405 817 3572 873 etiam
3623 821 3808 893 vulgus

2201 899 2504 955 indoctum
2549 900 2609 955 in
2660 917 2833 957 usum
2886 901 3183 959 maledicti
3233 905 3574 977 frequentat,
3603 925 3726 963 nam
3762 916 3811 966 et

2202 989 2481 1044 Satanam
2512 989 2908 1062 “,principem
2941 990 3124 1062 hujus
3156 993 3291 1048 mali
3323 995 3566 1065 generis,
3596 997 3810 1067 proinde

2200 1078 2271 1131 de
2301 1077 2536 1149 propria
2567 1078 2927 1135 conscientia
2959 1080 3401 1146 animas,eadem
3426 1086 3810 1141 exsecramenti

2196 1182 2334 1221 voce
2385 1167 2726 1238 pronuntiat
2756 1167 2854 1238 (6).
2886 1168 3139 1239 Angelos
3189 1186 3419 1241 quoque
3460 1170 3629 1227 etiam
3676 1172 3811 1229 Plato

2197 1271 2312 1310 non
2342 1254 2594 1326 negavit.
2648 1254 2969 1327 Utriusque
3017 1256 3275 1313 nominis
3323 1262 3500 1314 testes
3545 1258 3628 1315 vel
3675 1261 3810 1332 magi

2193 1348 2467 1398 asserunt
2495 1344 2539 1378 ⁸ο
2571 1343 2667 1414 (7).
2702 1344 2813 1399 Sed
2863 1347 3158 1416 quomodo
3207 1347 3277 1402 de
3328 1347 3550 1419 angelis
3579 1347 3649 1420 (8)
3699 1350 3813 1420 qui-

2191 1430 2443 1487 busdam
2477 1448 2584 1486 sua
2616 1438 2824 1504 sponte
2856 1435 3150 1505 corruptis
3199 1436 3525 1507 corruptior
3553 1452 3687 1507 gens
3715 1437 3815 1492 dm-

498 1526 689 1594 Atque
724 1522 870 1578 adeo
904 1521 1179 1588 dicimus,
1213 1538 1343 1578 esse
1391 1520 1758 1577 substantias
1791 1520 2081 1593 quaedam
2191 1536 2438 1575 monum
2472 1520 2550 1592 (9)
2585 1521 2833 1576 evaserit
2884 1523 3163 1578 damnata
3193 1541 3227 1579 a
3275 1523 3392 1580 Deo
3444 1540 3573 1579 cum
3615 1525 3819 1597 generis

1850 1637 2056 1698 Variae
2086 1634 2411 1697 lectiones.

499 1744 544 1780 ⁸⁸
574 1744 948 1803 Reformatur
977 1744 1207 1801 Semler.
1284 1744 1327 1780 ⁸⁷
1356 1743 1530 1800 Omni
1562 1742 1771 1799 rationi
1803 1740 2239 1816 comperta-illa
2266 1742 2426 1797 omni
2459 1742 2692 1798 rationi.
2725 1744 2871 1816 conj.
2904 1744 3035 1799 Ηαυ.

3136 1744 3178 1780 ⁸⁸
3218 1746 3417 1803 Wouw.
3452 1761 3480 1800 e
3506 1761 3604 1800 ms.
3635 1750 3685 1802 et
3710 1746 3814 1816 Βία.

433 1816 742 1873 Daemones
776 1833 789 1872 τ
821 1820 1007 1873 caeteri
1041 1834 1052 1872 :
1087 1817 1322 1873 Omnes.
1356 1818 1493 1872 Hau.
1523 1820 1584 1888 et
1602 1817 1710 1872 alii
1741 1834 1754 1871 :
1786 1813 2117 1888 frequentat
2147 1813 2449 1888 Satanam.
2481 1816 2586 1871 Sed
2614 1832 2697 1870 vv.
2730 1813 2863 1870 nam
2895 1822 2974 1882 et,
3006 1831 3130 1888 qua
3158 1818 3219 1872 in
3248 1817 3569 1874 codd.Gorz.
3591 1823 3640 1873 et
3668 1813 3818 1887 Lugd.

431 1890 704 1963 leguntur,
736 1905 1197 1963 necsupervacua
1227 1906 1325 1963 nec
1352 1887 1644 1960 ejiciendo.
1724 1888 1767 1963 φ
1798 1886 2032 1963 δίείοοά.
2061 1886 2220 1963 f‘uld.
2252 1904 2273 1949 ;
2306 1887 2499 1957 Rhen.,
2533 1888 2689 1944 Pam.
2721 1888 2936 1960 aliique
2969 1905 2982 1943 :
3014 1886 3103 1945 vel
3137 1905 3345 1963 magos
3378 1894 3648 1947 asserunt
3672 1904 3685 1950 ι
3712 1886 3817 1945 cett.

425 1961 553 2015 Put.
586 1960 673 2015 vel
704 1961 860 2033 magi
891 1958 1128 2029 adsunt,
1162 1961 1303 2032 quod
1331 1958 1649 2029 receperunt
1676 1961 1827 2029 Rig.,
1861 1962 2011 2016 Hav.
2051 1958 2219 2014 Seml.

1868 2073 2391 2137 Commentarios.

423 2182 558 2239 illos
617 2182 849 2242 oculare
905 2200 1113 2240 rursus
1172 2184 1242 2239 de
1298 2200 1408 2240 sua
1465 2182 1813 2239 chelidonia.
1850 2204 1879 2233 »
1911 2182 2074 2248 Quod
2107 2184 2155 2249 B

420 2255 795 2327 transcripsit
841 2256 1149 2326 Pacianus,
1183 2256 1244 2310 in
1293 2257 1580 2311 Paraenesi
1606 2256 1680 2310 ad
1716 2256 2019 2327 Pcenitent.
2055 2270 2067 2308 :

427 2326 815 2400 «Exemc’atos
864 2328 1118 2384 hirundo
1149 2326 1341 2400 pullos
1385 2327 1544 2400 novit
1572 2326 1835 2382 occulare
1860 2326 1937 2400 de
1968 2342 2077 2400 sua

426 2398 815 2472 chelidonia.»
847 2400 1124 2472 Adeoque
1151 2398 1448 2471 accepisse
1480 2398 1563 2453 ita
1592 2400 1823 2472 videtur
1847 2398 2077 2472 Cypria-

426 2486 539 2525 nus
571 2470 668 2526 ille
697 2471 891 2527 Nostri
922 2470 1104 2528 lector
1139 2477 1196 2527 et
1224 2470 1547 2527 admirator
1589 2470 1888 2526 assiduus.
1921 2470 1975 2524 ls
2006 2470 2076 2524 de

421 2542 717 2598 idolorum
767 2542 1021 2598 vanitate
1055 2562 1067 2599 :
1102 2565 1130 2593 «
1170 2544 1235 2600 Ut
1285 2542 1552 2599 homines
1584 2541 1654 2597 ab
1688 2556 1880 2597 errore
1912 2545 2073 2597 tene-

424 2614 664 2669 brarum
698 2615 770 2670 ad
818 2614 971 2670 viam
1002 2615 1149 2670 lucis
1197 2614 1574 2680 adducerent,
1608 2630 1787 2669 caecos
1818 2612 2074 2684 etiigna-

425 2701 526 2758 ros
572 2686 663 2758 ad,
694 2686 1056 2758 agnitionem
1103 2685 1365 2743 veritatis
1413 2685 1841 2758 occularent._»
1874 2683 2075 2739 Difi‘ert

424 2757 581 2829 enim
615 2756 689 2813 ab
736 2755 1022 2814 inoculare
1052 2759 1206 2829 quod
1238 2763 1328 2813 est
1370 2758 1621 2828 petitum
1653 2774 1687 2812 a
1716 2755 1946 2811 cultura
1968 2772 2072 2829 Aar-

421 2828 656 2896 borum,
688 2845 814 2902 quis
867 2831 977 2886 sub
1039 2826 1505 2902 ipsaqvoeehac
1538 2826 2071 2902 _oculceren__cuivis

422 2905 559 2957 nota
588 2897 932 2958 esthculus
977 2897 1134 2957 enim
1186 2899 1299 2957 illis
1329 2905 1419 2956 est
1468 2899 1810 2956 tuberculus
1854 2897 1970 2965 ille,
2003 2915 2072 2954 ex

420 2988 534 3043 quo
584 2972 794 3045 ramuli
843 2974 1172 3045 germinare
1221 2973 1453 3035 debent.
1504 2975 1672 3045 iCato,
1706 2971 1770 3027 de
1818 2971 1890 3025 Re
1926 2976 2067 3045 rust.

419 3042 469 3099 c.
502 3046 537 3099 6
575 3060 587 3099 :
620 3066 647 3094 «
685 3044 769 3100 Ibi
817 3042 1018 3101 oculos
1071 3045 1378 3100 arundinis
1411 3044 1587 3115 pedes
1623 3049 1857 3115 ternos,
1878 3042 2068 3115 alium

419 3116 492 3171 ab
518 3114 655 3188 alio
703 3123 963 3172 serunto.
998 3137 1026 3167 »
1062 3118 1193 3188 Ipse
1237 3113 1721 3188 Tertullianslib.
1753 3115 1819 3188 de
1847 3114 2067 3188 Anima,

420 3204 469 3241 c.
505 3187 571 3240 19
605 3204 618 3242 :
657 3207 678 3238 ι
714 3192 831 3243 Aut
864 3189 1018 3243 unde
1050 3185 1183 3243 mox
1213 3187 1329 3242 illis
1371 3191 1428 3241 et
1473 3186 1711 3241 frutices
1760 3185 2068 3240 inoculan-

418 3262 536 3330 tur,
556 3262 626 3330 et
656 3258 791 3330 folia
822 3260 1233 3330 formantur,et
1260 3257 1527 3330 germina
1555 3256 1897 3330 inflantur.»
1928 3256 2067 3311 ΗΑν.

491 3327 569 3453 (22
599 3328 1053 3415 Dehortatorium.
1085 3327 1288 3412 Plane
1321 3346 1357 3384 a
1416 3330 1589 3413 bonan
1614 3328 1842 3399 Ubique
1901 3332 2071 3384 antea

491 3416 509 3453 δ
565 3400 845 3453 eaebatur
873 3407 929 3453 at
974 3400 1485 3453 distinguebatur:
1520 3401 1765 3453 Dicatur.
1808 3398 2071 3453 Dehorta-

425 3398 509 3454 sic
536 3398 845 3473 legebatur
873 3407 929 3458 et
974 3400 1485 3473 distinguebatur:
1520 3398 1765 3455 Dicatur.
1808 3398 2071 3456 Dehorta-

426 3472 634 3527 torium
681 3473 844 3535 plane
872 3491 908 3528 a
937 3473 1075 3528 bono
1105 3472 1288 3529 omnes
1338 3474 1518 3528 sciunt
1556 3480 1745 3542 poetae.
1778 3472 1885 3527 Sed
1920 3476 2072 3528 recte

2256 2180 2333 2254 (6)
2357 2182 2503 2254 Nam
2529 2188 2584 2237 et
2612 2182 2878 2237 Satanam
2906 2184 3305 2254 exsecramenti
3332 2196 3465 2239 voce
3495 2186 3820 2254 pronuntiat.

2185 2251 2332 2315 Quid
2356 2252 2379 2307 Ρ
2408 2257 2653 2327 Satanae
2680 2252 3030 2327 vocabulum
3076 2254 3345 2327 Romani,
3374 2251 3637 2327 unquam
3667 2272 3823 2311 usur-

2184 2340 2395 2395 pavere
2429 2325 2486 2379 in
2538 2323 2869 2380 maledictis
2914 2330 3015 2380 aut
3062 2323 3616 2384 exsecrationibus?
3647 2329 3827 2384 Neuti-

2186 2412 2361 2465 quam
2404 2412 2565 2451 sane.
2599 2396 2709 2451 Sed
2771 2396 3061 2452 malorum
3118 2400 3462 2454 daemonum
3523 2399 3824 2470 principem

2183 2473 2459 2523 Satanam
2548 2470 3018 2539 pronuntiavere,
3085 2472 3556 2540 pronuntiando,
3623 2470 3827 2526 Malum.

2185 2542 2311 2594 Ric.
2346 2570 2408 2580 —
2440 2542 2660 2595 Sensus
2690 2541 3004 2595 verborum
3058 2542 3201 2596 mihi
3248 2542 3347 2597 hic
3397 2542 3629 2598 videtur
3662 2560 3674 2598 :
3706 2542 3828 2597 Vul-

2183 2626 2559 2685 gusgquoque
2583 2613 2706 2683 jam
2747 2613 3048 2685 indoctum
3082 2629 3185 2684 pro
3218 2613 3541 2669 maledicto
3576 2615 3827 2685 frequen-

2184 2682 2575 2755 tatSatanarn
2609 2687 2909 2739 auctorem
2942 2682 3122 2754 hujus
3153 2682 3831 2755 generis,daamoniorum

2183 2754 2346 2828 scil.,‘
2372 2755 2526 2828 unde
2557 2762 2689 2826 post
2716 2754 3412 2828 generisdistinetionem
3447 2774 3582 2814 cum
3614 2757 3832 2828 optimis

2223 2824 2372 2881 osui.
2407 2824 2712 2882 Cum'vero
2753 2827 3171 2883 conscientiam
3205 2830 3425 2884 animae
3460 2829 3556 2886 hic
3587 2824 3829 2896 advocet,

2205 2896 2357 2970 atius
2389 2899 2663 2970 persequi
2718 2915 2953 2955 necesse
2984 2898 3192 2954 habuit
3221 2899 3285 2955 ia
3321 2899 3529 2957 libello
3559 2901 3630 2956 de
3666 2901 3833 2956 Testi-

2181 2968 2621 3045 _mon_idan_imie
2655 2988 2667 3025 :
2703 2986 2829 3045 cap.
2866 2988 2929 3025 ιιι
2960 2987 3085 3042 quas
3118 2970 3366 3045 quidem
3414 2974 3545 3045 ejus
3576 2973 3745 3027 verba
3772 2989 3829 3027 ex

2180 3039 2290 3096 hoc
2314 3040 2440 3095 loco
2472 3042 2660 3096 lucem
2692 3039 2949 3112 capiunt.
2976 3039 3151 3097 'Sunt'
3178 3060 3317 3098 vero
3351 3039 3473 3100 ista
3506 3061 3520 3100 :
3554 3067 3583 3094 «
3619 3049 3827 3099 Daemo-

2180 3113 2344 3166 nium
2378 3129 2547 3185 vocas
2578 3114 2876 3169 hominem
2910 3120 3010 3168 aut
3040 3114 3454 3185 immunditia,
3471 3122 3577 3174 aut
3600 3116 3828 3185 malitis,

2180 3190 2281 3269 aut
2309 3184 2623 3269 insolentia
2670 3190 2771 3269 aut
2801 3201 3185 3269 quacumque
3218 3184 3488 3269 macula,
3522 3205 3702 3259 quam
3732 3184 3827 3269 nos

2180 3256 2485 3311 daemoniis
2543 3256 2919 3328 deputamus,
2967 3256 3188 3313 aut’ad
3248 3256 3677 3316 necessitatem
3731 3258 3840 3315 odii

2180 3328 3163 3413 importunum.Satanamdenique
3183 3329 3241 3385 in
3270 3332 3445 3387 omni
3465 3332 3835 3413 aversatione,

2180 3402 2237 3453 et
2267 3400 2699 3474 aspernatione,
2724 3400 3202 3474 et‘detestatione
3247 3405 3642 3473 pronuntias,
3674 3400 3836 3474 quem

2181 3487 2288 3545 nos
2320 3471 2574 3545 dicimus
2625 3471 2859 3545 malitiae
2892 3473 3187 3545 angelum,
3221 3471 3405 3531 nlete.
3445 3475 3522 3532 Ut
3558 3471 3717 3532 enim
3748 3478 3840 3531 ab-

430 3545 763 3619 emendavit
792 3546 919 3619 Rig.
954 3546 1267 3616 posuitque
1299 3550 1427 3616 post
1452 3541 1670 3619 dicatur
1697 3560 2070 3619 comma,nos
2102 3553 2144 3619 ρ
2182 3541 2371 3619 solu_te
2392 3544 2574 3619 malus
2603 3543 2949 3619 Christianis
2973 3541 3084 3619 pro
3116 3545 3392 3619 daemone
3424 3553 3486 3602 et
3515 3552 3745 3619 Satana,
3770 3548 3842 3601 ita

432 3613 611 3688 etiam
642 3626 773 3687 post
822 3613 1251 3672 dehortatorium
1300 3613 1607 3688 punctum.
1642 3615 1754 3671 Iste
1785 3616 1939 3688 enim
1970 3632 2069 3686 ge-

433 3686 569 3742 nius
600 3686 700 3743 seu
733 3688 959 3745 daemon
1003 3690 1254 3744 Socratis
1283 3686 1687 3743 celebrabatur
1716 3689 1780 3741 ut
1807 3687 2070 3743 dehorta-

424 3758 693 3833 toriussi
741 3760 878 3833 quid
933 3761 1072 3833 mali
1122 3760 1531 3833 ipsiinstaret
1570 3758 1663 3833 vel
1714 3763 2063 3833 occurreret,

424 3828 544 3884 imo
594 3828 791 3887 ridens
824 3832 1017 3903 inquit
1065 3828 1463 3889 Tertullianus
1494 3848 1533 3886 α
1565 3832 1699 3886 bono
1730 3848 1811 3903 se.
1834 3901 1843 3903 _
1865 3828 2062 3901 ipsum

418 3907 705 3959 avertens.
743 3901 943 3975 Itaque
974 3904 1059 3959 sic
1107 3906 1407 3975 distinguo
1441 3920 1454 3958 :
1488 3903 1725 3975 dicatur,
1757 3901 2065 3975 dehortato-

415 3974 583 4029 rium.
621 3977 808 4043 Plane,
845 3974 878 4030 ὰ
909 3977 1088 4042 bono;
1120 3977 1159 4031 i.
1194 3993 1244 4031 e.
1278 3974 1396 4031 imo
1426 3975 1631 4030 habuit
1678 3974 2057 4041 daemonium,

411 4046 513 4101 sed
546 4047 701 4117 quod
754 4046 919 4102 illum
949 4065 980 4102 a
1009 4048 1160 4104 bono
1210 4048 1635 4114 dehortaretur,
1668 4046 1746 4100 ita
1777 4044 1837 4098 τὸ

2181 3613 2657 3691 hic~Tertulliano
2681 3615 2914 3691 Satanas
2934 3613 3350 3673 et‘dxmonium
3373 3636 3485 3691 pro
3511 3621 3682 3675 malo.
3708 3618 3838 3674 Hav.

2250 3686 2319 3757 (7)
2357 3687 2647 3764 Utriusque
2688 3689 2932 3764 nominis
2960 3692 3119 3743 testes
3148 3704 3279 3764 esse,
3314 3686 3412 3747 υᾱι
3442 3692 3601 3764 Magi
3629 3691 3840 3746 adsunt.

2177 3757 2305 3811 Haec
2335 3758 2576 3813 omnino
2626 3763 2715 3815 est
2745 3762 3037 3831 scriptura
3081 3757 3299 3835 codicis
3354 3757 3598 3835 antiqui
3648 3764 3841 3835 Putea-

2176 3844 2408 3903 norum,
2442 3845 2613 3901 quam
2674 3837 3001 3903 esseputo
3046 3831 3337 3887 veriorem
3397 3831 3841 3898 ita'Fuldensi,

2171 3902 2255 3974 vel
2277 3903 2447 3974 imagi
2473 3908 2740 3957 asserunt.
2772 3902 2873 3958 Ait
2896 3903 3237 3973 Septimius,
3270 3906 3464 3961 etiam
3504 3906 3841 3962 hominibus

2169 3973 2242 4046 ab
2273 3973 2634 4029 Deicivilate
2682 3974 2890 4029 alienis
2922 3976 3075 4029 haud
3110 3975 3312 4046 ignota
3366 3994 3505 4033 esse
3540 3977 3836 4044 vocabula,

1892 4045 2060 4122 plane
2167 4044 2498 4122 daemonum
2533 4051 2590 4100 et
2622 4046 2984 4122 angelorum.
3021 4044 3355 4122 Daemones,
3392 4050 3626 4122 inquit,
3658 4050 3843 4106 sciunt

406 4115 650 4188 passim,
685 4122 742 4173 et
772 4118 872 4201 lib:
907 4119 980 4174 ad
1021 4120 1147 4176 Nat.
1182 4138 1219 4185 Ι,
1258 4120 1325 4173 10
1355 4138 1374 4175 :
1408 4120 1601 4187 Plane,
1646 4115 1907 4188 quoniam
1938 4118 2056 4173 illis
2164 4115 2522 4188 philosophi,
2565 4115 2757 4172 sciunt
2810 4123 2988 4203 poetas
3022 4135 3033 4173 :
3070 4118 3310 4245 angelos
3340 4115 3621 4248 auo-que
3670 4124 3838 4178 etiam

406 4190 602 4245 cwlum
648 4194 820 4248 natet.
854 4207 891 4245 1.
923 4208 973 4247 e.
1005 4190 1146 4248 lmo.
1179 4196 1354 4247 recte.
1408 4191 1606 4248 Itaque
1640 4195 1703 4243 ut
1728 4189 1875 4243 bene
1910 4189 2051 4243 Lac-
2162 4188 2325 4242 Plato
2383 4206 2497 4243 non
2550 4194 2739 4248 negat.
2801 4190 3021 4245 Deinde
3072 4191 3141 4245 ad
3190 4202 3283 4245 1t:
3406 4195 3685 4248 triusaue
3732 4210 3834 4248 no-

400 4190 612 4261 cselum
648 4194 820 4259 patet,
854 4191 891 4245 i.
923 4208 973 4247 e.
1005 4190 1146 4257 lmo,
1179 4196 1354 4247 recte.
1408 4191 1606 4261 Itaque
1640 4195 1703 4243 ut
1728 4189 1875 4243 bene
1910 4189 2051 4243 Lac-

2162 4188 2325 4242 Plato
2383 4206 2497 4243 non
2550 4194 2739 4256 negat.
2801 4190 3021 4245 Deinde
3072 4188 3283 4245 addit:

3406 4195 3685 4264 triusque
3732 4210 3834 4249 no-

397 4263 558 4335 tant.
601 4260 640 4317 l.
676 4280 716 4327 Ι,
749 4278 797 4317 c.
851 4263 918 4316 14
951 4278 963 4318 :
997 4286 1025 4313 «
1054 4265 1160 4319 Sed
1209 4263 1323 4335 ipsi
1372 4259 1525 4335 cum'
1556 4261 1689 4335 sint
1728 4260 2050 4335 perditores
2159 4259 2335 4335 minis
2388 4265 2565 4315 testes
2636 4277 2764 4335 esse
2822 4262 2906 4317 vel
2957 4262 3112 4335 magi
3169 4263 3401 4335 adsunt
3439 4306 3454 4331 ,
3523 4259 3638 4322 hoc
3697 4272 3826 4335 est,

400 4330 732 4400 hominum,
765 4335 1038 4391 custodes
1070 4330 1264 4391 tamen
1297 4349 1357 4389 se
1390 4333 1571 4388 videri
1600 4330 1904 4404 volu’nt,ut
1935 4332 2046 4404 ipsi

396 4404 665 4460 colantur
711 4410 768 4460 et
804 4408 954 4463 Deus
1004 4423 1118 4462 non
1150 4406 1395 4462 colatur.
1435 4428 1454 4453 ι
1492 4403 1693 4459 Possis
1744 4403 1825 4458 ita
1867 4403 2043 4460 etiam

2158 4331 2377 4387 adsunt
2405 4336 2624 4401 testes;
2659 4334 2875 4388 adsunt
2924 4331 3263 4402 testificari;
3297 4337 3542 4393 adsunt
3574 4331 3835 4393 testimo-

2157 4402 2252 4482 nio
2286 4403 2563 4471 dicundo,
2598 4421 2807 4482 nempe
2855 4421 2983 4482 esse
3014 4410 3068 4482 et
3118 4406 3531 4482 demeasset
3556 4409 3839 4482 angelos.

395 4474 810 4549 interpungere
861 4478 1077 4545 locum,
1111 4479 1325 4533 dicatur
1369 4475 1828 4549 dehortatorium.
1875 4476 2046 4549 Plane
2153 4475 2466 4549 Ipsepag.
2523 4493 2645 4548 seq.
2696 4474 2894 4548 Magos
2952 4477 3167 4533 habere
3225 4478 3381 4533 dicit
3439 4474 3839 4537 invitatorum

394 4546 615 4624 a__bono.
649 4546 759 4604 sed
793 4551 1318 4622 quomodocunque
1362 4546 1808 4624 ﬁatdistinctio,
1839 4546 2042 4624 nullus
2150 4546 2491 4624 angelorum
2525 4553 2581 4603 et
2610 4546 2941 4604 daemonum
2990 4549 3377 4606 assistentem
3416 4552 3540 4607 sibi
3577 4558 3840 4624 potesta-

392 4618 544 4691 alius
575 4626 770 4691 potest
812 4618 945 4678 esse
976 4618 1412 4690 sensusfquam
1463 4619 1561 4674 ille
1593 4635 1765 4689 quem
1800 4636 1903 4673 nos
1935 4620 2037 4673 dc-

388 4690 604 4748 dimus’.
636 4697 786 4748 Mala
842 4699 995 4749 certe
1053 4692 1432 4748 distinctione
1490 4693 1769 4763 deceptus
1818 4707 1851 4746 a
1902 4707 2035 4763 vero

385 4763 619 4820 aberrat
665 4766 835 4835 Casp.
873 4764 1169 4832 Barthius,
1202 4764 1300 4835 qui
1332 4762 1766 4835 contemplatus
1795 4765 1884 4818 est
1918 4762 2034 4818 haec

381 4837 557 4907 verba
590 4836 647 4890 in
704 4834 849 4891 libro
899 4837 1037 4891 Adv.
1074 4854 1159 4903 LV,
1193 4834 1317 4907 cap.
1350 4835 1406 4902 5,
1436 4835 1680 4907 vultque
1729 4834 1839 4906 legi
1876 4851 1889 4889 :
1926 4840 2030 4907 De-

381 4906 753 4964 hortalorium
785 4924 818 4961 a
850 4908 988 4963 bono
1036 4908 1190 4979 Orfei
1236 4906 1420 4979 sciunt
1464 4906 1639 4979 poetae
1659 4924 1678 4967 ,·
1710 4911 1773 4979 ut
1804 4907 1887 4959 ita
1940 4906 2029 4960 in-

379 4984 641 5035 nuantur
687 4979 787 5035 illa
819 4980 1079 5034 carmina
1110 4978 1187 5035 et
1216 4978 1437 5050 hymni,
1468 4978 1574 5050 qui
1618 4978 1907 5048 hodieque
1939 4994 2028 5033 ex-

377 5055 539 5122 stant
568 5050 745 5106 istius
778 5051 1001 5107 nomini
1035 5052 1323 5122 inscripti,
1355 5051 1587 5122 etsatis
1618 5055 1756 5105 sunt
1789 5050 2021 5122 vetusti.

374 5120 456 5194 De
479 5122 938 5194 daemoniovero
969 5120 1451 5194 Socratis—loeutii
1480 5122 1865 5194 sapientiores
1896 5121 2026 5194 eth-

374 5192 512 5274 nici,
550 5192 695 5248 nihil
725 5192 905 5274 _aliud
941 5195 1351 5274 intellexerunt
1377 5193 1509 5274 _n_isi
1536 5192 1852 5274 providum
1876 5193 2022 5274 ejus

370 5263 636 5339 animum
687 5268 742 5339 et
818 5267 1211 5339 perspicacem
1262 5267 1322 5322 in
1372 5263 1586 5322 futuris
1633 5266 1828 5322 rebus.
1876 5263 2018 5339 I_l_inc

368 5329 899 5423 ‘Salpwv‘yéxoterodﬁ
935 5329 1088 5423 illex?)
1121 5340 1317 5423 cuique
1343 5340 1573 5423 animus.
1605 5339 1821 5423 daemon
1868 5336 2015 5391 dici-

365 5408 526 5484 t_urAa
576 5408 897 5484 Xenocrate
937 5408 1296 5484 philosopho
1347 5411 1501 5482 apud
1545 5409 1937 5484 Aristotelem,
1972 5426 2013 5484 ῃ

364 5479 699 5553 Topicorum,
735 5481 833 5552 qui
867 5479 1086 5539 ibidem
1120 5479 1415 5553 εὐδαίμονᾶ
1464 5481 1721 5552 appellat
1751 5495 1883 5553 cum
1917 5481 2007 5535 cui

360 5552 514 5627 bona
545 5569 712 5627 mens
767 5557 1135 5627 contigisset.
1168 5552 1461 5611 Socratica
1491 5553 1665 5609 etiam
1700 5552 2008 5627 asapientia

359 5623 626 5698 imbutus
649 5623 967 5698 Euripides
1000 5628 1482 5698 spudTheonem
1516 5643 1571 5698 p.
1596 5623 2001 5698 60,Progymn.

2147 4622 2287 4674 tem.
2324 4619 2448 4674 Ric.

2216 4691 2293 4763 (8)
2325 4692 2398 4745 De
2427 4690 2657 4765 angelis.
2693 4690 2755 4746 In
2808 4690 2991 4765 stulta
3021 4690 3135 4746 ista
3191 4690 3489 4765 opinione
3526 4693 3661 4765 fuit
3702 4710 3843 4765 quo-

2144 4776 2257 4831 que
2288 4762 2627 4837 Tertulluut
2661 4763 2883 4834 putarit
2913 4780 2979 4837 ex
3011 4762 3436 4837 commistione
3483 4762 3840 4837 angelorum

2141 4848 2272 4888 cum
2327 4833 2674 4889 hominibus
2721 4839 2887 4890 natos
2940 4836 3259 4895 daemonas,
3296 4835 3467 4891 male
3522 4833 3841 4893 intellecto

2141 4904 2279 4960 Gen.
2313 4923 2391 4978 vi.
2423 4908 2478 4961 5.
2516 4908 2717 4976 Itaque
2748 4924 2954 4961 rursus
2987 4908 3058 4962 De
3105 4906 3299 4961 Idolol.
3338 4923 3486 4978 cap.
3526 4910 3567 4962 9
3602 4926 3617 4965 :
3658 4932 3688 4959 ‹‹
3721 4912 3836 4965 An-

2138 4977 2299 5046 gelos
2330 4977 2462 5033 illos
2506 4994 2635 5033 esse
2667 4979 2993 5033 desertores
3044 4978 3168 5048 Dei,
3200 4977 3518 5035 amatores
3576 4980 3836 5037 femina-

2139 5064 2290 5138 rum.
2326 5070 2354 5099 »
2388 5049 2725 5138 Lactantius
2775 5066 3007 5122 quoque
3038 5048 3139 5105 lib.
3177 5066 3262 5138 1.1,,
3289 5052 3459 5138 ο.¹15
3495 5068 3511 5134 ξ
3559 5075 3582 5101 σι
3616 5055 3840 5138 itaque

2135 5119 2264 5177 illos
2297 5138 2428 5175 cum
2464 5119 2807 5177 hominibus
2841 5119 3288 5187 commorantes,
3324 5120 3711 5180 dominator
3741 5119 3837 5181 ille

2134 5194 2298 5277 terra:
2332 5192 3206 5277 fallacissimusconsuetudine
3238 5194 3363 5277 ipsa
3403 5193 3840 5277 paulatim_ad

2134 5210 2298 5247 terra:
2332 5210 2751 5248 IallaclSSImUS
2785 5210 3206 5249 consuetudine
3238 5210 3251 5247 1

2129 5264 2269 5320 vitia
2294 5264 2937 5335 pellexit,etmulierum
2962 5210 3300 5337 congressig

2125 5338 2361 5462 gmsled
2396 5337 2741 5461 prudeérétior
2768 5339 3156 5411 Augustinus,
3189 5352 3365 5409 quem
3407 5337 3565 5394 vide
3598 5342 3680 5396 de
3714 5342 3836 5398 Civ.

2173 5425 2243 5462 ei.
2303 5448 2315 5462 .
2349 5425 2445 5462 xv.
2478 5425 2526 5462 c.
2638 5452 2646 5461 .

2173 5425 2243 5474 ei,
2278 5425 2315 5463 1.
2349 5425 2445 5475 xv,
2478 5425 2526 5463 c.
2560 5425 2646 5461 ιδ.

3309 5281 3381 5319 us
3405 5268 3840 5338 inquinavit,»

2198 5480 2273 5550 (9)
2306 5479 2439 5535 Gens
2471 5479 2818 5550 damonum.
2870 5481 3130 5535 Lactant.
3177 5479 3319 5534 ibid.
3357 5498 3392 5527 ‹‹
3431 5478 3561 5542 Qui
3622 5487 3837 5538 autem

2123 5548 2276 5628 sunt
2309 5567 2377 5605 ex
2426 5548 2519 5628 his
2570 5551 2874 5628 procreati,
2910 5552 3049 5628 quia
3102 5568 3290 5622 neque
3334 5551 3561 5628 angeli
3622 5570 3835 5628 neque

2120 5620 2388 5677 homines
2422 5620 2679 5687 fuerunt,
2714 5624 2814 5678 sed
2861 5620 3113 5679 mediam
3148 5620 3487 5695 quamdam
3528 5620 3837 5684 naturam

357 5695 449 5770 ἐὸν
482 5699 605 5751 νοῦν
633 5692 819 5770 ἡμῶν’
845 5692 1069 5753 ἐκάστοΞ)
1104 5697 1221 5761 θεὸν
1259 5698 1404 5756 dixit
1436 5716 1448 5760 :
1483 5692 2001 5756 «'mentemvsuam

2193 5697 2406 5770 rentes,
2440 5711 2553 5750 non
2583 5700 2722 5751 sunt
2753 5696 2825 5750 ad
2856 5695 3073 5754 inferos
3104 5692 3340 5769 recepti,
3374 5692 3567 5754 sicut
3613 5716 3734 5757 nec
3770 5699 3833 5757 in

358 5766 688 5830 dwmonem'
714 5770 946 5845 cuique.
980 5793 1011 5825 »
1041 5771 1182 5831 ΗΑν.

2115 5765 2327 5824 calum
2360 5770 2631 5841 parentes
2662 5783 2886 5826 eorum.
2925 5790 2948 5821 ιι
