4054 6174
235 325 347 383 465

1347 331 1940 392 APOLOGETICUS
1988 332 2169 391 ADV.
2222 331 2547 392 GENTES.

3531 337 3650 397 466

227 455 656 522 auctoribus,et
688 473 824 513 cum
856 475 920 514 eo
953 475 1129 529 quem
1165 460 1422 516 diximus
1455 463 1720 534 principe
1753 462 1885 534 (10),
1917 474 1966 539 Α
2002 480 2242 520 menum
2273 469 2329 520 et
2360 464 2700 536 angelorum
2740 465 2954 521 mentis
3003 481 3236 537 quoque
3285 469 3647 540 corruptelas

228 545 380 613 apud
416 544 644 600 litteras
677 551 910 602 sanctas
956 549 1159 603 ordine
1204 551 1582 619 cognoscitur
1610 553 1675 608 ⁷ο.
1723 556 1888 606 Nunc

228 633 292 686 de
326 634 669 704 operatione
700 652 902 690 eorum
935 638 1079 693 satis
1112 639 1220 693 erit
1250 655 1557 710 exponere.
1617 641 1888 712 Operatio

229 737 431 776 eorum
464 728 554 778 est
590 724 844 779 hominis
874 726 1096 782 eversio
1131 744 1143 782 :
1179 730 1332 784 406
1363 729 1448 785 sic
1499 730 1723 785 malitia
1763 731 1888 800 spi—

226 809 416 866 ritalis
451 828 485 866 a
518 813 835 883 primordio
869 819 1168 887 auspicata
1217 825 1306 872 est
1361 819 1420 873 in
1473 819 1732 874 hominis
1764 819 1886 874 exi-

226 900 398 954 tium.
453 901 658 972 Itaque
719 904 1059 974 corporibus
1108 906 1367 978 quidem,
1420 912 1476 963 et
1523 907 1885 963 valetudines

225 987 508 1060 inﬂigunt
540 992 670 1060 (11),
722 995 778 1045 et
835 992 1064 1064 aliquos
1121 1010 1294 1050 casus
1352 997 1614 1066 acerbos,
1674 997 1882 1052 animas

220 1097 349 1136 vero
383 1084 728 1153 repentinos
759 1089 815 1139 et
845 1086 1343 1143 extraordinarios
1375 1105 1478 1160 per
1523 1090 1639 1144 vim
1690 1106 1884 1145 exces-

218 1171 628 1242 sus.Suppetit
658 1172 860 1241 illisad
883 1178 1194 1245 utramque
1215 1177 1606 1232 substantiam
1623 1177 1882 1234 hominis

217 1260 556 1315 adeundam
591 1261 742 1316 mira
771 1261 812 1298 η
847 1262 1148 1319 subtilitas
1178 1269 1235 1319 et
1263 1265 1517 1321 tenuitas
1550 1283 1676 1322 sua.
1728 1267 1879 1323 Mul-

211 1354 332 1403 tum
370 1349 746 1419 spiritalibus
791 1351 1019 1406 viribus
1050 1352 1204 1424 licet,
1235 1359 1298 1408 ut
1331 1355 1658 1410 invisibiles
1708 1362 1764 1411 et
1793 1359 1879 1412 in-

214 1438 531 1494 sensibiles
580 1439 638 1493 in
691 1440 897 1495 effectu
951 1441 1148 1512 potius
1221 1459 1401 1514 quam
1457 1445 1516 1499 in
1589 1451 1722 1500 actu
1773 1463 1880 1502 suo

213 1533 545 1598 appareant
578 1545 590 1582 :
626 1529 674 1583 si
709 1545 902 1600 poma,
947 1531 997 1584 si
1032 1531 1226 1602 fruges
1271 1535 1469 1588 nescio
1521 1535 1675 1605 quod
1727 1552 1880 1590 aurae

214 1615 404 1672 latens
439 1617 646 1672 vitium
678 1617 736 1671 in
770 1619 908 1674 flore
940 1621 1292 1692 praecipitat,
1329 1624 1386 1676 in
1437 1625 1702 1695 germine
1749 1642 1880 1680 exa-

213 1706 426 1773 nimat,
463 1707 522 1759 in
559 1708 864 1778 pubertate
888 1711 1364 1778 convulnerat,ac
1393 1713 1439 1766 si
1473 1729 1625 1768 caeca
1653 1714 1881 1770 ratione

209 1799 476 1850 tentatus
533 1811 632 1850 aer
682 1795 1023 1866 pestilentes
1068 1799 1316 1856 haustus
1387 1818 1501 1856 non
1576 1803 1874 1859 offundit:

210 1885 415 1940 eadem
451 1884 638 1956 igitur
663 1884 1019 1943 obscuritate
1049 1888 1411 1958 contagionis
1443 1891 1724 1962 aspiratio
1757 1893 1872 1946 dae-

1905 1848 1952 1913 B

2001 553 2120 623 agit
2151 555 2447 609 furoribus
2478 559 2533 608 et
2559 554 2830 610 amentiis
2857 556 3045 622 (tedis,
3100 561 3200 611 aut
3245 557 3409 613 saevis
3447 558 3650 614 libidi-

1999 643 2175 697 nibus
2199 659 2329 698 cum
2360 643 2658 697 erroribus
2705 644 2879 698 variis
2909 670 2921 712 ;
2955 661 3203 715 quorum
3254 646 3364 702 iste
3416 648 3649 719 potissi-

1998 748 2154 800 mus,
2188 749 2301 803 quo
2335 733 2472 787 deos
2503 732 2645 787 istos
2677 732 2862 802 captis
2899 737 2957 787 et
2986 732 3446 806 circumscriptis
3491 738 3644 792 407

1997 820 2302 874 hominum
2337 820 2632 876 mentibus
2665 822 3061 890 commendat,
3094 827 3156 877 ut
3187 828 3243 877 et
3285 824 3395 878 sibi
3430 825 3647 896 pabula

1996 910 2230 981 propria
2257 910 2475 964 nidoris
2508 910 2620 980 (l2)
2654 915 2709 965 et
2740 911 3050 982 sanguinis
3081 917 3356 982 procuret
3397 913 3646 969 simula-

1993 999 2108 1054 cris
2139 1004 2196 1054 et
2224 999 2579 1068 imaginibus
2610 999 2828 1068 oblata,
2879 1005 2934 1055 et
2981 1017 3104 1070 qua:
3160 1000 3278 1056 illis
3322 1003 3648 1058 accuratior

1991 1105 2211 1160 pascua
2241 1093 2349 1157 est,
2402 1087 2697 1142 hominem
2734 1106 2767 1143 a
2817 1089 3073 1160 cogitatu
3126 1106 3276 1145 veras
3323 1090 3646 1148 divinitatis

1991 1180 2256 1231 averrent
2286 1175 2597 1247 praestigiis
2628 1175 2785 1231 falsae
2836 1177 3218 1232 divinationis
3271 1180 3334 1232 τ’.
3381 1179 3537 1242 Quas
3587 1184 3644 1235 et

1989 1266 2149 1337 ipsas
2179 1265 2471 1336 quomodo
2504 1270 2840 1336 operantur,
2890 1266 3219 1337 expediam.
3271 1267 3474 1322 Omnis
3521 1269 3642 1339 spi-

1991 1355 2138 1409 ritus
2168 1353 2286 1408 ales
2315 1357 2402 1407 est
2435 1369 2447 1418 ;
2481 1353 2587 1407 hoc
2619 1354 2809 1424 angeli
2841 1358 2898 1408 et
2935 1355 3249 1409 daemones.
3303 1355 3488 1426 Igitur
3517 1373 3639 1412 mo-

1990 1447 2190 1497 mento
2235 1441 2449 1512 ubique
2493 1447 2678 1496 sunt:
2716 1447 2875 1497 totus
2927 1443 3086 1498 orbis
3125 1442 3244 1498 illis
3285 1443 3449 1500 locus
3483 1462 3637 1502 unus

1991 1537 2080 1587 est
2106 1533 2185 1599 13;
2221 1531 2362 1602 quid
2398 1531 2615 1602 ubique
2645 1537 2900 1602 geratur,
2935 1537 3053 1587 tam
3079 1531 3246 1587 facile
3276 1533 3472 1588 sciunt
3502 1536 3637 1606 (13),

1991 1637 2165 1690 quam
2198 1619 2507 1675 enuntiant
2535 1621 2598 1674 π.
2634 1619 2921 1676 Velocitas
2953 1621 3105 1675 408
3138 1621 3417 1677 divinitas
3450 1624 3637 1678 credi-

1990 1717 2108 1779 tur,
2161 1709 2298 1779 quia
2351 1708 2685 1764 substantia
2734 1710 3060 1780 ignoratur.
3127 1710 3219 1764 Sic
3265 1714 3320 1764 et
3366 1717 3633 1768 auctores

1991 1799 2289 1854 interdum
2317 1797 2498 1852 videri
2546 1797 2749 1852 volunt
2795 1815 2997 1853 eorum
3052 1815 3176 1868 quae
3228 1800 3629 1855 annuntiant:

1984 1893 2041 1944 et
2092 1892 2230 1944 sunt
2279 1887 2450 1958 plane
2500 1887 2791 1942 malorum
2840 1903 3283 1958 nonnunquam,
3341 1888 3631 1945 bonorum

1614 2010 1819 2072 Variae
1849 2009 2150 2070 lectiones
2178 2007 2226 2066 *.

267 2111 311 2153 το
346 2109 509 2165 Grdo
544 2111 771 2165 Semler.

875 2112 1096 2187 “Mira
1125 2113 1270 2168 abest
1300 2115 1464 2183 Fran,
1516 2115 1722 2187 Rigalt.
1799 2117 1844 2150 ⁷³
1897 2114 2060 2187 Codd.
2110 2114 2414 2187 Pleripue;
2449 2129 2482 2166 a
2509 2112 2786 2187 cogitatu
2824 2129 2836 2180 ;
2872 2114 2956 2167 vel
2991 2128 3057 2168 :e
3106 2113 3386 2186 cogitatu,
3435 2117 3559 2186 Rig.
3594 2133 3627 2171 a

210 2183 557 2258 recogitatu,
586 2184 724 2258 Hau.
758 2184 1268 2258 recogitatusAnte
1297 2203 1345 2241 v.
1381 2183 1682 2242 hominem
1715 2189 1951 2243 inseruit
1984 2185 2152 2240 Rhen.
2187 2202 2324 2256 qua,
2356 2184 2573 2251 Ilerald,
2611 2201 2837 2258 :unam
2871 2189 2954 2256 ut,
2985 2187 3101 2258 ltig.
3139 2204 3151 2242 :
3180 2183 3302 2244 nisi
3328 2183 3412 2256 ut,
3445 2183 3628 2244 addito

201 2263 313 2325 post
344 2255 734 2310 divinationis
767 2255 1146 2328 interrogandi
1169 2259 1346 2330 signa.
1425 2259 1470 2293 ⁷³
1501 2259 1601 2315 ubi
1646 2261 1781 2315 Hav.
1859 2261 1903 2294 π
1930 2255 2317 2315 Annuntiant.
2346 2258 2473 2313 Jun.
2509 2272 2578 2311 ex
2599 2257 2723 2312 Mss.

1660 2385 2184 2449 Commentarius.

265 2488 380 2564 (t0)
417 2489 483 2542 Et
509 2503 635 2564 cum
668 2503 740 2564 _eo
781 2505 938 2558 quem
983 2489 1036 2564 gl.
1067 2507 1123 2561 p.
1156 2491 1293 2546 Cod.
1325 2489 1491 2546 Fuld.
1527 2514 1554 2540 «
1586 2495 1653 2547 Et
1700 2509 1874 2564 quem

204 2560 464 2635 diximus
497 2558 825 2631 principem
858 2566 958 2635 aut
985 2558 1269 2635 l.sanctas
1283 2564 1422 2635 ordo
1443 2558 1872 2635 cognoscitur,»

200 2631 471 2707 Dactant.
507 2648 716 2686 rursus
751 2650 763 2686 :
809 2656 828 2680 α
865 2633 933 2688 Hi
968 2639 1108 2688 sunt
1139 2633 1428 2689 immnndi
1469 2631 1713 2707 spiritus
1748 2653 1871 2691 ma-

203 2703 422 2778 lorum,
458 2719 588 2773 quae
615 2709 912 2778 geruntur
941 2712 1232 2776 auctores,
1264 2703 1520 2778 quorum
1559 2708 1715 2763 idem
1748 2708 1870 2778 dia-

201 2775 375 2851 bolus
410 2782 504 2829 est
539 2777 834 2846 princeps.
870 2776 1032 2832 Unde
1063 2775 1483 2851 Trismegistus
1530 2778 1697 2835 illum
1751 2776 1869 2833 δαι-

203 2846 494 2919 μονάρχον
534 2852 712 2902 vocat.
748 2867 774 2898 ι)

267 2920 384 2987 (11)
437 2921 514 2994 lit
551 2919 888 2994 valetudines
933 2920 1217 2994 inﬂigunt.
1250 2921 1513 2994 AVidetur
1558 2921 1702 2976 mihi
1734 2939 1866 2994 spe-

195 2994 359 3064 ctare
394 2989 469 3064 a_d
507 2989 816 3064 ministros
850 2989 1136 3064 publicos,
1163 2992 1260 3062 qui
1291 2993 1544 3064 puniunt
1573 2989 1863 3062 homines,

195 3061 298 3132 qui
331 3060 625 3131 inﬂigunt
656 3062 915 3128 verbera,
961 3064 1060 3133 qui
1109 3060 1378 3119 homines
1430 3060 1864 3122 excarriiiicant.

195 3107 1060 3198 oiéﬁt'ée‘iﬁtiduh‘i'ib‘iﬁn‘é's"
1089 3107 1870 3206 arsisset":eam;
1901 3112 1943 3179 C
1982 3107 2211 3201 sane

194 3205 427 3279 diabolo
464 3209 763 3279 tenta_lore,
795 3210 962 3279 vocat
992 3205 1290 3261 diabolum
1336 3209 1531 3278 ipsum
1579 3210 1864 3279 ἀσώματον

203 3273 562 3349 δήμιονηλς.
597 3273 1427 3349 σαίνηίρσεηῑὶηεονρονευὶη.
1484 3281 1553 3334 Et
1606 3273 1720 3336 huc
1768 3280 1868 3336 ille

200 3349 437 3427 confert
470 3346 616 3401 illud
652 3348 749 3402 Dei
799 3350 869 3402 ad
923 3346 1220 3427 diabolum
1257 3352 1472 3427 ("Attat
1519 3357 1617 3427 τῆς
1675 3353 1868 3427 σαρκὸς

201 3419 368 3472 αὖτοῦ
404 3436 418 3475 :
457 3427 623 3489 tange
649 3436 872 3490 carnem
920 3421 1055 3490 ejus.
1107 3422 1167 3475 Id
1220 3426 1310 3476 est
1352 3419 1638 3478 constituo
1688 3419 1752 3480 te'
1793 3425 1865 3480 ad

198 3491 535 3562 intligenda
565 3489 809 3546 vulnera
841 3489 1142 3562 publicum
1177 3494 1530 3549 carniﬁcem.
1565 3501 1692 3548 Lac.

273 3565 391 3634 (12)
426 3561 651 3636 [Videris
693 3561 1070 3636 ettsanguz'nis
1112 3569 1384 3636 procuret.
1437 3566 1730 3621 Permulta
1772 3566 1866 3621 hic

208 3635 374 3709 docte
409 3640 470 3688 et
505 3634 796 3690 industrie
828 3634 1866 3709 congesserunt,interpretes,quibus

202 3708 336 3760 addi
377 3713 634 3776 possunt
680 3723 808 3778 qua:
855 3707 1204 3763 adsimiles
1246 3708 1484 3762 Minucii
1530 3716 1585 3764 et
1626 3707 1864 3764 Arnobii

202 3779 362 3833 locos
399 3782 606 3832 notata
637 3783 798 3833 sunt.
832 3780 1158 3835 Credebant
1188 3780 1343 3834 enim
1370 3780 1534 3834 stulti
1585 3781 1668 3834 illi
1701 3782 1862 3836 miri-

201 3852 306 3923 ﬁce
339 3851 487 3923 deos
521 3865 665 3903 suos
696 3851 1052 3923 istonidore
1084 3851 1379 3918 delectari,
1420 3853 1678 3922 adeoque
1709 3853 1860 3923 quod

202 3922 310 3975 sibi
347 3921 665 3976 nobiseum
717 3921 933 3993 paedor,
990 3927 1049 3976 at
1105 3923 1223 3978 illis
1277 3928 1476 3978 nectar
1505 3921 1652 3979 esse.
1721 3921 1861 3979 Hinc

201 3994 720 4067 apudﬂomerum
755 3994 911 4049 haud
947 3994 1213 4065 ingratus
1235 3995 1507 4065 Trojanis
1539 3996 1769 4067 Jupiter
1799 3995 1862 4049 li-

204 4063 580 4120 beralitatem
614 4080 816 4121 eorum
850 4063 1223 4122 commendat
1249 4063 1409 4122 Iliad.
1453 4073 1511 4138 Δ,
1545 4063 1715 4123 versu
1772 4068 1859 4121 48.

303 4203 381 4260 Οὔ
415 4202 518 4298 χεὶρ
557 4202 652 4275 μ.σῖ
679 4225 810 4298 πξπε
846 4205 1032 4280 βωμὸς
1065 4203 1276 4261 ἐδεύετο
1309 4204 1488 4268 δαιτὸς
1521 4205 1690 4279 ἐΐσης,

307 4277 520 4345 Λοιόἧς
553 4297 631 4346 τι,
656 4277 877 4346 miseri:
908 4298 982 4332 τε.

202 4418 247 4493 i.
270 4435 320 4474 θ.
355 4442 383 4468 ‹‹
420 4420 549 4493 Non
575 4419 731 4476 enim
767 4420 911 4475 mihi
943 4438 1205 4493 unquam
1238 4439 1338 4478 ara
1383 4424 1616 4479 carebat
1663 4424 1857 4479 convi-

201 4490 288 4545 vio
323 4491 878 4564 pari,libationeque
908 4490 1251 4564 nidoreque.
1272 4518 1292 4542 ι
1332 4497 1514 4560 Quam
1545 4497 1855 4553 stultitiam

205 4578 334 4637 cum
370 4579 531 4634 saepe
575 4564 886 4630 Lucianus,
942 4569 1068 4620 tum
1101 4567 1158 4620 in
1209 4566 1422 4637 igniter
1467 4572 1625 4622 taxat
1673 4569 1851 4622 Theo-

203 4634 768 4710 doretus._serm._7.
804 4654 866 4710 p._
900 4638 1019 4710 104,
1054 4634 1258 4710 ᾳυβαί
1282 4643 1346 4693 ut
1393 4638 1673 4710 inspicias
1723 4656 1854 4694 sua-

205 4705 346 4782 (1&0.
382 4702 615 4782 ξῇὁδρα
661 4702 1002 4782 γᾷρῌᾶὐτοὺς
1049 4702 1283 4782 ᾖαίρειν,
1339 4713 1452 4782 etc.
1490 4702 1622 4774 'Quo
1675 4727 1853 4766 sensu

202 4777 623 4852 Tertullianus,
657 4777 980 4852 od'Martyr.
1015 4777 1130 4834 c.'2
1154 4777 1172 4835 ἐ
1206 4785 1328 4836 Non
1355 4781 1644 4836 nidoribus
1687 4800 1852 4852 spur-

200 4851 290 4924 eis
334 4852 674 4924 verberat-is.
751 4851 1190 4924 Theodoretus_
1232 4869 1484 4924 rursusﬂ
1516 4851 1732 4908 ibidem
1796 4870 1850 4924 p.

205 4921 432 4996 “p._ex
464 4923 936 4996 verbisisocratis
963 4922 1266 4996 ostendit:
1302 4945 1329 4972 «
1360 4923 1590 4980 Nullius
1619 4921 1854 4996 quidem

211 4990 288 5046 rei
340 4993 532 5047 Deum
586 4995 849 5065 indigum
901 5011 1049 5056 esse,
1099 4992 1366 5064 nihilque
1433 4990 1648 5051 habere
1695 4996 1852 5051 aliud

202 5065 759 5158 ejusmodi‘hostias
789 5072 994 5148 praeter
1022 5066 1273 5158 fumum,
1308 5083 1373 5149 ac
1412 5073 1691 5158 putorem
1724 5069 1854 5158 qu‘i-

202 5135 335 5206 dem
372 5136 565 5191 multo
595 5135 1032 5206 gravissimum.
1069 5158 1090 5187 ι
1127 5140 1350 5190 Κατινοῦ
1409 5135 1464 5192 δί
1494 5138 1661 5193 πλέον
1695 5135 1851 5192 οὖδὲν

203 5201 424 5277 ἔχουσιν
489 5209 544 5259 αἱ
596 5201 844 5261 Emam
901 5205 1100 5273 θυσίαι,
1147 5207 1236 5260 καὶ
1293 5215 1500 5264 καττνοῦ
1562 5209 1855 5282 δυσοσμίας

207 5282 429 5346 pce-cos.
469 5280 533 5335 Et
565 5284 762 5336 tamen
794 5281 1038 5335 miriﬁce
1078 5285 1351 5350 appetere
1400 5284 1558 5339 hunc
1588 5280 1854 5339 nidorem

205 5351 505 5422 putabant
545 5352 684 5407 deos
733 5369 893 5407 suos.
945 5350 1108 5406 Unde
1151 5355 1414 5422 Nonnus,
1459 5356 1516 5410 in
1569 5359 1710 5410 orat.
1741 5359 1854 5408 Na-

204 5421 388 5475 zianz.
429 5441 488 5477 n.
526 5425 550 5477 1
587 5426 645 5478 in
678 5425 910 5489 Iuliam,
953 5440 1010 5494 p.
1051 5424 1154 5477 818
1184 5439 1202 5476 .·
1237 5445 1264 5472 ‹‹
1297 5421 1600 5484 Daemones
1650 5441 1856 5482 omnes

203 5494 637 5571 sacrificiorum
681 5496 1007 5571 nidoribus
1073 5495 1400 5571 gaudentes
1442 5541 1456 5566 ,
1520 5499 1856 5571 liguritores

205 5570 366 5644 sunt,
425 5569 756 5644 prmsertim
803 5569 1182 5644 autem‘hoc
1247 5571 1504 5644 pomine
1543 5569 1857 5644 sugillatur

207 5632 642 5714 §Iercurius.t»
695 5639 858 5695 Unde
905 5645 959 5693 et
1023 5632 1334 5709 δηλακρίων
1395 5632 1650 5709 dicitur:
1687 5638 1858 5714 quasi

208 5697 550 5786 βτςευνμξρὲαε,
583 5710 623 5765 i.
669 5725 719 5765 e.
768 5725 962 5786 carnes
1009 5697 1353 5786 persequens.
1397 5697 1858 5786 Itaque'm'iseri

205 5778 304 5834 isti
339 5778 672 5839 dii'misere
701 5778 1266 5854 esuriebant,multis
1289 5778 1592 5843 ‘sacriﬁéiis
1623 5783 1856 5842 oblatis.

1989 2490 2315 2617 Merouzriius
2347 2488 2446 2545 ille
2476 2489 2630 2561 apud
2663 2487 3116 2560 Aristophanem
3147 2489 3206 2547 in
3238 2491 3428 2564 Pulto,
3456 2495 3632 2551 Acta,

1989 2581 2068 2617 sc.
2103 2580 2142 2617 ι.
2250 2605 2260 2616 .

1986 2581 2068 2620 sc.
2103 2580 2142 2632 ι,
2172 2580 2260 2617 ‘41.

2161 2666 2529 2742 Kaitiiivpsv
2558 2664 2886 2742 aliusper
2907 2670 3050 2720 Θεῶν
3084 2666 3246 2735 ἧττον
3288 2667 3465 2742 μὲλει.

2159 2740 2297 2813 Ἐγὼ
2330 2737 2376 2794 δ’
2407 2737 2674 2794 ἀπόλωλα
2702 2737 3153 2812 κάπιτέτριμμαι.

1978 2847 2017 2902 i.
2051 2864 2100 2916 e,
2136 2869 2163 2896 ‹‹
2213 2849 2290 2902 De
2335 2847 2573 2918 reliquis
2623 2845 2735 2900 diis
2785 2845 2986 2900 minus
3031 2846 3202 2901 anxie
3252 2847 3487 2915 laboro;
3524 2849 3624 2904 sed

1979 2924 2266 3001 quantum
2299 2920 2370 2975 ad
2419 2936 2509 3001 me
2561 2918 2789 3001 attinet,
2837 2918 2990 2972 fame
3031 2918 3340 3001 ‘co'nfectus
3389 2920 3558 3001 perii:
3601 2943 3619 2968 ο

1978 2989 2252 3061 Idemque
2311 2995 2544 3046 veretur
2591 2989 2840 3061 Jupiter,
2895 2989 3048 3059 apud
3101 2990 3342 3046 Lucian.
3390 2989 3451 3044 in
3503 2991 3626 3045 Me-

1982 3063 2180 3133 nippo,
2305 3063 2433 3129 302,
2465 3066 2521 3116 et
2553 3061 2706 3142 apud
2749 3061 3021 3115 eumdem
3074 3061 3133 3115 in
3178 3061 3273 3117 Bis
3320 3066 3529 3145 Aecus.
3564 3079 3621 3134 p.

1982 3136 2110 3188 307.
2144 3131 2211 3187 ἀλ
2257 3134 2267 3152 ’
2301 3134 2441 3188 ἀστ..
2476 3139 2606 3188 etc..
2643 3149 2679 3185 ι.
2714 3147 2764 3185 e.
2799 3154 2825 3182 «
2858 3132 2968 3186 Sed
3009 3133 3228 3188 templa
3270 3149 3499 3188 coronis
3530 3150 3621 3188 ca-

1983 3150 2110 3201 3υι,
2144 3150 2262 3188 αλλ’
2301 3153 2441 3202 ato-1.,
2476 3150 2606 3197 etc.,
2643 3150 2679 3185 ι.
2714 3150 2764 3185 e.
2799 3154 2825 3182 ‹‹
2859 3150 2968 3186 Dea
3009 3150 3228 3204 templa
3270 3150 3499 3188 coronis
3530 3150 3624 3188 ca-

1983 3207 2213 3272 rebunt,
2246 3204 2372 3284 sine
2404 3205 2606 3284 nidore
2638 3209 2810 3284 erunt
2861 3203 3100 3284 plateaa,_
3132 3205 3258 3284 sine
3287 3204 3626 3284 libamentis

1978 3283 2254 3348 crateres,
2285 3277 2624 3348 frigidaeque
2656 3276 2876 3348 passim
2905 3293 3036 3348 arae,
3069 3276 3322 3347 denique
3370 3277 3498 3332 sine
3531 3293 3627 3332 sa-

1977 3350 2307 3419 criﬁciis,ac
2338 3347 2590 3404 victimis
2622 3347 3142 3417 omnia,multaque
3166 3349 3348 3404 fames
3373 3349 3620 3404 futura.»

1976 3426 2205 3499 Rursus
2251 3421 2438 3491 lepide
2471 3419 2928 3499 Aristophanes,
2966 3421 3060 3499 “in
3128 3419 3620 3499 Avibusna’wrtorp:

1976 3492 2116 3548 κῶλ.
2151 3495 2235 3555 IB,
2268 3489 2436 3548 versu
2469 3493 2557 3558 32,
2604 3489 2703 3546 ubi
2750 3490 3132 3545 Prometheus
3165 3507 3177 3544 :
3212 3489 3534 3544 Ἀπόλωλιν
3572 3489 3621 3543 ’ὁ

2845 3562 2960 3615 PR.
3010 3562 3189 3617 Periit
3235 3562 3482 3634 Jupiter.
3535 3563 3620 3617 P1.

1975 3562 2124 3629 Ζεὺς,
2156 3571 2265 3619 etc.
2298 3565 2458 3617 ’Δνευ
2491 3561 2733 3629 θυηλῶν.
2767 3585 2794 3611 ‹‹

3190 3651 3260 3690 uo
3309 3652 3409 3690 vos
3459 3634 3619 3689 habi-

1975 3651 2150 3707 quam
2184 3636 2286 3690 diu
2319 3653 2407 3692 est
2441 3635 2596 3707 quod
2629 3633 2842 3705 periit?
2873 3634 2984 3707 PR.
3019 3638 3098 3688 Ex

1974 3705 2146 3762 fastis
2198 3724 2411 3763 aerem.
2461 3705 2759 3761 Sacriticat
2826 3705 2983 3760 enim
3051 3705 3250 3762 nullus
3307 3706 3617 3762 hominum

1973 3779 2292 3850 quidquam
2328 3780 2589 3850 amplius
2629 3777 2764 3850 diis,
2814 3792 3003 3846 neque
3053 3777 3223 3832 nidor
3269 3794 3302 3832 a
3348 3778 3618 3834 cruribus

1973 3848 2236 3906 ascendit
2263 3852 2332 3905 ad
2386 3848 2492 3906 nos
2546 3849 2617 3904 ab
2666 3848 2766 3902 illo
2812 3854 3074 3917 tempore
3122 3850 3222 3903 sed
3274 3866 3615 3920 quanquam

1972 3924 2135 3978 festis
2167 3923 2387 3977 Cereris
2411 3924 2749 3994 jejunamus
2782 3922 3005 3994 absque
3035 3920 3394 3994 sacrificiis.»
3429 3923 3616 3985 Quare

1973 4011 2106 4049 cum
2138 3994 2250 4064 ipsi
2281 3991 2838 4064 Judaei'adrstultam
2869 3991 3020 4045 hanc
3050 3991 3382 4062 opinionem
3418 3997 3612 4048 trans-

1973 4063 2202 4134 iissent,
2235 4066 2497 4136 increpat
2549 4063 2680 4118 illos
2732 4064 2881 4136 Deus
2934 4066 3031 4136 Ps.
3081 4081 3130 4136 L_,
3184 4064 3249 4136 13
3278 4089 3291 4129 ;
3324 4069 3509 4136 Isasi.
3541 4065 3616 4131 2;

1970 4133 2195 4193 Jerem.
2217 4154 2292 4201 v1,
2325 4133 2430 4204 20—;
2465 4139 2641 4191 Amos
2669 4151 2724 4199 ν,
2755 4135 2909 4201 22,et
2939 4133 3069 4187 aliis
3101 4134 3158 4187 in
3188 4134 3613 4204 locis.Sci1icet,

1972 4232 1999 4258 ‹‹
2034 4209 2157 4264 Non
2190 4215 2318 4279 eget
2351 4215 2522 4274 Deus,
2554 4206 2818 4262 conditor
2844 4205 3258 4279 universitatis,
3291 4207 3488 4279 odoris
3518 4210 3619 4279 aut

1971 4277 2279 4352 sanguinis
2310 4280 2580 4352 alicujus.
2613 4283 2743 4332 Haec
2773 4277 2929 4352 enim
2962 4277 3383 4352 daemoniorum
3403 4277 3620 4352 pabula

1971 4349 2132 4417 sunt,
2163 4373 2190 4402 »
2229 4357 2290 4406 ut
2321 4349 2475 4407 recte
2501 4351 2727 4415 Noster,
2761 4349 2830 4403 ad
2861 4349 3103 4419 Scarp.c.
3128 4350 3162 4401 2
3196 4365 3208 4402 :
3245 4370 3272 4400 «
3301 4350 3447 4404 Nam
3472 4349 3617 4419 quid

1972 4423 2382 4494 stultius,quid
2415 4422 2731 4486 inﬁrmius,
2753 4437 2939 4494 quam
2961 4419 3382 4494 sacriﬁciorum
3405 4437 3614 4476 cruen-

1967 4500 2161 4550 torum
2192 4491 2849 4550 efholocaustomatum
2885 4491 3227 4547 nidorosum
3273 4511 3305 4549 a
3335 4499 3446 4549 Deo
3478 4509 3612 4548 exa-

1966 4567 2127 4621 ctio?
2161 4589 2188 4615 ››
2238 4569 2514 4638 Ejusdem
2561 4565 2754 4638 verbis
2807 4564 3010 4638 C_on_tra
3063 4563 3226 4638 Mare.
3271 4565 3311 4620 1.
3361 4582 3414 4632 ν,
3461 4583 3510 4620 c.
3553 4566 3608 4638 5.

1965 4635 2490 4703 Quomodo'igitur
2537 4635 2859 4692 colendus?
2910 4635 2994 4690 Ita
3041 4640 3105 4689 ut
3150 4636 3264 4691 alio
3313 4653 3490 4691 sensu
3537 4637 3610 4691 ad

1965 4710 2304 4765 idololatras
2335 4707 2578 4765 Tertull.
2611 4709 2676 4763 de
2704 4707 2834 4762 1άοί.
2885 4722 2934 4760 c.
2983 4708 3019 4760 5
3069 4724 3082 4760 :
3136 4730 3162 4757 ‹‹
3214 4707 3365 4763 Colis
3414 4712 3609 4764 autem

1964 4799 2078 4836 non
2129 4781 2335 4852 spiritu
2398 4780 2665 4837 vilissimi
2735 4777 2956 4852 nidoris
3019 4777 3292 4849 alicujus,
3337 4781 3438 4835 sed
3508 4785 3607 4835 tuo

1964 4849 2218 4924 propri—0,
2253 4870 2354 4908 nec
2389 4854 2585 4908 anima
2626 4849 2869 4923 pecudis
2917 4849 3205 4920 impensa,
3258 4852 3360 4907 sed
3410 4852 3610 4908 anima

1963 4930 2083 4979 tua.
2115 4943 2140 4974 ν
2177 4929 2313 4980 ΙΙΑν.

2036 4997 2149 5066 (13)
2214 4997 2338 5051 Tam
2381 4995 2543 5064 facile
2604 4996 2802 5058 sciunt,
2862 5008 3028 5062 quam
3091 4995 3401 5066 enuntianl.
3466 4993 3606 5066 Cod.

1963 5064 2140 5124 Fuld.
2163 5072 2219 5122 et
2250 5069 2428 5138 Lugd.
2466 5071 2587 5122 Bat.
2640 5067 2996 5138 annunttant,
3042 5065 3142 5138 sed
3195 5066 3253 5138 id
3303 5084 3437 5122 mox
3468 5064 3611 5120 dicit

1963 5140 2221 5194 Pertinet
2252 5135 2366 5194 huc
2399 5140 2633 5210 elegans
2653 5139 2824 5210 jocus
2849 5135 3086 5210 Luciani
3123 5137 3221 5207 qui
3265 5138 3612 5194 inscribitur

1964 5210 2290 5280 Navigium.
2318 5212 2423 5266 Ubi
2457 5208 2607 5265 inter
2639 5208 2851 5264 stultos
2880 5208 3026 5261 istos
3058 5214 3352 5280 Optatores
3385 5214 3614 5280 postre-

1966 5298 2095 5336 mus
2125 5286 2299 5353 Gygis
2332 5289 2492 5354 optat
2518 5282 2826 5354 annulum,
2860 5296 2974 5354 quo
3017 5280 3221 5354 induto
3245 5280 3455 5338 anuilo
3481 5298 3616 5354 pos-

1965 5354 2044 5408 sit
2074 5349 2564 5426 con'spici,'atque
2595 5353 2676 5407 ita
2702 5353 2852 5426 inter
2879 5349 2992 5405 alia
3021 5352 3215 5426 inquit
3247 5371 3260 5409 :
3303 5375 3324 5403 α
3358 5359 3425 5409 Et
3456 5349 3612 5426 quod

1965 5422 2236 5480 omnium
2253 5422 2672 5482 suavissimum
2705 5422 2903 5488 fuerit,
2951 5440 3067 5480 uno
3105 5422 3321 5481 eodem
3370 5422 3612 5482 die'an-

1967 5498 2236 5580 nuntiare
2267 5499 2633 5580 B‘abylnonem.
2654 5511 2909 5580 possem,
2935 5497 3209 5564 quisnam
3239 5498 3300 5553 in
3331 5495 3614 5570 Olympiis

1964 5569 2199 5624 vicisset
2230 5575 2324 5625 :et
2356 5566 2409 5625 si
2437 5572 2582 5627 forte
2622 5566 2679 5623 in
2728 5566 2890 5638 Syria
2941 5585 3192 5637 prausus
3233 5566 3445 5633 essem,
3499 5583 3610 5638 co":-

1966 5656 2106 5719 nare
2154 5641 2213 5696 in
2253 5642 2453 5719 Italia.
2507 5664 2534 5692 »
2684 5635 3189 5719 quorsu_m.haec?
3219 5641 3386 5719 addit
3429 5635 3604 5719 peplo

1965 5715 2099 5783 post
2127 5726 2139 5766 :
2175 5734 2203 5762 «
2234 5714 2313 5783 Ac
2345 5723 2496 5771 Deus
2539 5702 2769 5767 viderer
2815 5709 3036 5767 caeteris
3070 5728 3082 5769 :
3120 5733 3148 5762 »
3177 5709 3267 5763 καὶ
3299 5702 3447 5766 Θεὸξ
3485 5702 3609 5758 ἐδό-

1964 5782 2090 5837 ἇιουν
2121 5787 2236 5846 τοῖς
2270 5782 2482 5848 ἄλλοις.
2517 5785 2655 5841 ΗΑν.
