4054 6174
243 345 344 402 473

1332 341 1918 403 APOLOGETICUS
1963 339 2141 400 ADV.
2191 338 2516 398 GENTES.

3507 334 3624 389 4'14

244 475 485 529 cinerum
515 474 969 545 demonstrator,
1014 474 1128 530 alia
1174 475 1267 530 die
1299 477 1601 532 morituris
1627 476 1758 547 (33).
1793 475 1867 530 So
1898 477 1950 542 Α
1980 489 2187 528 monas
2217 488 2346 528 esse
2378 468 2750 542 cognoscitis.
2793 467 3007 522 Eadem
3056 482 3189 520 vero
3221 479 3395 536 Opera
3426 466 3627 518 nostra

245 562 416 618 cordio
447 567 501 617 et
529 562 816 618 Thanatio
867 568 923 618 et
953 562 1361 635 Asclepiodoto
1391 565 1520 619 vita:
1552 564 1867 619 summini-

242 657 436 708 strator
467 669 479 706 :
518 653 628 707 nisi
653 669 714 707 se
745 653 1038 708 dtemones
1064 653 1310 709 confessi
1333 654 1565 719 fuerint,
1591 653 1868 708 Christia-

243 758 304 796 nc
337 741 564 795 mentiri
607 757 720 796 non
772 743 1074 811 audentes,
1109 743 1324 798 ibidem
1376 742 1533 798 illius
1565 742 1870 798 christiani

240 829 624 903 procacissimi
670 832 1022 902 sanguinem
1074 833 1318 888 fundite.
1372 833 1520 899 Quid
1553 833 1666 888 isto
1701 848 1872 903 Opere

240 918 593 974 manifestius
611 919 638 972 ‘I
665 919 804 990 quid
837 920 944 975 hac
967 921 1306 992 probatione
1330 921 1561 977 ﬁdelius
1585 922 1612 976 ?
1642 920 1872 992 simpli-

237 1009 365 1064 citas
392 1008 657 1064 veritatis
677 1009 737 1064 in
763 1010 954 1065 medio
986 1017 1110 1078 est;
1142 1010 1326 1066 virtus
1350 1011 1434 1066 illi
1462 1028 1570 1066 sua
1600 1011 1829 1067 assistit
1855 1028 1868 1066 :

237 1095 367 1151 nihil
399 1097 695 1169 suspicari
737 1097 950 1153 licebit.
985 1099 1176 1170 Magia
1223 1103 1324 1155 aut
1354 1099 1551 1171 aliqua
1581 1099 1874 1172 ejusmodi

235 1185 451 1240 fallacia
483 1186 607 1240 fieri
638 1187 846 1242 dicetis
869 1188 934 1254 ⁸³,
967 1188 1016 1244 si
1049 1187 1200 1244 oculi
1231 1189 1409 1244 vestri
1441 1193 1497 1244 et
1527 1205 1698 1244 aures
1743 1205 1872 1259 per-

237 1275 499 1330 miserint
527 1275 714 1331 vobis.
751 1277 897 1341 Quid
932 1281 1126 1332 autem
1178 1277 1347 1333 inniti
1380 1282 1569 1349 potest
1597 1280 1874 1333 adversus

235 1365 303 1432 id,
321 1365 477 1435 quod
499 1365 825 1420 ostenditur
843 1368 1000 1420 nuda
1019 1366 1354 1422 sinceritate
1372 1367 1399 1421 ?
1430 1368 1489 1422 Si
1510 1367 1689 1421 altera
1710 1370 1874 1438 parte

233 1453 422 1507 8‘vere
475 1453 566 1507 dei
616 1457 778 1524 sunt,
826 1471 929 1508 cur
970 1471 1099 1509 sese
1129 1455 1414 1510 daemonia
1465 1453 1874 1510 mentiuntur?

236 1559 297 1597 an
330 1546 387 1596 ut
428 1542 604 1596 nobis
653 1543 1098 1614 obsequantur?
1143 1544 1276 1599 Jam
1309 1547 1463 1599 414
1494 1560 1628 1615 ergo
1679 1543 1875 1613 subje-

234 1637 314 1685 cta
338 1636 425 1686 est
459 1631 809 1688 Christianis
853 1632 1127 1687 divinitas
1158 1639 1382 1701 vestra;
1418 1650 1523 1688 nec
1554 1634 1755 1702 utique
1787 1631 1875 1686 di-

238 1720 400 1776 vinita
427 1721 775 1793 deputanda
827 1727 934 1788 est,
969 1739 1096 1794 quae
1145 1723 1384 1778 subdita
1409 1728 1499 1778 est
1545 1721 1789 1788 homini,
1822 1724 1878 1774 et

236 1811 446 1882 siquid
507 1812 576 1864 ad
630 1811 884 1867 dedecus
929 1813 1088 1880 facit,
1134 1811 1363 1868 aemulis
1411 1812 1556 1868 suis.
1606 1811 1661 1865 Si
1695 1810 1878 1866 altera

237 1905 387 1970 parte
435 1899 739 1955 daemones
787 1905 925 1956 sunt
971 1900 1058 1955 vel
1104 1900 1317 1973 angeli,
1351 1918 1454 1956 cur
1501 1917 1562 1957 se
1605 1900 1744 1956 alibi
1777 1916 1878 1971 pro

240 1987 343 2042 diis
373 2005 548 2055 agere
580 1989 981 2061 respondent?
1011 1990 1158 2044 Nam
1207 1990 1360 2045 sicut
1391 1989 1495 2057 illi,
1530 1989 1627 2061 qui
1659 1988 1738 2043 dii
1771 1988 1880 2042 ha-

240 2077 444 2132 bentur
474 2078 540 2145 “,
589 2079 880 2134 daemones
930 2096 992 2134 se
1035 2079 1224 2134 dicere
1271 2079 1622 2145 noluissent,
1663 2077 1712 2134 si
1755 2093 1886 2132 vere

242 2165 312 2220 dii
341 2173 566 2235 essent,
600 2167 843 2236 scilicet,
868 2185 940 2224 ne
965 2169 1034 2223 de
1062 2169 1368 2238 majestate
1398 2185 1459 2223 se
1488 2169 1845 2240 deponerent
1869 2185 1882 2222 :

242 2254 314 2309 ita
340 2259 395 2310 et
426 2255 551 2322 isti,
588 2272 737 2326 quos
760 2257 976 2312 directo
1002 2257 1297 2313 damones
1329 2257 1535 2327 nostis,
1559 2274 1673 2312 non
1706 2259 1884 2313 aude-

240 2349 356 2398 rent
388 2343 534 2398 alibi
568 2362 672 2416 pro
691 2345 803 2400 diis
824 2346 1079 2417 agere,si
1114 2345 1295 2417 aliqui
1329 2347 1566 2402 omnino
1591 2347 1888 2402 diiessent

239 2448 482 2502 quorum
517 2433 860 2489 nominibus
893 2442 1168 2503 utuntur;
1194 2440 1525 2490 vererentur
1546 2436 1699 2490 enim
1725 2434 1887 2490 abuti

240 2522 541 2592 majestate
563 2523 931 2593 superiorum
955 2525 999 2558 ⁸⁸
1033 2524 1158 2579 sine
1191 2524 1370 2579 dubio
1393 2529 1448 2579 et
1468 2525 1885 2579 timendorum.

240 2611 381 2666 Adeo
414 2609 586 2665 nulla
616 2615 704 2666 est
743 2611 1018 2667 divinitas
1053 2612 1166 2668 ista
1199 2630 1376 2684 quam
1407 2612 1638 2678 tenetis,
1669 2612 1809 2683 quia
1839 2611 1890 2667 si

238 2704 400 2764 esset,
437 2715 638 2770 neque
688 2717 720 2754 ι
773 2701 1081 2756 daemoniis
1129 2703 1583 2773 adfectaretur“,
1636 2717 1823 2772 neque
1857 2717 1890 2755 a

240 2789 343 2842 diis
383 2793 723 2860 negaretur.
776 2791 919 2845 Cum
951 2792 1104 2860 [ergo
1137 2796 1386 2862 utraque
1434 2807 1568 2862 pars
1601 2789 1892 2845 concurrit

243 2878 294 2932 in
323 2877 781 2947 confessionem,
806 2879 947 2934 deos
970 2895 1097 2935 esse
1122 2895 1362 2950 negans,
1387 2881 1684 2952 agnoscite
1706 2896 1890 2934 unum

241 2967 438 3036 genius
472 2983 627 3034 esse,
663 2967 719 3021 id
775 2973 865 3022 est
915 2969 1232 3024 daemonas.
1268 2969 1476 3024 Verum
1511 2969 1820 3039 utrobique
1849 2969 1892 3002 ⁸⁸

239 3055 351 3123 jam
384 3055 535 3110 deos
566 3055 807 3125 quaerite
834 3081 847 3124 ;
881 3073 1029 3128 quos
1050 3057 1205 3112 enim
1230 3057 1756 3129 prasumpseratis,
1779 3058 1892 3112 daa-

1979 563 2049 616 ab
2073 563 2291 616 eisdem
2313 561 2423 615 diis
2451 559 2656 614 vestris
2674 574 2786 612 non
2810 561 3042 612 tantum
3066 555 3173 609 hoc
3196 552 3624 623 detegentibus,

1979 653 2133 722 quod
2169 667 2356 721 neque
2387 649 2496 720 ipsi
2532 648 2608 701 dii
2640 649 2684 682 39
2717 647 2834 701 sint
2865 662 3052 715 neque
3085 643 3187 698 ulli
3222 643 3316 697 alii
3342 643 3404 709 9°,
3447 640 3622 696 etiam

1978 740 2123 794 illud
2154 741 2212 794 in
2245 738 2566 796 continenti
2592 735 2962 807 cognoscitis,
2987 734 3086 804 qui
3119 733 3195 787 sit
3224 747 3352 787 vere
3373 733 3541 796 deus,
3569 734 3625 784 et

1981 846 2053 884 an
2081 828 2198 894 ille,
2233 833 2288 883 et
2319 846 2391 883 an
2438 828 2669 893 unicus,
2705 842 2878 896 quem
2911 822 3225 878 Christiani
3261 822 3620 892 profitemur,

1981 921 2036 973 et
2069 936 2139 973 an
2174 919 2249 972 ita
2283 917 2607 972 credendus
2653 915 3065 984 colendusque,
3098 917 3162 966 ut
3213 912 3375 973 ﬁdes,
3408 913 3472 963 ut
3502 910 3621 963 dis-

1980 1007 2199 1079 ciplina
2219 1006 2505 1078 disposita
2535 1010 2622 1061 est
2639 1004 3119 1059 Christianorum.
3147 1000 3349 1055 Dicent
3369 998 3622 1052 ibidem:

1981 1096 2187 1166 Ecquis
2220 1096 2317 1151 ille
2349 1096 2616 1151 Christus
2666 1111 2798 1150 cum
2832 1109 2940 1147 sua
2971 1091 3214 1146 fabula?
3247 1089 3393 1144 415
3430 1086 3486 1140 Si
3519 1087 3622 1140 ho-

1983 1204 2076 1242 mo
2107 1187 2439 1241 communis
2470 1183 2842 1252 conditionis,
2877 1183 2925 1238 si
2960 1197 3186 1252 magus,
3221 1178 3268 1234 si
3308 1181 3440 1250 post
3472 1192 3626 1230 mor-

1982 1281 2101 1330 tem
2123 1277 2162 1310 ⁹¹
2199 1275 2268 1329 de
2299 1275 2564 1345 sepulcro
2597 1291 2630 1328 a
2661 1271 2968 1343 discipulis
3017 1271 3353 1340 subreptus,
3388 1266 3436 1321 si
3470 1280 3626 1320 nunc

1983 1365 2234 1434 denique
2265 1381 2440 1435 penes
2485 1364 2722 1430 inferos,
2756 1361 2804 1416 si
2837 1378 2950 1415 non
2984 1361 3038 1414 in
3071 1358 3229 1413 caelis
3263 1356 3452 1427 potius
3475 1355 3537 1421 9’,
3572 1357 3628 1408 et

1985 1453 2119 1506 inde
2142 1458 2421 1507 venturus
2444 1469 2577 1507 eum
2603 1451 2782 1505 totius
2806 1449 3009 1504 mundi
3035 1453 3216 1515 motu,
3237 1462 3369 1500 cum
3389 1445 3627 1498 horrore

1985 1541 2164 1608 orbis,
2195 1559 2325 1596 cum
2361 1541 2593 1613 planctu
2625 1541 2913 1608 omnium,
2938 1539 3034 1592 sed
3061 1555 3173 1591 non
3197 1537 3241 1571 93
3273 1533 3627 1589 Christiano-

1985 1631 2604 1696 rum,utDeiVirtuset
2619 1629 3258 1700 DeiSpiritusetSermo
3273 1629 3328 1678 et
3346 1622 3634 1694 sapientia

1985 1726 2040 1776 et
2071 1720 2234 1774 Ratio
2266 1725 2321 1774 et
2354 1720 2449 1775 Dei
2484 1719 2684 1774 Filius.
2712 1719 3131 1786 Quodcumque
3155 1714 3378 1780 ridetis,
3403 1713 3634 1766 rideant

1986 1814 2042 1864 et
2073 1809 2158 1862 illi
2194 1810 2492 1864 vobiscum
2521 1826 2534 1876 ;
2570 1811 2782 1879 negent
2813 1806 3109 1862 Christum
3143 1820 3372 1858 omnem
3411 1803 3482 1856 ab
3515 1817 3630 1854 aevo

1989 1898 2244 1954 animam
2280 1899 2547 1953 restituto
2570 1914 2808 1969 corpore
2831 1895 3256 1968 judicaturum.
3291 1893 3494 1947 Dicant
3524 1890 3633 1944 hoc

1990 2004 2091 2060 pro
2112 1986 2470 2052 tribunali,si
2495 1986 2896 2055 forte,Minoen
2917 1990 2970 2040 et
2991 1981 3507 2038 Rhadamanthum
3523 1978 3634 2051 (34)

1993 2078 2318 2133 secundum
2350 2093 2702 2132 consensum
2725 2077 2769 2111 9‘
2799 2074 3056 2130 Platonis
3087 2078 3145 2128 et
3176 2076 3479 2145 poetarum
3511 2085 3638 2124 esse

1993 2166 2377 2232 sortitos;sua2
2391 2165 2600 2221 saltem
2617 2165 2949 2235 ignominiaa
2965 2164 3162 2219 etdam
3173 2160 3424 2216 nationis
3439 2163 3637 2213 notam

1994 2255 2246 2310 refutent
2278 2272 2290 2310 :
2325 2259 2576 2310 renuant
2599 2270 2658 2309 se
2681 2254 3021 2308 immundos
3043 2252 3286 2322 spiritus
3309 2265 3455 2316 esse,
3482 2249 3635 2318 quod

1993 2344 2083 2398 vel
2115 2361 2182 2399 ex
2209 2343 2442 2416 pabulis
2486 2360 2685 2398 eorum
2721 2342 3003 2414 sanguine
3051 2346 3106 2396 et
3137 2342 3298 2394 fumo
3330 2343 3385 2392 et
3415 2336 3637 2408 putidis

1995 2433 2151 2504 rogis
2183 2449 2456 2505 pecorum
2491 2433 2601 2503 (35)
2634 2436 2690 2486 et
2719 2430 3204 2502 impuratissimis
3234 2426 3449 2499 linguis
3481 2427 3639 2496 ipso-

1998 2538 2130 2576 rum
2153 2527 2351 2576 vatum
2377 2521 2621 2591 intelligi
2645 2520 2883 2586 debuit;
2919 2523 3168 2574 renuant
3188 2519 3231 2552 9‘
3254 2518 3324 2573 ob
3351 2514 3636 2569 malitiam

1998 2612 2428 2684 praedamnatos
2451 2627 2512 2666 se
2532 2610 2589 2664 in
2610 2611 2880 2664 eumdem
2897 2608 3105 2678 judicii
3131 2608 3281 2662 diem
3304 2623 3435 2660 cum
3457 2603 3644 2658 omni-

2000 2701 2109 2754 bus
2140 2699 2462 2755 cultoribus
2491 2705 2547 2754 et
2577 2699 2980 2770 operatoribus
3003 2699 3045 2732 9⁸
3077 2698 3219 2752 suis.
3253 2694 3426 2766 Atqui
3451 2691 3644 2748 omnis

2000 2788 2122 2842 haec
2153 2792 2354 2843 nostra
2385 2788 2441 2841 in
2493 2787 2626 2842 illos
2670 2786 2992 2841 dominatio
3038 2793 3090 2840 et
3135 2789 3393 2856 potestas
3438 2782 3507 2836 de
3539 2797 3643 2834 no-

2002 2877 2324 2932 minatione
2355 2876 2568 2931 Christi
2588 2875 2887 2948 valet(36),
2907 2881 2963 2930 et
2992 2877 3060 2930 de
3094 2871 3648 2930 commemoratione

2000 2982 2225 3035 eorum,
2295 2982 2420 3036 qua:
2497 2964 2606 3019 sibi
2683 2982 2716 3020 a
2784 2965 2896 3019 Deo
2965 2981 3067 3035 per
3132 2963 3415 3018 arbitrum
3485 2958 3646 3012 Chri-

2001 3059 2158 3110 stum
2210 3053 2580 3109 imminentia
2627 3058 2980 3125 exspectant.
3032 3053 3326 3108 Christum
3376 3050 3650 3104 timentes

1639 3174 1842 3236 Varia;
1884 3171 2207 3234 lectiones.

306 3286 480 3361 (then.
513 3287 727 3361 aliique
751 3306 771 3343 :
802 3287 1018 3354 licebit,
1071 3288 1298 3361 magica
1329 3321 1400 3330 —
1444 3289 1587 3345 ﬁeri.
1645 3289 1820 3345 Dictis
1873 3288 2231 3361 nonﬂstetis,
2280 3285 2349 3361 si,
2383 3289 2494 3361 etc.
2525 3287 2641 3355 Βία.
2678 3297 2730 3341 et
2779 3288 2908 3361 Hau.
2956 3288 3272 3361 receperunt
3301 3285 3653 3361 scripturam

241 3358 589 3430 cod.Fuld.;
646 3363 766 3414 cod.
815 3361 1113 3430 Bongarsii
1158 3358 1178 3417 ἐ

242 3428 355 3482 fieri
408 3430 636 3484 dicitis.
698 3437 815 3485 Non
873 3428 1097 3499 dicetis,
1161 3434 1210 3487 ei
1266 3428 1374 3487 etc.

1227 3362 1420 3433 magia
1463 3392 1530 3402 —-—
1579 3362 1700 3416 fieri
1750 3362 1941 3416 dictis.
1994 3360 2119 3415 Non
2170 3359 2395 3425 dicetis,
2449 3358 2532 3433 si,
2571 3365 2707 3424 etc.,
2753 3358 2903 3412 codd.
2961 3355 3111 3426 Put.,
3160 3356 3348 3433 Lugd.
3390 3360 3440 3410 et
3487 3355 3652 3433 Agob_.

1477 3433 1643 3488 8"ills.
1701 3433 1875 3501 Lugd.
1938 3434 2062 3487 Bal.
2123 3437 2365 3497 naturae,
2422 3431 2564 3484 unde
2623 3435 2850 3485 Havcrc.
2906 3433 3215 3500 suspicatur
3249 3426 3487 3501 natura,
3550 3426 3654 3493 vel,

241 3515 362 3576 vere
413 3509 656 3576 natura.
734 3503 778 3536 ⁸⁸
811 3504 933 3558 Dici
976 3507 1107 3558 Par.
1184 3506 1227 3538 ⁸⁸
1259 3505 1624 3575 Majestatem
1673 3499 2033 3576 superiorem
2084 3508 2262 3558 Fran.
2294 3518 2314 3562 ;
2365 3502 2670 3570 majestate
2720 3499 3019 3572 superiore
3071 3503 3246 3576 Paris.
3326 3501 3367 3533 ⁸⁷
3402 3499 3652 3553 Rhenan.

241 3571 446 3644 aliique
477 3592 499 3628 :
539 3575 908 3629 aifectaretur
938 3577 997 3630 in
1027 3571 1410 3644 confessione,
1463 3584 1596 3642 etc.,

1647 3574 1766 3646 (μιαέ
1807 3579 1913 3630 duo
1960 3592 2044 3629 υυ.
2097 3576 2564 3644 interpretationis
2595 3590 2758 3628 causa
2804 3578 3047 3643 ascripta
3093 3574 3410 3646 deleverunt
3439 3575 3569 3641 Rtg.
3600 3578 3658 3623 et

243 3643 362 3716 (tau.
441 3646 488 3678 ⁸⁸
524 3650 620 3700 Fr.
652 3649 878 3708 Junius,
912 3649 1068 3711 Hav.,
1118 3652 1166 3702 et
1218 3643 1404 3703 Seml.’
1437 3651 1488 3704 et
1535 3643 1668 3703 Ilitt:
1713 3648 2058 3715 distinguunt
2105 3665 2124 3701 :
2175 3643 2493 3710 damonas,
2527 3663 2754 3713 verum,
2791 3646 3121 3716 utrobique.
3169 3645 3300 3699 Jam
3344 3645 3503 3716 deos,
3538 3646 3650 3695 etc.

835 3721 878 3752 9°
906 3719 1010 3772 Sed
1044 3720 1168 3773 add.
1222 3721 1351 3773 Par.

530 3789 573 3821 95
607 3789 962 3845 Renuntient
1005 3792 1168 3846 Fran.
1225 3793 1341 3861 Rig.

244 3712 282 3746 ⁸³
309 3720 452 3770 Sunt
482 3718 735 3770 Parisin.

242 3785 415 3840 Paris.

246 3857 431 3913 nibus.

1455 3721 1497 3755 ⁹¹
1532 3726 1772 3774 Crucem
1820 3721 2043 3774 Ilaverc.

1447 3791 1490 3825 ⁹⁶
1529 3792 1705 3846 Codd.
1770 3791 1896 3846 Put.
1943 3796 2000 3845 et
2056 3790 2264 3861 Lugd.,
2323 3787 2531 3856 Rhen.,
2585 3788 2720 3845 Ald.
2780 3794 2836 3844 et
2884 3789 2975 3844 Fr.
3035 3789 3244 3843 Junius
3297 3804 3310 3842 :

3331 3717 3374 3749 9-⁸
3401 3715 3651 3769 Sensum

3362 3785 3652 3858 operatio-

2147 3719 2190 3751 ⁹²
2223 3717 2396 3772 Ocius
2442 3717 2606 3771 Scml.
2710 3719 2753 3751 9³
2791 3718 2845 3770 Si
2897 3734 3009 3771 non
3061 3718 3225 3770 Fran.

1682 3941 2203 4005 Commentarius.

245 4061 580 4138 gignensium
614 4063 840 4120 Numen
869 4065 1260 4138 primarium,
1294 4067 1364 4122 de
1413 4083 1527 4138 quo
1579 4083 1685 4122 nos
1716 4083 1895 4138 supra
1926 4069 1968 4136 C

246 4137 308 4188 ad
339 4153 469 4207 cap.
505 4137 596 4200 12,
632 4141 688 4190 et
717 4136 986 4212 praeclare
1026 4139 1201 4212 etiam
1236 4136 1498 4212 disputat
1529 4138 1582 4193 la
1612 4136 1893 4212 Cerdaad

246 4223 361 4278 cap.
396 4225 683 4294 sequens,
730 4209 946 4294 docens
991 4210 1279 4294 virginem
1311 4209 1476 4294 illam
1507 4211 1808 4294 appellari,
1841 4214 1898 4293 et

247 4294 351 4333 non
386 4280 650 4335 absurde
693 4281 1023 4351 pluviarum
1057 4280 1150 4336 hic
1201 4280 1561 4338 mentionem
1588 4280 1894 4352 conjungi,

246 4366 360 4426 quae
396 4369 464 4406 ex
519 4367 655 4426 aere
701 4353 1086 4409 descendunt.
1137 4354 1282 4409 Hinc
1332 4360 1482 4411 certe
1531 4355 1797 4426 Orpheus
1837 4354 1896 4408 in

244 4420 454 4491 hymno
487 4423 566 4477 ad
599 4423 760 4478 illam
797 4441 811 4480 :

264 4543 500 4621 Ομὸρων
543 4546 638 4618 μὶν
669 4543 886 4616 διερῶν,
919 4546 1130 4620 ἀνέμων
1163 4549 1349 4626 τροφὲ,
1381 4548 1795 4623 παντογένεθλι.

358 4639 683 4687 Nimborum
709 4642 896 4697 mater,
927 4642 1340 4703 ventorumque,
1371 4640 1769 4703 omnigenitrix.

249 4781 312 4832 At
361 4781 665 4835 Junonem
713 4779 1014 4852 Virginem
1065 4781 1330 4838 fabulosa
1378 4783 1696 4852 antiquitas
1741 4782 1896 4838 haud

249 4853 571 4916 conticuit;
603 4852 770 4906 testis
806 4853 949 4906 mihi
983 4854 1298 4910 Pausanias
1328 4854 1388 4908 in
1422 4855 1806 4909 Corinthiacis
1837 4856 1895 4909 in

252 4924 396 4996 fine;
464 4921 572 4996 Καὶ
624 4922 778 4996 πηγή
831 4925 1068 4996 Κάναθος
1108 4923 1457 4996 καλουμένη,
1521 4924 1739 4979 ἐνταῦθα
1796 4927 1895 4993 τήν

249 4995 416 5084 ᾜραεέ
445 4993 608 5082 (paci:
644 4993 1064 5084 Ἀργεῖοιδξατά
1104 4993 1227 5084 ἔτος
1277 4993 1892 5084 λουρμένηνηπαθοὲνον

248 5062 505 5136 γίνεσοαὶο
546 5062 720 5143 circa
759 5062 850 5137 μὲν
1005 5088 1182 5143 ςζφισιν
1212 5068 1269 5143 Ex:
1314 5062 1548 5133 τελετῆς⁷
1591 5070 1651 5136 ἣν
1710 5062 1897 5143 ἄγουσι

245 5135 500 5216 ’ἑῇςΉρφ
557 5135 723 5216 λόγίζς
752 5135 866 5216 erat
892 5135 1217 5216 ἀπορξῆτων
1251 5139 1411 5216 tactv,
1447 5143 1482 5196 i.
1517 5158 1564 5196 e.
1591 5135 1631 5216 3.
1665 5144 1733 5198 Et
1756 5135 1895 5197 'fons

247 5210 606 5284 cuiinomen
644 5210 1115 5284 'CanathusJ'ln
1168 5229 1232 5268 eo
1299 5210 1457 5268 fonte
1514 5213 1684 5284 vulgo
1741 5216 1895 5284 apud

243 5283 507 5356 Argivos,
545 5283 867 5356 proditum,
898 5284 1215 5350 Junonem,
1248 5285 1345 5339 ubi
1395 5283 1710 5356 quotannis
1742 5283 1895 5341 lave-

245 5355 335 5419 rit,
381 5355 581 5408 denuo
635 5353 918 5424 virginem
973 5356 1117 5411 ﬁeri.
1168 5353 1428 5411 Manavit—
1464 5357 1557 5412 hic
1589 5374 1781 5413 sermo
1823 5358 1894 5412 ab

244 5425 828 5506 arcanisipitiorum,
851 5443 988 5506 quis
1018 5428 1238 5506 Junoni
1269 5429 1516 5484 solemni
1541 5429 1655 5506 ritu
1679 5430 1894 5506 fiuntrn
1927 5443 1973 5506 D

242 5499 369 5572 Cod.
423 5497 574 5572 Ald_._
611 5513 712 5552 vox
763 5499 993 5554 caelestis
1043 5500 1316 5572 pessime,
1362 5507 1424 5556 ut
1472 5505 1530 5557 et
1579 5502 1764 5556 Rhen.
1814 5502 1896 5556 vis

243 5571 488 5624 celestis.
532 5568 668 5622 ΗΑν.

310 5641 424 5710 (33)
607 5640 706 5715 die
735 5643 1040 5715 morituris.
1078 5645 1162 5698 Ita
1191 5643 1462 5714 praeclare
1493 5643 1749 5699 restituit
1770 5644 1894 5715 Rig.

248 5725 309 5766 ex
342 5711 683 5796 ms."Ful‘d..
736 5714 837 5796 qui
882 5712 1060 5796 habet
1101 5711 1213 5770 alia
1246 5716 1336 5796 die
1380 5718 1701 5796 moriturus,
1745 5711 1896 5796 ut_ét

251 5799 390 5841 mss.
453 5781 692 5839 Herald.
750 5781 810 5840 in
869 5785 1085 5857 quibus
1142 5786 1449 5844 morituris.
1511 5781 1696 5844 Ridet'
1738 5785 1896 5845 enim

2007 4066 2179 4120 istam
2211 4065 2336 4120 vitae
2362 4063 2751 4136 largitionem,
2777 4080 2898 4134 quae
2932 4069 3126 4120 tamen
3163 4066 3333 4136 paulo
3367 4066 3495 4135 post
3519 4079 3651 4136 cum

2008 4143 2194 4192 morte
2227 4138 2372 4191 foret
2404 4135 2838 4191 commutanda.
2892 4137 3061 4209 Vulg.
3095 4135 3248 4191 Alias
3276 4135 3650 4209 demorituris.

2007 4208 2190 4263 Aldus
2221 4214 2414 4263 tamen
2435 4211 2570 4280 Alia
2601 4209 2980 4272 demorituris,
3013 4207 3076 4262 ut
3105 4219 3162 4263 et
3195 4210 3256 4263 L.
3293 4213 3354 4261 Β.
3387 4211 3443 4280 et
3465 4207 3647 4280 Agob.

2007 4285 2070 4335 ut
2139 4286 2331 4351 pateat
2394 4279 2455 4331 τὸ
2521 4280 2824 4335 excidisse.
2896 4281 3210 4335 Sallustius
3287 4279 3526 4351 Sullam:
3586 4279 3646 4351 in

2047 4350 2279 4407 ericulis
2330 4351 2696 4424 imperritum
2751 4353 2855 4406 hoc
2910 4354 3081 4408 modo
3131 4350 3530 4422 argumentari
3576 4350 3647 4424 ad

2004 4370 2279 4477 plericuns
2330 4370 2696 4424 imperritum
2751 4370 2855 4406 noc
2910 4370 3081 4408 mono
3131 4370 3530 4422 argumentari
3576 4370 3647 4404 aa

2056 4423 2275 4479 olocem
2327 4425 2485 4488 facit,
2535 4423 2590 4477 in
2623 4425 2775 4478 Bello
2803 4425 2923 4491 Jug.
2977 4441 3101 4496 cap.
3159 4425 3260 4477 106
3293 4441 3306 4480 ;
3340 4447 3367 4472 ‹‹
3402 4421 3649 4477 Etiamsi

2006 4501 2163 4551 certa
2194 4497 2373 4566 pestis
2406 4496 2654 4568 adesset,
2691 4513 3045 4568 mansurum,
3066 4497 3281 4568 potius,
3311 4510 3487 4567 quam
3521 4511 3646 4568 pro-

2005 4568 2142 4622 ditis
2175 4583 2321 4637 quos
2352 4567 2620 4630 ducebat,
2655 4568 2810 4637 turpi
2852 4568 2990 4638 fuga
3037 4567 3276 4632 incerta,
3310 4585 3374 4623 ac
3407 4567 3651 4621 forsitan

2007 4639 2178 4711 paulo
2211 4644 2342 4709 post
2373 4639 2573 4694 morbo
2607 4639 2924 4694 interitura:
2969 4640 3095 4693 vitae
3130 4645 3475 4711 parceret.»
3509 4639 3649 4711 Hav.

2077 4711 2188 4781 (34)
2246 4711 2456 4766 .ltinoen
2506 4715 2558 4764 et
2613 4709 3368 4768 RhadamanthumCPoetis
3425 4710 3484 4764 in
3543 4709 3651 4764 hoc

2006 4782 2339 4838 consentire
2397 4782 2689 4836 Platonem
2749 4783 2807 4837 in
2863 4783 2981 4837 haec
3041 4783 3214 4838 verba
3272 4785 3532 4838 recenset
3583 4781 3651 4836 D.

2005 4856 2154 4909 Just.
2200 4856 2433 4926 Martyr.
2480 4853 2649 4926 Apol.
2692 4870 2752 4908 ιι.
2803 4853 2976 4921 Plato,
3026 4856 3234 4926 inquit,
3287 4854 3657 4908 Rhadaman-

2005 4927 2173 4981 thum
2207 4931 2263 4980 et
2317 4925 2544 4979 Minoen
2593 4925 2791 4979 itidem
2839 4925 3214 4996 injustos’ad
3250 4942 3311 4981 se
3355 4925 3653 4981 venientes

2007 4999 2312 5082 plex‘ur'um
2345 5012 2472 5051 esse
2504 4997 2722 5082 docuit,
2747 5013 2861 5082 .nos
2896 5004 3090 5082 autem
3142 4999 3401 5069 idipsum
3433 5001 3652 5082 factum

2007 5068 2077 5124 iri
2109 5069 2381 5136 dicimus,
2435 5069 2533 5123 sed
2567 5085 2600 5122 a
2629 5068 2873 5141 Christo.
2921 5071 3116 5125 Addit.
3173 5068 3319 5126 orat.
3368 5087 3469 5141 pro
3497 5068 3655 5122 Chri-

2007 5142 2216 5196 stianis
2255 5141 2655 5211 Athenagoras
2691 5157 2702 5194 :
2736 5139 2851 5195 Nos
2901 5147 3120 5210 autem,
3153 5143 3272 5197 sive
3317 5139 3500 5198 Minos
3533 5140 3651 5195 sive

2007 5212 2495 5286 Rhadamanthus
2547 5213 2621 5266 sit
2670 5211 2789 5286 sive
2834 5212 3049 5286 aliquis
3098 5231 3299 5269 eorum
3350 5224 3529 5286 pater,
3584 5228 3656 5286 ne

2005 5303 2140 5341 eum
2174 5285 2410 5357 quidem
2444 5285 2637 5352 ipsum
2671 5284 3049 5355 effugiturum
3077 5303 3205 5341 esse
3228 5284 3522 5357 judicium
3559 5284 3654 5339 Dei

2007 5359 2280 5412 dicimus.
2317 5377 2343 5404 ››
2377 5356 2520 5410 ΡΑΜ.

2077 5429 2188 5498 (3ἧ)
2218 5427 2438 5483 Putidis
2467 5427 2611 5496 rogis
2650 5442 2932 5497 pecorum.
2987 5429 3254 5486 Veterum
3282 5427 3654 5485 contumeliis

2008 5505 2277 5556 oneratos
2334 5500 2632 5573 daemonas
2682 5503 2893 5573 notum
2955 5507 3063 5557 est.
3125 5503 3410 5573 Sulpitius
3470 5503 3539 5555 de
3595 5500 3649 5551 S.

2008 5573 2257 5627 Martino
2321 5588 2333 5626 :
2398 5594 2422 5618 ‹‹
2481 5570 2628 5633 Quid
2681 5569 2794 5634 hic,
2853 5572 3068 5642 inquit,
3131 5569 3350 5638 adstas,
3411 5573 3653 5626 cruenta

2007 5645 2196 5718 bestia
2215 5642 2426 5718 ?_Nih_il
2457 5642 2517 5718 in
2551 5658 2661 5706 me,
2697 5643 3251 5718 funestegreperies.
3285 5650 3412 5718 Lac.

2080 5717 2189 5793 (36)
2216 5715 2407 5793 _0mm':
2427 5713 2562 5793 fixo
2605 5719 2792 5793 nostra
2823 5713 3062 5793 in__t'llo.i
3108 5717 3425 5793 dominatio,
3473 5719 3524 5766 et
3550 5725 3652 5793 pq-

2008 5792 2168 5844 testas
2195 5786 2260 5844 de
2288 5785 2663 5846 nominatione
2708 5785 2915 5844 Christi
2942 5789 3104 5845 valet.
3155 5783 3438 5843 Notabilis
3483 5789 3573 5840 est
3595 5783 3656 5837 in
