4054 6174
445 337 564 398 483

967 329 1499 394 TERTULLIANI
1542 328 1870 394 OPERUM
1917 330 2118 393 PARS
2158 332 2311 393 I.—
2340 334 2617 396 SERIES
2662 335 2711 408 Ι,
2755 331 3322 395 APOLOGETICA.

3686 337 3789 399 484

440 464 908 537 diligentissimae
939 463 997 517 in
1028 466 1260 519 tantum
1293 461 1675 518 sublimitatis
1705 463 1860 519 428
1892 461 2086 531 elatio,
2118 478 2173 545 Α
2202 464 2315 520 diis
2349 468 2392 501 ¹¹
2425 482 2529 538 pro
2559 465 2745 539 gratia
2777 478 3031 536 expensa
3061 468 3171 531 est,
3191 465 3520 535 Steroulius,
3550 472 3602 522 et
3626 471 3790 524 Mutu-

440 562 505 612 ut
555 556 753 610 orbem
810 553 1153 625 occuparint
1183 553 1314 623 (55),
1349 556 1407 607 et
1454 552 1597 607 adeo
1655 552 1793 607 deos
1845 568 1993 621 esse,
2029 558 2094 608 ut

439 649 649 715 printer
697 646 933 697 caeteros
982 641 1243 707 ﬂoreant,
1278 639 1379 711 qui
1414 639 1533 694 illis
1579 641 1837 696 ofﬁcium
1888 647 2094 713 praeter

436 738 672 788 caeteros
733 730 965 785 faciant.
1016 729 1245 784 Scilicet
1301 730 1417 784 ista
1457 745 1679 785 merces
1738 730 2018 786 Romanis
2058 748 2093 786 a

2204 570 2315 609 nus
2349 555 2478 622 “,et
2504 554 2854 611 Laurentina
2877 552 3471 625 provexitimperium.
3491 558 3792 626 Peregrinos

2202 643 2358 698 424
2387 642 2542 698 enim
2593 643 2732 698 deos
2765 658 2879 696 non
2910 648 3111 713 putem
3157 645 3428 696 extraneae
3456 643 3605 714 genti
3635 645 3795 717 magis

2201 731 2429 787 fautum
2464 733 2572 803 (56)
2600 731 2855 788 voluisse
2884 745 3061 802 quam
3098 747 3234 802 suae,
3260 738 3311 787 et
3340 731 3578 803 patrium
3607 731 3794 799 solum,

1850 830 2053 891 Variae
2083 829 2406 891 lectiones.

522 930 562 964 “
602 930 688 982 Fr.
721 928 849 983 Jun.
886 927 1003 999 Rig.
1035 932 1086 981 et
1116 927 1250 999 Ηᾳυ.
1284 944 1314 980 a
1347 930 1511 981 Rom.
1546 925 1694 993 diis;
1729 926 1852 982 Cod.
1884 926 2042 982 Fuld.
2076 926 2208 999 Sicil.
2242 926 2356 991 ista
2405 943 2625 984 merces
2676 928 2931 983 Romano
2982 925 3205 982 nomini
3235 943 3266 982 a
3297 926 3415 983 deis
3465 928 3799 999 praerogativa

436 1015 561 1071 exp.
596 1003 702 1056 est.
780 999 823 1032 ¹²
854 999 938 1052 Αἱ.
975 997 1298 1066 Sterculus,
1332 998 1657 1054 Stercutius
1688 1029 1755 1039 ——
1784 999 2069 1069 Mutinus,
2103 998 2441 1054 Mucunius.

1878 1096 2400 1157 Commentarius.

433 1194 619 1263 Atque
649 1193 813 1261 adeo,
848 1207 973 1262 quae
1005 1206 1099 1245 res
1129 1191 1283 1262 apud
1332 1189 1589 1262 reliquos
1635 1190 1912 1263 mortales
1944 1190 2084 1246 vitio

434 1262 697 1335 vertitur,
731 1281 799 1318 ea
826 1266 953 1335 ipsa
980 1263 1277 1318 continere
1314 1268 1491 1335 hom.
1537 1279 1720 1333 remp.
1756 1262 1901 1317 mihi
1932 1264 2085 1335 vide-

435 1344 531 1390 tur
566 1353 577 1391 :
611 1334 1090 1406 superstitionem
1126 1334 1449 1399 dico.Nam,
1482 1335 1636 1405 quod
1673 1335 1879 1390 merito
1913 1334 2083 1389 multi

435 1408 745 1477 mirentur,
774 1423 960 1476 usque
992 1422 1058 1461 eo
1098 1408 1250 1477 apud
1281 1406 1388 1461 hos
1419 1406 1760 1476 superstitio
1790 1407 1847 1459 in
1888 1410 2083 1475 majus

437 1484 526 1534 est
557 1476 981 1551 exaggerata,et
1002 1476 1219 1551 cumin
1244 1478 1525 1551 privatam
1550 1476 1855 1533 hominum
1878 1479 2079 1548 vitam,

435 1556 562 1605 tum
594 1548 919 1621 in'publica
949 1548 1191 1604 consilia
1222 1548 1312 1621 est
1358 1550 1615 1616 inducta,
1649 1553 1714 1603 ut
1759 1565 1873 1621 non
1906 1554 2083 1619 queat

435 1620 804 1693 magis,quod
835 1620 1103 1692 equidem
1138 1620 1536 1693 multitudinis
1559 1637 1738 1677 causa
1767 1620 1986 1693 factum
2008 1622 2080 1675 ab

436 1692 559 1749 illis
612 1694 898 1749 existimo.
937 1693 1244 1748 Enimvero
1288 1692 1337 1747 si
1396 1710 1465 1748 ex
1517 1693 1659 1747 solis
1714 1692 2081 1762 sapientibus

433 1765 715 1821 constitui
770 1763 956 1836 possit
1011 1763 1359 1835 respublica,
1394 1778 1548 1820 esset
1596 1765 1844 1819 fortasse
1890 1769 2081 1818 totum

436 1838 579 1891 illud
612 1853 797 1908 genus
850 1852 963 1891 non
998 1837 1389 1908 necessarium
1427 1852 1440 1890 :
1488 1852 1642 1889 nunc
1673 1851 1853 1904 quum
1887 1836 2081 1891 omnis

434 1907 749 1964 multitudo
779 1909 855 1962 sit
886 1908 1055 1979 levis,
1082 1908 1250 1979 plena
1282 1907 1619 1979 illicitarum
1662 1907 2077 1977 cupiditatum,

434 1981 522 2034 ira
551 1984 755 2034 aestuet
784 1978 1097 2051 praecipiti,
1119 1984 1175 2032 et
1206 1980 1273 2033 ad
1308 1978 1425 2033 vim
1475 1979 2079 2051 iracundiaqimp’ella-

435 2060 567 2115 tur;
601 2053 708 2106 hoc
758 2049 976 2114 restat,
1008 2055 1072 2105 ut
1120 2052 1444 2105 terroribus
1492 2067 1596 2104 nec
1648 2049 1975 2105 manifestis
2024 2054 2155 2119 etB

434 2122 725 2194 ejusmodi
747 2121 1106 2177 terribilibus
1126 2122 1421 2193 figmentis
1446 2122 1656 2193 vulgus
1678 2121 2076 2178 cohibeatur.»

435 2195 617 2250 Aliter
644 2212 776 2250 vera
824 2199 1052 2250 constat
1100 2195 1324 2265 religio,
1361 2211 1489 2265 quae
1520 2211 1635 2248 non
1693 2200 1850 2265 metu
1897 2211 2075 2265 pcenaa

428 2271 714 2337 tanquam
762 2281 957 2321 amore
1005 2264 1141 2320 boni
1197 2264 1383 2320 Deum
1423 2265 1619 2320 colens
1654 2264 1811 2320 ultro
1847 2264 2075 2320 Numen

432 2338 606 2392 habet
636 2337 973 2409 propitium.
1022 2337 1169 2391 Hinc
1198 2338 1410 2405 Moses,
1462 2337 1773 2409 Denteron.
1827 2354 1900 2405 Iv,
1931 2339 1986 2404 6,
2017 2337 2073 2404 7,

430 2413 483 2478 8,
518 2410 604 2479 vel
638 2407 842 2464 hostes
876 2409 1188 2479 praedicare
1220 2410 1357 2464 facit
1386 2409 1585 2464 Israeli
1618 2407 1973 2476 felicitatem,
2012 2412 2076 2463 ut

433 2482 634 2537 dicant
669 2499 680 2535 :
716 2483 821 2535 Hic
866 2481 989 2550 ipse
1030 2480 1264 2550 papulus
1310 2482 1531 2549 sapiens
1574 2496 1698 2536 vere
1744 2488 1794 2535 et
1840 2496 2074 2548 magnus

425 2557 523 2636 est:
570 2551 818 2636 Scilicet,
852 2557 915 2605 ut
944 2552 1092 2636 ipse.
1116 2552 1490 2636 addit':uQuis
1519 2551 2074 2636 _ma‘gnusmadeolpo-‘-

418 2624 605 2706 putus,
638 2625 729 2705 cui
757 2629 879 2678 tam
926 2624 1231 2694 propinqui
1274 2623 1358 2677 dii
1403 2627 1550 2691 sunt,
1599 2628 1718 2705 etc.
1762 2623 2074 2705 Disputant

419 2700 621 2777 itaque
646 2694 781 2777 licet
810 2695 879 2749 de
911 2711 1186 2777 successu
1217 2710 1416 2777 rerum
1456 2711 1525 2748 ex
1556 2693 2069 2777 religiositate'du-

422 2765 554 2833 daei,
588 2768 649 2821 Β.
686 2766 950 2837 Lipman.
985 2767 1040 2819 in
1086 2766 1187 2821 lib.
1224 2785 1280 2821 n.
1318 2767 1437 2832 122,
1475 2783 1529 2837 p.
1564 2765 1688 2836 158,
1721 2771 1779 2822 et
1810 2766 1876 2820 R.
1902 2765 2069 2834 Albo,

420 2855 547 2910 cap.
576 2840 665 2902 25,
699 2843 843 2893 orat.
876 2839 947 2905 3;
982 2837 1203 2909 Sepher
1233 2838 1422 2892 lkkar.
1459 2854 1514 2907 p.
1551 2838 1638 2910 14,
1670 2853 1738 2892 ex
1768 2853 1918 2893 vers.
1956 2837 2069 2892 Ge-

420 2928 545 2965 nes.
578 2926 591 2964 :
630 2932 658 2959 ‹‹
694 2910 838 2964 Vere
888 2926 1139 2981 magnus
1168 2915 1258 2965 est
1290 2910 1543 2980 populus
1593 2909 1693 2963 Dei
1737 2910 2071 2964 dominator

420 2982 600 3046 orbis,
646 2982 922 3064 quoniam
983 2983 1376 3064 subjiciuntur
1432 2996 1670 3064 necesse
1726 2985 1817 3037 est
1871 2981 2070 3064 emnia

421 3070 599 3126 regna
648 3055 910 3122 Domino,
946 3055 1117 3125 cujus
1166 3060 1459 3125 sceptrum
1493 3069 1562 3107 ex
1591 3053 1764 3107 Sione
1817 3053 2067 3109 missum

422 3126 810 3207 Moabitarum
842 3124 1156 3207 populatur
1196 3125 1411 3207 limites
1444 3124 1713 3207 filiosque
1762 3124 1923 3207 Sethi
1974 3125 2068 3207 de-

422 3197 622 3252 bellat.
659 3222 680 3249 ι
717 3229 785 3237 —-
819 3194 857 3245 «⁷
875 3194 976 3251 Hic
1021 3201 1183 3250 tanta
1228 3197 1467 3250 deorum
1519 3194 1623 3249 illa
1667 3195 1841 3249 turba
1879 3202 2065 3250 certo-

419 3285 551 3323 rum
613 3272 787 3339 atque
844 3267 1411 3339 incertorum,quos
1467 3265 1648 3339 Varro
1706 3265 2066 3339 prodittilli

419 3340 596 3394 etiam
632 3337 895 3409 proceres
926 3344 983 3392 et
1002 3338 1170 3392 electi
1198 3338 1283 3409 dii
1315 3353 1450 3392 cum
1486 3337 1596 3406 ipsi
1631 3352 1760 3405 rege
1792 3355 1896 3390 suo
1926 3337 2067 3392 Jove

419 3408 668 3489 fulmina
703 3410 992 3489 vibrante,
1026 3408 1269 3489 consilio
1318 3410 1716 3489 potentiaque,
1743 3414 1839 3489 ut”
1863 3425 2064 3489 eorum
2097 3422 2140 3489 ρ

416 3482 671 3537 cultores
702 3482 913 3547 ferunt,
947 3481 1267 3547 metuendi,
1294 3477 1930 3552 armisque—terribiles,
1965 3481 2059 3537 hic

416 3553 661 3625 aliquid,
696 3554 744 3607 si
778 3569 893 3607 non
927 3569 1029 3625 pro
1063 3552 1304 3617 mundo,
1339 3552 1542 3608 saltem
1579 3568 1680 3625 pro
1734 3567 1795 3606 se
1826 3558 2059 3622 oporte-

414 3623 719 3695 bat‘agere
752 3640 763 3676 :
801 3641 871 3678 ne
902 3624 1128 3679 scilicet
1168 3640 1322 3679 unus
1369 3639 1469 3678 eos
1517 3623 1783 3695 perderet
1829 3626 2059 3679 cruciﬁ-

414 3714 542 3751 xus.
578 3696 819 3751 Periisse
855 3712 987 3750 vero
1018 3701 1073 3750 et
1104 3712 1208 3751 nos
1259 3695 1550 3759 novimus,
1592 3700 1647 3749 et
1696 3694 1875 3750 David
1932 3713 2060 3766 pro-

418 3768 591 3838 pheta
633 3768 962 3835 conﬁrmat,
1020 3767 1221 3838 dicens
1255 3784 1267 3822 :
1302 3767 1480 3821 Periit
1532 3767 1811 3821 memoria
1854 3784 2059 3823 eorum

417 3837 553 3895 eum
603 3839 872 3908 strepitu,
906 3844 963 3893 et
1016 3837 1299 3894 Dominus
1336 3838 1395 3893 in
1444 3842 1725 3893 aeternum
1776 3845 1994 3895 manet.
2025 3860 2051 3891 η

418 3913 605 3966 Verba
630 3920 765 3964 sunt
800 3911 1060 3981 Prosperi
1098 3910 1425 3981 Aquitanici
1462 3911 1530 3963 de
1566 3910 1753 3965 Prom.
1787 3918 1843 3964 et
1876 3912 2056 3966 Praed.

413 3983 511 4037 lib.
554 3982 648 4047 III,
701 3998 825 4053 cap.
858 3984 945 4036 38.
984 3982 1186 4052 Itaque
1229 3983 1300 4037 de
1343 3982 1616 4037 Romanis
1649 3985 1809 4053 recte,
1852 3982 2061 4038 Noster

416 4056 568 4109 infra
601 4055 653 4108 h.
688 4070 737 4108 c.
775 4052 797 4101 ὶι
840 4055 947 4108 Sed
982 4070 1160 4124 quam
1212 4070 1426 4108 vanum
1476 4058 1584 4114 est,
1621 4052 1918 4123 fastigium
1953 4056 2058 4110 Ro-

419 4125 576 4181 mani
638 4125 893 4180 nominis
950 4125 1350 4196 religiositatis
1405 4124 1629 4179 meritis
1685 4125 1984 4195 deputare.
2030 4147 2059 4175 »

414 4199 647 4254 Refutat
682 4198 834 4253 idem
884 4195 1088 4269 influe
1119 4215 1246 4269 cap.
1287 4216 1307 4244 α
1341 4199 1503 4251 Certe
1536 4213 1651 4250 non
1680 4201 1894 4269 potest
1925 4198 2058 4253 fidei

414 4269 742 4335 convenire,
776 4274 839 4324 ut
870 4267 1170 4339 religionis
1192 4267 1447 4324 _meritis
1471 4267 1794 4323 excrevisse
1824 4270 2059 4325 vidcan-

414 4347 531 4405 tur,
565 4342 688 4411 qui,
722 4345 785 4393 ut
827 4343 1257 4411 suggessimus,
1293 4340 1635 4410 religionem
1681 4344 1781 4394 aut
1829 4342 2061 4396 videan-

412 4418 531 4474 tur,
566 4410 688 4483 qui,
722 4418 785 4466 ut
816 4410 1254 4484 suggessimus,
1274 4410 1613 4482 religionem
1643 4416 1768 4484 gaut
1802 4412 2059 4467 laedendo

410 4482 742 4547 creverunt,
769 4490 868 4538 aut
898 4482 1214 4539 crescendo
1245 4483 1541 4539 laeserunt.
1581 4506 1601 4530 ι»
1640 4482 1782 4540 ΗΑν.

485 4556 595 4627 (755)
629 4558 691 4612 Ut
719 4558 905 4610 orbem
952 4558 1325 4627 occupparinl.
1372 4558 1616 4626 Propter
1664 4555 1838 4609 istam
1890 4570 2059 4627 suam

412 4626 633 4711 scilicet
691 4626 1152 4711 religiosit‘atem.
1198 4628 1549 4711 Huc-retett
1602 4626 2060 4711 flavercampius

411 4699 737 4771 elegantem
796 4700 1181 4768 sculpturam,
1257 4699 1351 4752 ubi
1420 4698 1743 4771 Eneadum
1810 4698 2061 4770 genitrix

2194 1196 2268 1247 At
2299 1209 2430 1250 vero
2478 1192 2635 1248 haud
2684 1192 2767 1246 ita
2814 1191 3089 1247 credulus
3132 1189 3495 1255 Plutarchus,
3543 1189 3795 1246 vicissitu-

2194 1265 2317 1319 dini
2366 1281 2561 1319 rerum
2612 1263 2856 1319 ascribit
2909 1268 2965 1318 et
3016 1267 3277 1317 Fortuna:
3333 1262 3589 1333 imputat.
3620 1263 3795 1333 Itaque

2193 1335 2295 1415 lib.
2330 1352 2515 1408 1,cap.
2551 1337 2580 1389 4
2616 1353 2630 1390 :
2664 1357 2694 1385 «
2726 1335 2889 1415 Quod
2921 1336 3078 1390 enim
3110 1335 3303 1415 operis
3331 1333 3508 1390 nostri
3535 1335 3796 1415 proprium

2193 1411 2301 1471 est,
2362 1406 2678 1478 nostroque
2735 1411 2997 1477 tempore
3056 1406 3389 1461 mirandum
3446 1406 3661 1474 accidit,
3706 1406 3795 1460 hoc

2190 1478 2336 1551 illud
2383 1486 2471 1535 est
2503 1495 2515 1535 :
2552 1477 2708 1550 quod
2742 1479 2898 1535 sicut
2941 1494 3121 1551 prope
3152 1478 3448 1551 universas
3492 1477 3659 1551 totius
3701 1493 3797 1547 qua

2191 1550 2492 1607 habitatur
2521 1548 2702 1618 orbis,
2739 1551 2798 1607 in
2836 1548 3014 1607 una'm
3046 1548 3272 1621 partem
3313 1548 3623 1614 inclinavit,
3648 1553 3797 1618 atque

2191 1625 2386 1678 omnia
2416 1625 2489 1679 ad
2524 1639 2705 1677 unum
2737 1624 3129 1692 eumdemque
3159 1637 3400 1693 scapum
3432 1636 3652 1693 vergere
3680 1636 3791 1693 eos:

2190 1694 2322 1765 git:
2374 1695 2456 1750 ita
2506 1700 2564 1749 et
2604 1712 2720 1766 nos
2767 1690 3085 1766 scriptione
3132 1690 3393 1748 hac—sub
3450 1690 3617 1747 unum
3648 1690 3792 1766 quasi

2190 1764 2568 1836 conspectum
2599 1764 2915 1822 lectoribus
2946 1766 3242 1836 ponimus,
3275 1780 3525 1835 quonam
3560 1780 3616 1819 se
3646 1764 3792 1817 modo

2190 1839 2261 1892 ad
2293 1840 2486 1908 operis
2517 1838 2697 1907 hujus
2735 1838 2989 1894 universi
3012 1837 3573 1908 consummationem
3604 1836 3717 1904 ipsa
3742 1851 3793 1908 se

2187 1906 2441 1981 Fortuna
2470 1906 2771 1981 gesserit.»
2806 1910 2947 1965 Cum
2974 1909 3166 1980 potius
3186 1909 3393 1981 studia
3419 1907 3551 1962 belli
3578 1910 3631 1961 et
3658 1906 3793 1981 pacis

2188 1980 2320 2037 illos
2362 1977 2573 2047 intem
2609 1980 2725 2036 alto
2757 1977 2990 2052 fastigio
3018 1980 3285 2052 locarint,
3319 1994 3649 2052 morumque
3675 1977 3793 2052 inte-

2187 2054 2388 2123 gritas,
2423 2057 2487 2107 ut
2518 2053 2780 2122 disputat
2827 2049 3211 2124 Augustinus,
3244 2051 3347 2124 lib.
3377 2067 3408 2104 v
3439 2049 3501 2104 de
3548 2049 3651 2124 Cia.
3685 2050 3792 2124 D_ei,

2191 2120 2317 2195 cap.
2353 2127 2403 2179 1.
2437 2124 2557 2179 Imo
2614 2120 2875 2180 sanctius
2905 2120 2963 2179 et
2992 2123 3449 2195 veriusjudicat
3479 2120 3792 2176 Prudentius

2188 2194 2371 2275 Deum
2406 2197 2818 2275 barbarosgper
2847 2196 2977 2251 illos
3006 2194 3347 2275 emolliisse,
3383 2208 3687 2275 omne-sque
3715 2208 3796 2262 po-

2185 2269 2354 2339 pulos
2388 2285 2503 2322 uno
2536 2268 2631 2322 illo
2679 2264 3243 2339 Romanasiditionis
3276 2264 3501 2339 vinculo
3546 2264 3795 2336 illigasse,

2186 2336 2249 2393 ut
2296 2339 2474 2394 simul
2520 2338 2749 2394 Christo
2807 2338 3075 2403 Domino,
3132 2338 3309 2410 lapidi
3363 2336 3487 2391 sine
3539 2350 3791 2410 manuum

2183 2427 2358 2482 opera
2412 2412 2694 2475 abscisso,
2752 2406 3209 2482 subjicerentur,
3267 2409 3535 2479 fetusque
3583 2406 3795 2482 illorum

2182 2476 2387 2538 abillo
2436 2476 3135 2539 conterereturfNotandi
3183 2485 3325 2537 sunt
3368 2476 3565 2535 versus
3606 2479 3718 2549 ejus
3744 2476 3794 2530 in

2183 2554 2241 2609 S.
2278 2555 2568 2610 Laurentii
2610 2555 2889 2609 Passione
2918 2572 2952 2609 a
2998 2570 3169 2609 versu
3218 2553 3325 2607 419
3355 2558 3411 2607 et
3439 2552 3716 2623 deinceps,
3740 2551 3793 2602 ut

2182 2630 2238 2682 et
2268 2625 2327 2682 hi
2358 2632 2562 2681 contra
2592 2626 3037 2698 Symmachum,
3070 2624 3172 2681 lib.
3202 2641 3266 2695 ιι,
3301 2624 3408 2678 582
3445 2639 3458 2679 :

2302 2804 2391 2852 Vis
2420 2803 2617 2865 dicam,
2646 2816 2764 2865 quae
2799 2814 2961 2851 causa
2990 2804 3131 2865 tuos,
3164 2801 3430 2865 Romane,
3459 2798 3661 2865 labores

2306 2871 2362 2914 In
2397 2861 2612 2915 tantum
2637 2861 2929 2914 extulerit?
2960 2864 3110 2927 queis
3145 2864 3317 2927 gloria
3350 2861 3747 2927 fontibusaucte

2303 2929 2387 2978 Sic
2416 2929 2577 2987 cluat,
2612 2929 2874 2989 impositis
2905 2922 3259 2976 ut'mund'um
3298 2926 3487 2975 fraenet
3511 2922 3760 2989 habenis?

2302 2991 2580 3040 Discordes
2610 2987 2807 3053 linguis
2840 2989 3085 3053 populos,
3111 2994 3163 3039 et
3193 2988 3413 3053 dissona
3442 2987 3582 3053 cultu

2302 3055 2486 3114 Regna
2515 3050 2714 3102 volens'
2730 3050 2933 3103 sociare
2964 3054 3119 3115 Deus,
3156 3050 3272 3115 subj
3284 3051 3473 3115 ungier
3503 3050 3592 3099 uni

2300 3113 2553 3179 Imperio,
2581 3115 2840 3179 quidquid
2874 3113 3151 3179 tractabile
3184 3113 3431 3179 moribus
3461 3116 3612 3172 esset,

2299 3176 2669 3241 Concorditu
2695 3176 2826 3241 jugo
2860 3178 3157 3241 retinacula
3192 3177 3371 3225 mollia
3388 3176 3538 3241 ferro

2298 3234 2600 3299 Constituit]
2628 3234 2735 3303 qu'o
2762 3234 2931 3289 corda
2963 3240 3243 3303 hominum
3275 3239 3561 3303 conjuncta
3587 3234 3773 3303 teneret

2300 3305 2591 3367 Religionis
2627 3300 2794 3363 amor,
2829 3317 2927 3367 nec
2958 3303 3101 3351 enim
3135 3302 3191 3351 ﬁt
3223 3300 3640 3367 copulaChristo

2307 3364 2490 3431 Digna,
2524 3367 2624 3416 nisi
2656 3366 2939 3429 implicitas
2970 3367 3136 3415 societ
3163 3379 3320 3415 mens
3356 3365 3511 3414 unica
3538 3364 3723 3425 gentes.

3618 3440 3743 3497 ΗΑν.

2241 3622 2349 3692 (56)
2407 3622 2573 3693 Magis
2629 3623 2871 3692 fautum.
2934 3620 3123 3691 Digna
3179 3618 3400 3675 ascribi
3478 3620 3631 3693 sunt,
3676 3629 3804 3693 quae

2170 3687 2528 3765 Pomponius
2564 3687 2744 3748 Laetus
2774 3710 2842 3747 ex
2875 3687 3169 3765 veteribus
3200 3692 3533 3765 observavit
3581 3691 3633 3765 in
3666 3687 3801 3765 Rpm.

2168 3758 2691 3839 Histfﬂompcndio,
2719 3782 2846 3833 cap.
2884 3768 2953 3839 de
2984 3763 3358 3839 Magn._l_mp.
3389 3763 3557 3839 lium.
3598 3761 3651 3839 in
3684 3758 3801 3839 ﬁne.

2171 3860 2198 3886 ‹‹
2254 3837 2408 3891 Bello
2460 3838 2677 3891 Punico
2734 3832 2993 3890 secundo
3052 3835 3128 3889 M.
3192 3832 3527 3901 Marcellus,
3584 3832 3802 3887 devictis

2170 3908 2496 3979 Syracusis,
2529 3908 2785 3963 ostendit
2806 3923 2966 3979 opes,
2988 3905 3232 3980 etsigna
3265 3905 3470 3961 intulit
3500 3904 3797 3980 et_de_o_rum

2170 3971 2493 4036 simulacra
2538 3996 2550 4034 :
2600 3980 2660 4034 in
2711 3971 3268 4049 quo-reprehensus
3319 3983 3409 4034 est
3443 3994 3477 4032 a
3539 3971 3799 4049 Q._Fabio

2172 3996 2488 4036 simulacra
2538 3996 2550 4034 :
2600 3997 2660 4034 1n
2754 3997 2826 4033 uo
2876 3996 3268 4049 reprenensus
3319 3996 3409 4034 est
3443 3996 3477 4032 a
3539 3996 3600 4038 υ.
3646 3996 3799 4029 rauiu

2172 4053 2443 4117 Maximo,
2478 3996 2994 4123 quodreclinquere
3025 4049 3346 4125 debuisset
3377 4045 3673 4125 deos_suis
3698 4045 3801 4125 ira-

2168 4130 2279 4190 tos,
2317 4131 2379 4180 ut
2412 4119 2535 4193 ipse
2568 4124 2729 4194 prius
2762 4119 3468 4195 feceratdeiTarentinis.
3499 4119 3693 4173 Verum
3724 4119 3801 4195 in-

2169 4196 2352 4251 valuit
2385 4190 2744 4250 consuetudo
2776 4192 3203 4265 Marcelli.Nam
3236 4192 3413 4265 longe
3443 4197 3609 4247 antea
3637 4190 3806 4257 captis

2168 4268 2348 4335 Veiis,
2382 4272 2452 4321 M.
2487 4267 2696 4321 Furius
2756 4266 3038 4321 Camillus
3093 4264 3479 4320 Veientanam
3538 4267 3800 4335 Junonem

2171 4330 2372 4417 intulit
2403 4338 2549 4417 urbi.
2589 4360 2616 4417 ς(
2649 4343 2715 4391 Et
2744 4339 2813 4417 ad
2872 4338 3133 4417 id_certa
3187 4333 3657 4417 interrogationis
3696 4330 3801 4417 (for:

2172 4413 2333 4466 mula
2367 4412 2704 4475 utebantur,
2749 4416 2811 4464 ut
2841 4426 2908 4463 ex
2944 4408 3099 4463 Livio
3132 4412 3313 4478 patet.
3347 4401 3598 4480 quilsv,
3625 4418 3667 4459 ο.
3696 4401 3798 4480 22)

2172 4506 2199 4533 ‹‹
2232 4485 2376 4538 Cum
2404 4486 2526 4551 jam
2564 4483 2833 4535 humanm
2866 4497 3009 4551 opes
3060 4475 3268 4549 egestas
3319 4475 3389 4534 ei:
3420 4475 3803 4551 Veiis‘essent,

2172 4544 2558 4608 amoliriv'tum
2590 4555 2763 4607 deum
2799 4544 2952 4607 don'a
2985 4544 3259 4621 ipsosque
3306 4553 3471 4616 deos,
3504 4548 3599 4604 sed
3632 4544 3800 4601 colen-

2172 4627 2319 4680 tium
2356 4625 2543 4697 magis
2569 4641 2745 4696 quam
2773 4622 3123 4697 rapientium
3155 4624 3624 4697 modo,coepere;
3660 4630 3803 4697 nam-

2173 4714 2284 4768 que
2316 4688 2524 4754 dclecti
2573 4688 2639 4750 et
2690 4688 2858 4751 omni.
2900 4688 3470 4768 exercitudiuve'nes,
3503 4706 3643 4768 pure
3684 4688 3801 4768 lotis

411 4759 562 4826 inter
593 4771 851 4853 victricia
878 4759 1268 4854 Itomanoru‘m
1304 4769 1749 4854 suoruni'si‘gna
1780 4759 2063 4854 conspici-
2091 4790 2137 4854 D
2170 4759 2536 4852 corporibus,
2572 4769 2822 4854 candida
2852 4772 3030 4854 veste,
3065 4759 3280 4854 quibus
3324 4759 3687 4854 deportanda:
3710 4759 3802 4812 R0-

412 4848 509 4897 tur
538 4843 813 4897 comitata
848 4843 984 4903 Diis,
1016 4847 1173 4906 Jove,
1205 4840 1492 4909 Neptuno,
1527 4840 1786 4896 Vulcano
1816 4847 1873 4894 et
1913 4842 2057 4896 Mer-

414 4914 710 4984 curia,qui
746 4913 827 4967 illi
861 4914 1173 4983 imperium
1205 4914 1362 4968 orbis
1391 4919 1682 4969 terrarum
1714 4912 2061 4969 conﬁrmare

417 4986 714 5040 videntur.

487 5057 750 5111 Notanda
799 5069 1029 5124 quoque
1076 5053 1232 5107 venit
1279 5054 1521 5123 antiqua
1573 5054 1690 5108 haec
1738 5053 2063 5124 inscriptio,

413 5144 593 5198 quam
628 5130 955 5181 memorant
986 5124 1267 5198 Gruterus
1300 5142 1354 5196 p.
1388 5126 1479 5198 83,
1512 5142 1676 5180 num.
1712 5126 1779 5179 45
1809 5131 1866 5181 et
1904 5126 2064 5181 Bois-

414 5196 626 5253 sarius
659 5202 806 5270 part.
844 5213 927 5261 III,
972 5196 1153 5266 Antig.
1208 5198 1356 5251 Rom.
1392 5197 1494 5250 120
1528 5212 1541 5250 :
1580 5213 1810 5252 sscuno.
1864 5214 2061 5252 rsum.

414 5285 655 5324 PHISIAS.
701 5285 1004 5325 SACERDOS.
1066 5284 1219 5321 lSIDI.
1282 5284 1608 5323 SALUTARIS.
1651 5284 2062 5325 CONSECRATIO.

415 5356 753 5396 PONTIFICIS.
796 5356 974 5394 VOTIS.
1016 5355 1287 5394 ANNUANT
1340 5356 1438 5394 DII.
1481 5356 1735 5395 ROMANE
1776 5358 1926 5396 RRIP.
1967 5359 2065 5396 AR-

413 5428 692 5472 CANAQUE.
727 5428 918 5466 URBlS.
954 5427 1245 5464 PRESlDlA.
1290 5428 1576 5465 ANNUANT.
1600 5428 2060 5473 QUORUM.NUTU.

415 5500 665 5539 ROMANO.
701 5499 958 5555 mnsam.
990 5498 1474 5555 nscwa.cnsssas.
1508 5483 1576 5536 Et
1606 5483 1744 5538 hinc
1775 5489 1884 5550 est,
1907 5485 2061 5555 quod

414 5557 471 5610 in
516 5572 759 5627 operosa
813 5554 913 5627 illa
942 5553 1193 5622 epistola
1246 5570 1421 5627 quam
1484 5570 1586 5623 pro
1636 5558 1745 5627 era
1797 5553 2063 5611 Victoriae

416 5625 741 5683 dedicanda
772 5627 837 5680 ad
886 5626 1277 5697 imperatores
1314 5625 1567 5694 Valent.,
1602 5625 1821 5680 Theod.
1857 5632 1911 5681 et
1958 5630 2062 5681 Ar-

416 5700 794 5772 cad.scripsit
825 5696 1232 5772 Symmachus,
1266 5696 1347 5753 ita
1378 5697 1626 5772 loquens
1657 5697 2064 5772 introducatur

418 5775 637 5830 Roma:
673 5768 701 5824 ἇ
730 5772 831 5829 Hic
856 5768 1051 5828 cultus
1081 5770 1138 5826 in
1166 5769 1323 5841 leges
1355 5787 1516 5827 meus
1539 5768 1737 5827 orbem
1770 5771 2060 5842 redegit.»

2173 4832 2328 4896 mam
2363 4832 2565 4913 regina
2593 4841 2746 4913 Juno
2773 4832 3641 4913 assignate'erat,venerabundi
3670 4837 3802 4884 tem-

2173 4914 2330 4981 plum
2388 4910 2561 4978 inire,
2607 4912 2792 4982 primo
2843 4910 3540 4982 religioseadmoventes
3592 4915 3801 4982 manus:

2179 4969 2397 5040 Deinde
2429 4969 2560 5039 cum
2595 4969 2831 5054 quidam
2865 4969 3207 5056 seuuspiritu
3244 4982 3442 5056 divino
3479 4984 3685 5056 tactus,
3708 4969 3802 5056 sed

2172 5057 2415 5126 juvenili
2461 5052 2625 5127 joco,
2652 5056 2826 5108 Visne
2876 5055 3117 5111 Romam
3168 5054 3271 5127 ire,
3303 5052 3516 5127 Juno?
3547 5052 3807 5127 annuisse

2176 5118 2364 5183 caeteri
2418 5118 3147 5183 deam’conclamavcrunt
3180 5142 3190 5179 :
3225 5125 3361 5180 inde
3410 5122 3616 5195 fabula:
3655 5118 3798 5195 adj_e_-

2176 5208 2331 5255 clum
2392 5205 2501 5265 est,
2553 5214 2753 5253 vocem
2813 5212 3041 5266 quoque
3098 5196 3393 5253 dicentis:
3429 5194 3611 5257 Velle,
3654 5187 3806 5245 audi-

2174 5276 2317 5327 tam.
2352 5294 2379 5320 »
2408 5271 2568 5336 Quod
2594 5269 2853 5339 quamvis
2885 5268 3127 5341 hicjoco
3156 5269 3235 5324 vel
3287 5269 3572 5341 divinitus
3604 5266 3802 5341 factum

2176 5347 2362 5415 putet,
2390 5348 2609 5415 tamen
2638 5341 2882 5415 ex‘libn
2914 5340 3115 5415 colligi
3142 5347 3331 5415 potest
3364 5356 3466 5415 pre
3502 5339 3801 5415 ritu.etiam

2174 5403 2523 5475 obtinuisse.
2576 5411 2730 5480 quod
2773 5411 2926 5465 enim
2972 5429 3020 5465 c.
3054 5403 3159 5477 ‘55,
3210 5403 3679 5483 ubi_agitur_de
3714 5403 3807 5455 deo

2172 5484 2427 5541 Termini
2485 5478 2618 5537 fano
2695 5500 2807 5535 non
2883 5484 3177 5545 addixere,
3241 5507 3260 5530 ι
3323 5478 3502 5536 ἱίΓὶῐι
3560 5478 3808 5546 Epitome

2174 5556 2505 5629 simplicius
2530 5572 2541 5608 :
2571 5577 2597 5602 υ
2623 5554 2933 5629 Terminus
2962 5560 3015 5629 et
3036 5558 3315 5629 luventas
3346 5570 3461 5629 non
3496 5550 3804 5629 addiicre.’

2172 5620 2335 5682 Unde
2368 5627 2641 5697 colligere
2674 5625 2806 5696 quis
2839 5627 3024 5697 possit
3054 5627 3213 5695 ipsas
3243 5620 3810 5697 Numinumeffligies

2177 5644 2335 5682 unde
2368 5644 2641 5697 comgere
2674 5644 2806 5696 quis
2880 5644 3024 5681 essu
3054 5644 3213 5695 ipsas
3244 5644 3809 5686 numinumeiuugws

2176 5703 2408 5772 rogatas
2441 5699 2620 5754 fuisse
2652 5644 2960 5772 anceiferc
3010 5698 3247 5765 vellent,
3285 5715 3352 5755 ex
3385 5694 3647 5769 auguriis
3693 5701 3809 5744 Vero

2178 5768 2579 5845 de'rcsponsis
2611 5768 2945 5829 ariolatum.
