4054 6174
249 282 337 343 489

1277 269 1871 335 APOLOGETICUS
1917 270 2099 331 Αον.
2148 270 2449 331 GENTES
2462 316 2477 330 .

3467 276 3589 336 490

244 418 332 470 Nec
349 411 545 466 tantum
576 410 775 463 tamen
806 405 1049 462 honoris
1078 404 1327 461 Romani
1357 403 1702 460 dicaverunt
1730 401 1821 458 fa-
1851 412 1905 480 Α
1935 400 2330 457 habebantur.
2359 402 2509 472 Ergo
2558 400 2807 457 aliorum
2852 404 2942 458 est
2989 418 3232 475 regnum
3263 404 3422 475 dare,
3451 406 3591 476 quia

245 505 300 559 tis
322 500 410 573 (68)
436 497 773 553 dedentibus
816 496 929 551 sibi
978 495 1384 567 Carthaginem
1415 495 1697 550 adversus
1726 493 1824 549 de-

240 594 466 650 stinatum
492 592 808 658 votumque
836 585 1109 655 Junonis,
1140 589 1427 655 quantum
1461 583 1825 656 prostitutis-

239 674 581 745 simawlupaa
633 672 980 727 Larentinae.
1030 672 1235 728 Plures
1286 672 1424 727 deos
1470 675 1693 728 vestros
1738 688 1827 727 res

236 781 398 840 gnasse
421 768 629 817 certum
664 767 772 818 est.
813 762 999 834 lgitur
1029 761 1078 816 si
1109 761 1444 817 conferendi
1475 759 1706 832 imperii
1738 764 1824 815 te-

236 859 341 911 nent
364 855 714 925 potestatem,
747 868 878 906 cum
914 852 1065 907 429
1102 851 1212 923 ipsi
1264 854 1597 922 regnarent,
1632 866 1665 904 a
1694 848 1823 920 qui-

233 946 317 1001 bus
342 945 660 1013 acceperant
698 957 824 996 eam
875 940 1125 1012 gratiam
1148 940 1175 995 ?
1221 956 1394 1012 quem
1427 938 1686 995 coluerat
1716 938 1824 993 Sa-

231 1039 395 1088 turnus
449 1036 499 1086 et
555 1029 831 1101 Jupiter?
889 1028 1146 1102 aliquem
1208 1028 1415 1100 opinor
1469 1026 1822 1082 Sterculium

228 1123 324 1195 [sed
360 1121 535 1176 Roma:
592 1122 820 1190 postea]
876 1120 1007 1190 (69),
1061 1133 1196 1173 cum
1247 1115 1542 1188 indigenis
1591 1116 1715 1171 suis
1758 1116 1820 1169 1⁷.

225 1211 373 1266 Etiam
400 1208 442 1264 si
472 1208 569 1279 qui
602 1224 717 1262 non
749 1210 1094 1278 regnarunt,
1137 1210 1333 1261 tamen
1364 1204 1721 1276 regnabatur
1751 1204 1822 1260 ab

227 1298 327 1354 aliis
352 1297 596 1353 nondum
646 1294 972 1351 cultoribus
1021 1293 1168 1362 suis,
1202 1298 1267 1350 ut
1315 1293 1416 1365 qui
1447 1293 1710 1348 nondum
1742 1292 1823 1347 dii

1937 491 2295 563 regnabatur
2328 490 2513 545 multo
2545 494 2679 546 ante
2710 508 2886 562 quam
2928 492 3027 548 isti
3059 493 3139 547 dii
3168 492 3589 551 inciderentur.

1935 580 2041 635 Sed
2076 596 2252 651 quam
2296 596 2511 635 vanum
2562 583 2649 635 est
2696 581 2999 652 fastigium
3055 583 3293 637 Romani
3334 583 3591 640 nominis

1935 669 2332 740 religiositatis
2392 669 2618 724 meritis
2679 670 2981 741 deputare,
3036 688 3169 726 cum
3221 676 3353 743 post
3404 673 3589 744 impe-

1935 759 2089 815 rium
2124 760 2242 814 sive
2272 760 2461 814 adhuc
2496 776 2740 830 regnum
2766 761 3125 831 [auctisjam
3160 761 3353 830 rebus]
3387 761 3588 834 religio

1936 848 2245 920 profecerit
2268 849 2328 902 ³⁸.
2363 849 2509 921 Nam
2542 849 2647 903 etsi
2682 866 2715 903 a
2745 853 2937 904 Numa
2972 855 3250 922 concepta
3280 856 3369 906 est
3397 854 3587 908 curio-

1936 937 2080 993 sitas
2104 937 2537 1009 superstitiosa,
2554 939 2707 992 430
2726 939 2986 993 nondum
3012 944 3210 993 tamen
3232 943 3334 993 aut
3353 940 3593 995 simula-

1937 1027 2049 1082 cris
2079 1032 2181 1081 aut
2211 1026 2449 1098 templis
2483 1043 2576 1081 res
2608 1027 2805 1082 divina
2836 1029 2991 1098 apud
3028 1029 3323 1083 Romanos
3354 1034 3590 1085 consta-

1934 1116 2066 1185 bat;
2098 1116 2251 1187 frugi
2283 1115 2485 1187 religio
2516 1119 2572 1171 et
2597 1133 2885 1188 pauperes
2938 1116 3109 1185 ritus,
3142 1120 3199 1172 et
3230 1116 3393 1172 nulla
3423 1118 3589 1190 capi—

1933 1205 2075 1261 tolia
2104 1207 2388 1261 certantia
2438 1204 2603 1273 coelo,
2636 1206 2737 1260 sed
2787 1206 3097 1261 temeraria
3138 1207 3211 1261 de
3256 1206 3474 1278 cespite
3504 1207 3590 1262 al-

1933 1295 2102 1364 taria,
2136 1300 2192 1350 et
2220 1311 2360 1349 vasa
2403 1294 2595 1351 adhuc
2640 1293 2837 1350 Samia
2868 1294 2998 1367 (70),
3033 1300 3087 1350 et
3136 1294 3306 1350 nidor
3347 1312 3415 1351 ex
3444 1294 3588 1363 illis,

1597 1391 1798 1452 Variae
1841 1392 2163 1455 lectiones.

281 1494 315 1529 ¹⁶
339 1490 817 1556 Prostratissimae,
854 1491 1076 1548 flauere.

221 1565 383 1637 religio
411 1564 733 1637 profecerit,
763 1569 934 1621 Fran.

1158 1491 1197 1526 ¹⁷
1226 1489 1357 1548 Suis
1389 1489 1539 1546 abest
1568 1490 1800 1546 Haverc.
1881 1492 1923 1527 1³
1963 1492 2166 1547 Adhuc
2197 1505 2445 1561 regnum
2493 1490 2697 1562 religio
2728 1491 3085 1564 profecerit?
3114 1498 3236 1564 Age
3256 1493 3384 1565 jam
3413 1494 3592 1552 rebus

1614 1642 2139 1705 Commentarius.

220 1756 321 1795 cam
348 1726 587 1813 patriam
608 1738 935 1813 rediturum
959 1752 1170 1813 essen
1192 1742 1263 1813 In
1283 1736 1445 1813 illam
1466 1737 1830 1813 sententiam
1863 1745 1907 1809 Β
1939 1739 2029 1795 dis
2061 1739 2174 1795 diis
2197 1737 2797 1813 immorta_libus,ju_re
2828 1737 3127 1813 pontiﬁcio
3143 1742 3204 1813 et
3228 1754 3388 1795 more
3411 1742 3591 1813 majo-

221 1808 409 1867 inﬁni'ta
435 1812 602 1867 dicax
632 1812 939 1867 Lucianus.
963 1809 1197 1865 Herald.
1221 1812 1349 1864 Fato
1372 1809 1424 1863 S.
1451 1810 1499 1863 J.
1525 1824 1655 1863 esse.
1683 1808 1823 1865 ΗΑν.

273 1885 367 1955 (68)
392 1886 538 1940 Fatis
571 1884 803 1939 Romani
831 1883 1174 1955 dicaverunt.
1200 1882 1287 1955 Ita
1308 1882 1681 1955 transposuit
1696 1881 1823 1952 Rig.

220 1951 402 2027 Alitll.
452 1956 515 2011 de
562 1957 713 2026 fatis.
746 1954 1175 2027 Respicityero
1226 1952 1621 2027 Spanhcmius
1668 1951 1826 2027 hunc

218 2025 394 2097 locum,
421 2023 885 2083 cum'concludit
923 2043 992 2082 ex
1022 2026 1213 2082 verbis
1265 2023 1528 2095 Procopii
1560 2040 1687 2097 quae
1718 2025 1824 2079 εό-

218 2098 359 2165 ducit,
378 2095 570 2154 fuisse
608 2105 865 2154 erectum
912 2098 1005 2152 his
1037 2099 1256 2153 deabus
1288 2097 1482 2152 Romrs
1513 2095 1821 2166 templum,

215 2171 290 2224 sed
319 2178 435 2242 post
464 2170 809 2226 Tertulliani
863 2176 1148 2241 tempora,
1183 2170 1328 2242 forte
1379 2185 1412 2223 a
1446 2166 1820 2242 Diocletiano,

214 2238 349 2313 cujus
377 2259 682 2297 nummum
702 2238 1059 2313 singularem
1090 2240 1359 2313 explicat,
1382 2255 1513 2295 cum
1539 2238 1825 2313 singulari

212 2312 321 2386 item
370 2314 768 2386 inscriptione.
812 2312 1189 2367 ’Exbibentur
1237 2312 1316 2386 ibi
1369 2316 1486 2386 tres
1548 2312 1823 2366 mulieres

212 2385 395 2441 vestita:
425 2384 649 2442 facibus
682 2392 937 2451 armatae,
963 2401 1095 2439 cum
1122 2384 1504 2455 inscriptione
1533 2399 1689 2455 εΑτιε
1710 2400 1825 2437 vre-

212 2472 467 2525 rarcrsus;
516 2459 675 2513 victa
723 2457 946 2513 scilicet
977 2461 1033 2511 et
1082 2455 1371 2511 debellata
1420 2454 1823 2525 exstinctaque

212 2528 640 2601 Christianorum
674 2535 864 2601 gente.
895 2529 1164 2601 Conspici
1196 2532 1385 2601 potest
1414 2526 1475 2582 in
1517 2543 1821 2601 nunquam

213 2598 465 2673 laudando
496 2603 646 2656 satis
678 2598 850 2673 opere
880 2600 945 2654 de
981 2598 1086 2657 Usa
1115 2608 1166 2656 et
1193 2601 1286 2673 Pr.
1319 2600 1482 2673 Num.
1512 2615 1580 2673 p.‘
1606 2598 1729 2651 838.

268 2672 360 2741 (69)
390 2673 484 2729 Sed
534 2670 732 2729 Romae
759 2681 948 2744 postea
977 2688 1114 2744 eam
1162 2670 1456 2744 indigenis.
1511 2670 1653 2725 Mira
1693 2685 1823 2740 pcr-

208 2744 430 2800 turbatio
459 2749 514 2800 et
549 2743 801 2800 varietas
830 2744 890 2798 in
922 2743 1093 2798 editis
1132 2748 1189 2797 et
1221 2758 1361 2796 mss.
1396 2743 1578 2812 Lugd.
1616 2746 1733 2795 But.
1768 2744 1824 2795 et

208 2816 362 2888 égob.
398 2839 417 2867 ι
448 2818 556 2871 Sed
592 2822 795 2888 postea
816 2816 1138 2888 Romanam
1162 2830 1294 2868 cum
1330 2813 1590 2888 indignis
1619 2812 1815 2888 suis._n

208 2883 345 2958 Fuld.
376 2911 401 2937 «ι
432 2888 541 2943 Sed
581 2883 783 2958 postea
814 2887 1228 2958 apudRomam
1263 2901 1394 2939 cum
1418 2883 1821 2958 in’ditamentis

207 2957 324 3029 suis.
350 2980 373 3009 η
409 2955 702 3015 Ηθιιειῐάυε
733 2964 789 3013 et
820 2955 1034 3029 Rigalt.
1068 2958 1262 3026 silent,
1296 2961 1353 3010 et
1399 2955 1559 3029 aliud
1591 2957 1712 3027 agit
1745 2956 1823 3029 La

206 3027 372 3103 Derda,
402 3046 532 3086 cum
571 3032 629 3086 in
654 3027 999 3103 paraphrasi
1031 3046 1158 3103 sua,
1197 3045 1373 3103 quam
1405 3027 1643 3083 editioni
1679 3027 1818 3082 sub-

201 3100 381 3185 juniit,
408 3103 605 3158 nescio
648 3100 889 3185 quid'de
937 3100 1355 3185 aboriginibus,
1389 3115 1641 3185 quorum
1675 3115 1817 3153 non-
1852 3115 1895 3185 ρ

206 3172 322 3245 nulli
368 3171 758 3245 regnaverint,
811 3173 1082 3230 nonnulli
1114 3189 1251 3238 non,
1300 3174 1537 3245 profert,
1570 3171 1770 3245 legens
1804 3186 1816 3245 ς

208 3264 229 3289 α
254 3244 343 3318 Sed
390 3242 587 3302 Romae
635 3242 833 3318 postea
878 3261 1011 3301 cum
1060 3244 1352 3316 indigenis
1384 3244 1508 3318 suis
1556 3244 1735 3318 etiam
1772 3242 1823 3297 si

205 3316 283 3383 qui
319 3334 435 3390 non
482 3315 832 3390 regnarunt,
884 3322 1104 3390 tamen,
1156 3315 1343 3390 nete.
1377 3316 1573 3390 _Ald_us
1623 3315 1821 3390 habet,

205 3388 333 3461 gSed
353 3386 585 3445 Romani
611 3396 812 3461 postea
833 3406 964 3444 cum
984 3388 1277 3458 indigenis
1300 3386 1623 3461 cultoribus
1638 3387 1820 3461 suis,»

204 3458 335 3514 Pam.
366 3466 419 3516 et
459 3457 650 3517 Rhea.
684 3484 714 3512 «
744 3462 854 3515 Sed
904 3462 1098 3517 Romae
1121 3457 1330 3530 "postea
1362 3476 1493 3515 cum
1528 3457 1823 3531 indigenis

204 3530 321 3604 suis.
350 3554 374 3581 η
426 3533 663 3589 Herald.
698 3538 755 3588 et
806 3533 933 3604 Rig.
988 3555 1015 3582 ‹‹
1049 3532 1157 3604 Sed
1210 3532 1403 3604 Romae
1448 3530 1822 3604 postea’cum

204 3598 480 3673 indigenis.
515 3630 538 3657 ι
602 3605 709 3660 Ms.
743 3598 908 3659 Cod."
929 3605 1099 3659 Fuld.
1145 3602 1382 3658 lectioni
1432 3598 1827 3672 adscripserat

198 3672 484 3745 Scioppius,
552 3676 986 3736 induamentis;
1061 3676 1188 3745 lego
1237 3674 1695 3745 indigitamentis,
1764 3674 1823 3727 id

200 3750 267 3818 est
293 3745 442 3803 libris
472 3747 917 3818 pontiﬁcalibus
949 3747 1074 3802 suis
1107 3746 1205 3815 qui
1237 3745 1500 3801 Sterculo
1524 3746 1779 3818 seqviant
1809 3760 1822 3801 :

201 3814 327 3871 salse
353 3810 598 3874 dictum.
651 3818 1017 3875 Glossarium
1069 3810 1496 3888 indigitamenta
1526 3810 1719 3870 Βιϐλία
1748 3816 1824 3867 ἱε-

200 3889 376 3961 ρςιτικά.
409 3892 492 3947 Ita
545 3890 685 3946 libri
723 3894 780 3947 et
830 3892 1195 3961 interpretes,
1228 3906 1480 3960 quorum
1530 3894 1693 3944 tanta
1721 3905 1823 3941 va-

200 3958 346 4016 rietas
376 3963 614 4019 abunde
644 3963 811 4017 docet
838 3964 962 4031 jam
986 3958 1156 4017 volim
1191 3958 1381 4016 locum
1415 3961 1598 4015 fuisse
1628 3977 1825 4031 cerrus

199 4036 357 4107 ptum.
376 4036 521 4099 Quid
557 4030 1012 4107 igiturisentiam
1033 4032 1248 4107 quaeris
1268 4035 1294 4087 Ἰ
1327 4033 1585 4107 Delenda
1616 4032 1715 4107 illa
1737 4030 1829 4107 sed

201 4102 350 4160 Roma
394 4102 613 4166 vostea'
635 4110 691 4161 et
748 4106 810 4160 in
871 4102 1235 4159 morboniam
1297 4103 1626 4214 releganda.
1688 4103 1828 4168 Quis

202 4188 326 4214 9mm
358 4193 468 4214 nnn
516 4177 675 4214 uitio!
728 4193 793 4214 ον
848 4177 1039 4214 rrlnnnn
1087 4174 1396 4214 inv-annique
1488 4175 1714 4214 Qnilinnt
1748 4176 1823 4214 ita

202 4188 329 4249 enim
358 4193 471 4249 non
516 4177 679 4233 videt
728 4193 798 4231 ex
846 4177 1045 4249 glossa
1087 4174 1441 4246 irrepsisse?
1488 4175 1720 4249 Scilicet
1748 4176 1829 4229 ita

198 4241 476 4320 legendum
530 4250 798 4320 judico:
847 4241 885 4298 Tr
933 4241 1223 4320 Aliquem
1254 4248 1463 4320 opinor
1508 4247 1827 4320 Sterculum

198 4332 308 4393 cum
336 4319 635 4393 indigenis
668 4319 811 4393 suis.
839 4342 866 4369 ››
902 4319 997 4375 Vel
1028 4319 1243 4393 potius,
1270 4319 1318 4373 si
1352 4336 1465 4393 non
1496 4319 1713 4393 frustra
1742 4320 1827 4393 in:

200 4386 495 4463 linamenti;
518 4392 1005 4463 suppeditatms.
1028 4386 1204 4463 ’Fuld.
1239 4391 1393 4460 quod
1424 4407 1639 4463 vanum
1673 4390 1827 4444 haud

198 4474 321 4553 μῖξις,
353 4462 459 4547 hoc
492 4461 733 4553 modii}.
754 4487 780 4511 ‹‹
815 4462 1083 4553 Aliquem
1104 4462 1320 4553 opinpr
1348 4461 1673 4553 Stei‘e‘ul’urm
1697 4479 1831 4553 cum
1863 4489 1909 4553 D

200 4530 465 4604 indigenis
495 4542 557 4590 et
589 4530 997 4589 inditamentis
1024 4530 1167 4588 suis:
1195 4555 1220 4582 ››
1249 4533 1312 4586 In
1345 4550 1410 4588 eo
1446 4533 1572 4587 falsi
1599 4534 1835 4589 fuerunt

197 4600 542 4677 interpretes,
596 4607 753 4677 quod
806 4604 867 4658 τὸ
922 4606 1195 4676 indigenis
1249 4605 1316 4677 ad
1371 4605 1684 4668 Romanos,
1718 4623 1834 4659 non

196 4675 340 4743 vero,
360 4684 424 4733 ut
452 4675 654 4744 debet,
687 4679 758 4731 ad
789 4675 1117 4733 Sterculum
1151 4675 1477 4731 retulerint.
1510 4682 1657 4730 Sunt
1678 4678 1833 4732 enim

203 4746 463 4818 indigenae
495 4750 582 4804 illi
637 4749 736 4820 qui
792 4765 909 4803 una
949 4766 1075 4803 cum
1130 4746 1396 4802 Sterculo
1444 4749 1738 4803 vernaculi
1785 4753 1842 4803 et

200 4820 393 4888 proprii
438 4822 845 4877 Romanorum
897 4821 999 4885 dii,
1040 4824 1104 4875 ut
1152 4823 1453 4881 Mutunus,
1487 4824 1755 4875 Tutunus
1787 4825 1843 4875 et

201 4889 421 4964 similes.
456 4898 580 4949 Hos
626 4893 915 4960 indigenas
966 4890 1261 4964 appellare
1310 4891 1511 4962 voluit,
1545 4909 1612 4947 ea
1658 4893 1843 4948 forma

200 4975 300 5029 qua
320 4963 482 5019 Ovid.
521 4982 578 5020 vr
610 4965 731 5019 Met.
765 4964 870 5018 330
904 4980 917 5018 :

276 5068 531 5133 Naiadum
566 5070 841 5132 Faunique
872 5068 1009 5118 foret
1036 5072 1225 5118 tamen
1260 5082 1351 5117 ara
1379 5069 1654 5133 rogabam,

274 5130 614 5195 lndigenseve
646 5130 761 5182 Dei.

256 5224 380 5283 Jam
412 5245 555 5285 vero
588 5228 881 5301 glossator
910 5227 1146 5299 aliquis,
1171 5229 1488 5285 observans
1519 5228 1627 5283 hos
1650 5230 1846 5283 Romae

202 5296 419 5372 demum
470 5296 665 5357 cultbs
717 5300 890 5372 longe
921 5296 1234 5372 postquam
1280 5301 1511 5372 Jupiter
1557 5318 1590 5355 a
1621 5302 1747 5356 suis
1788 5302 1846 5357 in

201 5368 425 5427 deorum
483 5389 801 5428 numerum
822 5368 1091 5427 —relatus_
1126 5372 1221 5439 sit,
1274 5368 1574 5428 adnotavit
1622 5373 1847 5429 cultum

196 5440 349 5498 illum
380 5444 653 5517 sterculo
686 5448 888 5517 postea
918 5442 1243 5516 praestitum
1271 5462 1283 5512 ;
1319 5445 1634 5516 ineptiores
1667 5445 1763 5500 alii
1787 5450 1851 5500 ut

194 5515 608 5638 ﬁTertulliano
640 5515 969 5589 profectum
1020 5521 1367 5589 receperunt
1397 5515 1455 5572 in
1488 5523 1846 5574 contextum.

237 5602 318 5638 av.

237 5602 318 5640 AV.

252 5659 362 5730 (70)
402 5660 550 5715 l'asa
577 5658 755 5715 adhuc
806 5658 1015 5716 Samia.
1069 5658 1290 5724 Cicero,
1340 5658 1442 5722 lib,
1497 5677 1559 5716 nr
1607 5659 1671 5717 de
1720 5664 1847 5718 Nat.

193 5726 415 5789 Deorum
444 5750 467 5789 :
503 5754 536 5784 ‹‹
573 5731 797 5789 Docebo
844 5732 1091 5794 meliora
1121 5749 1214 5791 me
1244 5731 1519 5791 didicisse
1551 5734 1621 5791 de
1652 5732 1848 5791 colen-

469 5860 742 5925 Pnaon.
787 5859 840 5923 1.

1939 1811 2515 1885 rum,capedunculi_s
2530 1827 2677 1882 quas
2700 1810 2895 1885 Numa
2910 1810 3084 1885 nobis,
3107 1811 3359 1885 reliquit,
3381 1813 3452 1868 de
3469 1810 3593 1885 qui-

1939 1884 2049 1938 bus
2082 1884 2138 1937 in
2172 1881 2272 1938 illa
2303 1881 2937 1938 aureola’oratiuncula
2976 1882 3116 1955 dicit
3148 1881 3378 1951 Laelius,
3409 1881 3589 1955 quam

1938 1955 2263 2010 rationibus
2310 1955 2654 2010 Stoicorum.
2692 1975 2720 2004 ››
2774 1955 2950 2022 Cujus
2998 1954 3262 2011 Laelianas
3309 1954 3588 2013 orationis

1938 2028 2156 2082 mentio
2207 2027 2379 2083 etiam
2429 2026 2685 2081 occurrit
2714 2025 2866 2079 inter
2914 2027 3242 2095 fragmenta
3290 2028 3587 2084 Ciceronis

1936 2098 2023 2171 de,
2049 2101 2200 2169 Περ,
2234 2100 2270 2171 l.
2304 2116 2360 2153 vr
2395 2114 2406 2151 ε
2443 2099 2641 2153 Exstat
2687 2098 2869 2152 oratio
2921 2099 3093 2164 Lmlii,
3154 2116 3331 2171 quam
3381 2117 3587 2157 omnes

1936 2170 2223 2243 habemus
2256 2170 2313 2223 in
2358 2171 2671 2243 manibus,
2709 2186 2886 2243 quam
2918 2170 3189 2243 sympina
3234 2171 3582 2243 pontiﬁcum

1933 2242 2046 2296 diis
2072 2241 2506 2298 immortalibus
2528 2241 2714 2309 gratia
2745 2240 2881 2295 sint.
2907 2240 3252 2313 semitisque,
3278 2249 3341 2299 ut
3367 2244 3415 2299 is
3438 2246 3583 2299 scri-

1933 2314 2037 2382 bit,
2099 2314 2457 2384 capedines;
2519 2335 2547 2362 ››
2607 2318 2671 2368 ut
2725 2313 3055 2367 emendavit
3110 2315 3285 2370 Hadr.
3343 2316 3579 2371 Junius.

1939 2387 2075 2439 Vasa
2105 2386 2299 2442 Samia
2348 2390 2487 2439 sunt
2514 2389 2675 2439 testae
2706 2384 3086 2456 ﬁctiles.lmo
3133 2402 3319 2456 usque
3368 2388 3440 2442 ad
3474 2390 3579 2443 de-

1935 2458 2144 2511 victam
2194 2457 2415 2523 Asiam,
2449 2473 2577 2527 quae
2621 2472 2758 2526 Opes
2786 2455 2961 2511 simul
3014 2462 3069 2512 et
3107 2455 3308 2513 luxum
3353 2458 3578 2527 intulit,

1931 2528 2059 2600 ipsa
2091 2529 2265 2584 etiam
2319 2529 2561 2583 deorum
2614 2527 2931 2600 simulacra
2962 2528 3155 2600 lignea
3188 2535 3419 2586 tantum
3472 2532 3585 2586 Ro-

1932 2599 2124 2655 manis
2154 2602 2243 2655 vel
2296 2601 2521 2667 ﬁctilia,
2555 2600 2736 2655 fuisse
2767 2599 2981 2654 diserte
3021 2599 3277 2656 testatur
3330 2603 3586 2671 Plinius,

1932 2674 2057 2727 Nat.
2110 2673 2246 2727 Hist.
2304 2689 2491 2739 xxx1v,
2543 2672 2619 2727 7:
2668 2694 2695 2721 ››
2753 2671 3092 2742 Mirumque
3144 2674 3287 2728 mihi
3340 2675 3591 2743 videtur,

1933 2760 2066 2818 cum
2100 2742 2622 2818 statuarum__origo
2656 2747 2774 2797 tam
2810 2748 2973 2818 vetus
3007 2744 3065 2818 in
3100 2745 3267 2818 Italia
3297 2742 3594 2818 sit,lignea

1933 2816 2129 2887 potius
2176 2820 2275 2870 aut
2329 2815 2529 2869 ﬁctilia
2579 2816 2823 2869 deorum
2856 2814 3173 2871 simulacra
3217 2817 3274 2871 in
3327 2814 3593 2873 delubris

1933 2889 2123 2942 dicata
2155 2903 2336 2955 usque
2385 2888 2454 2941 ad
2490 2887 2777 2941 devictam
2826 2887 3045 2952 Asiam,
3080 2889 3237 2943 unde
3268 2888 3529 2946 luxuria.
3561 2910 3591 2940 »

1932 2960 2011 3015 De
2042 2959 2197 3014 vasis
2227 2958 2441 3013 Samiis
2471 2957 2760 3024 Tibullus,
2795 2957 2895 3013 lib.
2930 2976 2948 3012 ι
2980 2960 3139 3031 Eleg.
3172 2959 3195 3014 4
3229 2977 3242 3014 :

2178 3056 2394 3117 Adsitis,
2430 3056 2563 3116 Divi,
2601 3069 2830 3119 necvos
2858 3069 2887 3104 e
2923 3070 3159 3119 paupere
3188 3070 3374 3108 mensa

2180 3121 2345 3177 Dona,
2378 3132 2477 3168 nec
2510 3131 2538 3168 e
2566 3117 2746 3181 parvis
2776 3117 3013 3181 spernite
3034 3117 3307 3170 ﬁctilibus.

1931 3207 2193 3282 Illustrat
2221 3206 2329 3262 hoc
2358 3205 2552 3282 Nostri
2583 3210 2747 3262 vetus
2779 3205 2875 3262 ille
2909 3223 3015 3262 nec
3046 3212 3213 3264 vetus
3236 3208 3436 3278 minus
3458 3225 3591 3282 pro-

1930 3279 2205 3337 verbialis
2233 3277 2562 3335 versiculus
2596 3295 2608 3333 :

2244 3378 2391 3426 Doen
2421 3376 2487 3426 de
2523 3375 2715 3425 kelken
2747 3389 2929 3425 waren
2961 3390 3065 3425 van
3099 3375 3251 3439 hout,

2244 3442 2391 3489 Doeu
2420 3440 2991 3503 warendepriesters
3025 3453 3126 3488 van
3158 3441 3321 3503 goud.

2241 3504 2387 3551 Maar
2418 3517 2491 3551 nu
2522 3501 2809 3565 dekelkeu
2843 3515 2944 3564 zyn
2977 3516 3079 3551 van
3112 3501 3256 3565 gdud

2242 3567 2321 3615 Nu
2354 3578 2415 3613 zo
2444 3579 2543 3628 zyn
2576 3564 2639 3613 de
2674 3566 2928 3627 priesters
2958 3579 3063 3613 van
3097 3564 3246 3615 hout.

1934 3662 2229 3727 Postquam
2252 3653 2471 3710 scilicet
2501 3656 2709 3709 munda
2755 3655 2951 3728 balnea
2979 3656 3211 3728 inventa
3247 3663 3393 3727 sunt,
3426 3672 3589 3728 spur-

1933 3726 2103 3784 ciores
2129 3732 2258 3783 sunt
2308 3728 2404 3795 qui
2434 3727 2894 3798 lavanttutjam
2942 3726 3079 3780 olim
3128 3726 3586 3798 Seneca,iepist.

1933 3802 2025 3855 2:3.
2060 3802 2169 3855 Sed
2222 3798 2582 3870 proverbiale
2640 3796 2784 3870 illud
2849 3798 3230 3870 desumptum
3288 3796 3592 3856 observavi

1941 3890 2009 3926 ex
2056 3869 2542 3927 dicto’Bonifacii
2590 3869 2797 3941 (episc.
2835 3873 2892 3924 et
2942 3874 3162 3938 mart.),
3197 3872 3349 3941 quod
3402 3877 3591 3928 exstat

1939 3946 2146 3998 Decrel.
2182 3949 2343 4012 parte
2375 3959 2437 3996 nr
2469 3942 2540 3996 de
2570 3940 2887 3995 Consecrat.
2939 3940 3274 4011 distinctﬁr,
3308 3960 3434 3997 can.
3470 3946 3536 4000 44
3572 3960 3585 3999 :

1939 4038 1967 4066 ‹‹
1998 4020 2163 4081 Cum,
2196 4013 2414 4083 inquit,
2446 4012 2654 4083 ligneis
2690 4018 2989 4067 uteremur
3038 4013 3340 4081 calicibus,
3376 4031 3587 4070 aureos

1938 4087 2267 4142 sacerdotes
2297 4085 2682 4139 habebamus.
2718 4084 2886 4139 Nunc
2919 4100 3126 4140 aureos
3169 4085 3457 4141 habemus
3489 4102 3588 4142 ca-

1938 4159 2099 4225 lices,
2134 4158 2356 4227 ligneos
2390 4158 2743 4211 sacerdotes.
2776 4175 2802 4206 ιι
2838 4159 3089 4212 Joannes
3129 4156 3591 4214 Saresberiensis

1938 4232 1997 4285 in
2046 4231 2416 4299 Polycratico,
2449 4229 2550 4283 lib.
2586 4245 2664 4292 vr,
2696 4244 2822 4298 cap.
2855 4229 2945 4296 24,
2980 4230 3262 4284 acerrime
3307 4229 3589 4285 sazculum

1940 4318 2114 4375 suum
2150 4303 2432 4375 increpat.
2471 4300 2551 4355 lbi
2606 4300 2675 4375 de
2708 4300 3111 4375 sacerdotibus
3141 4307 3196 4355 et
3231 4302 3593 4375 presbyteris

1941 4380 1995 4429 et
2025 4373 2140 4427 alia
2170 4377 2229 4427 et
2260 4373 2381 4427 haec
2415 4387 2428 4426 :
2464 4396 2489 4422 «
2524 4372 2736 4446 Sedeat
2765 4372 2825 4446 in
2860 4389 2926 4446 ea
2954 4373 3169 4446 Scriba}
3196 4378 3267 4446 et,
3294 4372 3591 4446 Pharisaai,

1943 4448 2227 4517 ponentes
2254 4461 2431 4499 onera
2462 4442 2863 4517 importabilia
2890 4444 2947 4498 in
2972 4444 3238 4499 humeris
3259 4442 3589 4515 hominum,

1944 4516 2070 4587 qua:
2102 4516 2282 4585 digito
2340 4532 2453 4568 non
2489 4516 2857 4586 contingunt.
2900 4517 3288 4571 Dominantur
3326 4519 3386 4572 in
3420 4521 3594 4587 clero,

1947 4605 2051 4642 nec
2086 4589 2269 4661 forma
2300 4587 2451 4641 ﬁunt
2480 4588 2658 4658 gregi,
2684 4587 2785 4656 qui
2819 4593 2974 4661 recto
3007 4588 3152 4644 calle
3184 4590 3372 4661 pergit
3404 4592 3472 4645 ad
3510 4592 3592 4646 vi-

1943 4666 2063 4715 tam
2096 4660 2265 4727 (forte
2290 4662 2483 4728 pergat
2516 4666 2571 4713 et
2601 4661 2766 4728 quae):
2792 4659 3107 4728 pretiosam
3138 4659 3601 4731 suppellectilem

1948 4735 2296 4802 congerunt,
2330 4747 2495 4802 auro,
2521 4736 2576 4785 et
2608 4738 2848 4800 argento
2896 4735 3137 4785 onerant
3200 4750 3457 4801 mensae,
3490 4735 3603 4790 sibi

1949 4804 2125 4877 etiam
2180 4803 2249 4856 ab
2297 4801 2541 4857 avaritia
2579 4801 2771 4877 nimis
2822 4803 3001 4872 parci.
3036 4803 3180 4877 Nam
3229 4822 3453 4877 pauper
3505 4812 3606 4861 aut

1950 4874 2149 4930 nullus
2183 4878 2279 4928 aut
2330 4891 2496 4929 rarus
2526 4873 2879 4940 admittitur,
2914 4891 3088 4944 quem
3136 4873 3431 4933 interdum
3486 4896 3603 4933 non

1950 4953 2069 5001 tam
2104 4946 2578 5016 Christus,quam
2610 4962 2756 5000 vana
2789 4944 2974 5013 gloria
3004 4946 3341 5003 introducit.
3376 4954 3603 5006 Concu~

1951 5019 2108 5072 tiunt
2155 5018 2451 5082 ecclesias,
2485 5016 2617 5072 lites
2670 5016 2941 5081 excitant,
2978 5018 3264 5075 collidunt
3292 5021 3513 5077 clerum
3547 5028 3604 5079 et

1956 5089 2260 5163 populum,
2294 5088 2596 5165 laboribus
2628 5093 2683 5144 et
2714 5087 2967 5165 miseriis
3002 5090 3347 5165 afﬁictorum
3384 5111 3605 5165 nequa-

1956 5160 2132 5232 quam
2168 5162 2625 5233 compatiuntur,
2659 5160 3035 5238 ecclesiarum
3071 5162 3341 5220 laetantur
3378 5160 3607 5238 spoliis,

1956 5239 2013 5289 et
2039 5238 2327 5303 quaestum
2378 5250 2606 5287 omnem
2642 5237 2917 5304 reputant
2964 5234 3258 5303 pietatem,
3296 5260 3322 5286 ››
3352 5234 3461 5294 etc.
3496 5234 3610 5295 lbi-

1958 5307 2089 5360 dem
2124 5305 2295 5382 paulo
2329 5309 2459 5374 post
2492 5304 2879 5382 ;_<<_Prmtcrea
2911 5322 3114 5382 omnes
3146 5315 3424 5379 arguunt,
3450 5312 3607 5382 quod

1958 5378 2273 5455 ruentibus
2315 5382 2371 5455 et
2421 5376 2843 5455 collabenlibus
2875 5377 3158 5441 ecclesiis,
3187 5376 3343 5455 quas
3376 5376 3611 5455 patrum

1960 5447 2558 5525 construxitdevotio,
2593 5448 2879 5503 altaribus
2913 5467 3143 5525 quoque
3183 5447 3423 5510 incultis
3455 5455 3615 5525 pala-

1960 5521 2042 5595 tia
2072 5519 2343 5595 exstruit,
2377 5524 2434 5574 et
2482 5521 2781 5595 ipseAnonr
2805 5522 2977 5595 modo
3014 5519 3392 5595 purpuratus,
3427 5519 3525 5579 sed
3562 5528 3618 5579 et

1962 5594 2280 5648 deauratus
2329 5591 2567 5648 incedit.
2604 5592 2825 5648 Palatia
2875 5591 3184 5664 splendent
3224 5591 3616 5663 sacerdotum,

1962 5670 2020 5720 et
2054 5665 2111 5719 in
2146 5664 2423 5722 manibus
2455 5682 2656 5724 eorum
2688 5664 2905 5723 Christi
2938 5667 3275 5725 sordidatur
3304 5666 3609 5726 Ecclesia.»

1962 5738 2092 5797 Haec
2122 5737 2239 5797 ille.
2274 5739 2413 5796 Hav.

3252 5866 3331 5926 16
