4054 6174
447 295 560 356 491

970 290 1498 352 TERTULLIANI
1546 288 1872 350 OPERUM
1919 289 2122 349 PARS
2168 288 2217 348 Ι.
2252 289 2634 350 -SERIES
2678 292 2731 366 I,
2772 290 3335 355 APOLOGETICA.

3687 312 3789 371 492

444 432 503 486 et
529 429 685 485 Deus
709 428 835 499 ipse
866 424 1470 499 nusquam.Nondum
1502 423 1658 479 enim
1690 427 1833 479 tunc
1862 421 2096 495 ingenia
2125 429 2177 492 Α
2207 422 2544 495 religionem
2593 428 2694 481 aut
2724 425 2991 482 laedendo
3039 433 3355 501 creverunt,
3386 436 3478 488 aut
3521 444 3790 500 crescendo

445 519 775 576 Graecorum
808 517 919 589 (71)
954 524 1127 586 atque
1177 515 1505 569 Tuscorum
1540 514 1652 585 (72)
1691 512 1985 585 ﬁngendis
2018 512 2097 567 si-

446 608 723 663 mulacris
771 605 978 660 urbem
1011 603 1461 659 inundaverant.
1493 604 1641 675 Ergo
1690 619 1806 657 non
1841 605 1975 657 ante
2005 617 2099 656 re-

445 695 639 767 ligiosi
672 694 944 765 Romani,
980 709 1154 765 quam
1188 692 1421 763 magni;
1457 692 1707 763 ideoque
1739 708 1851 745 non
1888 691 1959 745 ob
1991 691 2100 745 hoc

449 782 669 856 magni,
701 783 840 850 quia
888 782 1167 854 religiosi.
1204 783 1376 854 Atqui
1409 781 1703 852 quomodo
1752 781 1824 835 ob
1866 779 2102 852 religio-

448 890 578 929 nem
635 873 857 944 magni,
918 872 1134 944 quibus
1193 871 1538 943 magnitudo
1611 871 1683 925 de
1757 868 2099 941 irreligiosi-

447 967 567 1018 tate
597 963 641 998 ¹⁹
679 962 789 1034 (73)
839 961 1157 1030 provenit?
1186 961 1255 1015 Ni
1305 960 1476 1015 fallor
1523 960 1704 1028 enim,
1757 975 1925 1014 omne
1966 975 2101 1031 reg-

450 1070 593 1108 num
625 1050 711 1106 vel
760 1050 1075 1122 imperium
1108 1051 1257 1104 431
1294 1048 1467 1104 bellis
1521 1048 1803 1119 quaeritur
1833 1052 1889 1103 et
1917 1048 2099 1103 victo-

449 1141 554 1196 riis
584 1147 955 1212 propagatur.
991 1144 1167 1193 Porro
1218 1138 1370 1193 bella
1413 1144 1469 1193 et
1516 1138 1767 1192 victoriae
1812 1138 1997 1208 captis
2044 1141 2101 1192 et

448 1229 666 1286 eversis
714 1228 1036 1300 plurimum
1072 1227 1318 1282 urbibus
1368 1232 1657 1281 constant.
1692 1227 1754 1281 Id
1797 1226 2098 1297 negotium

445 1318 573 1376 sine
604 1318 843 1374 deorum
896 1316 1117 1388 injuria
1145 1317 1257 1389 (74)
1293 1333 1405 1371 non
1456 1319 1563 1377 est.
1612 1315 1839 1370 Eadem
1873 1318 2099 1386 strages

444 1406 728 1463 moenium
786 1410 843 1462 et
894 1404 1272 1477 templorum,
1306 1422 1475 1477 pares
1535 1405 1721 1459 caedes
1773 1403 1987 1459 civium
2044 1406 2101 1459 et

444 1497 838 1557 sacerdotum,
871 1510 978 1549 nec
1008 1493 1330 1549 dissimiles
1362 1494 1576 1564 rapina:
1606 1510 1906 1548 sacrarum
1949 1491 2099 1547 divi-

441 1585 656 1641 tiarum
690 1588 747 1639 et
780 1584 1306 1655 profanarum.Tot
1336 1583 1519 1655 igitur
1548 1582 1855 1653 sacrilegia
1887 1582 2097 1635 Roma-

443 1690 674 1741 norum,
709 1678 848 1746 quot
896 1673 1192 1745 tropbasa;
1228 1677 1311 1727 tot
1343 1674 1412 1727 de
1462 1673 1594 1743 diis,
1647 1676 1789 1743 quot
1835 1672 1906 1726 de
1952 1688 2095 1743 gen-

443 1765 604 1820 tibus
634 1763 915 1834 triumphi
945 1781 958 1829 ;
990 1767 1075 1817 tot
1107 1762 1421 1828 manubias,
1458 1766 1602 1833 quot
1632 1764 1874 1816 manent
1903 1760 2095 1815 adhuc

443 1852 765 1911 simulacra
786 1852 1147 1925 captivorum
1178 1854 1442 1907 deorum.
1478 1851 1546 1905 Et
1566 1851 1636 1906 ab
1656 1850 1929 1907 hostibus
1958 1865 2094 1922 ergo

443 1943 569 2000 suis
599 1942 894 1998 sustinent
939 1940 1190 2010 adorari,
1224 1945 1281 1995 et
1310 1939 1428 1996 illis
1458 1939 1773 2011 imperium
1824 1941 1949 1995 sine
1981 1940 2095 1993 ﬁne

446 2033 788 2099 decernunt,
810 2045 1061 2100 quorum
1096 2029 1283 2100 magis
1313 2029 1563 2098 injurias
1594 2046 1770 2101 quam
1805 2029 2095 2084 adulatio-

443 2136 549 2176 nes
578 2120 623 2154 ³ο
653 2134 1065 2174 remunerasse
1113 2119 1455 2172 debuerant.
1489 2118 1597 2172 Sed
1632 2118 1735 2189 qui
1787 2118 1930 2172 nihil
1960 2134 2093 2173 sen-
2130 2138 2134 2142 ’

440 2209 621 2275 tiunt,
652 2214 770 2263 tam
800 2207 1043 2279 impune
1074 2205 1389 2277 laeduntur,
1424 2222 1603 2277 quam
1637 2207 1852 2263 frustra
1890 2206 2092 2263 colun-

440 2300 561 2355 tur.
594 2299 759 2353 Certe
787 2313 904 2352 non
936 2299 1129 2368 potest
1168 2296 1303 2352 ﬁdei
1337 2296 1665 2365 convenire,
1697 2300 1762 2351 ut
1790 2294 2091 2368 religionis

441 2386 668 2443 meritis
699 2385 1018 2442 excrevisse
1046 2385 1374 2457 videantur,
1408 2385 1528 2457 qui,
1566 2390 1627 2440 ut
1658 2385 2089 2458 suggessimus,

2209 513 2702 569 laeseruntEtiam
2738 514 3110 587 illi,quorum
3143 532 3316 589 regna
3343 522 3574 579 conﬂata
3598 534 3720 584 sunt
3740 531 3791 587 in

2208 601 2439 673 imperii
2469 603 2717 658 Romani
2743 620 3066 674 summam,
3098 620 3228 661 cum
3249 623 3313 663 ea
3334 609 3659 682 amitterent,
3687 618 3793 675 sine

2208 691 2594 765 religionibus
2624 709 2741 748 non
2777 694 3034 749 fuerunt.

2807 799 3044 856 CAPUT
3073 800 3258 857 XXVI.

2208 892 2653 965 Ancusrsivrun.
2674 919 2744 929 ——
2767 890 2935 965 Deum
2963 892 3143 965 potius
3164 892 3337 946 solum
3365 909 3594 965 regnare,
3622 896 3682 952 de
3705 901 3797 954 im-

2276 961 2753 1037 periis,_urbibus,
2787 962 3126 1037 hominibus,
3158 961 3471 1034 temporibits
3499 961 3638 1037 ipsis,
3673 976 3725 1025 ut
3747 972 3801 1028 de

2279 1049 2401 1111 suo,
2433 1033 2756 1111 disponere;
2788 1035 3102 1111 quietiam,
3131 1033 3273 1111 ante
3286 1033 3547 1111 cognitam
3587 1041 3796 1111 Romam,

2284 1104 2633 1177 Babyloniis,
2672 1106 2963 1176 zEgyptiis,
3018 1106 3260 1177 Assyriis
3289 1104 3689 1167 dominationem
3722 1104 3797 1168 de;

2279 1175 2421 1230 derit
2454 1175 2706 1254 glutith
2754 1178 2890 1254 ipsis
2929 1178 3097 1254 etiam
3122 1175 3411 1254 incolume
3462 1180 3577 1254 diu»
3606 1199 3801 1254 regnum

2274 1249 2612 1322 praestiterit,
2646 1248 3057 1303 destruentibus
3102 1251 3272 1322 etiam
3315 1266 3491 1307 omnes
3520 1252 3632 1308 illos
3659 1248 3794 1322 ’άεοεν

2280 1320 2675 1445 quostﬁomani
2701 1328 2994 1392 gentesque
3024 1327 3083 1375 ut
3112 1321 3333 1378 datores
3357 1338 3631 1393 regnorum
3655 1320 3802 1398 suspi-

2280 1407 2414 1445 czun
2442 1432 2454 1444 .

2278 1407 2454 1446 czunt.

2277 1496 2483 1552 Videte
2514 1496 2696 1569 igitur
2714 1513 2786 1552 ne
2803 1496 2900 1553 ille
2918 1514 3097 1570 regna
3126 1498 3423 1571 dispenset
3442 1501 3545 1572 (75)
3566 1501 3717 1572 cujus
3732 1506 3805 1557 est

2206 1587 2263 1639 et
2293 1584 2451 1640 orbis
2482 1586 2577 1656 qui
2608 1589 2904 1658 regnatur,
2939 1591 2996 1641 et
3014 1587 3190 1642 homo
3221 1588 3345 1660 ipse
3382 1589 3477 1660 qui
3501 1594 3717 1661 regnat;
3746 1605 3805 1643 ne

2206 1675 2359 1731 432
2393 1674 2489 1729 ille
2514 1675 2668 1730 vices
2713 1675 3184 1732 dominationum
3216 1677 3358 1748 ipsis
3386 1678 3723 1749 temporibus
3750 1678 3799 1733 in

2206 1762 2418 1819 saeculo
2440 1763 2858 1835 ordinarit,qui
2886 1770 3017 1821 ante
3040 1782 3212 1821 omne
3233 1771 3461 1838 tempus
3480 1768 3518 1801 ¹¹
3543 1766 3642 1821 fuit
3656 1771 3706 1821 et
3722 1783 3803 1821 saa-

2204 1852 2405 1908 culum
2427 1853 2473 1887 ²²
2493 1853 2604 1925 (76)
2630 1869 2841 1925 corpus
2883 1857 3213 1926 temporum
3240 1854 3371 1911 fecit
3398 1873 3409 1923 ;
3435 1872 3502 1911 ne
3521 1855 3613 1910 ille
3634 1854 3805 1909 civita-

2208 1944 2295 1997 tes
2326 1940 2567 1997 extollat
2616 1946 2718 1997 aut
2746 1942 3060 2013 deprimat.
3090 1943 3210 1998 Sub
3242 1960 3357 2015 quo
3389 1944 3494 1998 fuit
3534 1942 3810 2014 aliquando

2207 2030 2336 2085 sine
2365 2030 2703 2084 civitatibus
2734 2046 2919 2101 genus
2950 2030 3257 2086 hominum
3290 2031 3379 2087 '3?
3409 2031 3549 2098 Quid
3591 2029 3810 2087 erratis?

2206 2118 2367 2190 prior
2394 2122 2483 2174 est
2513 2118 2867 2188 quibusdam
2912 2118 3027 2174 diis
3075 2120 3199 2175 suis
3230 2120 3276 2155 ²⁴
3302 2119 3578 2176 silvestris
3620 2118 3812 2186 Roma;

2206 2212 2340 2264 ante
2369 2208 2631 2279 regnavit
2661 2224 2840 2278 quam
2872 2211 3102 2264 tantum
3143 2209 3431 2264 ambitum
3463 2206 3709 2281 Capitolii
3730 2223 3812 2262 ex-

2206 2302 2461 2354 strueret
2489 2297 2557 2353 “.
2588 2300 3001 2369 Regnaverunt
3032 2302 3089 2353 et
3120 2297 3423 2370 Babylonii
3451 2300 3579 2353 ante
3606 2295 3808 2368 pontiﬁ-

2204 2402 2299 2443 ces
2332 2385 2467 2459 (77),
2499 2392 2553 2441 et
2584 2385 2737 2441 Medi
2768 2394 2900 2443 ante
2948 2385 3465 2457 quindecimviros,
3497 2390 3552 2442 et
3593 2382 3813 2457 Egyptii

1861 2530 2065 2592 Variae
2108 2529 2435 2592 lectiones.

511 2648 556 2684 ¹⁹
585 2647 663 2703 De
693 2646 1073 2719 religiositate
1102 2648 1267 2702 Fran.
1300 2646 1544 2719 Degvera
1574 2644 2005 2719 irreligiositate
2033 2634 2196 2719 Jun.‘
2238 2646 2288 2719 _’°
2318 2645 2698 2719 Adulationes
2746 2645 2932 2719 Paris.
3006 2644 3050 2681 ²¹
3080 2645 3230 2719 Ante
3258 2644 3456 2719 omnia
3487 2660 3585 2699 nec
3610 2647 3814 2719 tempus

439 2719 555 2775 cod.
588 2721 647 2774 L.
681 2721 739 2774 Β.
771 2713 935 2790 Ᾱροὺ.
1012 2719 1059 2753 ²²
1090 2719 1198 2782 Qui
1226 2717 1506 2773 saeculum
1536 2718 1655 2774 cod.
1688 2713 1856 2774 thd.
1934 2718 1980 2752 ³³
2013 2718 2207 2773 Genus
2238 2716 2568 2772 humanum
2597 2716 2765 2772 Ithen.
2798 2717 2979 2771 Paris.
3011 2720 3164 2772 Gens
3196 2717 3503 2773 hominum
3524 2716 3639 2790 cod.
3668 2713 3815 2790 Lugd.

439 2792 484 2825 "
517 2787 831 2863 Discipulis
862 2791 987 2847 suis
1016 2790 1189 2863 Πήρη.
1270 2790 1314 2824 εδ
1346 2790 1507 2845 Codd.
1541 2806 1728 2863 omnes
1757 2792 2197 2859 exstrueretur;
2227 2790 2399 2845 Rhen.
2430 2797 2485 2845 et
2513 2790 2631 2860 Rig.
2664 2792 3009 2845 exstrueret.
3030 2790 3217 2846 Nescio
3242 2807 3317 2846 an
3345 2789 3686 2847 scribendum
3710 2787 3812 2841 sit:

443 2868 602 2919 tanto
634 2861 854 2919 ambitu
885 2861 1235 2935 Capitolium
1270 2866 1666 2919 exstrueretur
1693 2862 1852 2933 Leop.

1880 2988 2404 3051 Commentarius.

510 3099 624 3171 (71)
656 3099 908 3155 Nondum
936 3100 1089 3154 enim
1120 3100 1348 3166 ingenia
1380 3097 1687 3171 Grmcorum
1716 3104 1879 3167 atque
1899 3098 2092 3171 Tusco-

439 3168 567 3227 rum
608 3168 883 3243 ﬁngendis
937 3172 1271 3225 simulacris.
1308 3170 1535 3243 Priscus
1586 3174 1879 3243 Romanos
1926 3168 2093 3239 plus-

442 3239 620 3314 quam
651 3239 840 3298 annos
875 3243 973 3295 170
991 3247 1117 3296 sine
1150 3241 1464 3314 simulacro
1482 3242 1620 3294 deos
1638 3239 1891 3314 coluisse
1912 3244 2094 3314 Varro

441 3311 701 3369 tradidit.
730 3315 892 3377 Quod
924 3316 971 3367 si
1005 3314 1218 3383 adhuc,
1253 3313 1470 3382 inquit,
1504 3311 1840 3376 mansisset,
1874 3312 2095 3366 castius

444 3386 524 3440 dii
552 3385 1021 3440 observarentur.
1045 3385 1184 3452 Ejus
1210 3384 1511 3437 sententiae
1540 3399 1658 3438 suae
1681 3387 1891 3437 testem
1924 3383 2096 3437 adhi-

444 3456 545 3511 bet
576 3458 729 3510 inter
757 3461 964 3511 caetera
993 3457 1167 3510 etiam
1200 3462 1434 3525 gentem
1466 3454 1749 3509 Judaeum.
1784 3454 1899 3510 Nec
1931 3454 2097 3509 dubi-

444 3532 553 3597 tat,
586 3527 779 3599 inquit
829 3528 1194 3598 Augustinus
1225 3543 1281 3581 IV
1310 3526 1377 3581 de
1408 3525 1519 3599 Cio.
1569 3527 1684 3599 Dei,
1717 3542 1849 3599 eum
1900 3525 2095 3599 locum

447 3600 531 3680 ita
561 3597 938 3680 concludere,
967 3604 1030 3653 ut
1078 3599 1233 3653 dicat
1277 3615 1375 3680 eos
1402 3597 1507 3680 qui
1544 3597 1731 3680 primi
1781 3597 2098 3680 simulacra

452 3672 695 3726 deorum
729 3671 959 3741 populis
988 3674 1331 3742 posuerunt,
1366 3670 1696 3742 civitatibus
1728 3671 1852 3725 suis
1882 3675 1940 3725 et
1968 3687 2096 3725 me-

450 3748 581 3798 tum
621 3743 970 3814 dempsisse,
997 3741 1077 3814 get
1109 3758 1378 3814 errorem
1426 3741 1749 3814 addidisse,
1780 3742 2099 3814 prudenter

450 3812 794 3870 existimans
825 3815 963 3870 deos
996 3812 1159 3870 facile
1190 3828 1361 3885 posse
1392 3812 1843 3869 simulacrorum
1877 3813 2098 3869 stolidi-

450 3890 567 3941 tate
598 3887 913 3942 contemni.
948 3886 1091 3941 PAM.

521 3958 635 4029 (72)
667 3959 974 4014 Tuscorum.
1000 3960 1037 4012 A
1072 3955 1283 4029 quibus
1314 3954 1373 4008 in
1407 3955 1591 4011 sacris
1622 3955 1808 4011 multa
1824 3954 2096 4029 mutuati

446 4034 589 4084 sunt
618 4027 885 4086 Romani.
922 4030 1128 4084 Noster
1155 4027 1220 4100 de
1258 4028 1519 4099 Spectac.,
1556 4044 1609 4081 c.
1640 4028 1675 4080 5
1709 4044 1720 4081 :
1759 4050 1785 4077 «
1820 4028 2004 4100 Igitur
2035 4028 2094 4082 in

444 4101 713 4157 Hetruria
736 4102 887 4159 inter
907 4107 1143 4157 caeteros
1166 4099 1314 4153 ritus
1338 4100 1829 4171 superstitionum
1854 4099 2094 4155 suarum

443 4173 778 4243 spectacula
836 4190 1067 4246 quoque
1104 4170 1423 4246 religionis
1461 4170 1694 4227 nomine
1754 4171 2090 4226 instituunt.

441 4242 584 4301 Inde
616 4242 871 4301 Romani
900 4242 1209 4301 arcessitos
1241 4242 1494 4297 artiﬁces
1540 4248 1907 4309 mutuantur,
1941 4249 2092 4298 tem-

442 4333 572 4387 pus,
604 4319 1131 4374 enuntiationem.»
1173 4313 1395 4368 Plinius
1428 4314 1602 4369 etiam
1636 4316 1706 4369 de
1736 4314 2092 4381 simulacris,

441 4386 580 4443 Hist.
613 4394 743 4445 Ναι.
778 4391 876 4446 lib.
912 4407 1103 4455 xxxrv,
1134 4389 1169 4440 7
1205 4403 1252 4440 :«
1290 4386 1467 4457 Signa
1501 4402 1734 4458 quoque
1765 4388 2092 4458 Tuscanica

441 4476 545 4530 per
573 4464 756 4534 terras
799 4464 1085 4534 dispersa,
1119 4476 1243 4530 quis
1274 4458 1333 4511 in
1381 4457 1651 4513 Hetruria
1682 4457 1944 4513 factitata
1973 4475 2089 4515 non

440 4534 531 4586 est
559 4532 823 4588 dubium.
861 4532 1055 4588 »Ἡυμ

510 4603 623 4674 (73)
654 4607 728 4660 De
776 4605 1211 4671 irreligiositate.
1264 4599 1348 4674 Ita
1400 4615 1509 4652 ms.
1558 4599 1617 4674 li.
1672 4599 1731 4674 Β..
1780 4599 2086 4674 Βὶεηᾼιά.

2204 3111 2367 3150 mum
2400 3093 2634 3150 initium
2669 3094 2925 3151 mirandi
2957 3093 3292 3151 Graecarum
3326 3094 3541 3151 artium
3570 3106 3744 3159 opera,
3760 3088 3817 3143 li-

2205 3167 2529 3237 centizeque
2558 3166 2697 3221 hinc
2729 3183 2895 3222 sacra
2918 3167 3282 3239 profanaque
3307 3168 3505 3223 omnia
3531 3166 3692 3235 vulgo
3711 3177 3817 3239 spo-

2208 3239 2411 3305 liandi,
2432 3233 2657 3309 factum
2688 3243 2796 3308 est,
2833 3233 2947 3309 qua
2978 3233 3275 3309 postremo
3308 3239 3367 3294 in
3401 3233 3676 3309 Romanos
3703 3233 3817 3309 deos

2208 3304 2494 3380 templum
2526 3304 2793 3383 idipsum:
2817 3304 3255 3383 primum,quod
3295 3328 3328 3366 a
3360 3308 3623 3383 Marcello
3642 3304 3820 3383 eximie

2206 3386 2479 3438 ornatum
2511 3380 2627 3447 est,
2653 3380 2845 3437 vertit.
2878 3380 3232 3437 Visebanlur
3280 3382 3438 3439 enim
3485 3380 3554 3436 ab
3600 3380 3819 3447 externis

2206 3456 2278 3510 ad
2311 3459 2538 3525 portam
2582 3445 2874 3525 capenam
2904 3453 3187 3525 dedicata
3218 3472 3250 3509 a
3284 3452 3553 3510 Marcello
3605 3445 3814 3519 templa,

2206 3524 2444 3598 propter
2472 3524 2816 3598 excellentia
2863 3524 2991 3594 ejus
3032 3526 3260 3593 generis
3312 3526 3821 3598 ornamenta,_quo-

2207 3592 2336 3653 rum
2364 3596 2679 3669 perexigua
2726 3612 2862 3669 pars
2891 3592 3211 3668 comparet.
3248 3620 3277 3647 ››
3310 3598 3399 3654 Ita
3438 3596 3592 3669 enim
3621 3592 3819 3669 videtur

2204 3662 2690 3740 legen'dum,_'non
2726 3662 2953 3724 'videtur
3004 3662 3173 3737 enim,
3205 3672 3319 3725 etc.
3348 3669 3486 3726 Vide
3534 3667 3602 3722 de
3645 3662 3821 3721 eodem

2207 3737 2477 3798 Marcello
2507 3737 2908 3795 Plutarchum.
2944 3740 3079 3795 ΗΑν.

2276 3814 2390 3886 (7ξ)
2420 3813 2612 3886 Regna
2658 3812 2950 3883 dispenset.
2996 3812 3159 3886 Quod
3207 3815 3266 3867 et
3322 3810 3434 3883 ipsi
3478 3806 3824 3886 imperatores

2204 3878 2564 3939 intellexisse
2595 3898 2656 3939 se
2679 3878 3044 3955 agnoverunt
3076 3884 3135 3938 in
3159 3886 3244 3939 tot
3277 3878 3539 3955 nummis
3559 3878 3824 3955 inscriptis

2206 3949 2884 4027 pnovanN'riaDsenuer,
2924 3960 2988 4010 ut
3018 3960 3297 4027 patethex
3323 3953 3467 4027 illis
3515 3949 3821 4027 Pertinacis.

2203 4028 2417 4095 Severi,
2450 4025 2676 4081 Balbini
2728 4026 2996 4098 Pupieni,
3018 4021 3335 4083 -Aureliani
3390 4025 3563 4081 etiam
3596 4026 3648 4098 et
3672 4021 3821 4074 Anto-

2204 4099 2329 4155 nini
2372 4093 2480 4152 Pii.
2514 4102 2589 4152 Ut
2621 4098 2757 4154 inde
2807 4093 2988 4154 etiam
3034 4098 3093 4154 in
3141 4114 3386 4154 nummo
3434 4093 3641 4162 Severi,
3671 4102 3821 4168 quem}

2202 4170 2469 4242 vulgavit
2487 4168 2819 4235 Tristanus,
2852 4169 3083 4242 legatur
3108 4171 3327 4241 Jupiter
3357 4171 3822 4241 imperator,quast

2201 4243 2284 4298 illi
2319 4242 2428 4297 soli
2459 4241 2567 4295 hoc
2600 4257 2811 4296 nomen
2843 4241 3213 4313 competeret.
3249 4242 3393 4297 HAV.

2272 4315 2383 4385 (76)
2434 4313 2537 4380 Qui
2590 4313 2877 4385 secutum.
2942 4298 3027 4368 Ita
3088 4314 3261 4385 malo,
3301 4328 3439 4368 cum
3483 4307 3655 4385 _Ful_d:

2202 4370 2379 4455 quam
2402 4370 2542 4457 cum
2578 4383 2709 4440 aliis
2740 4391 2789 4440 et
2819 4387 3100 4442 saeculum.
3135 4384 3439 4457 Zephyrus
3479 4370 3819 4457 intelligitde

2199 4452 2367 4512 (etate
2398 4455 2497 4528 illa
2526 4456 2768 4522 incerta,
2803 4457 2859 4511 in
2895 4474 3013 4528 qua
3051 4474 3153 4513 nec
3197 4452 3374 4528 prius
3408 4471 3513 4511 nec
3561 4452 3822 4528 posterius

2199 4527 2671 4598 dignoscebatur,
2725 4514 2781 4583 in
2833 4514 3097 4584 ordinem
3156 4514 3428 4596 vicesque
3489 4514 3727 4598 redacta.
3757 4514 3823 4571 ΒΘ

2200 4595 2415 4655 mundo
2448 4595 2895 4656 tamen'mavult
2924 4600 3210 4656 Heraldus
3237 4618 3250 4668 ;
3287 4595 3386 4656 ille
3416 4596 3570 4654 enim
3601 4595 3685 4651 est
3711 4602 3823 4643 cor-

439 4657 670 4733 He‘ral'd.
703 4657 1122 4731 LahCerdaita
1170 4670 1409 4744 omnino
1456 4657 1994 4744 scribendum.uAlii
2025 4657 2165 4727 deD
2198 4688 2307 4742 pus
2359 4677 2690 4744 temporum
2743 4689 2775 4725 a
2825 4674 2996 4744 cujus
3045 4657 3337 4744 creatione
3391 4685 3596 4744 aevum,
3642 4673 3824 4744 annos,

437 4746 815 4814 religiositate.
868 4749 1002 4803 Cod.
1048 4744 1201 4799 Pith.
1236 4741 1410 4814 etiam
1460 4741 1526 4814 de
1576 4757 1707 4795 vera
1760 4744 2086 4813 irreligiosi-

439 4812 683 4891 ta‘te_,pro
716 4837 839 4891 quo,
864 4821 1010 4891 forte
1045 4815 1262 4891 melius
1286 4812 1619 4891 substituas
1662 4830 1851 4891 revera
1880 4812 1945 4871 de
1961 4817 2081 4891 irr.

432 4884 799 4946 Mithridates
830 4890 887 4944 in
919 4886 1165 4960 epistola
1196 4885 1264 4960 ad
1289 4886 1538 4960 Arsacen
1563 4884 1663 4939 lib.
1696 4902 1751 4960 1v
1782 4888 1919 4960 Hist.
1956 4886 2083 4960 sal:

434 4960 597 5026 lusti,
634 4962 928 5017 Romanos
955 4957 1150 5029 negat.
1171 4980 1197 5006 «
1233 4957 1561 5026 Quidquam
1593 4974 1626 5012 a
1658 4958 1943 5029 principio
1967 4958 2083 5014 nisi

434 5037 671 5102 raptum
723 5033 958 5100 habere,
993 5033 1255 5102 domum,
1309 5029 1613 5102 conjuges,
1664 5045 1854 5099 agros,
1892 5030 2080 5098 impe-

434 5098 658 5174 rium...
692 5128 705 5171 ;
740 5098 956 5174 quibus
1007 5120 1119 5157 non
1155 5098 1429 5174 humana
1463 5098 1609 5174 ulla,
1650 5098 1837 5171 neque
1884 5102 2081 5174 divina

430 5171 839 5245 obstant,quin
870 5173 1329 5245 socios,amicos,
1362 5171 1560 5245 procul
1586 5171 1878 5243 juxtaque
1908 5173 2075 5245 sitos,

432 5242 639 5314 inopes
692 5242 1074 5316 potentesque
1107 5245 1342 5300 trahant
1390 5242 1814 5316 excidantque’;
1848 5242 2076 5301 omnia;

426 5331 544 5441 plus
575 5313 907 5388 non—serva,
938 5313 995 5375 et
1026 5318 1275 5372 maxime
1305 5330 1505 5383 regna,
1536 5313 1772 5371 hostilia
1802 5317 2073 5373 ducant.»

478 5403 569 5441 AV.

478 5403 569 5441 Αν.

497 5459 610 5529 (74)
645 5464 887 5533 Deorum
940 5463 1170 5533 injuria.
1226 5457 1415 5512 Livius
1464 5456 1854 5533 dentiarcello
1904 5460 2071 5532 Syra-

426 5526 600 5586 enea!
630 5526 1069 5589 debellatore'et
1119 5533 1501 5593 destructore,
1551 5526 1652 5583 lib.
1703 5546 1832 5599 xxv,
1866 5546 1916 5585 c.
1944 5526 2022 5586 ’40
2057 5550 2069 5589 :

424 5624 453 5676 ‹ς
487 5603 845 5661 Ornamenta
869 5599 1849 5676 urbis,signatabulasqu_e,quibus
1881 5604 2069 5676 abun-

424 5675 567 5747 dant
614 5677 937 5747 Syracusae,
974 5672 1213 5732 Romam
1248 5673 1495 5730 devexit.
1529 5672 1792 5747 Hostium
1831 5675 2069 5747 quidem

423 5745 523 5806 illa
551 5745 762 5825 spolia,
794 5755 851 5811 et
877 5745 1045 5825 parta
1075 5748 1211 5809 belli
1235 5748 1369 5822 jure
1404 5763 1417 5805 :
1449 5747 1720 5803 caeterum
1770 5745 1905 5805 inde
1954 5748 2072 5821 pri-

2199 4737 2453 4811 menses,
2478 4737 2611 4815 dies
2660 4737 3078 4811 numeramus;
3112 4743 3265 4799 ultra
3311 4759 3490 4815 quem
3520 4740 3670 4815 vices
3696 4737 3821 4815 tem:

2198 4831 2406 4890 porum
2440 4800 2820 4890 [distinguere
2872 4833 2986 4890 non
3039 4800 3382 4887 possumus,
3436 4812 3539 4869 sed
3586 4809 3709 4890 ipsa
3751 4800 3826 4890 eet

2192 4887 2507 4959 aeternitas,
2543 4886 2667 4956 ipse
2714 4892 2862 4942 Deus
2885 4887 2990 4943 sibi
3013 4886 3081 4959 et
3109 4892 3345 4959 tempus
3371 4890 3431 4959 et
3461 4886 3655 4940 omnia
3684 4886 3825 4931 inve-

2194 4958 2373 5013 nitur.
2406 4955 2602 5012 Potest
2632 4960 2808 5013 etiam
2854 4957 3202 5030 simpliciter
3234 4955 3535 5030 'sazculu_m
3567 4967 3665 5023 pro
3716 4959 3823 5030 ροτξ

2192 5046 2330 5100 pore
2361 5034 2597 5085 centum
2631 5046 2919 5085 annorum
2948 5017 3097 5102 capi.
3127 5062 3199 5072 —
3228 5030 3365 5086 Hsv.
3400 5052 3428 5079 «
3462 5028 3533 5083 Et
3562 5017 3821 5102 saeculum

2190 5088 2407 5174 corpus
2452 5107 2784 5172 temporum
2832 5103 2986 5157 fecit.
3020 5088 3052 5153 3»
3102 5103 3324 5174 Corpus
3376 5105 3704 5174 temporum
3751 5088 3825 5174 est

2188 5172 2449 5229 collectio
2479 5188 2595 5246 seu
2631 5173 3077 5243 comprehensio
3105 5172 3504 5246 complurium
3528 5172 3821 5246 anno“???

2189 5250 2290 5318 aut
2322 5243 2688 5318 saeculorum.
2723 5234 2817 5300 Sic
2846 5263 3059 5318 corpus
3085 5234 3344 5311 Homeri,
3379 5240 3583 5318 omnia
3630 5234 3826 5318 script}:-

2187 5316 2441 5372 Homeri.
2492 5316 2539 5385 (Ι
2574 5316 2770 5371 Libror
2841 5317 2905 5372 de
2949 5301 3081 5387 ‘Leg.
3126 5301 3648 5388 m).iAugustinus
3696 5301 3826 5388 dixit

2186 5370 2449 5444 ordinem
2485 5370 2902 5445 saeculorum-ii
2932 5370 3053 5446 D—eg
3072 5370 3685 5455 con—ditumUtanquam
3715 5370 3826 5453 Ρηὶῖ

2185 5459 2542 5515 cherrimum
2594 5475 2853 5530 carmen,
2888 5477 2957 5517 ex
3014 5462 3369 5530 quibusdam
3432 5456 3822 5530 etiam_qqg81

2183 5532 2486 5670 gglt;t.h[e:(i:s
2541 5517 2938 5589 honestatum.
2987 5517 3144 5607 (Cap.
3200 5534 3287 5602 48,
3320 5531 3427 5587 lib.
3473 5544 3554 5594 x1,
3610 5517 3821 5578 de'Civ.

2228 5606 2319 5659 ei).
2360 5608 2487 5657 Lac.

2252 5658 2363 5746 (77)
2428 5672 2735 5749 Babiyt'onii
2805 5684 2951 5749 ante,
3005 5678 3313 5749 pontiﬁces.
3375 5670 3588 5749 _Dioti,.
3646 5658 3823 5749 ἱηίίιξξξ

2179 5732 2385 5819 varro,
2417 5747 2481 5805 de
2526 5732 2684 5821 King.
2718 5748 2844 5806 Lat.
2894 5732 3228 5822 lib.‘IV,r'ut
3258 5750 3321 5817 Q.
3369 5732 3632 5804 Scaevola
3676 5732 3821 5809 ponti
