4054 6174
204 493 523 551 acerbitates
558 492 880 549 horrendas
921 491 1383 550 comminantem
1432 493 1680 549 Romani
1710 492 1824 548 im-
1853 496 1908 563 Α
2008 494 2210 562 sciant,
2241 492 2477 564 adeoque
2505 508 2634 548 vere
2661 509 2823 549 suum
2856 492 3081 550 ducant.
3134 496 3303 562 Quem
3328 494 3382 549 si
3412 498 3587 550 Deum

200 581 332 652 perii
360 587 687 637 commeatu
742 584 857 655 (12)
915 584 1138 640 scimus
1196 584 1503 640 retardari.
1561 586 1647 638 Ita
1704 599 1829 653 quae

201 672 455 727 nolumus
487 672 757 743 experiri,
791 689 860 728 ea
890 674 1029 728 dum
1062 691 1374 745 precamur
1414 673 1633 729 differri
1666 689 1680 727 :
1716 673 1827 728 ΗΟ·

199 775 365 814 mansa
396 758 771 815 diuturnitati
804 760 1085 817 favemus.
1131 763 1241 819 Sed
1287 767 1344 818 et
1386 763 1660 833 juramus
1691 762 1824 832 (13),

198 848 333 903 sicut
365 862 474 902 non
508 863 613 918 per
641 849 843 921 genios
874 848 1285 918 Caesarum,ita
1316 865 1417 920 per
1447 848 1695 904 salutem
1720 850 1828 918 (14)

196 952 404 1004 eorum,
439 952 568 1007 qua:
600 940 691 992 est
716 938 1024 1011 augustior
1054 938 1331 995 omnibus
1362 937 1831 1011 geniis.Nescitis

192 1023 376 1095 genios
426 1023 729 1082 daemonas
781 1027 917 1098 dici,
978 1031 1035 1083 et
1096 1028 1232 1083 inde
1287 1026 1640 1083 diminutiva
1696 1042 1834 1081 voce

189 1112 468 1168 daemonia
498 1112 527 1167 ?
557 1114 675 1169 Nos
697 1115 992 1186 judicium
1026 1116 1126 1172 Dei
1154 1116 1514 1188 suspicimus
1554 1116 1613 1171 in
1644 1116 1831 1187 impe-

190 1202 500 1269 ratoribus,
529 1202 633 1275 qui
681 1203 953 1275 gentibus
1014 1205 1147 1261 illos
1201 1206 1479 1278 praefecit.
1531 1205 1593 1260 Id
1644 1204 1701 1258 in
1746 1204 1831 1260 eis

187 1289 398 1346 scimus
429 1305 586 1363 esse,
619 1293 775 1365 quod
811 1293 961 1349 Deus
990 1293 1194 1365 voluit,
1227 1293 1475 1365 ideoque
1506 1298 1563 1349 et
1600 1292 1829 1349 salvum

187 1377 448 1436 volumus
481 1397 613 1437 esse
640 1381 707 1448 ⁸9,
740 1383 895 1453 quod
946 1388 1099 1439 Deus
1146 1382 1331 1438 voluit
1380 1383 1446 1453 ⁸ο,
1479 1388 1537 1439 et
1566 1400 1669 1455 pro
1702 1399 1828 1439 ma-

182 1484 284 1539 gno
316 1468 373 1524 id
422 1472 767 1539 juramento
818 1471 1128 1528 habemus.
1181 1473 1460 1529 Casterum
1509 1473 1826 1540 demonas,

183 1557 319 1613 448
351 1558 408 1613 id
440 1563 534 1615 est
562 1559 785 1632 genios,
816 1560 1088 1632 adjurare
1121 1561 1554 1630 consuevimus,
1604 1568 1670 1617 ut
1698 1561 1832 1618 illos

186 1647 250 1703 de
277 1646 621 1705 hominibus
651 1650 976 1722 exigamus,
1010 1667 1125 1707 non
1159 1651 1440 1723 dejerare,
1476 1656 1539 1709 ut
1568 1650 1684 1708 illis
1732 1651 1834 1708 ho-

185 1753 372 1795 norem
404 1738 740 1796 divinitatis
772 1740 1167 1797 conferamus.

773 1882 956 1938 CAUT
1002 1882 1244 1940 XXXIII.

188 2007 606 2062 Aaccusmuu.
637 2036 708 2046 —
738 2006 851 2061 Imo
892 2023 1199 2063 necessario
1257 2008 1389 2064 ittos
1436 2010 1833 2078 imperatorem

1288 359 1879 422 APOLOGETICUS
1927 361 2108 421 ADV.
2157 360 2484 421 GENTES.

3464 366 3585 426 510

2008 581 2119 620 non
2152 570 2362 631 vocent,
2394 566 2527 635 quia
2555 567 2784 621 mentiri
2813 567 3046 621 illumve
3088 565 3339 621 deridere
3366 568 3580 631 nolunt,

1999 636 2056 690 id
2102 639 2315 707 faciant
2372 640 2515 706 quia
2573 640 2693 701 ipse
2748 642 2860 693 Deo
2933 640 3222 709 subjectus,
3308 639 3407 693 sub
3480 639 3582 693 illo

2008 711 2264 778 imperat,
2296 710 2452 778 cuius
2483 710 2649 762 etiam
2699 712 2919 765 intersit
2968 712 3073 764 Deo
3123 712 3331 776 cedere,
3383 712 3584 780 quique

2010 783 2066 833 ut
2099 779 2154 833 id
2182 780 2353 849 faciat
2404 782 2461 835 in
2516 782 2784 850 triumphi
2829 781 3103 836 invidioso
3142 782 3347 836 honore
3384 779 3581 836 admo-

2008 857 2227 916 neatur,
2249 855 2405 907 tanta
2436 868 2758 907 corruscuns
2785 854 2964 923 gloria
2994 856 3052 906 ut
3084 855 3341 919 revocari,
3375 869 3442 909 ne
3469 854 3583 923 fat-

2007 939 2063 978 so
2093 939 2149 978 se
2179 925 2350 979 Deum
2374 926 2680 995 existimet,
2710 940 2925 980 necesse
2952 925 3169 979 habeas.

2010 1012 2120 1067 Sed
2155 1012 2295 1084 quid
2329 1028 2435 1084 ego
2466 1012 2724 1085 amplius
2757 1014 2825 1069 de
2858 1013 3134 1085 religione
3166 1016 3342 1085 atque
3374 1013 3588 1085 pietate

1939 1100 2269 1157 Christiana
2297 1101 2358 1157 in
2390 1102 2802 1173 imperatorem
2832 1102 2859 1156 ‘t
2893 1119 3065 1173 quem
3098 1118 3335 1157 necesse
3365 1106 3455 1157 est
3484 1118 3588 1157 su-

1940 1190 2262 1261 spiciamus
2295 1197 2715 1262 uteum,quem
2741 1192 3023 1246 Dominus
3044 1196 3243 1247 noster
3269 1191 3585 1261 elegerit".

1942 1279 2007 1333 Et
2038 1279 2246 1335 merito
2278 1280 2545 1345 dixerim,
2603 1287 2803 1335 noster
2831 1284 2923 1335 est
2973 1280 3159 1351 magis
3207 1280 3417 1346 Casar,
3453 1284 3519 1335 ut
3552 1296 3586 1335 a

1941 1372 2141 1424 nostro
2174 1374 2287 1425 Deo
2317 1368 2697 1425 constitutus.
2734 1370 2933 1439 Itaque
2964 1374 3022 1425 et
3053 1370 3111 1425 in
3144 1386 3209 1426 eo
3240 1370 3285 1404 ⁸³
3318 1369 3449 1441 plus
3478 1385 3584 1441 ego

1939 1456 2023 1511 illi
2050 1474 2258 1529 operor
2288 1458 2348 1512 in
2380 1457 2653 1527 salutem,
2688 1475 2803 1513 non
2837 1457 3029 1514 solum
3061 1460 3217 1530 quod
3264 1474 3392 1513 eam
3425 1458 3497 1513 ab
3519 1474 3585 1514 eo

1938 1546 2192 1617 postulo,
2223 1546 2324 1619 qui
2354 1548 2399 1581 ⁸⁸
2429 1551 2621 1619 potest
2651 1552 2948 1619 praestare,
2980 1552 3081 1603 aut
3128 1548 3280 1619 quod
3318 1546 3451 1603 talis
3483 1564 3586 1619 po-

1941 1634 2115 1702 stulo,
2149 1635 2245 1705 qui
2279 1652 2502 1691 merear
2532 1638 2866 1707 impetrare,
2900 1638 3001 1692 sed
3036 1636 3213 1691 etiam
3251 1636 3405 1708 quod
3437 1640 3585 1692 tem-

1941 1740 2152 1795 perans
2176 1726 2541 1795 majestatem
2559 1725 2801 1781 Cmsaris
2828 1725 2971 1780 intra
3000 1726 3184 1781 Deum
3202 1725 3388 1798 magis
3417 1726 3583 1781 illum

1945 1813 2292 1868 commendo
2326 1814 2459 1879 Deo,
2492 1814 2586 1869 cui
2616 1814 2757 1869 solis
2789 1814 3056 1884 subjicio.
3085 1814 3343 1885 Subjicio
3366 1819 3583 1882 autem,

1860 1872 2032 1957 Bcui
2067 1918 2183 1957 non
2236 1902 2502 1974 adaequo.
2558 1902 2683 1957 Non
2736 1903 2892 1958 enim
2949 1903 3124 1957 deum
3170 1902 3585 1974 imperatorem

1941 1991 2152 2059 dicam,
2184 1991 2273 2046 vel
2306 1992 2445 2063 quia
2475 1993 2627 2047 449
2662 1992 2896 2047 mentiri
2928 1992 3125 2048 nescio
3154 1992 3288 2064 (15),
3323 1992 3409 2047 vel
3452 1992 3591 2064 quia

252 2081 548 2150 suspicere,
611 2082 794 2151 utpote
847 2096 1007 2151 quem
1062 2097 1096 2136 a
1151 2082 1260 2136 Deo
1323 2096 1422 2138 suo
1479 2082 1589 2137 sibi
1637 2081 1834 2137 datum
1942 2080 2112 2136 illum
2140 2080 2405 2137 deridere
2436 2097 2551 2137 non
2581 2082 2767 2138 audeo
2795 2082 2930 2154 (16),
2985 2080 3071 2137 vel
3120 2081 3260 2153 quia
3308 2098 3413 2137 nec
3459 2083 3589 2154 ipse

1662 2180 1809 2241 aria;
1840 2177 2160 2241 lectiones.

1662 2182 1809 2241 aria;
1841 2182 2160 2241 lectiones.

249 2272 290 2351 7’
310 2274 478 2351 _Esse,
514 2274 664 2351 abest
693 2276 813 2331 cod.
844 2276 1009 2351 fulti.
1056 2350 1059 2351 ν
1086 2276 1131 2351 έο
1166 2278 1253 2333 νυ.
1286 2276 1534 2351 ideoque
1557 2182 1855 2346 —vvoluit,
1888 2276 2103 2351 Pamel,
2134 2295 2165 2333 ε
2195 2276 2350 2333 codd.
2383 2286 2435 2333 et
2462 2276 2667 2349 Rigalt.
2700 2277 2951 2351 exiFutd-
2975 2279 3179 2351 recepit
3211 2294 3224 2345 ;
3260 2278 3586 2351 ingratiquis

193 2342 346 2399 libris
375 2354 427 2401 et
453 2348 682 2416 scriptis
711 2352 764 2403 et
792 2347 910 2403 edd.
946 2348 1351 2407 desiderantur.

1452 2351 1494 2385 ⁸¹
1528 2349 1731 2421 Elegit,
1764 2350 1989 2405 Semter.
2066 2350 2111 2385 ⁸²
2146 2355 2417 2406 Wouwer.
2450 2366 2480 2404 e
2530 2366 2633 2403 ms.
2693 2354 2752 2405 et
2781 2350 2840 2403 in
2892 2367 2997 2416 eo;
3030 2350 3222 2421 Ehem,
3271 2349 3391 2404 Ald.
3438 2353 3583 2405 Gan-

188 2432 365 2483 gneeus
393 2432 411 2474 :
447 2424 517 2472 ut
541 2417 602 2473 in
633 2434 701 2475 eo
726 2444 741 2488 ;
771 2422 992 2476 cateri:
1026 2425 1092 2477 ut
1121 2438 1269 2478 meo.
1347 2422 1393 2457 ⁸³
1424 2417 1726 2495 Siquidem
1753 2438 1869 2477 non
1896 2422 2083 2477 tolum
2114 2423 2185 2478 ab
2216 2439 2281 2479 eo
2312 2421 2545 2495 postulo
2566 2437 2693 2477 eam
2721 2421 2841 2493 qui,
2871 2422 3039 2477 Fran.

1616 2520 2141 2582 Commentarius.

182 2626 293 2687 esse
322 2618 383 2687 ut
414 2630 611 2669 annos
641 2613 886 2687 mille,et
912 2614 1076 2671 mille
1108 2622 1393 2687 annos,ut
1422 2618 1581 2673 diem
1614 2634 1823 2672 unum.

183 2681 421 2757 Venerit
457 2687 635 2740 homo
690 2681 1260 2757 ille'nequissimus,
1307 2681 1450 2745 'sive
1515 2690 1825 2745 hominum

182 2756 675 2831 nequissimorum
709 2756 1078 2831 numerus,et
1099 2760 1226 2829 jam
1256 2762 1392 2815 anni
1427 2777 1605 2831 supra
1637 2760 1825 2815 mille-

184 2827 392 2909 simum
418 2834 694 2909 surgant.
727 2830 873 2894 Quid
906 2830 1045 2909 anni
1076 2827 1261 2909 mille,
1293 2827 1559 2909 millibus
1604 2833 1824 2909 centies

182 2900 430 2954 centenis
504 2901 565 2955 in
596 2900 952 2957 immensam
984 2903 1366 2958 aeternitatem
1408 2904 1825 2961 continuandis

186 2970 561 3047 comparati?
590 2972 650 3047 Si
681 2972 821 3047 quid
854 2973 1047 3047 hacin
1081 2991 1142 3047 re
1173 2976 1455 3047 temporis
1500 2976 1676 3031 etiam
1709 2975 1823 3031 hu-

189 3057 344 3096 mana
371 3042 731 3117 cagitatione
772 3045 1102 3102 brevissimi
1155 3042 1544 3117 promiserant
1592 3046 1705 3103 sibi
1736 3064 1824 3104 ve-

187 3117 343 3201 teres,
379 3115 539 3196 bene
562 3131 627 3169 ac
654 3115 1197 3201 sapi‘enterlt'uerint
1247 3120 1502 3201 decepti._
1557 3120 1621 3201 Et
1646 3191 1656 3201 .
1678 3120 1824 3176 bene

191 3184 454 3263 fallimur,
488 3184 900 3263 sisecundum
932 3188 1073 3263 illos
1096 3206 1330 3263 quoque
1360 3184 1443 3246 sic
1471 3191 1819 3261 decipimur,

190 3261 245 3309 ut
271 3257 563 3335 simus-ad
596 3258 751 3313 diem
793 3260 959 3335 illum
992 3257 1149 3316 velut
1178 3257 1411 3335 semper
1455 3257 1815 3319 instantissié
1848 3263 1891 3331 C

190 3342 334 3383 mum
364 3328 599 3406 vigiles,
633 3332 995 3406 quemsolus
1017 3337 1199 3406 APater
1227 3328 1404 3398 novit,
1451 3340 1516 3389 ut
1562 3335 1820 3406 pendula

190 3401 607 3478 exspectatione
637 3402 974 3478 sollicitudo
1004 3404 1138 3460 ﬁdei
1171 3406 1466 3478 probetur.
1501 3401 1628 3461 Βία.

224 3470 350 3549 ,(12)
387 3474 665 3549 Romanni
694 3476 831 3549 imp.
857 3470 1189 3531 commeatu:
1207 3479 1280 3532 De
1310 3479 1539 3549 imperii
1571 3477 1819 3533 Romani

187 3538 560 3621 diuturnitate
591 3538 856 3621 loquitur
883 3552 1163 3621 tanquam
1199 3538 1485 3621 deispa'tio
1533 3550 1818 3621 temporis

189 3626 286 3678 quo
313 3615 605 3688 triumphi
639 3615 854 3688 pompa
886 3615 1235 3676 traducitur.
1269 3615 1364 3676 Sic
1388 3621 1489 3676 lib.
1522 3622 1588 3676 de
1616 3615 1815 3679 Plenit.

191 3698 237 3753 p.
283 3687 399 3764 ifi3,
444 3686 833 3764 delinquendi
899 3696 1325 3764 commeatum,
1364 3692 1530 3764 dixit,
1582 3698 1819 3764 tempus

190 3759 322 3836 quod
347 3759 645 3836 peccando
677 3761 901 3836 ducunt
929 3763 1331 3836 catechumeni
1361 3759 1525 3819 inter
1553 3759 1814 3836 agnitum

190 3826 304 3908 fidei
325 3826 639 3908 veritatem
683 3832 1239 3908 etobsignationem
1292 3826 1814 3908 baptismiiquasi

190 3897 513 3957 delictorum
546 3902 764 3969 agmini
793 3897 1242 3961 transvehendo.
1275 3897 1404 3961 Rxd.

246 3972 345 4041 (13)
391 3973 498 4047 sed
550 3975 910 4047 etjuramus.
964 3977 1239 4041 Quamvis
1287 3977 1399 4033 sibi
1449 3976 1609 4032 omni
1647 3978 1814 4047 jura-

192 4050 361 4099 mento
415 4044 801 4120 interdictum
853 4063 981 4103 esse
1047 4053 1428 4120 agnoscerent
1475 4044 1813 4116 Christiani,

189 4127 286 4193 pra:
314 4119 541 4193 caeteris
568 4122 779 4193 tamen
798 4119 1182 4190 cavebant,ne
1211 4138 1314 4192 per
1336 4120 1535 4193 genios
1565 4126 1668 4175 aut
1699 4123 1812 4177 for-

192 4189 375 4261 tunam
419 4189 715 4261 principis
756 4190 1047 4261 jurarent,
1090 4189 1256 4248 unde
1309 4189 1364 4247 in
1435 4191 1813 4249 celeberrimo

192 4253 242 4308 Β.
289 4253 591 4331 Polycarpi
622 4253 941 4334 -maftyrio,
990 4253 1162 4334 apud,
1192 4264 1531 4327 Eusebium.
1581 4262 1682 4319 lib.
1734 4280 1814 4334 1v,

186 4335 475 4406 proconsul
532 4332 765 4406 cumAei
803 4332 1082 4402 dixisset,
1133 4332 1338 4406 ὄμοσον
1403 4336 1502 4403 τήν
1545 4332 1813 4405 Καίσαροξ

183 4395 337 4489 iam
371 4402 731 4489 hrcﬁspondit
762 4395 1245 4489 constantissime
1286 4395 1505 4489 beatus.
1549 4395 1809 4489 Martjr'i

183 4466 598 4552 Eiwuevpdoge‘tc,
650 4474 832 4552 φησὶν,
873 4474 1196 4552 ’ἶνα-ὀμόσω
1221 4478 1349 4552 λτήν
1403 4476 1672 4552 Κᾳλίσαρος
1699 4466 1812 4552 isd-

182 4557 298 4627 χῃνρ
341 4545 419 4627 ὡς.
445 4545 1165 4627 ,λέγειςὐπροσπρ-ιούμίνος
1210 4545 1418 4627 ἀγνὸιῖγ
1464 4545 1611 4611 ὅστίς
1670 4548 1806 4623 εἶμι,

187 4571 298 4612 [ἰιινν
341 4571 410 4605 ως
463 4571 649 4618 Λεγῑις
691 4571 1165 4621 προσποιουμινος
1210 4571 1242 4603 α
1310 4571 1418 4603 οιιν
1464 4571 1592 4603 οστι‹

185 4613 304 4695 ptis-ft
318 4616 633 4695 παῤῥησίᾳς
664 4614 842 4672 ἄκουε·
876 4621 1196 4695 Χριστςανός
1222 4571 1358 4693 emt.
1392 4624 1461 4695 Ls
1496 4627 1592 4676 PR.

232 4684 331 4765 (14)
364 4684 737 4765 Ιξὸνέιιιιιιεγη
767 4684 976 4748 eorum.
1013 4684 1285 4765 Elegans'
1308 4698 1397 4749 est
1439 4693 1602 4748 locus
1653 4693 1808 4765 apud

182 4746 399 4834 Epict'eti
433 4767 837 4834 enarratorem
872 4746 1205 4829 Africani},
1238 4746 1413 4834 libTi,
1440 4746 1595 4819 ﬁci.th
1624 4746 1809 4820 ε’ίΪίόῦῘ

182 4837 252 4911 ηιξ
270 4833 343 4901 τῷ
367 4836 482 4911 Θεᾷ)
515 4828 632 4911 {det
651 4832 740 4886 καὶ
774 4834 921 4911 ὑμᾶς
944 4834 1164 4911 dim-dem
1194 4834 1364 4911 ὅρκον.
1387 4828 1510 4911 ὁῖ<)νΔ
1532 4835 1583 4890 οἶ
1643 4854 1803 4911 στρα-

180 4901 780 4979 τξῶταιιτῷιιξίαίσαρι.
811 4901 995 4979 ’-Ἀλλ’
1043 4901 1237 4979 δκεῖνοῃὶ
1314 4907 1409 4978 μὶν
1453 4906 1553 4973 τὴν
1613 4901 1805 4977 μισθο-

184 4966 284 5054 ρξαν
351 4966 739 5054 ἔαξιξάνοντές
817 4975 1078 5054 ὀμγύουσᾼι
1151 4966 1364 5054 πάντξὸν
1438 4966 1800 5054 πρότῷήσειν

180 5047 262 5106 τήν
288 5047 380 5124 1913
411 5047 1003 5124 Καίσαρος-σωτηρίαν,
1056 5052 1093 5107 l.
1125 5068 1175 5108 θ.
1210 5072 1239 5101 ‹‹
1287 5047 1512 5124 Etenim
1546 5047 1652 5124 par
1680 5055 1805 5107 erat

178 5124 263 5193 vos
290 5119 458 5193 etiam
492 5119 953 5193 Dedpbstrictos
981 5119 1109 5178 esse
1150 5119 1564 5193 jurejurando,
1594 5138 1798 5192 quem-

180 5184 471 5245 admodum
532 5191 753 5248 milites
797 5199 938 5250 sunt
985 5184 1217 5251 Caesari.
1266 5184 1337 5249 Ᾰῐ
1380 5211 1514 5250 vero
1546 5184 1646 5248 'ill'i
1696 5195 1800 5249 sit-

177 5260 429 5336 pendium
464 5264 767 5336 capientes
791 5266 1020 5336 jurant,
1053 5265 1296 5323 Cmsaris
1329 5266 1578 5322 salutem
1611 5265 1801 5320 omni-

173 5323 463 5408 busrebus
497 5323 814 5392 anteferre?
862 5359 890 5386 »
939 5323 1272 5393 Fo'rmulam
1328 5338 1514 5408 ipsrm
1565 5336 1801 5393 exhibet

171 5395 476 5480 Sueton.iu
537 5408 715 5480 Calig.
768 5424 816 5462 c.
873 5410 937 5462 15
970 5426 982 5462 :
1012 5411 1085 5464 De
1128 5395 1403 5465 sororibus
1452 5414 1649 5465 auctor
1690 5410 1800 5480 fuit

172 5478 222 5522 ut
261 5478 510 5532 omnibus
561 5478 938 5536 sacramentis
982 5482 1321 5549 adiiceretur
1370 5498 1383 5536 :
1433 5498 1639 5544 NEQVE.
1690 5478 1795 5538 Ms.

172 5556 512 5612 UBEROSQVE.
548 5568 714 5607 MEOS.
748 5568 1078 5608 CHARIORES.
1110 5569 1353 5608 HABEBO.
1391 5569 1565 5615 QVAM.
1598 5569 1795 5611 CAIVM.

171 5628 243 5682 ιτ,
278 5633 555 5678 soaonss.
593 5640 739 5679 sive.
772 5621 935 5680 Unde
982 5627 1141 5695 patet
1189 5624 1443 5680 militare
1492 5624 1675 5682 fuisse
1704 5642 1796 5681 sa-

174 5695 519 5808 CHIEnentum
563 5696 822 5767 adeoque
881 5696 1061 5753 etiam
1131 5695 1480 5754 Christianis
1545 5696 1795 5754 licitum.

216 5772 297 5813 AV.

233 5829 337 5904 (45)
377 5832 605 5893 Mentiri
659 5837 862 5899 nescio.
909 5840 1084 5899 Prcut
1133 5837 1492 5902 christianus
1532 5838 1650 5905 sibi
1696 5840 1797 5902 Te-

1934 2618 2268 2673 rentianum
2300 2617 2444 2673 illud
2488 2633 2776 2689 usurpare
2808 2622 3015 2689 potest
3043 2634 3055 2673 :
3123 2640 3177 2689 «Α
3200 2616 3432 2672 Mentiri
3464 2633 3581 2673 non

1935 2700 2026 2744 est
2057 2706 2275 2761 meum,
2310 2712 2338 2739 »
2371 2695 2428 2745 et
2452 2687 2770 2761 Septimius
2802 2687 3059 2744 indicare
3087 2687 3233 2755 vult,
3264 2690 3337 2744 ad
3377 2706 3579 2744 assen-

1934 2761 2213 2833 tationem
2248 2778 2309 2817 se
2335 2779 2451 2817 non
2484 2778 2613 2817 esse
2643 2766 3067 2833 natum,neque
3098 2777 3268 2833 posse
3300 2782 3327 2810 ς(
3362 2761 3580 2833 ridicu-

1932 2831 2027 2916 lus
2059 2850 2207 2903 esse,
2243 2850 2430 2904 neque
2448 2834 2659 2957 plagas
2694 2834 2936 2914 perpeti,
2972 2831 2999 2883 ἶ»
3034 2831 3272 2904 ιιὶέιρυὰ
3303 2832 3577 2887 eumdem

1933 2903 2031 2957 ille
2062 2905 2326 2957 Eunuch.
2355 2922 2418 2957 11.
2490 2945 2503 2957 .
2535 2905 2837 2957 Juvenalis
2868 2905 2989 2957 Sat.
3022 2921 3105 2957 111.
3139 2920 3311 2957 versu
3344 2904 3405 2957 41
3442 2920 3456 2957 :

1933 2903 2031 2960 ille
2062 2903 2418 2973 Eunuchfn,
2448 2903 2503 2969 2,
2535 2903 2837 2960 Juvenalis
2868 2905 2989 2959 Sat.
3022 2921 3105 2970 111,
3139 2903 3311 2959 versu
3344 2904 3405 2958 41
3442 2920 3456 2959 :

2024 3016 2159 3081 Quid
2190 3017 2370 3081 Romae
2400 3017 2628 3067 faciam?
2659 3018 2874 3068 mentiri
2908 3019 3107 3081 nescio,
3137 3017 3331 3069 librum

2025 3080 2076 3129 Si
2106 3079 2275 3129 malus
2303 3086 2400 3142 est,
2432 3094 2644 3145 nequeo
2673 3081 2914 3131 laudare.

1930 3186 2308 3259 Splendidum
2339 3193 2496 3243 certe
2526 3188 2714 3243 Ovidii
2747 3188 3116 3244 mendacium
3152 3205 3164 3252 ;
3200 3187 3343 3243 nihil
3374 3191 3571 3243 tamen

1928 3260 2165 3386 gilimino
2195 3276 2302 3315 suo
2333 3261 2708 3332 profuturum
2741 3261 2854 3316 tale
2882 3266 3090 3317 exstat.
3116 3260 3280 3316 lib.1v
3308 3260 3373 3315 de
3400 3264 3574 3316 Ponto

1997 3348 2087 3404 eg.
2112 3348 2169 3387 ix
2203 3349 2216 3387 :

2017 3456 2125 3504 Nec
2154 3455 2324 3518 pietas
2352 3456 2530 3518 ignoia
2559 3469 2677 3504 mea
2706 3459 2803 3517 est,
2835 3455 2981 3505 videt
3008 3456 3219 3518 hospita
3254 3458 3397 3505 terra

2081 3519 2140 3567 In
2172 3522 2355 3567 nostra
2383 3533 2593 3568 sacrum
2624 3518 2845 3568 Caesaris
2873 3532 2988 3567 esse
3017 3519 3194 3567 domo.

2019 3580 2173 3645 Stant
2202 3582 2402 3645 pariter
2431 3586 2695 3644 natusque
2724 3583 2843 3645 pius
2873 3581 3176 3644 conjuxque
3206 3579 3474 3640 sacerdos,

2081 3643 2314 3692 Numina
2337 3644 2451 3707 jam
2480 3643 2622 3693 facto
2651 3643 2761 3693 non
2792 3643 2995 3694 leviora
3026 3643 3144 3693 deo.

1927 3757 2124 3812 lnnuit
2152 3760 2481 3830 Augustum
2513 3763 2571 3813 et
2600 3758 2817 3813 Liviam
2852 3760 2961 3815 sibi
2993 3758 3117 3813 vivo
3145 3759 3391 3814 numina
3418 3758 3566 3830 viva,

1925 3846 2031 3884 nec
2063 3830 2289 3886 minore
2318 3831 2536 3886 honore
2568 3848 2746 3903 quam
2788 3832 2914 3904 ipse
2962 3832 3131 3887 divus
3162 3831 3357 3887 Julius
3388 3830 3562 3887 culta.

1923 3904 2108 4043 Ηθξῖἒό)
2141 3971 2399 4027 Deridere
2426 3986 2534 4026 non
2566 3973 2756 4029 audeo.
2805 3974 2948 4028 Tam
2994 3973 3150 4027 enim
3204 3973 3312 4029 boc
3359 3973 3568 4029 absur-

1923 4044 2088 4116 dum,
2122 4048 2185 4098 ut
2215 4044 2339 4116 ipse
2369 4043 2477 4098 hoc
2510 4052 2677 4116 pacto
2711 4046 2844 4099 ﬁam
2879 4045 3165 4100 ridiculus
3195 4050 3250 4099 et
3287 4045 3455 4099 illum
3488 4045 3567 4099 si-

1923 4115 2048 4170 mul
2080 4121 2135 4171 et
2163 4115 2357 4186 palam
2380 4121 2437 4170 et
2467 4115 2628 4171 intus
2650 4116 2913 4172 deridere
2944 4117 3335 4171 videar.Justa
3364 4117 3566 4186 itaque

1920 4187 2287 4261 addubitatio
2318 4186 2538 4261 Apellis
2567 4188 2809 4260 tragmdi
2842 4187 3295 4261 quidiCaligulaa
3328 4203 3565 4261 respon-

1923 4258 2107 4324 deret,
2140 4261 2208 4313 de
2235 4276 2351 4330 quo
2381 4260 2618 4315 Sueton.
2655 4258 2899 4330 cap.33’:
2936 4283 2963 4308 ‹‹
2989 4258 3561 4329 Ιηῐθιδνωυὶοεάοοοε,

1922 4346 2057 4385 cum
2089 4330 2372 4403 assistens
2402 4330 2719 4387 simulacro
2748 4333 2906 4385 Jovis
2935 4332 3190 4401 Apellem
3210 4334 3563 4403 Tragoedum

1922 4402 2333 4474 consuluisset,
2367 4408 2497 4458 uter
2528 4403 2610 4457 illi
2643 4405 2830 4474 major
2851 4404 3161 4471 videretur,
3190 4407 3562 4459 cunctantem

1924 4473 2170 4545 ﬂagellis
2201 4474 2457 4530 discidit.
2491 4497 2518 4524 ‹‹
2553 4476 2712 4540 Quod
2738 4473 3143 4530 sibisimiliter
3173 4493 3243 4531 ne
3275 4474 3563 4531 accideret

1921 4551 2131 4615 arguto
2182 4562 2463 4619 responso
2511 4550 2717 4619 avertit
2772 4546 3264 4619 Vitellius,_apud
3314 4546 3560 4619 Dionem

1842 4635 1890 4700 D
1926 4618 2187 4700 Cassium
2225 4617 2339 4700 .lib.
2394 4635 2503 4683 LIX,
2538 4616 2641 4700 piat
2690 4637 2820 4700 ποτε
2848 4620 2946 4700 1.033.
2994 4616 3164 4700 Γαίοιξ
3206 4618 3557 4700 σὲγγινὲσθαι

1919 4692 2072 4762 τεγτῇ
2106 4686 2325 4762 σελήνῃ,
2369 4696 2501 4755 etc.,
2534 4688 2733 4762 idest,
2785 4712 2812 4739 «
2861 4689 3190 4760 Aliquando
3230 4686 3405 4746 Caius
3436 4707 3559 4747 rem

1919 4761 2033 4817 sibi
2062 4778 2189 4817 esse
2219 4778 2349 4816 cum
2388 4762 2546 4816 Luna
2574 4761 2741 4829 dixit,
2786 4766 3277 4833 percontatusque
3327 4767 3417 4817 est
3458 4762 3563 4815 Vi-

1914 4833 2163 4902 tellium,
2184 4833 2499 4889 vidissetne
2529 4848 2590 4887 se
2619 4849 2752 4887 cum
2803 4836 2921 4905 dea
2957 4835 3230 4905 congredi
3263 4851 3274 4889 :
3310 4840 3436 4889 tum
3467 4835 3561 4889 Vi-

1912 4906 2134 4973 tellius,
2166 4904 2349 4961 oculis
2390 4905 2451 4960 in
2503 4908 2719 4959 terram
2772 4904 3095 4975 demissis,’
3125 4911 3405 4969 tremens,
3434 4906 3559 4961 exi-

1911 4992 2212 5101 guumque
2243 4976 2383 5048 quid
2413 4993 2627 5031 sonans
2663 4993 2675 5031 :
2707 4975 2878 5043 Solis,
2912 4977 3556 5048 inquit,domine,vobis

1955 5049 2027 5101 iis
2059 5048 2194 5101 licet
2223 5049 2470 5101 invicem
2511 5048 2726 5101 videre.
2778 5069 2808 5099 ››
2845 5050 3028 5101 Onam
3078 5048 3429 5101 locutionem
3474 5049 3556 5101 in-

1955 5049 2027 5104 iis
2059 5048 2194 5105 licet
2223 5049 2470 5103 invicem
2511 5048 2726 5104 videre.
2778 5069 2808 5099 ››
2845 5050 3028 5113 Quam
3078 5048 3429 5106 locutionem
3474 5049 3562 5105 in-

1908 5121 2419 5193 venigexpressam
2465 5135 2594 5193 esse
2640 5118 2963 5193 velpotius
3024 5126 3488 5192 transsumptam
3521 5140 3555 5179 a

1908 5191 2170 5247 Martiale
2207 5191 2309 5247 lib.
2363 5208 2463 5255 vn,
2513 5192 2603 5256 60,
2656 5191 2775 5247 ubi
2806 5192 3202 5250 Domitianum
3254 5191 3386 5251 cum
3416 5196 3555 5251 Jove

1910 5268 2211 5336 comparat
2237 5264 2326 5319 bis
2356 5261 2547 5318 verbis
2585 5278 2599 5319 :

2062 5381 2190 5445 Cum
2222 5380 2357 5429 votis
2386 5378 2487 5445 sibi
2517 5378 2821 5445 quisquete
2856 5379 3054 5445 fatiget,

2062 5443 2125 5493 Et
2152 5446 2342 5507 poscat
2371 5442 2514 5503 dare,
2547 5456 2666 5506 qum
2696 5442 2769 5491 dii
2796 5442 3036 5507 potestis,

1907 5550 2002 5607 Sic
2032 5548 2190 5624 enim
2220 5553 2374 5624 recte
2408 5549 2591 5624 Paris.
2645 5549 2822 5605 editio
2869 5549 3107 5606 Colinasi
3163 5556 3220 5608 et
3250 5554 3391 5620 aliae,
3443 5569 3546 5624 pro

1908 5640 2022 5694 quo
2074 5622 2406 5678 Hadrianus
2454 5621 2671 5677 Junius
2716 5626 2999 5694 potestas;
3049 5646 3079 5673 «
3130 5624 3235 5679 Sed
3284 5630 3341 5679 et
3391 5621 3545 5678 idem

1905 5693 2171 5764 Caligula
2200 5712 2315 5765 prae
2348 5699 2507 5750 metu
2539 5693 2904 5766 crudelitatis
2935 5695 3083 5766 ejus,
3113 5694 3294 5749 haeres
3342 5709 3375 5746 a
3417 5694 3545 5766 qui-

1906 5768 2157 5824 busdam
2187 5764 2537 5824 testamento
2569 5764 2919 5836 appellatus,
2955 5764 3240 5821 derisores
3281 5764 3545 5830 vocabat,

1905 5839 2063 5915 quod
2092 5842 2228 5913 post
2254 5836 2752 5911 nuncupationem
2781 5836 2970 5896 vivere
3001 5840 3459 5912 perseverarent,
3490 5841 3550 5897 et
