4054 6174
481 290 606 352 515

1006 286 1536 354 TERTULLIANI
1578 284 1911 352 OPERUM
1952 282 2154 350 PARS
2194 284 2247 351 1.
2274 316 2352 332 -
2389 284 2666 349 SERIES
2706 285 2764 363 Ι,
2810 285 3368 353 APOLOGETICA.

3718 302 3829 362 8l6

480 421 588 488 Qui
636 419 948 477 observant
992 418 1366 494 disciplinam
1422 421 1495 477 de
1541 419 1786 477 Cessaais
1833 420 2123 493 respectu,
2152 428 2207 496 Α
2236 418 2397 492 gium
2428 418 2819 477 convenimur
2861 419 3204 494 Christiani,
3238 437 3345 478 non
3388 422 3704 484 celebrando
3747 447 3831 491 vo-

479 510 541 567 hi
571 528 699 567 eam
732 514 968 582 propter
1009 510 1296 566 Caesarem
1336 510 1612 565 deserent
1639 513 1707 581 9‘,
1738 513 1795 564 et
1838 508 2129 565 malorum

482 617 716 657 morum
746 600 985 656 licentia
1016 600 1202 672 pietas
1236 599 1367 668 erit,
1401 599 1627 655 occasio
1658 598 1903 655 luxuriae
1931 597 2133 670 religio

478 689 898 762 deputabitur?
927 692 972 744 Ο
1003 706 1111 745 nos
1157 688 1363 744 merito
1396 688 1799 745 damnandos!
1835 693 1948 744 Cur
1975 688 2132 744 enim

477 785 609 836 vota
644 783 702 835 et
731 778 945 849 gaudia
1000 778 1295 834 Caesarum
1345 779 1492 834 casti
1540 782 1597 834 et
1653 778 1832 835 sobrii
1878 782 1936 834 et
1965 777 2133 850 probi

478 867 869 939 expungimus
898 867 925 921 ?
954 867 1069 923 Cur
1120 868 1213 923 die
1247 867 1375 923 laeto
1409 885 1523 924 non
1553 868 1770 924 laureis
1800 871 1997 940 postes
2028 867 2130 923 ob-

478 958 826 1012 umbramus
856 956 900 991 ⁹²
928 957 1041 1027 (26)
1082 972 1188 1012 nec
1219 956 1475 1011 lucernis
1505 956 1659 1013 diem
1691 956 2070 1029 infringimus
2101 955 2128 1011 ‘I

474 1050 733 1102 Honesta
763 1061 855 1101 res
901 1050 990 1101 est
1037 1044 1409 1102 solemnitate
1454 1046 1690 1117 publica
1754 1045 2016 1117 exigente
2045 1045 2128 1100 in-

476 1137 654 1191 duere
684 1136 728 1170 “3
760 1134 962 1190 domui
994 1139 1106 1190 tuae
1138 1135 1411 1191 habitum
1443 1135 1692 1207 alicujus
1724 1135 1852 1191 novi
1886 1134 2130 1207 lupana-

474 1224 577 1281 ris.
611 1223 799 1279 Vclim
854 1224 1011 1281 454
1070 1232 1263 1280 tamen
1307 1224 1366 1280 in
1420 1225 1529 1281 hac
1576 1240 1806 1297 quoque
1854 1223 2131 1295 religione

473 1315 747 1372 secundae
786 1313 1129 1385 majestatis,
1163 1313 1234 1370 de
1264 1330 1377 1385 qua
1416 1314 1474 1369 in
1519 1316 1844 1371 secundum
1896 1312 2132 1369 sacrile-

2242 509 2473 565 biscum
2531 508 2820 566 solemnia
2877 512 3190 582 Casurum,
3233 527 3342 583 quo
3390 529 3537 569 more
3588 516 3833 585 celebrari

2243 615 2347 654 nec
2380 598 2668 655 modestia
2698 615 2804 656 nec
2834 599 3182 656 verecundia
3202 616 3303 657 nec
3332 601 3595 673 pudicitia
3623 608 3824 677 permit-

2241 692 2396 756 tunt,
2426 689 2527 744 sed
2559 689 2787 745 occasio
2821 688 3138 762 voluptatis
3172 690 3353 761 magis
3384 706 3544 762 quam
3573 692 3731 767 digna
3749 713 3829 752 ra-

2241 777 2324 833 tio
2355 777 2667 849 persuasit,
2702 778 2880 834 ﬂdem
2912 777 2963 834 ei
2995 777 3299 836 veritatem
3343 783 3577 835 vestram
3624 782 3830 840 demon-

2240 870 2463 935 strare;
2517 883 2589 923 ne
2639 867 2783 923 forte
2839 871 2897 923 et
2947 866 3119 922 isthic
3178 867 3480 923 deteriores
3530 868 3835 928 Christianis

2241 954 2775 1027 deprehendantur,
2822 955 2925 1027 qui
2956 971 3064 1011 nos
3093 955 3300 1011 nolunt
3345 956 3619 1012 Romanos
3644 957 3835 1027 haberi,

2241 1045 2343 1100 sed
2375 1044 2572 1100 hostes
2604 1044 2938 1117 principum
2972 1044 3391 1100 Romanorum.
3427 1045 3575 1117 Ipsos
3601 1046 3836 1119 Quirites,

2238 1133 2429 1205 ipsam
2462 1133 2831 1190 vernaculam
2864 1138 3088 1205 septem
3135 1131 3369 1188 collium
3412 1132 3625 1204 plebem
3662 1150 3838 1190 conve-

2241 1224 2359 1289 nio,
2391 1240 2465 1278 an
2517 1222 2692 1279 alicui
2746 1222 2954 1279 Caesari
2984 1239 3091 1279 suo
3143 1225 3344 1294 parcat
3384 1221 3484 1277 illa
3529 1221 3715 1295 lingua
3765 1225 3839 1295 (27

2239 1311 2549 1369 Romana?
2577 1313 2727 1370 455
2763 1312 2951 1369 Testis
2991 1316 3082 1368 est
3129 1311 3350 1369 Tiberis
3397 1312 3526 1384 (26),
3566 1319 3619 1368 et
3664 1311 3843 1369 scholis

1902 1439 2105 1502 Variae
2135 1438 2459 1500 lectiones.

544 1549 587 1584 οι
616 1549 903 1604 Deserunt
928 1548 950 1602 ἓ
976 1548 1141 1603 Fran.
1218 1547 1263 1582 ⁹²
1288 1547 1749 1618 Adumbramus,
1780 1549 1966 1604 Paris.
2043 1548 2087 1583 θ’
2118 1547 2423 1617 lnducere,
2454 1546 2639 1602 Paris.

1920 1667 2067 1726 Com
2079 1663 2439 1725 mentariiis.

470 1772 618 1829 alios
656 1789 773 1847 non
821 1771 1056 1847 dicent;
1093 1793 1115 1823 ii
1152 1789 1267 1843 quo
1315 1790 1414 1843 pro
1447 1772 1654 1829 ultimo
1694 1771 2008 1847 legendum
2038 1772 2126 1847 de-
2155 1782 2202 1847 Β
2232 1773 2272 1827 Ι.
2310 1787 2359 1847 e.
2395 1792 2422 1819 ‹‹
2455 1768 2913 1847 Ithamnumque
2943 1771 3001 1823 et
3028 1766 3177 1823 lauri
3211 1783 3441 1824 ramum
3466 1766 3655 1839 janum
3681 1766 3843 1840 impo-

470 1850 613 1901 cenl.
646 1846 993 1915 Principium
1013 1846 1199 1899 dicere
1234 1852 1323 1901 est
1378 1863 1548 1902 omen
1580 1846 1651 1901 de
1699 1844 1941 1915 reliquis
1972 1845 2112 1899 sub-

468 1917 845 1989 ministrare,
876 1916 1092 1971 ﬁebant
1122 1918 1278 1971 enim
1306 1918 1424 1972 haec
1447 1924 1576 1972 vota
1596 1919 1881 1989 praecipue
1913 1916 2117 1971 Kalen-

465 1988 557 2043 dis
588 1987 903 2054 Januariis,
938 1993 1000 2043 ut
1046 1988 1129 2042 sic
1161 1990 1231 2043 ad
1265 1994 1453 2043 totum
1484 1987 1705 2044 annum
1739 1987 2117 2043 extenderen-

467 2063 584 2114 tur.
646 2058 900 2125 Tacitus,
962 2059 1060 2113 lib.
1122 2076 1176 2113 ιν
1240 2061 1438 2115 Annal.
1501 2082 1528 2111 ‹‹
1587 2065 1775 2116 Caesar
1832 2060 2117 2115 solemnia

464 2130 799 2203 incipientis
824 2131 965 2203 anni
999 2129 1280 2185 Kalendas
1311 2132 1620 2187 Januarias
1645 2131 1893 2203 epistola
1916 2148 2114 2202 preca-

465 2200 643 2269 tus,’c
679 2202 773 2257 cui
823 2200 946 2257 loco
1003 2203 1300 2273 geminum
1352 2221 1421 2259 ex
1468 2204 1602 2259 Caio
1649 2200 1784 2260 JCio
1834 2200 1982 2258 citat
2044 2208 2117 2257 La

470 2273 673 2330 Cerda.
713 2274 1061 2346 Legiturque
1081 2275 1245 2346 apud
1293 2274 1534 2331 Dionem
1568 2275 1668 2330 lib.
1703 2293 1812 2341 Lix,
1848 2292 1959 2346 pag
2010 2275 2117 2328 742

462 2347 555 2401 ed.
589 2345 781 2418 Steph.
816 2345 876 2399 in
908 2345 1239 2416 principatu
1291 2348 1409 2401 Caii
1458 2346 1729 2418 Caligulae
1758 2345 1948 2418 prima
1977 2345 2116 2400 anni

462 2418 556 2490 die
587 2417 965 2490 Machaonem
997 2418 1317 2490 quemdam
1345 2417 1681 2474 servumvad
1723 2417 1990 2490 pulvinar
2015 2418 2115 2473 Jo-

462 2489 551 2545 vis
581 2488 885 2559 Capitolini
917 2490 1275 2560 ascendisse,
1307 2489 1505 2560 ibique
1538 2488 1739 2545 multa
1774 2495 1831 2546 et
1868 2491 1996 2545 dira
2026 2506 2118 2544 va-

463 2558 797 2627 ticinatum,
830 2558 1102 2615 catellum
1130 2577 1306 2630 quem
1336 2558 1535 2618 secum
1567 2560 1864 2629 attulerat,
1887 2579 1953 2617 ac
1984 2565 2117 2631 post

465 2648 528 2705 se
561 2633 755 2701 ipsum
781 2631 1083 2705 occidisse.
1117 2634 1278 2698 Quod
1325 2634 1576 2705 profecto
1622 2634 1801 2687 futuri
1831 2632 2113 2705 temporis

466 2703 662 2758 dirum
685 2707 809 2758 erat
834 2703 1183 2773 principium
1208 2710 1264 2759 et
1286 2703 1895 2776 priesagium,quand0
1916 2703 2112 2773 Caius,

465 2776 566 2846 qui
599 2780 669 2847 ut
696 2776 887 2847 bonus
921 2776 1181 2829 medicus
1227 2776 1467 2831 vulnera
1494 2782 1656 2832 Rom.
1688 2776 1851 2847 Reip.
1883 2794 1917 2832 a
1946 2776 2114 2831 Tibe-

466 2847 561 2920 rio
584 2846 1116 2920 inflictadebuerat
1144 2864 1371 2903 sanare.
1400 2846 1844 2920 significabatur
1872 2853 1930 2902 et
1962 2864 2113 2901 rem-

464 2918 630 2990 publ.
667 2919 1021 2991 perditurus,
1044 2922 1110 2991 et
1149 2920 1291 2991 ipse,
1322 2918 1561 2975 cruenta
1610 2937 1749 2976 nece
1796 2920 2111 2991 periturus.

464 2989 713 3060 Eratque
760 2992 842 3044 ita
870 2989 968 3045 ille
998 2990 1121 3045 dies
1153 2990 1357 3045 titulus
1386 2992 1545 3057 anni,
1579 2997 1642 3046 ut
1679 2989 1813 3047 cum
1846 2991 2115 3047 Petronio

465 3060 692 3132 loquar,
728 3062 881 3132 apud
916 3078 1091 3131 quem
1123 3061 1244 3116 avis
1296 3063 1523 3118 ciconia
1569 3069 1659 3119 est
1705 3064 1903 3119 titulus
1932 3064 2118 3133 tepidi

466 3135 757 3213 temporis.
806 3133 1234 3213 picebaturque
1269 3133 1585 3213 imperator
1623 3137 1847 3213 aperire
1882 3152 2112 3191 annum.
2146 3145 2189 3213 ί]

467 3206 687 3259 Statius
720 3220 774 3257 iv
803 3203 954 3275 Sylv.
986 3205 1175 3259 Carm.
1208 3208 1257 3273 1,
1290 3209 1342 3274 2,
1377 3207 1448 3260 de
1469 3205 1800 3261 Domitiano
1834 3222 1847 3261 :

691 3309 1071 3374 Insignemque
1101 3311 1272 3374 aperit
1300 3311 1644 3362 Germanicus
1674 3325 1898 3362 annum.

465 3425 535 3480 Et
562 3424 781 3481 ibidem
812 3441 983 3481 versu
1012 3425 1084 3479 2O
1117 3442 1129 3481 :

933 3530 1017 3581 Sic
1044 3544 1214 3582 annos
1245 3532 1445 3584 intrare
1476 3533 1646 3584 decet.

464 3646 892 3720 peuquo‘ritu
958 3647 1185 3702 consuli
1236 3653 1426 3720 potest
1476 3649 1743 3706 eruditus
1806 3649 1915 3705 Joh
1964 3649 2115 3705 Petri

462 3716 693 3793 Bellorii
726 3716 1255 3793 Commentariolus
1285 3722 1355 3776 de
1386 3721 1517 3776 novi
1552 3722 1687 3777 anni
1733 3722 2012 3793 auspiciis
2043 3722 2116 3777 ad
2152 3733 2160 3738 '

461 3788 819 3852 singularem
846 3790 1127 3846 Antonini
1159 3791 1240 3846 Pii
1275 3810 1585 3848 nummum
1616 3788 1967 3865 inscriptum
2004 3811 2115 3850 S.P.

461 3878 520 3923 ο.
554 3878 607 3915 ιι.
636 3879 690 3915 Α.
723 3877 780 3915 N.
811 3878 860 3916 F.
894 3878 945 3917 F.
980 3878 1191 3918 OP'I‘IMO
1219 3881 1473 3920 PRINCIPI
1496 3882 1608 3929 Pio,
1631 3865 1670 3920 i.
1694 3882 1744 3921 θ.
1778 3867 1997 3920 Annum
2017 3882 2117 3922 no-

460 3949 611 4008 ςηιτη,
640 3933 914 4008 faustum,
945 3935 1183 4008 felicem.
1227 3937 1429 3991 Editus
1470 3942 1559 3991 est
1602 3937 1858 4008 primum
1902 3938 2116 4005 Romae,

460 4004 717 4081 inde_ad
767 4004 983 4081 calcem
1033 4005 1233 4081 Select.
1287 4010 1558 4081 Numism.
1603 4004 1731 4064 Car.
1781 4004 2116 4081 Carpegnie,

462 4079 650 4145 Amet,
673 4077 824 4147 apud
858 4078 1272 4134 Wetstenium.
1296 4080 1623 4136 Lectionem
1657 4086 1851 4136 tamen
1888 4077 2118 4136 mutare

462 4164 579 4275 gon
625 4164 757 4272 stm
807 4165 988 4204 ausus
1032 4166 1143 4205 ms.
1195 4153 1372 4223 Agob.
1403 4170 1454 4225 q.
1488 4153 1628 4208 alios
1664 4168 1775 4209 non
1823 4153 1876 4208 d.
1928 4152 2119 4209 deleto

501 4235 602 4274 res.
689 4236 770 4273 AV.

501 4235 602 4274 188.
642 4235 770 4273 ῌΑν.

532 4291 644 4363 (26)
679 4291 904 4363 Laurei:
930 4300 1110 4362 poste:
1158 4293 1562 4350 obumbramus.
1615 4293 1880 4349 Rhenan.
1920 4294 2118 4349 adum-

464 4359 705 4436 branius.
741 4359 942 4436 minus
970 4370 1146 4419 recte.
1196 4366 1432 4422 Tacitus
1481 4365 1883 4436 conjuratione
1930 4365 1989 4419 in
2024 4382 2116 4421 ca-

465 4436 574 4502 put
602 4433 847 4489 Neronis
879 4435 1108 4490 detecta
1154 4438 1358 4492 scribit
1404 4437 1507 4491 lib.
1557 4433 1629 4491 x'v
1657 4438 1857 4491 Annal.
1914 4453 1964 4492 c.
2002 4438 2115 4490 l7:

468 4504 639 4582 «Sed
671 4505 949 4582 compleri
980 4507 1225 4582 interim
1248 4510 1389 4564 urbs
1421 4508 1745 4582 funeribus,
1770 4507 2118 4579 Capitolium
2152 4518 2197 4582 D

460 4574 769 4651 victimis:
807 4574 822 4577 “
848 4578 999 4651 alius
1031 4579 1173 4643 tilio,
1205 4581 1382 4635 fratre
1414 4579 1583 4645 alius,
1618 4574 1742 4634 aut
1769 4574 2115 4651 propinquo,

468 4650 571 4724 aut
617 4648 804 4724 amico
854 4649 1403 4724 interfectis,gagere
1451 4651 1674 4724 gratias
1729 4648 2117 4717 deis,'ornare

467 4718 1155 4793 laurugdomium;genua
1211 4718 1399 4793 ipsius
1455 4718 1681 4777 advolvi
1738 4729 1795 4777 et
1851 4724 2114 4778 dextram

466 4791 684 4847 osculis
716 4792 979 4861 fatigare.
1032 4814 1060 4841 ››
1102 4791 1329 4859 Noster,
1373 4796 1441 4849 de
1488 4794 1643 4859 Idol.,
1694 4810 1744 4849 c.
1782 4796 1847 4849 15
1897 4811 1910 4850 :
1974 4818 2001 4844 «
2058 4796 2116 4850 Si

464 4871 661 4936 autem
694 4879 893 4917 eorum
929 4868 1070 4936 sunt
1110 4881 1235 4936 quai
1268 4866 1325 4922 in
1356 4865 1523 4922 ostiis
1554 4867 1890 4931 adorentur,
1924 4866 1995 4919 ad
2018 4881 2117 4922 eos

465 4938 521 4988 et
553 4934 826 5011 _l_uce_r_na3
877 4937 933 5011 et
981 4933 1189 5011 laureae
1238 4938 1635 5011 pertinebunt.
1681 4938 1838 5011 Idolo
1889 4937 2114 5011 feceris,

466 5004 752 5075 quidquid
805 5005 955 5059 ostio
1004 5004 1287 5064 fecerisf»
1320 5010 1705 5067 Commendat
1738 5009 1842 5064 hoc
1882 5010 2118 5066 nomine

464 5075 696 5129 laurum
740 5075 1002 5146 Plinius,
1065 5081 1201 5135 Hist.
1262 5083 1384 5137 Nat.
1429 5098 1544 5146 XVI,
1598 5082 1667 5134 30
1728 5095 1741 5132 :
1806 5105 1826 5132 ι
1894 5085 2118 5137 Laurus

462 5145 782 5229 triumphis
815 5148 1046 5219 preprie
1068 5152 1315 5229 dicatur,
1349 5151 1433 5208 vel
1476 5149 1814 5223 gratissima
1844 5152 2117 5229 domibus

458 5221 706 5286 janitrix
735 5221 1023 5274 Caesarum
1077 5221 1538 5294 pontificumque
1573 5241 1586 5278 :
1620 5239 1745 5292 quae
1776 5223 1901 5277 sola
1930 5228 1987 5279 et
2016 5226 2118 5280 do-

463 5304 593 5343 mos
624 5296 885 5361 exornat,
930 5297 988 5348 et
1035 5300 1169 5350 ante
1227 5294 1435 5350 limina
1480 5294 1745 5350 excubat.
1797 5316 1818 5342 ι
1875 5297 1933 5349 In
1965 5298 2118 5354 votis

462 5375 696 5439 quoque
727 5360 1166 5439 deosplacandi
1206 5367 1397 5438 gratia
1451 5366 1950 5439 incantationibus
1981 5385 2117 5439 ope-

462 5433 848 5512 renidentes,
885 5433 1403 5512 laurum‘postibus
1439 5437 1833 5512 applicabant,
1867 5443 1932 5493 ut
1960 5433 2121 5512 patet

464 5520 533 5559 ex
564 5503 834 5585 Diogenis
885 5506 1096 5585 Laertii
1126 5503 1206 5585 in,
1238 5503 1491 5566 Bionem'
1516 5503 2117 5585 Borysthentem'epi-

464 5581 811 5647 grammate,
844 5579 939 5647 qui
970 5578 1031 5634 in
1063 5583 1267 5637 morbo

748 5681 977 5812 'Pcigtvov
1009 5708 1066 5742 τε
1094 5686 1183 5743 καὶ
1214 5686 1416 5747 κλάδον
1452 5684 1656 5766 δάφνης

748 5756 844 5812 Ὑπ
875 5776 903 5812 D
935 5757 1101 5812 Θύοην
1125 5756 1333 5812 ἔθηκεν.

746 5756 903 5836 Ὑπὲρ
935 5757 1101 5839 Θύρην
1125 5756 1334 5839 ἔθηκεν.

2229 1843 2372 1899 suit.
2406 1864 2435 1891 »
2470 1846 2608 1895 HAV.

2299 1916 2412 2041 S27)
2458 1914 2658 1968 Pareat
2708 1912 3057 1994 illa.lingua
3111 1911 3374 1994 Romana.
3437 1910 3597 1976 Quod
3653 1924 3786 1989 cum.
3822 1924 3848 1963 a

2326 2003 2394 2041 uo
2426 1990 2482 2041 et
2517 1985 2652 2040 faece
2682 1983 3011 2041 hominum.
3047 1999 3147 2041 qui
3182 1999 3286 2038 nec
3318 1999 3376 2037 in
3409 1982 3560 2037 fama
3601 1980 3741 2041 quod
3773 1996 3845 2034 in-

2224 1980 2405 2057 vulgo
2426 1990 2482 2041 et
2517 1983 3011 2057 fascehominum,
3047 1982 3147 2057 qui
3182 1999 3286 2038 nec
3318 1984 3376 2057 in
3409 1982 3560 2057 fama
3601 1980 3741 2057 quod
3773 1980 3845 2057 in-

2226 2050 2493 2128 quihent,
2527 2073 2630 2111 nec
2662 2056 2721 2110 in
2756 2072 2815 2111 re
2846 2050 3005 2127 quod
3033 2050 3310 2128 a'mittaut
3340 2053 3576 2128 habent,
3601 2050 3757 2108 facile
3782 2050 3845 2128 sit

2225 2122 3104 2204 exspectandum,tum-scurra:
3137 2126 3235 2204 isti
3289 2126 3437 2181 satis
3462 2126 3688 2204 idocent
3714 2122 3842 2204 apud

2225 2196 2581 2257 Trebellium
2613 2198 2931 2256 Pollionem
2968 2199 3027 2253 in
3057 2197 3344 2264 Gallieno,
3379 2196 3476 2269 qui
3511 2196 3843 2269 uniuscujus-

2225 2290 2340 2345 que
2395 2273 2622 2328 vultum
2678 2272 2827 2327 mira
2895 2270 3219 2345 inhiatione
3276 2268 3579 2345 rimantes,
3635 2268 3846 2345 Pati-ein.

2221 2336 2492 2417 principis
2522 2359 2779 2417 quaerere
2810 2357 2872 2399 se
2894 2341 3184 2417 dicebant.
3207 2412 3217 2417 _
3240 2345 3296 2417 is
3327 2343 3686 2417 autem__erat
3712 2336 3846 2392 Vale-

2224 2410 2426 2472 rianus
2457 2433 2490 2471 a
2520 2410 2713 2471 Persis
2741 2419 2968 2487 captus,
2988 2414 3140 2487 quod
3174 2412 3422 2468 ridicule
3453 2410 3844 2487 Gallienus_pe-

2263 2488 2412 2545 lecta
2438 2487 2689 2559 vindicta
2717 2477 3088 2559 genitoris'in
3118 2500 3338 2559 pompa
3360 2482 3709 2559 traducebat.
3730 2477 3843 2535 Nul-

2265 2505 2412 2545 iecia
2438 2505 2689 2542 Vindicta
2717 2505 2999 2559 genitoris
3027 2505 3088 2540 in
3118 2505 3338 2557 pompa
3360 2505 3709 2540 LI‘BGUGBDaL.
3730 2505 3843 2535 uui-

2222 2505 2318 2640 ἤιε
2349 2558 2660 2640 descripsit
2704 2559 3034 2640 accuratius
3087 2573 3268 2640 quam
3303 2556 3414 2640 iste
3461 2556 3557 2640 qui
3591 2555 3845 2640 Caesarum

2225 2632 2373 2687 ritus
2405 2628 2685 2704 pari—qua
2713 2630 2983 2704 vixerunt
3014 2628 3128 2704 ipsi
3158 2628 3433 2704 libertate
3474 2628 3679 2682 litteris
3712 2639 3846 2704 com-

2227 2694 2755 2781 misit-Suetonius
2813 2694 3191 2781 Tranquillus
3254 2702 3316 2781 i_n
3377 2703 3624 2781 Nerone,

2230 2797 2256 2825 ‹‹
2285 2776 2706 2830 Transeuntem
2754 2789 2889 2828 eum
2942 2766 3199 2828 Isidorus
3257 2772 3519 2843 Cynicus
3560 2769 3617 2824 in
3638 2766 3850 2843 publico

2223 2847 2383 2920 clara
2428 2861 2563 2902 voce
2608 2844 2988 2920 corripuerat,
3028 2844 3200 2920 _quo_d
3248 2838 3491 2920 Nauplii
3540 2838 3858 2920 mala_bene

2224 2919 2554 2985 cantitaret,
2587 2934 2695 2972 sua
2734 2910 2887 2973 b—ona
2928 2910 3080 2971 male
3130 2910 3501 2987 disponeret.
3537 2935 3566 2963 ››
3593 2910 3856 2987 ibidem:

2224 2990 2423 3047 «Datis
2436 2977 2838 3045 Atellanarum
2878 2987 3085 3043 histrio
3126 2987 3187 3043 in
3204 2977 3441 3044 cantico
3458 2983 3704 3056 quodam
3719 2977 3862 3056 ὑγίαιτ

2222 3082 2294 3130 νε,
2349 3061 2539 3132 πάτερ,
2602 3059 2825 3134 ὑγίαινε,
2888 3065 3081 3133 μῆτερ,
3141 3060 3223 3115 ita.
3262 3052 3780 3137 demonstraverat.
3810 3052 3868 3104 ut

2227 3135 2522 3189 bibentem
2556 3136 2991 3204 natantemque
3022 3134 3255 3201 faceret,
3291 3131 3524 3204 exitum
3565 3127 3681 3204 Caii
3707 3124 3860 3204 Clau-

3240 3176 3255 3201 ν

2225 3206 2318 3333 dii1
2333 3203 2777 3277 Agrippineque
2806 3194 3147 3276 signiﬁcans
3172 3221 3185 3273 ;
3216 3194 3277 3261 et
3307 3204 3370 3260 in
3394 3199 3710 3260 novissima
3729 3194 3865 3253 clau-

2226 3295 2294 3333 Bll
2324 3295 2356 3333 8.
2389 3294 2401 3332 :
2436 3299 2466 3328 ››

2226 3294 2356 3333 Bllla
2389 3294 2401 3332 ἓ
2436 3299 2466 3328 ι)

2597 3383 2763 3431 Orcus
2790 3381 2946 3430 vobis
2974 3380 3124 3430 ducit
3152 3378 3341 3442 pedes,

2599 3446 2853 3496 Senatum
2887 3448 3040 3507 gestu
3070 3446 3304 3493 notaret.

2226 3545 2337 3601 Ubi
2367 3542 2796 3599 famosissimos
2828 3542 3005 3598 etiam
3044 3558 3259 3597 versus
3315 3540 3381 3596 in
3436 3538 3603 3596 illum
3644 3528 3872 3612 proposi;

2225 3623 2317 3692 tos
2348 3615 2613 3692 adducit,
2644 3614 2802 3692 sicut
2850 3618 2907 3668 et
2958 3617 3094 3692 ante
3141 3612 3438 3692 Claudius
3470 3616 3531 3692 et
3559 3605 3689 3692 post
3714 3605 3876 3692 Domi-

2225 3690 2424 3745 tianus
2456 3687 2679 3758 passim
2711 3685 2867 3758 idem
2902 3685 3061 3758 passi
3096 3685 3403 3758 sunt.Sed
3439 3690 3500 3739 et
3522 3685 3877 3758 Optimusiin-

2227 3751 2559 3831 peratorum
2594 3751 2992 3831 vespasianus
3023 3756 3149 3828 ipse
3181 3756 3459 3831 urbanus
3495 3751 3667 3809 statis
3690 3751 3875 3831 dicacif

2225 3817 2407 3887 tatem
2440 3830 2612 3885 istius
2642 3817 2854 3901 linguai
2889 3845 3004 3901 non
3038 3817 3243 3898 evasit,
3264 3829 3369 3901 qui
3398 3844 3536 3901 cum
3558 3826 3709 3901 esset
3742 3817 3879 3901 vultu

2228 3904 2480 3960 adducto
2529 3888 2770 3956 nitentis
2822 3900 2857 3953 i.
2910 3899 2961 3955 ei
3020 3888 3471 3967 cacaturientis,
3515 3896 3793 4019 velletque
3819 3888 3878 3967 ab

2229 3977 2452 4019 nrhnnn
2484 3973 2733 4019 mmrlam
2767 3972 2964 4019 facetae
2998 3972 3228 4019 linmim.
3258 3994 3288 4019 «
3314 3977 3382 4019 iit
3403 3976 3465 4019 et
3494 3970 3554 4019 in
3590 3983 3653 4019 se
3680 3984 3709 4019 ιι
3734 3956 3878 4019 ιουὶά

2229 3956 2735 4054 ᾆξὶξᾶῐιρίιυοᾲᾳω
2767 3972 2964 4054 facetis
2996 3972 3229 4054 linguis,
3258 3994 3288 4022 «
3314 3977 3382 4027 ut
3403 3956 3471 4027 et
3494 3956 3554 4054 in
3590 3983 3653 4023 se
3680 3956 3879 4054 aliquid

2227 4049 2500 4114 diceret,»
2526 4045 2728 4099 audire
2759 4043 2978 4111 debuit,
3007 4065 3031 4094 ‹‹
3058 4043 3184 4099 dico
3217 4061 3355 4099 cum
3390 4047 3663 4098 ventrem
3693 4046 3879 4092 exone-

2230 4135 2358 4199 rare
2383 4116 2682 4199 desieris.»
2708 4115 2829 4199 lmo
2851 4116 2938 4170 vel
2962 4116 3245 4199 in‘funere
3270 4116 3471 4199 ipsius
3490 4128 3625 4199 cum
3649 4125 3714 4199 ex
3735 4115 3880 4199 [ξι-(ᾖξε

2230 4191 2395 4246 mimi
2429 4188 2865 4250 adhiberentur,
2887 4190 3117 4242 mortuo
3143 4185 3312 4258 parci
3337 4204 3465 4242 non
3498 4185 3713 4257 potuit,
3731 4190 3878 4249 qum.

2228 4267 2294 4318 ut
2326 4264 2488 4317 notat
2516 4261 2750 4314 Siieton.
2784 4275 2834 4313 ο.
2871 4258 2936 4312 19
2970 4277 2982 4315 :
3021 4282 3049 4309 (ί
3080 4263 3223 4314 Favo
3255 4260 3662 4313 archimimus
3692 4262 3879 4323 pereo:

2229 4315 2390 4389 nam-
2415 4333 2566 4402 ejus,
2592 4332 2804 4397 ferens,
2837 4330 3196 4402 imitansque
3226 4336 3293 4386 ut
3332 4336 3431 4386 est
3463 4345 3617 4402 mos,
3646 4315 3790 4379 facta
3817 4315 3879 4402 ad

2229 4407 2386 4462 dicta
2413 4390 2930 4474 vivi,interrogatis
2952 4390 3142 4473 palam
3173 4390 3884 4474 procuratoribusquanti

2231 4493 2441 4533 sumus
2474 4481 2532 4530 et
2562 4470 3112 4546 pompa'constaret
3143 4470 3191 4529 z'
3211 4478 3277 4530 ut
3308 4474 3552 4530 audivit
3580 4470 3649 4546 ῌ.
3679 4471 3734 4520 S.
3766 4476 3885 4546 ceu:

2231 4550 2361 4613 ties,
2392 4539 2754 4611 exclamarit,
2788 4549 3016 4601 centum
3069 4544 3180 4601 sibi
3235 4546 3523 4602 sestertia
3584 4539 3885 4615 ἀποιήτᾳο

2228 4638 2289 4676 se
2320 4607 2407 4675 vel
2465 4607 3250 4692 in__'l‘_iberimprojicerent.
3287 4639 3312 4669 ii
3352 4617 3474 4673 Ubi
3529 4627 3739 4692 scuarg
3781 4607 3887 4692 ,ἱεξξδ

2226 4693 2455 4748 videtur
2478 4689 2619 4744 mihi
2644 4680 2966 4759 respexisse
2982 4680 3066 4743 'ad
3090 4688 3234 4745 illud
3263 4685 3666 4760 Vespassiani
3684 4680 3885 4760 dictum

2231 4766 2567 4833 factumque
2596 4751 2757 4831 quod
2781 4760 2936 4815 idem
2968 4761 3205 4816 Sueton.
3240 4751 3452 4833 narrat
3484 4758 3617 4815 0.23
3650 4772 3664 4812 :
3696 4776 3724 4802 α
3749 4751 3889 4833 Nyn-

2226 4820 2513 4892 tiantibus
2544 4820 2773 4903 legatis,
2805 4833 3101 4887 decretum
3132 4834 3182 4889 ei
3219 4832 3484 4904 publice,
3516 4846 3641 4885 non
3687 4820 3888 4904 medio:

2227 4908 2339 4964 cris
2372 4898 2630 4963 summa?
2650 4898 2908 4959 statuam
2934 4898 3255 4960 colosseam
3289 4900 3519 4973 :jussit
3541 4906 3609 4956 ut
3629 4898 3886 4973 continuo

2267 4981 2529 5045 onerent,
2581 4991 2779 5031 cavam
2832 4992 3075 5031 manum
3133 4968 3477 5044 ostentans,
3520 4978 3584 5030 et
3645 4968 3891 5044 paratam

2267 4997 2529 5045 onerent,
2581 4997 2779 5031 cavam
2832 4997 2916 5031 me

2228 4997 2417 5107 gasim
2450 5050 2669 5115 dicens,
2706 5069 2733 5098 ››
2777 5046 2916 5101 ΗΑν.

2454 5100 2740 5195 istiista.
2776 5100 2998 5195 Tiberis.
3057 5118 3132 5195 lli.
3159 5118 3357 5195 _Ful_d.
3382 5107 3778 5195 _et__Heral‘d‘.
3825 5100 3891 5195 αξξ

2228 5169 2430 5265 ρτὶζὲἱ.
2456 5169 3355 5265 massa:eguissem
3382 5169 3582 5265 seu.
3600 5184 3677 5240 ad
3708 5169 3898 5265 ιίηέ

2226 5258 2356 5322 Nat.
2389 5282 2428 5329 ι,
2464 5263 2533 5317 l7
2568 5262 2742 5316 refert
2788 5260 2917 5335 hoc,
2957 5262 3026 5316 ad
3076 5263 3316 5335 domum
3369 5259 3767 5335 Tiberianam
3804 5258 3897 5335 {eg

2228 5338 2519 5407 palatium
2540 5337 2859 5407 Caesarum.
2894 5332 3005 5388 Sed
3040 5333 3202 5407 olim,
3237 5340 3303 5389 ut
3344 5338 3531 5403 puto,
3577 5329 3903 5407 ﬂuviisque

2228 5391 2437 5480 vulgus
2461 5391 3495 5480 adhabitabat,potentiore'smohtes
3516 5391 3903 5480 pccupabeflf.

2227 5460 2439 5535 titiam
2469 5460 2980 5554 inundationibus.
3022 5460 3436 5554 Cumﬁitaque
3500 5473 3578 5554 de
3637 5460 3904 5554 plebeii:

2230 5548 2628 5624 quatur,nihil
2655 5548 3044 5624 cor_nm_od_i_us,
3069 5565 3244 5624 quam
3280 5538 3696 5624 habitationis
3722 5538 3907 5624 loco?

2228 5603 2797 5702 ijiidwigitarepotuit.
2832 5603 3042 5676 Gallus,
3073 5603 3361 5705 interpres
3398 5618 3555 5744 (Ξὶτῖ
3592 5610 3794 5670 nescio
3847 5603 3910 5656 de

2229 5711 2347 5744 mia
2409 5693 2674 5744 thridis
2734 5694 2931 5744 statua
3006 5696 3261 5744 somnlat
3318 5691 3400 5744 le:
3477 5682 3756 5744 vacards
3820 5685 3909 5744 συθ

2229 5682 2688 5787 suaseras.
2734 5694 2931 5787 δίβιξια
2989 5682 3261 5787 sese
3318 5691 3400 5787 εει
3470 5682 3909 5787 Plautini:

2228 5753 2338 5827 l’on
2364 5753 2577 5827 αιιᾶοὴθ
2603 5766 2643 5824 ὰ
2669 5764 2726 5823 la
2751 5768 2938 5825 statue
2982 5764 3057 5824 du
3104 5767 3275 5826 Tibre.
3326 5753 3626 5838 Denique
3679 5753 3913 5818 tertium
