4054 6174
1200 58 1255 69 ἡ

1084 106 1093 119 δ

1022 138 1029 145 .

524 218 591 239 es“

354 262 359 269 .
466 268 469 269 ,

224 345 331 406 517

1306 338 1905 405 APOLOGETICUS
1945 338 2129 400 ADV.
2175 339 2508 401 GENTES.

3493 350 3615 413 518

219 471 545 543 bestiarum(
573 472 687 545 29),
717 473 848 529 Jam
884 472 935 528 si
967 471 1300 545 pectoribus
1328 473 1442 545 (30)
1472 474 1544 529 ad
1583 470 1844 529 translu-
1872 471 1929 538 Α
1955 468 2215 526 vidundo
2244 470 2358 543 (31)
2379 470 2747 542 praesidentis
2768 474 2948 530 etiam
2977 474 3075 533 illa
3100 476 3244 533 hora
3271 494 3388 550 qua
3417 481 3609 538 accla-

218 564 449 620 cendum
463 562 783 634 quamdam
796 561 1162 633 specularem
1178 562 1486 617 materiam
1511 567 1724 619 natura
1746 562 1854 617 ob-

216 654 482 720 duxisset,
532 653 702 722 cujus
752 668 866 706 non
919 650 1234 723 praecordis
1286 650 1579 722 insculpta
1610 665 1855 722 appare-

216 748 333 798 rent
360 742 405 776 9‘
432 740 566 797 novi
598 756 664 796 ac
694 740 829 796 novi
860 739 1107 796 Caesaris
1156 755 1395 795 scenam
1442 738 1737 812 congiario
1770 738 1857 794 di-

1966 566 2135 615 mant
2164 560 2281 629 (32)
2304 578 2317 615 :

2074 649 2147 698 De
2178 649 2374 698 nostris
2402 650 2557 699 annis
2587 651 2692 714 (32)
2718 652 2815 701 tibi
2843 653 3052 717 Jupiter
3080 666 3272 719 augeat
3303 671 3495 711 annos.

2036 740 2191 797 456
2222 740 2348 794 Haec
2375 740 2744 797 Christianus
2777 746 2899 798 tam
2929 745 3238 802 enuntiare
3281 764 3394 805 non
3426 752 3604 823 novit,

1634 847 1838 908 Varias
1870 846 2171 909 lectiones

275 957 315 991 ³⁸
340 955 530 1034 Pamel
558 964 610 1009 et
641 955 860 1011 Herald.
900 971 913 1010 :
948 956 1435 1034 apparare_nt,_Fr.
1469 940 1667 1034 Junius
1698 969 1727 1008 e
1753 952 1873 1034 cod.
1934 954 2060 1008 Pul.
2109 956 2410 1025 apparent,
2469 956 2654 1034 smteri
2683 972 2701 1009 :
2737 961 3106 1027 apparerent.
3161 964 3361 1034 Porro,
3396 962 3602 1034 Getam,

217 1034 434 1094 Wouw.,
471 1027 639 1096 Gang.
672 1044 693 1081 .·
724 1042 899 1081 scena
930 1044 944 1093 ;
981 1026 1104 1081 Cod.
1135 1026 1289 1081 Futd.
1322 1026 1618 1097 insculpta
1651 1031 1880 1097 pareret
1912 1041 2125 1080 novum
2158 1042 2222 1080 ac
2264 1042 2477 1080 novum
2510 1026 2829 1081 Caesarem.
2868 1034 3053 1085 Scena
3099 1033 3405 1089 conceario
3454 1026 3601 1091 divi;

208 1102 391 1156 dundo
423 1100 856 1172 praesidentem,
888 1114 940 1165 e,
972 1098 1011 1152 i.
1044 1098 1103 1153 h.
1138 1114 1253 1170 quo
1284 1098 1576 1153 reclamat.
1609 1100 1845 1153 Scriver.
1877 1115 1896 1151 :
1918 1102 2269 1170 apparerent
2294 1098 2404 1153 hac
2433 1099 2563 1152 navi
2595 1099 2839 1155 Caesaris
2870 1116 3064 1157 scena.

1638 1205 2156 1267 Commentarius.

211 1316 337 1389 quid
391 1316 640 1389 innuere
694 1313 927 1389 videtur
983 1330 1096 1389 ms.
1161 1314 1223 1370 L.
1296 1314 1357 1368 Β.
1419 1312 1745 1389 ibi,_rTestis
1793 1315 1845 1368 et

215 1385 397 1455 Westa,
431 1388 652 1444 Tiberis
680 1392 736 1440 et
762 1386 964 1441 scholae
1008 1386 1330 1449 bestiarum,
1382 1385 1569 1439 voluit
1617 1385 1763 1440 forte
1793 1393 1846 1440 et

206 1469 410 1521 διαιιιιτ,
446 1460 508 1514 in
538 1458 640 1513 lib.
673 1474 806 1513 cum
831 1458 902 1513 ad
920 1457 1047 1513 Nat.
1082 1458 1153 1513 de
1182 1455 1394 1513 statuis
1443 1459 1619 1513 etiam
1653 1458 1841 1527 loqui-

208 1538 312 1589 tur.
342 1532 489 1586 ΗΑν.

272 1604 377 1674 (29)
410 1602 617 1657 Scholz
647 1601 969 1674 bestiarum.
1025 1598 1153 1670 Rig.
1205 1598 1447 1674 sch‘olnt
1469 1596 1751 1674 Nonnulli
1780 1601 1845 1653 ut

210 1670 629 1731 et'Scriverius
694 1672 1104 1727 bestiariorum.
1168 1700 1237 1711 —-
1279 1670 1497 1725 Sohon
1549 1670 1843 1725 bestiarum

209 1747 426 1802 videtur
454 1761 664 1801 vocare
694 1744 955 1799 studium
988 1742 1133 1797 illud
1176 1743 1590 1811 Romanorum,
1625 1758 1738 1813 quo
1770 1743 1842 1795 ad

211 1820 528 1874 bestiarum
557 1831 786 1888 pugnas
816 1820 873 1870 et
920 1815 1325 1888 venationumi
1348 1817 1842 1888 spect_acula_ta_n-

213 1907 377 1961 quam
409 1890 486 1945 ad
518 1885 780 1945 scholam
811 1885 1254 1961 conveniebant.
1288 1885 1591 1961 Ibimulta
1619 1885 1735 1961 oris
1767 1885 1841 1940 li-

212 1956 407 2027 tientia,
443 1966 513 2016 ut
540 1962 599 2015 in
632 1958 860 2015 cunctis
890 1957 1268 2029 Spectaculis,
1299 1956 1385 2011 vel
1426 1957 1623 2013 innuit
1650 1957 1844 2029 locum

210 2034 299 2089 ubi
328 2032 597 2089 damnati
626 2032 699 2086 ad
730 2028 949 2087 bestias
979 2030 1453 2096 excercebantur,
1489 2030 1567 2084 ibi
1601 2028 1845 2084 maledi-

211 2107 309 2160 ctis
340 2106 536 2170 locus,
569 2102 717 2158 nihil
759 2103 915 2156 enim
962 2102 1220 2157 atrocius
1270 2108 1457 2156 morte
1506 2100 1626 2166 illa,
1660 2102 1843 2155 metui

244 2183 447 2232 oterat.
471 2176 728 2230 Damnat
747 2173 975 2229 theatra
1005 2172 1114 2228 hoc
1136 2174 1312 2228 etiam
1344 2172 1513 2227 titulo
1545 2172 1843 2245 Chrysost.

244 2196 447 2232 Olerat.
471 2196 728 2230 Damnat
749 2196 975 2229 (neutra
1005 2196 1114 2228 Ηυυ
1136 2196 1312 2228 ειιιιιυ
1347 2196 1513 2227 ιιιυιυ
1545 2196 1843 2245 υιιτγδυδι.

209 2196 358 2304 hom.
392 2265 436 2315 1,
471 2248 545 2302 ad
579 2249 690 2301 lsa.
724 2262 799 2312 γι,
831 2262 849 2300 ι
880 2262 893 2300 :
928 2267 957 2293 «
988 2246 1075 2299 An
1108 2260 1176 2300 ex
1224 2245 1623 2311 contumeliis,
1656 2244 1847 2299 convi-

210 2318 901 2389 ciis,scommatibusque,
922 2316 1138 2388 quibus
1167 2320 1524 2387 spectatores
1554 2316 1842 2387 ejusmodi

208 2408 389 2448 rerum
424 2408 495 2447 se
525 2397 732 2445 mutuo
762 2392 1162 2459 conspergunt
1200 2391 1225 2441 γ
1256 2409 1283 2436 ››
1314 2391 1454 2444 ΗΑν.

273 2465 380 2534 (30)
409 2464 548 2519 Jam
574 2464 627 2517 si
652 2457 982 2534 pectoribus.
1022 2457 1139 2534 Ms.
1197 2459 1355 2534 Fuld.
1408 2460 1517 2534 hoc
1565 2459 1737 2534 modo
1766 2457 1846 2513 le-

211 2530 454 2591 ctionem
491 2530 704 2589 format
736 2550 748 2587 :
782 2554 809 2582 α
839 2532 974 2587 Jam
1005 2532 1054 2585 si
1079 2535 1223 2591 pect.
1251 2530 1525 2586 humanis
1556 2533 1627 2585 ad
1650 2536 1847 2585 trans-

209 2607 539 2662 ducenduin
561 2605 855 2676 quoddam
888 2604 1590 2676 specularemmateriam
1634 2620 1691 2676 ιι.
1728 2619 1845 2676 οη»

210 2678 362 2734 Unde
388 2672 717 2733 Scriverius
749 2675 809 2730 in
840 2672 942 2729 ora
996 2673 1129 2729 libri
1162 2673 1299 2737 mei,
1332 2679 1387 2729 et
1440 2673 1727 2729 Meursius
1785 2672 1844 2728 in

210 2750 447 2805 Exercit.
507 2747 645 2803 Crit.
702 2763 770 2801 ex
825 2746 1106 2801 Juvenale
1162 2749 1218 2799 et
1271 2743 1424 2813 aliis,
1489 2768 1517 2795 «
1552 2746 1846 2816 quoddam

212 2822 513 2890 speculare
545 2818 889 2890 emendant.
916 2834 963 2872 c.
1000 2839 1029 2867 »
1059 2818 1176 2890 Ego
1208 2817 1405 2887 potius
1427 2816 1708 2890 insistens
1729 2833 1850 2890 ves-

212 2887 703 2965 stigiislectionis
730 2906 843 2944 me.
878 2887 1005 2965 lego
1040 2905 1053 2943 :
1094 2887 1279 2965 «'Jam
1311 2890 1361 2943 si
1392 2888 1851 2965 pectoribushu-

212 2960 391 3021 ma'nis
420 2964 499 3019 ad
522 2960 1007 3018 translucendum
1029 2961 1328 3032 quondam
1349 2960 1715 3031 specularem
1740 2960 1848 3015 hu-

210 3037 392 3092 manis
414 3036 495 3092 ad
518 3033 1001 3090 translucendum
1024 3033 1324 3103 quondam
1341 3033 1701 3103 specularem
1728 3048 1849 3087 ma-

146 3153 152 3159 .
210 3109 434 3163 teriam.
472 3131 505 3158 »
537 3112 648 3162 etc.
680 3105 827 3159 Nam
856 3121 963 3160 vox
992 3107 1253 3159 humanis
1292 3122 1361 3159 ex
1389 3105 1550 3159 Fuld.
1586 3106 1853 3160 addenda

211 3180 464 3248 videtur,
508 3184 567 3233 et
622 3176 683 3229 τὸ
723 3177 1000 3247 quondam
1060 3176 1352 3247 significat
1413 3180 1642 3247 tempus
1705 3175 1849 3248 illud

211 3266 317 3323 quo
346 3246 536 3323 homo
551 3246 809 3323 formam
844 3248 1081 3323 accepit,
1126 3246 1321 3323 quam
1379 3246 1582 3303 omnes
1632 3246 1848 3323 posteri

209 3319 454 3401 servant.
495 3320 645 3401 Illud
682 3319 903 3401 scilicet
932 3319 1176 3401 dudum;
1192 3320 1422 3401 Momus
1466 3319 1851 3401 reprehenide-
1883 3330 1926 3398 ο

210 3401 310 3459 rat,
355 3395 747 3464 volueratque
767 3462 779 3464 _
806 3392 1073 3464 Socrates
1102 3392 1533 3464 hfenestratum
1598 3392 1852 3447 hominis

211 3474 429 3537 pectus,
484 3481 561 3537 ne
619 3461 967 3537 occultiores
1024 3461 1439 3537 delitescerent
1487 3479 1735 3537 sensus;
1778 3467 1857 3537 E_x

208 3533 367 3607 cujus
400 3534 783 3608 philosophia
813 3533 1404 3608 bilinguesthomines
1425 3536 1675 3608 roptabat
1697 3535 1857 3590 Euri-

210 3606 511 3679 pides,7ita
542 3612 609 3662 ut
638 3606 823 3662 sonus
852 3623 1001 3679 veris
1034 3611 1091 3662 et
1136 3606 1323 3679 falsae;
1343 3607 1673 3677 cuicunque
1718 3623 1857 3679 pro-

212 3677 486 3806 fleret?“
528 3680 589 3733 In
621 3679 833 3750 Hippol.
889 3678 1047 3734 enim
1094 3694 1245 3734 vers.
1299 3677 1424 3749 935,
1472 3677 1736 3735 Theseus
1777 3680 1859 3735 ita

232 3769 359 3806 ocui
393 3769 467 3806 ur
500 3766 517 3805 :

232 3753 467 3824 oquitur
500 3766 517 3805 :

345 3857 497 3931 ΦεῦΙ
530 3861 675 3929 χρῆν
715 3855 1100 3931 βροτοῖσμτῷι(
1130 3851 1305 3931 φίλοιν
1329 3855 1624 3931 τεκμήριον

343 3923 613 4005 ξᾼαφὲςῗὲι
634 3923 865 4005 Ἵξξῗσθᾳι,
897 3926 985 4005 δαὶ
1019 3923 1571 4005 διᾴγῦωσίγφρξγῶν,

339 3997 536 4089 ἶοέτες
564 4000 619 4089 ξί
647 3998 863 4089 ἀληθής
894 3997 1059 4089 tim»
1090 3997 1147 4089 ἕξ
1172 4018 1235 4089 ξε
1261 3997 1558 4089 risit.“-

340 4072 541 4145 Δισσὰς
571 4065 840 4145 Ehem—vde
870 4068 1069 4145 πάντςς
1096 4065 1424 4145 ᾀνθριρπᾳιίς
1455 4065 1624 4145 ἔχειν,

335 4145 446 4217 Τὴν
487 4142 586 4216 μὶν
623 4138 980 4217 tauquam;
1016 4138 1063 4217 δῖ
1088 4138 1239 4217 ᾃςπωζ
1270 4138 1580 4217 ἐτύγχαέὶν,

333 4210 433 4291 Ὠξ-
532 4212 805 4291 φροιίοῦσᾴ
833 4215 877 4268 τ’
912 4210 1053 4291 ἄδικ’
1072 4210 1419 4291 ῼιξηρἑγχςίὲὸ

334 4282 493 4361 "pec
512 4282 614 4356 τῖς
646 4283 875 4358 δικαίας,
905 4284 1041 4339 κούκ
1070 4282 1131 4339 ἂψ
1164 4282 1522 4357 ἠπάσὲῶμεθα.

204 4388 488 4464 I.s,-AHeu
524 4392 537 4447 l
576 4393 885 4464 oportebat
913 4391 1261 4446 hominibus
1304 4396 1501 4464 notam
1536 4390 1857 4453 amicorum

202 4462 573 4535 manifestam
607 4462 868 4535 aliquam
903 4479 1055 4535 esse,
1088 4468 1145 4518 et
1175 4463 1657 4535 dijudicationem
1691 4479 1855 4518 men-

204 4533 296 4601 tis,
324 4538 611 4606 quisnam
661 4533 839 4591 verus
886 4534 963 4589 sit
1018 4533 1275 4601 amicus,
1304 4539 1386 4606 et,
1420 4534 1554 4605 quis
1608 4551 1724 4588 non
1759 4537 1859 4601 ;et

204 4605 397 4663 omnes
446 4608 725 4664 homines
777 4608 1076 4664 duplicem
1128 4622 1329 4662 vocem
1379 4605 1593 4661 habere
1628 4622 1641 4661 :
1676 4622 1857 4661 unam

204 4624 397 4663 omnes
447 4624 725 4664 homines
777 4624 852 4663 cu
908 4624 1076 4661 ucem
1128 4624 1329 4662 vocem
1380 4624 1593 4661 nabere
1628 4624 1641 4661 :
1676 4624 1852 4661 unam

201 4678 431 4745 quidem
484 4696 776 4743 veracem,
826 4624 1069 4734 arteram
1118 4694 1251 4734 vero
1306 4694 1407 4748 pro
1456 4694 1515 4733 re
1565 4682 1701 4733 nata
1751 4677 1852 4733 ob-

202 4748 366 4814 viam,
402 4755 471 4805 ut
497 4768 625 4822 quas
657 4751 938 4822 cogitaret
962 4751 1185 4819 injuste.
1228 4754 1571 4821 argueretur
1601 4766 1670 4822 ex
1702 4748 1849 4822 veri-

203 4822 417 4891 loquia,
452 4821 641 4894 neque
664 4821 789 4892 jam
827 4822 1250 4894 deciperemur.
1287 4844 1315 4870 »
1344 4822 1470 4894 Jam
1521 4821 1675 4894 enim
1721 4821 1850 4891 ejus

200 4894 459 4965 tempore
488 4892 578 4950 vel
608 4893 881 4965 Spartani
910 4892 1058 4950 tales
1094 4898 1285 4959 erant,
1323 4897 1389 4948 ut
1421 4892 1502 4948 ait
1528 4893 1586 4947 in
1617 4893 1849 4949 Andro-

205 4964 407 5020 macha
443 4981 457 5019 :

557 5048 633 5108 Εὖ
665 5049 1095 5142 λὲἶοντεςέλλςί
1115 5051 1234 5142 μὲν,

300 5121 535 5196 Γλώσσῃ
565 5119 890 5197 φρονοῧντες
924 5122 970 5178 δ’
1000 5119 1127 5177 ἄλλ’
1156 5120 1520 5198 ἀνευρίσίισεγ
1549 5121 1649 5179 ἀεί.

202 5226 365 5354 ἓξὲξ]
398 5229 581 5357 ἑ]ξὲξί
627 5230 915 5304 interpres
978 5231 1059 5286 ita
1106 5234 1305 5287 noster
1353 5229 1599 5287 Publius
1647 5230 1854 5287 extulit

288 5394 464 5445 Homo
494 5411 707 5461 semper
736 5398 793 5448 in
825 5412 885 5448 os
914 5397 1016 5448 fert
1046 5397 1210 5458 aliud,
1242 5398 1385 5448 aliud
1418 5398 1633 5460 cogitat.

198 5490 471 5564 Dixitque
499 5511 661 5550 more
694 5512 799 5551 suo
831 5494 1084 5551 breviter
1114 5499 1171 5550 et
1205 5494 1431 5550 fortiter
1452 5494 1693 5549 Sallust.
1726 5494 1850 5550 Cat.

198 5576 243 5615 ο.
278 5585 305 5611 ‹‹
335 5566 513 5639 Aliud
549 5567 820 5623 clausum
851 5568 910 5622 in
934 5571 1197 5639 pectore,
1232 5566 1388 5639 aliud
1420 5566 1624 5637 lingua
1656 5584 1852 5639 prom-

234 5639 359 5710 tum
396 5636 631 5693 habere.
665 5661 692 5689 ι)
744 5636 1225 5710 Quandoquidem
1279 5636 1599 5708 aliquando
1633 5636 1698 5694 ;’‹‹
1732 5640 1851 5696 Sub

236 5709 510 5789 ominum
542 5711 748 5789 effigie
767 5709 1022 5789 [Senecae
1048 5712 1224 5789 verba
1263 5711 1424 5789 sunt]
1454 5710 1597 5768 latet
1628 5711 1852 5769 ferinus

201 5781 467 5849 animus,
496 5781 614 5840 imo
646 5781 785 5840 feris
816 5782 1019 5840 savior
1046 5785 1105 5840 et
1133 5782 1467 5839 immanior.
1505 5804 1528 5834 ι

2028 1312 2141 1384 (31)
2171 1312 2464 1384 Congiaria
2496 1311 2814 1387 dividundo.
2858 1315 3230 1387 Congiarium
3266 1322 3355 1374 est
3388 1334 3604 1379 munus

1957 1400 2024 1439 ac
2057 1385 2605 1469 summampecuniee,
2638 1402 2753 1469 qua
2800 1385 3118 1469 imperator
3162 1390 3445 1469 populum
3476 1396 3606 1449 uni-

1955 1472 2190 1531 versum
2239 1457 2529 1531 afficiebat
2561 1474 2575 1525 ;
2610 1462 2668 1531 et
2710 1457 3049 1531 donativum
3099 1457 3503 1531 quo'milites.
3549 1466 3606 1521 Si

1956 1528 2192 1655 quando
2222 1543 2356 1583 vero
2388 1528 2447 1582 in
2477 1528 2775 1599 congiario
2805 1529 3027 1601 aliquid
3058 1528 3265 1602 printer
3292 1537 3605 1606 pecuniam

1998 1599 2225 1655 abatur.
2258 1600 2677 1655 annonebatur.
2712 1606 2842 1655 Lac.

1998 1599 2225 1666 abatur,
2258 1600 2677 1671 apponebatur.
2712 1606 2842 1656 LAC.

2028 1672 2139 1745 (_3'2)
2190 1676 2266 1745 De
2310 1675 2530 1745 nostris
2557 1674 2741 1727 annis.
2794 1672 3174 1728 Occasionem
3237 1690 3354 1745 qua
3400 1679 3605 1735 verisi-

1953 1742 2210 1819 mileest
2230 1742 2391 1819 hanc
2416 1742 2895 1819 acclamationem
2942 1742 3309 1819 usurpatam,
3359 1751 3603 1819 pulchre

1952 1812 2198 1894 inquirit
2225 1813 2530 1894 _Heraldus,
2556 1817 2827 1894 quodque
2849 1817 3061 1894 saepius
3092 1812 3273 1873 ’νει-ει]
3295 1812 3305 1817 ⁷
3327 1812 3608 1894 concepta

1952 1884 2173 1965 fuerint
2187 1886 2479 1965 ejusmodi
2501 1884 2836 1965 acroamata
2854 1884 3151 1965 illustrare
3166 1895 3356 1965 potest
3370 1893 3426 1947 id
3447 1884 3603 1965 quod

1876 1963 1921 2027 Β
1952 1957 2010 2011 in
2043 1957 2305 2040 Caligula
2334 1974 2392 2040 _c.
2415 1960 2470 2040 6,
2505 1963 2670 2040 notat
2698 1964 2933 2040 Sueten.
2967 1957 3313 2040 Germanico
3345 1957 3603 2040 pris-tina

1961 2030 2201 2111 sanitati
2234 2030 2600 2111 restituto,ut
2633 2033 3059 2103 putabatur,ab
3094 2030 3365 2092 universo
3389 2039 3606 2111 populo

1956 2100 2137 2157 fuisse
2166 2101 2555 2157 acclamatum
2590 2119 2602 2158 :

2050 2208 2228 2267 Salva,
2260 2209 2446 2268 Roma,
2478 2208 2623 2258 salva
2652 2209 2847 2271 patria,
2889 2209 3069 2261 salvus
3114 2216 3194 2262 est
3240 2213 3604 2279 Germanicus,

1955 2308 2046 2386 est
2075 2305 2232 2387 enim
2255 2305 2483 2388 integer
2511 2305 2872 2389 trochaicus.
2904 2307 2969 2389 Et
3001 2313 3197 2389 aperte
3228 2314 3478 2389 testatur
3498 2314 3604 2389 Co-

1956 2379 2163 2459 rippus
2192 2379 2253 2459 in
2286 2379 2547 2459 carmine
2568 2379 2723 2450 quod
2751 2379 2809 2433 in
2831 2379 3069 2459 tandem
3104 2381 3474 2453 imperatoris
3494 2386 3602 2442 Ju-

1956 2449 2095 2503 stini
2127 2449 2365 2519 scripsit
2394 2449 2496 2504 lib.
2526 2449 2597 2505 ιιζ
2623 2466 2795 2506 versu
2829 2452 2933 2506 317
2976 2468 2989 2506 :

2048 2554 2353 2617 Disponunt
2386 2558 2597 2613 cantus,
2628 2555 2878 2605 modulos
2911 2557 2965 2605 et
2998 2558 3220 2609 vocibus
3249 2561 3470 2627 addant,

1956 2652 2054 2735 ubi
2088 2652 2414 2735 exprimere
2445 2652 2629 2708 voluit
2659 2653 2806 2735 illud
2840 2655 3104 2735 Suetonii
3153 2657 3212 2713 in
3260 2660 3521 2735 Caligula
3551 2680 3602 2720 c.

1959 2725 2047 2797 _16,
2081 2746 2106 2776 ‹‹
2133 2723 2482 2797 ‘Nobilisque
2515 2726 2713 2797 pueris
2744 2743 2811 2783 ac
2842 2727 3075 2797 puellis,
3102 2732 3359 2788 carmine
3383 2723 3606 2791 inodu-

1956 2795 2097 2870 lato,
2132 2795 2336 2870 laudes
2368 2795 2616 2870 virtutes
2646 2800 2775 2870 ejus
2806 2795 3173 2856 canentibus.
3228 2822 3253 2853 υ
3289 2807 3394 2870 Qui
3446 2808 3603 2863 idem

1958 2867 2492 2946 princepsimperii
2524 2867 2693 2946 initio
2726 2875 2790 2925 ut
2819 2871 3024 2942 optimi
3064 2867 3392 2946 Germanici
3422 2878 3600 2946 filius,

1956 2943 2183 3014 tantam
2215 2940 2286 2994 de
2317 2940 2377 2995 se
2409 2956 2573 3014 spem
2604 2945 2662 2996 et
2692 2940 2951 2997 amorem
2986 2944 3356 3014 excitaverat,
3408 2955 3471 3003 ut
3502 2940 3603 3005 ubi

1960 3012 2020 3065 in
2047 3012 2352 3089 adversam
2376 3012 3037 3089 Avaletudinemincidit,
3071 3036 3099 3089 <_<
3133 3016 3259 3072 Non
3290 3012 3603 3089 defuerint,

1960 3084 2061 3153 qui
2092 3082 2522 3165 depugnatores
2554 3100 2613 3139 se
2661 3085 2975 3165 armispro
3008 3086 3196 3142 salute
3253 3094 3412 3162 aagri,
3472 3082 3605 3165 qui;

1960 3169 2073 3231 que
2096 3156 2296 3231 capita
2328 3171 2436 3209 sua
2466 3156 2768 3231 praposito
2807 3157 2981 3231 titulo
3029 3156 3333 3231 voverant:
3380 3156 3403 3213 ί
3454 3156 3602 3221 ibid.

1962 3242 2018 3301 c._
2049 3227 2115 3279 14
2145 3234 2525 3301 quospostea
2546 3228 2805 3301 crudelis
2836 3229 2935 3283 ille
2977 3234 3264 3301 tyrannus
3296 3227 3493 3291 votum
3536 3253 3607 3292 ex

1966 3296 2121 3369 plere
2152 3296 2340 3368 coegit
2395 3314 2441 3352 c.
2502 3298 2591 3352 27.
2650 3298 2981 3354 Vehemens
3006 3296 3167 3355 'vero
3226 3307 3442 3361 amoris
3498 3306 3610 3364 iste

1966 3374 2160 3434 estus,
2194 3386 2308 3439 quo
2340 3385 2442 3440 pro
2473 3370 2587 3424 alio
2633 3371 2777 3425 mori
2814 3372 2974 3446 quis
3007 3372 3198 3446 cupit,
3238 3376 3349 3446 ipsi
3378 3382 3443 3433 ut
3486 3378 3608 3435 vita

1964 3446 2330 3513 prorogetur,
2380 3446 2659 3512 tantoque
2715 3442 3211 3513 sceleratius,'vel
3262 3442 3324 3502 in
3387 3449 3609 3507 talibus

1962 3512 2157 3591 verbis
2188 3519 2435 3591 mortem
2466 3515 2595 3591 ejus
2625 3520 2847 3591 optare.
2882 3515 3015 3591 _H_oc
3060 3512 3409 3591 plerumque
3440 3538 3609 3579 ama-

1964 3584 2194 3714 Eoribus
2222 3584 2413 3711 ingore
2443 3590 2588 3654 erat,
2620 3586 2774 3643 unde
2798 3586 3044 3660 pulchre
3068 3584 3348 3648 Horatius
3382 3594 3484 3651 lib.
3518 3612 3603 3665 ιιι,

2010 3672 2152 3712 arm.
2189 3674 2267 3714 IX.
2359 3674 2372 3713 :

2010 3672 2152 3712 arm.
2189 3674 2267 3723 Ix,
2291 3672 2326 3711 ν
2359 3674 2372 3713 :

2149 3752 2233 3802 Me
2267 3754 2624 3818 uuuc_Tresse
2646 3754 2804 3818 Chios
2834 3758 2993 3818 regit,

2187 3815 2378 3864 Dulces
2406 3815 2590 3865 doctas
2619 3817 2798 3875 modo,
2832 3823 2883 3868 et
2911 3815 3128 3871 cithara:
3159 3822 3331 3872 sciens
3361 3837 3376 3873 :

2151 3879 2251 3943 Pro
2281 3892 2385 3941 qua
2416 3892 2526 3927 non
2556 3884 2786 3943 metuam
2822 3884 2972 3943 mori,

2183 3941 2249 3991 Ut
2278 3945 2502 4004 parcent
2531 3943 2721 3991 animus
2751 3942 2857 3991 fata
2884 3941 3179 4007 superstiti.

1968 4027 2060 4083 cui
2092 4027 2404 4100 pulchrius
2438 4030 2751 4101 respondet
2782 4031 2963 4103 Lydia
2995 4049 3009 4088 :

2151 4126 2235 4175 Me
2265 4130 2432 4177 torret
2459 4126 2573 4176 face
2603 4130 2787 4175 mutua

2195 4189 2417 4237 Thurini
2450 4189 2617 4238 Calais
2652 4189 2788 4237 ﬁlius
2819 4190 3047 4250 Ornithi,

2157 4250 2260 4315 Pro
2290 4265 2399 4314 quo
2429 4252 2511 4300 bis
2540 4252 2681 4315 patia
2710 4253 2863 4313 mori,

2201 4314 2254 4363 Si
2289 4318 2509 4375 parcent
2538 4314 2705 4377 puero
2729 4315 2836 4365 fata
2866 4316 3155 4379 superstiti,

1965 4401 2036 4455 Et
2064 4402 2218 4527 atpud
2253 4400 2543 4472 Plautum,
2574 4402 2728 4458 Asin.
2765 4402 2859 4473 ΙΙΙ,
2892 4419 2976 4470 ιιι,
3014 4406 3098 4476 18,
3133 4406 3333 4463 amicae
3362 4424 3616 4483 conque-

1968 4490 2071 4528 ren
2111 4491 2124 4527 ι

2058 4561 2161 4609 Cur
2178 4563 2233 4608 tu
2247 4559 2469 4609 obsecro
2483 4561 2750 4611 immerito
2766 4576 2884 4613 meo
2898 4576 2981 4613 me
2997 4567 3184 4616 mortis
3198 4568 3393 4620 dedere
3411 4574 3564 4635 optas
3595 4575 3619 4622 τ

1970 4649 2070 4703 dat
2095 4665 2443 4720 responsum
2478 4666 2685 4705 amans
2707 4650 2947 4721 juvenis
2983 4669 2995 4708 :

2055 4746 2162 4819 ligo
2192 4748 2241 4795 te
2269 4746 2295 4793 τ
2325 4747 3150 4819 quam‘stintelligam_deﬁcere
3182 4755 3414 4819 vita,jam
3445 4757 3559 4819 ipse

2047 4809 2219 4857 Vitam
2250 4822 2423 4858 meam
2447 4809 2540 4858 t.bi
2572 4809 2798 4873 largiar,
2820 4818 2871 4860 et
2892 4812 2959 4862 de
2992 4828 3112 4863 mea
3144 4817 3207 4865 ad
3241 4809 3386 4867 tu'zim
3409 4809 3619 4870 ad'dam.

1959 4897 2121 4963 Quod
2154 4897 2590 4980 tamenmerito
2624 4901 2809 4980 magis
2844 4898 3269 4980 illi_usurp_ent_,
3300 4906 3452 4962 inter
3474 4925 3620 4980 quos

1961 4985 2075 5023 non
2128 4968 2301 5041 malis
2356 4969 2747 5040 interruptam
2794 4968 3185 5041 querimoniis
3236 4968 3392 5033 haud
3444 4968 3619 5037 citius

1959 5044 2213 5125 entrenma
2243 5040 2338 5125 die
2369 5042 2637 5125 copulam
2674 5040 2837 5125 amor
2879 5044 3074 5125 _solvit,
3125 5052 3190 5102 ut
3240 5050 3380 5108 facit
3411 5051 3618 5125 lugens

1963 5112 2077 5167 iste
2098 5112 2208 5166 Titi
2240 5112 2486 5167 Caesaris
2518 5112 2767 5168 libertus
2800 5115 3118 5173 Arimetus.

2146 5209 2199 5259 Si
2220 5222 2458 5320 ἔπειτα
2490 5210 2737 5283 animas?
2769 5212 3008 5263 sinerent
3038 5216 3274 5269 crudelia
3304 5221 3429 5284 fata,

2263 5277 2281 5320 t
2312 5277 2495 5320 nosset
2524 5274 2713 5320 redimi
2745 5280 2917 5320 morte
2948 5276 3120 5320 aliena
3150 5282 3294 5320 ιηΙιηι
3328 5299 3341 5312 ο

2263 5277 2281 5321 t
2312 5277 2495 5334 posset
2524 5274 2713 5322 redimi
2745 5280 2917 5325 morte
2948 5276 3122 5330 aliena
3149 5282 3294 5333 salus
3328 5299 3341 5334 :

2152 5335 2639 5413 Quantumcunque
2670 5350 2804 5413 mem
2835 5337 3102 5413 debentur
3131 5348 3377 5413 tempora
3406 5348 3548 5413 vitae,

2214 5397 2529 5448 Pensassem
2555 5397 2663 5462 ’pro
2694 5404 2763 5461 te,
2796 5415 2919 5450 cara
2947 5397 3265 5467 Homonma;
3288 5397 3479 5461 libens.

1962 5486 2164 5567 Exstat
2194 5488 2524 5567 inscriptio
2542 5494 2735 5545 Roma:
2770 5490 2829 5545 in
2865 5496 3070 5567 cardin
3089 5498 3199 5554 alis
3229 5502 3389 5557 Ccelii
3422 5503 3629 5567 hortis,

1964 5560 2779 5645 refertqueillamﬁruterus
2816 5564 2999 5645 etalii
3032 5568 3087 5623 in
3142 5572 3408 5645 inscript.
3459 5560 3624 5645 Multi

1964 5647 2101 5759 ﬁeri?
2136 5630 2376 5759 Ctodices
2410 5634 2553 5689 editi
2588 5638 2652 5689 ut
2676 5633 2807 5689 Ald.
2839 5636 3051 5707 Rhen.,
3087 5647 3149 5695 ut
3183 5630 3345 5698 Fuld‘.
3378 5646 3435 5697 et
3467 5644 3528 5697 L.
3554 5647 3617 5699 Β.

2010 5721 2042 5759 a
2086 5720 2155 5759 en
2220 5722 2232 5760 :

2157 5795 2231 5846 De
2266 5795 2466 5848 nostris
2497 5794 2656 5847 annis
2691 5795 2884 5857 augeat
2917 5795 3011 5847 tibi
3040 5798 3248 5864 Jupiter
3280 5814 3469 5854 annos.
