4054 6174
80 46 137 73 Τπ
166 46 317 81 i‘f‘T‘f

221 332 301 391 εει
1274 323 1867 389 APOLOGETIGUS
1906 323 2087 386 ADV.
2133 323 2463 385 GENTES.

214 462 581 537 parricidarum
614 462 931 517 racematio
961 465 1285 534 superstes,
1319 477 1495 531 quam
1534 459 1807 516 recentis-
1834 462 1891 529 Α

214 554 336 611 simis
361 552 472 619 (39)
530 555 587 606 et
644 548 1064 606 ramosissimis
1118 550 1336 605 laureis
1396 551 1547 606 459
1609 554 1808 620 postes

211 639 627 717 praestruebant?
652 655 826 709 quam
858 638 1201 694 elatissimis
1235 639 1344 709 (40)
1377 644 1433 693 et
1463 638 1813 692 clarissimis

211 732 415 788 lucernis
464 727 754 783 vestibula
806 728 1190 782 enubilabant
1218 728 1305 781 9°?
1340 744 1515 799 quam
1560 726 1814 781 cultissi-

209 823 294 876 mis
316 822 364 873 et
408 817 856 889 superbissimis
887 816 1030 871 toris
1067 817 1172 887 (41)
1206 816 1398 872 forum
1445 816 1555 871 sibi
1588 816 1810 871 divide-

209 907 353 965 bant?
381 924 497 962 non
546 912 611 960 ut
641 906 857 977 gaudia
908 904 1142 975 publica
1190 905 1571 967 celebrarent,
1606 906 1703 960 sed
1748 906 1813 959 ut

205 1004 306 1054 vota
331 996 563 1068 prepria
583 997 709 1066 jam
758 996 1056 1049 edicerent
1077 996 1093 1029 ί
1138 998 1193 1049 et
1226 992 1283 1048 in
1317 994 1506 1049 aliena
1538 993 1813 1050 solemni-

208 1092 293 1143 tate
310 1084 631 1155 exemplum
655 1087 829 1154 atque
846 1083 1160 1154 imaginem
1185 1082 1307 1155 spei
1340 1100 1460 1139 suze
1490 1083 1811 1155 inaugura-

202 1180 533 1243 rent,nomen
561 1171 845 1244 principis
876 1173 932 1226 in
966 1172 1137 1227 corde
1170 1176 1460 1227 mutantes
1492 1172 1511 1206 2
1545 1173 1677 1243 (42).
1704 1173 1809 1227 Ea-

204 1268 306 1320 dem
333 1264 522 1319 ol‘ﬁcia
552 1262 893 1334 dependunt
920 1266 977 1316 et
1006 1261 1107 1333 qui
1139 1261 1464 1333 astrologos
1495 1267 1551 1315 et
1579 1262 1809 1332 aruspi-

201 1370 275 1409 ces
294 1358 344 1409 et
361 1367 616 1423 augures
643 1354 700 1406 et
726 1366 925 1421 magos
947 1350 1018 1405 de
1045 1350 1339 1406 Caesarum
1363 1351 1552 1422 capite
1575 1351 1808 1405 consul-

198 1447 316 1511 tant,
344 1458 492 1514 quas
514 1444 669 1496 artes
691 1444 758 1495 ut
780 1440 850 1495 ab
877 1438 1102 1511 angelis
1125 1439 1526 1495 desertoribus
1548 1439 1809 1510 proditas

200 1540 243 1588 et
260 1550 286 1587 a
307 1538 405 1587 er
429 1530 774 1585 interdictas
802 1546 872 1583 ne
893 1529 1018 1584 suis
1043 1528 1283 1600 quidem
1313 1529 1506 1585 causis
1530 1530 1813 1584 adhibent

196 1620 499 1677 Christiani.
532 1618 634 1673 Cui
687 1622 882 1674 autem
914 1634 1063 1688 opus
1095 1623 1185 1672 est
1232 1617 1588 1688 perscrutari
1636 1634 1813 1688 super

196 1712 398 1767 Cesaris
452 1707 663 1775 salute,
696 1706 808 1763 nisi
841 1724 874 1761 a
906 1723 1021 1779 quo
1078 1706 1302 1779 aliquid
1336 1708 1617 1761 adversus
1649 1706 1808 1761 illam

195 1801 453 1872 cogitatur
482 1797 568 1853 vel
602 1800 856 1869 optatur,
890 1799 990 1851 aut
1037 1799 1170 1868 post
1200 1794 1362 1851 illam
1410 1800 1676 1867 speratur
1706 1796 1726 1831 ³
1758 1800 1815 1850 et

196 1887 681 1945 sustinetur?Ncn
713 1885 870 1942 enim
903 1902 969 1941 ea
1000 1889 1196 1940 mente
1228 1885 1298 1940 de
1331 1884 1527 1941 charis
1560 1884 1815 1940 consuli-

193 1984 286 2043 tur,
316 1995 425 2050 qua
457 1977 530 2032 de
563 1974 841 2031 dominis.
872 1974 1053 2030 Aliter
1084 1960 1325 2031 curiosa.
1347 1980 1437 2030 est
1483 1973 1815 2030 sollicitudo

194 2067 494 2139 sanguinis,
527 2064 693 2120 aliter
723 2063 1045 2119 servitutis.

3453 327 3575 391 522

2490 456 2723 514 CAPUT
2762 457 3001 513 XXXVI.

1925 548 2463 621 Ancumenrums—
2494 547 2676 621 Hoste:
2704 548 2878 617 igitur
2901 546 3091 602 haberi
3113 562 3287 618 posse,
3319 550 3419 621 qui
3450 548 3577 604 hos-

1995 618 2097 673 tile
2125 618 2270 672 nihil
2301 619 2566 674 adversus
2588 618 2884 674 Romanum
2916 620 3000 674 vel
3021 618 3433 690 imperium—vel
3463 623 3575 677 im-

1990 697 2302 761 peratorem
2350 692 2579 762 spirent,
2611 691 2720 763 imo
2768 693 2864 763 qui
2893 693 3035 762 quod
3074 694 3401 763 imperatori
3426 701 3578 761 sunt,

1992 763 2172 836 etiam,
2194 764 2303 817 sint
2349 762 2503 836 aliis.
2537 762 2731 833 quibus
2772 762 2925 818 male
2954 764 3109 831 velle,
3142 762 3297 818 inale
3333 767 3580 836 cogitare

1991 849 2099 907 non
2132 835 2295 888 liceat
2324 834 2388 888 de
2417 836 2567 901 aliis,
2598 836 2770 889 multo
2800 836 2985 889 minus
3015 836 3080 889 de
3110 834 3462 906 imperatore,
3482 853 3580 907 qui

1992 905 2063 960 ad
2093 907 2207 960 tale
2233 908 2522 977 fastigium
2552 922 2583 961 a
2611 907 2716 961 Deo
2744 910 2951 961 evectus
2981 911 3081 962 est.

1992 994 2051 1049 Si
2082 994 2201 1050 haec
2234 995 2317 1049 ita
2349 1001 2508 1062 sunt,
2544 1000 2607 1050 ut
2656 995 2855 1050 hostes
2903 996 3437 1067 deprehendantur,
3470 996 3574 1067 qui

1923 1083 2168 1138 Romani
2201 1084 2587 1150 vocabantur,
2624 1100 2730 1138 cur
2760 1100 2887 1151 nos,
2922 1084 3021 1155 qui
3056 1084 3250 1140 hostes
3280 1085 3575 1141 existima-

1921 1188 2070 1233 mur,
2129 1173 2376 1226 Romani
2421 1173 2802 1243 negamur“?
2832 1190 2948 1227 non
2982 1190 3299 1244 possumus
3350 1179 3406 1231 et
3458 1178 3573 1230 Ro-

1922 1261 2080 1316 mani
2112 1263 2266 1316 460
2297 1277 2447 1327 esse,
2479 1266 2536 1317 et
2585 1263 2782 1316 hostes
2816 1279 2929 1316 non
2962 1278 3090 1317 esse
3121 1263 3161 1330 ⁵,
3196 1279 3323 1318 cum
3372 1263 3572 1320 hostes

1920 1350 2291 1421 reperiantur
2332 1351 2430 1421 qui
2462 1350 2708 1405 Romani
2760 1350 3150 1406 habebantur.
3184 1352 3335 1407 Adeo
3384 1352 3574 1424 pietas

1919 1446 1976 1495 et
2006 1439 2207 1511 religio
2240 1440 2355 1511 (44)
2386 1445 2444 1495 et
2470 1440 2614 1495 fides
2648 1439 3104 1510 imperatoribus
3135 1441 3334 1497 dedita
3366 1457 3481 1497 non
3516 1442 3576 1498 in

1920 1529 2262 1599 huiusmodi
2316 1528 2525 1583 ofﬁciis
2574 1528 2867 1595 consistit,
2902 1528 3117 1600 quibus
3176 1533 3235 1585 et
3276 1528 3581 1587 hostilitas

1921 1618 2104 1690 magis
2136 1618 2207 1673 ad
2257 1617 2656 1674 velamentum
2691 1617 2782 1673 sui
2831 1621 3021 1690 potest
3051 1618 3240 1690 fungi,
3272 1620 3374 1675 sed
3408 1620 3469 1676 in
3502 1619 3576 1678 iis

1923 1707 2209 1775 moribus,
2269 1707 2487 1778 quibus
2561 1705 2808 1762 civilitas
2868 1706 2926 1761 in
2982 1706 3397 1778 imperatorem
3456 1713 3583 1765 tam

1923 1813 2054 1851 vere
2082 1797 2123 1863 ⁸,
2158 1812 2336 1867 quam
2369 1795 2522 1851 circa
2559 1812 2764 1852 omnes
2787 1812 3025 1851 necesse
3048 1796 3264 1851 habet?
3295 1796 3580 1855 exhiberi.

1926 1885 2123 1957 Neque
2156 1884 2313 1941 enim
2352 1884 2474 1941 haec
2505 1902 2679 1958 opera
2711 1884 2877 1941 bonae
2912 1883 3124 1940 mentis
3158 1884 3299 1941 solis
3330 1886 3584 1959 impera-

1925 1975 2153 2031 toribus
2177 1975 2464 2030 debentur
2485 1992 2518 2031 a
2537 1975 2728 2031 nobis.
2756 1974 2996 2030 Nullum
3024 1975 3245 2031 bonum
3279 1975 3389 2031 sub
3421 1992 3587 2032 exce-

1927 2064 2123 2136 ptione
2179 2080 2563 2136 personarum
2640 2063 3153 2135 administramus,
3212 2064 3354 2137 quia
3410 2064 3583 2122 nobis

1597 2215 1801 2277 Varim
1830 2214 2153 2278 lectiones.

250 2342 286 2376 ⁹⁹
311 2344 437 2397 Ηηυ.
474 2356 506 2395 ε
534 2340 653 2397 cod.
687 2339 840 2395 Fuld.
875 2337 1265 2407 nubilabant;
1300 2342 1418 2409 Rig.
1451 2348 1503 2396 et
1529 2342 1657 2397 Jun.
1686 2356 1715 2395 e
1744 2340 1860 2396 eod.
1895 2346 2028 2396 Put.
2063 2339 2440 2395 nebulabant.
2464 2341 2527 2395 In
2556 2339 2672 2394 cod.
2706 2340 2877 2411 Lugd.
2905 2339 3098 2395 desunt
3118 2356 3202 2395 vv.
3237 2355 3415 2411 quam
3447 2338 3584 2396 elat.

192 2416 570 2469 enubilabant.
652 2414 667 2447 ¹
699 2414 817 2483 Rig.
846 2418 896 2467 et
929 2416 1067 2467 Hav.
1101 2411 1396 2483 edicerent
1426 2412 1482 2466 in
1516 2412 1590 2466 al.
1626 2411 1729 2467 sol.
1764 2418 1820 2467 et
1850 2412 2183 2483 exemplum
2214 2423 2315 2468 cet.
2348 2413 2431 2467 Al.
2465 2412 2830 2478 ediscerent;
2862 2412 2978 2467 cod.
3029 2413 3199 2481 Lugd.
3232 2414 3301 2467 1!.
3352 2412 3585 2468 edisse-

190 2492 315 2553 rent,
346 2504 412 2543 ne
448 2486 509 2538 in
544 2484 619 2538 al.
656 2482 777 2539 sol.
798 2488 854 2537 et
900 2482 1231 2553 exemplum
1265 2489 1375 2539 cet.

1479 2486 1500 2519 ²
1534 2485 1699 2539 Rhea.
1729 2489 1779 2540 et
1812 2484 1922 2541 Gel.
1953 2501 1972 2540 :
2004 2486 2324 2554 imitantes,
2358 2483 2473 2539 cod.
2526 2483 2705 2555 Lugd.
2754 2485 3087 2538 invitantes.

3190 2483 3212 2517 ³
3248 2485 3524 2555 Separatu
3537 2502 3584 2549 r,

189 2558 299 2612 Hau.
369 2560 390 2592 ⁴
418 2562 737 2627 Negemur,
772 2558 900 2609 Par.
976 2555 996 2588 ⁵
1031 2557 1244 2609 Pamel.
1278 2557 1488 2625 aliique
1517 2569 1571 2612 et
1603 2557 1852 2611 Romani
1884 2573 1999 2611 non
2034 2572 2163 2611 esse
2194 2563 2250 2612 et
2278 2556 2477 2611 hostes
2509 2572 2655 2610 esse.
2731 2556 2751 2591 ⁶
2785 2560 2948 2611 Hune
2998 2556 3287 2611 lectionem
3334 2557 3582 2611 restituit

190 2631 381 2683 Wouw.
406 2645 435 2684 e
469 2645 599 2693 ms.,
630 2630 723 2682 cui
754 2627 966 2682 assensi
994 2630 1126 2680 sunt
1154 2627 1295 2697 Ilig.,
1337 2629 1470 2682 Hav.
1505 2629 1711 2698 aliique
1732 2644 1752 2689 ;
1774 2628 1897 2683 edd.
1928 2630 2143 2699 priores
2175 2646 2188 2684 :
2219 2629 2439 2692 Quibus
2468 2628 2745 2682 divinitas
2778 2627 3047 2698 imperat,
3073 2632 3192 2681 tam
3226 2644 3375 2696 vere,
3408 2643 3582 2698 quam

189 2705 278 2755 cet.
307 2705 455 2757 Hau.
490 2703 679 2755 autem
706 2703 756 2754 et
788 2699 964 2754 Bitter
991 2702 1455 2767 transposuerunt
1484 2717 1569 2756 vv.
1605 2700 1853 2756 civilitas
1884 2705 2003 2755 tam
2037 2716 2167 2756 vere
2198 2701 2255 2756 in
2288 2701 2455 2771 imp.,
2480 2715 2659 2770 quam
2691 2703 2799 2755 cet.
2875 2701 2895 2735 ⁷
2926 2699 3173 2756 Necesse
3204 2699 3403 2769 habet,
3432 2701 3587 2757 abest

185 2778 300 2829 Par.

1609 2870 2129 2932 Commentarios.

186 3005 429 3076 cognosci
466 3020 483 3060 :
519 3025 541 3051 ι
579 3003 768 3074 Hujus
792 3001 935 3076 illud
967 3005 1131 3074 pueri
1162 3003 1347 3076 fertur
1374 3003 1625 3076 insigne,
1662 3006 1818 3075 quod

187 3075 297 3130 cuin
325 3077 494 3133 vellet
527 3077 783 3147 partium
808 3075 1173 3131 diversarum
1208 3075 1362 3130 viros
1393 3075 1634 3132 Severus
1668 3077 1820 3131 occi-

97 3192 107 3205 .
186 3148 323 3216 dare,
369 3154 425 3203 et
482 3149 639 3203 inter
687 3163 827 3202 suos
869 3149 1107 3216 diceret,
1159 3147 1356 3202 hostes
1398 3149 1559 3203 vobis
1612 3148 1817 3219 eripio,

184 3222 639 3291 consectiretque
700 3220 862 3291 adeo,
900 3236 1087 3291 usque
1119 3220 1460 3286 Bassianus,
1494 3224 1560 3275 ut
1613 3237 1817 3276 eorum

187 3292 339 3346 etiam
389 3289 635 3361 liberos,
669 3296 726 3345 et
756 3289 868 3346 sibi
912 3289 1266 3359 consuleret,
1299 3291 1517 3347 diceret
1546 3293 1817 3347 occiden-

182 3364 295 3430 dos,
323 3364 464 3419 Geta
498 3366 896 3435 interrogasse
924 3366 1126 3429 fertur,
1160 3368 1417 3435 quantus
1448 3369 1603 3418 esset
1641 3364 1819 3419 inter-

185 3435 552 3492 ficiendorum
602 3451 906 3505 numerus,
941 3451 1193 3506 cumque
1224 3435 1465 3491 dixisset
1507 3440 1693 3506 pator,
1723 3436 1820 3492 ille
1851 3436 1893 3503 C

182 3506 550 3581 interrogavit
582 3525 596 3561 :
631 3506 730 3561 Isti
754 3507 972 3561 habent
993 3511 1287 3581 parentes,
1321 3507 1541 3562 habent
1574 3508 1816 3581 propin-

185 3580 358 3651 quos?
387 3578 529 3635 cum
583 3594 932 3651 responsum
967 3578 1141 3643 esset,
1176 3578 1390 3634 habere
1434 3578 1765 3651 complures
1798 3596 1811 3634 :

183 3649 545 3725 Pluresrergo
592 3653 650 3705 in
687 3649 932 3706 civitate
980 3652 1399 3725 tristesgerunt
1449 3649 1624 3724 quam
1675 3652 1812 3721 laeti,

182 3724 313 3794 quod
344 3722 625 3779 vicimus.
662 3744 690 3771 ››
723 3753 791 3765 -ςο
823 3746 851 3773 ‹‹
888 3727 953 3777 Et
981 3722 1326 3777 obtinuisset
1379 3722 1565 3794 (addit
1596 3725 1814 3779 ibidem

184 3792 377 3867 Spart.)
410 3798 547 3867 ejus
597 3795 907 3860 sententia,
950 3795 1062 3850 nisi
1115 3792 1458 3867 Plautianus
1510 3796 1815 3867 praefectus

182 3865 594 3947 reannvenalis
644 3866 997 3947 institissent
1043 3882 1145 3947 spe
1204 3865 1817 3947 proscriptionumbx

182 3938 375 4006 quibus
405 3939 581 3993 ditati
615 3943 777 3995 sunt.
821 3958 846 3990 ι
883 3938 946 3992 In
967 3937 1207 3993 vocibus
1254 3955 1386 3993 vero
1416 3939 1519 3993 sed
1547 3943 1599 3994 et
1631 3940 1725 4010 qui
1753 3937 1815 3991 τὸ

184 4012 224 4061 et
272 4012 556 4083 expungit
603 4010 735 4083 Ald.
784 4018 837 4083 et
878 4026 1007 4083 mox
1054 4011 1113 4064 in
1169 4010 1331 4065 Fuld.
1383 4027 1487 4081 pro
1543 4020 1819 4080 superstes

183 4082 444 4138 mendosa
476 4082 1002 4155 scripturauhabet
1030 4085 1292 4154 superest,
1347 4086 1407 4136 ut
1437 4086 1492 4138 et
1523 4087 1580 4137 L.
1614 4088 1675 4137 Β.
1713 4100 1816 4155 pro

181 4168 326 4226 quam
356 4170 603 4226 semper
628 4152 750 4226 qui.
785 4152 924 4226 Hav.
1038 4214 1041 4217 _

240 4224 343 4297 (39)
376 4224 831 4287 Βεεὲηἰίςέίπιὶε,
864 4225 1010 4279 Nota
1058 4240 1289 4297 Vmorem
1351 4224 1685 4295 antiquum,
1729 4243 1818 4281 re-

178 4302 356 4368 centes
389 4299 653 4354 maxime
704 4299 898 4352 lauros
930 4296 1207 4351 adhibere
1238 4301 1584 4368 tantamque
1614 4314 1814 4353 earum

175 4366 274 4421 vim
304 4374 360 4423 et
406 4368 910 4441 magnitudinem,
946 4373 1011 4423 ut
1042 4369 1208 4440 quasi
1260 4369 1453 4423 aditus
1490 4366 1817 4440 januarum

176 4445 637 4509 priestrueretur.

236 4513 340 4579 (40)
373 4513 748 4569 Elatissimis.
781 4509 1048 4581 Intelligo
1082 4510 1153 4564 de
1184 4508 1330 4565 serie
1363 4510 1732 4565 lucernarum
1766 4516 1822 4567 et

176 4591 466 4656 suggestu,
504 4590 574 4639 ut
623 4585 827 4638 Noster
875 4599 1055 4656 supra
1101 4582 1332 4656 locutus
1381 4587 1494 4656 est,
1523 4585 1819 4655 quomodo

171 4653 322 4726 quasi
356 4653 651 4712 tabulatis
695 4656 921 4726 aliquot
968 4655 1025 4707 in
1058 4653 1382 4726 vestibulis
1412 4653 1499 4708 vel
1549 4653 1820 4726 postibus

170 4723 541 4783 lucernarum
564 4723 812 4782 istarum
836 4726 1017 4781 series
1060 4726 1138 4779 sed
1152 4726 1340 4779 ificata
1362 4723 1814 4784 fuisse—videtur.

2024 3004 2159 3063 Ouid
2188 3004 2284 3053 tibi
2316 3015 2436 3052 cum
2466 3002 2689 3052 medicis
2709 3005 2733 3053 ?
2767 3003 2975 3052 dimitte
3014 3003 3337 3054 machaonas
3371 3016 3580 3055 omnes.

2089 3067 2177 3119 Vis
2207 3066 2320 3116 ﬁeri
2350 3069 2557 3116 sanus?
2587 3066 2827 3129 stragula
2857 3080 3008 3116 sume
3038 3079 3177 3116 mea.

1931 3191 2035 3256 Qui
2086 3189 2240 3244 idem
2290 3206 2398 3244 nos
2449 3189 2617 3245 docet
2666 3193 2903 3262 tempus
2943 3189 3059 3246 diei
3110 3205 3225 3260 quo
3255 3206 3434 3247 scena
3461 3191 3580 3248 ista

1930 3262 2361 3387 dissglvebatur
2389 3262 2620 3333 torique
2650 3263 2892 3318 domum
2925 3264 3357 3320 reducebantur
3387 3264 3583 3337 lib.iv,

1930 3351 2022 3406 ep.
2121 3352 2135 3391 :

2148 3476 2381 3541 Imperat
2409 3479 2711 3526 exstructos
2739 3475 2986 3540 frangere
3019 3489 3166 3527 nona
3195 3480 3359 3528 toros.

1927 3638 2065 3711 Post
2094 3637 2255 3693 illam
2284 3636 2487 3711 horam
2521 3636 2678 3691 enim
2710 3653 2823 3711 non
2858 3634 3027 3691 facile
3057 3636 3274 3711 probus
3308 3639 3444 3709 quis
3476 3655 3581 3711 per

1927 3710 2152 3781 plateas
2204 3710 2605 3781 grassabatur,
2638 3708 2741 3763 sed
2776 3709 3025 3781 domum
3059 3710 3230 3781 segad
3265 3708 3493 3766 caenam
3520 3716 3576 3769 et

1929 3778 2125 3837 studia
2180 3778 2519 3853 recipiebat,
2552 3780 2889 3835 meretrices
2945 3778 3383 3853 vero_lupanar
3438 3787 3579 3839 tunc

1926 3854 2153 3925 aperire
2185 3851 2368 3909 solitas
2400 3857 2586 3920 erant,
2620 3852 2757 3907 inde
2800 3852 3053 3907 nonariae
3083 3851 3253 3908 dictae
3292 3853 3483 3909 Persio
3515 3856 3575 3911 in

1926 3927 2040 3982 fine
2069 3928 2187 3981 Sat.
2224 3926 2273 3980 1.

2144 4085 2198 4135 Si
2228 4085 2427 4149 Cynico
2454 4083 2677 4136 barbam
2709 4082 2961 4148 petulans
2987 4083 3209 4133 nonaria
3236 4083 3416 4135 vellat.
3447 4086 3577 4138 Hav.

2000 4246 2113 4317 (42)
2144 4248 2206 4301 In
2263 4246 2430 4302 corde
2482 4250 2773 4300 mutantes.
2830 4244 3115 4317 Imitantes
3172 4244 3352 4317 Rhen.
3405 4245 3467 4301 L.
3501 4246 3570 4306 Β.

1930 4315 2543 4374 ἱηὺίῑάηιιδΝθυῐΓυῐῐ]
2570 4316 2779 4387 placet.
2810 4315 3066 4387 Illustrat
3085 4333 3217 4372 vero
3240 4316 3348 4373 hoc
3377 4320 3582 4376 admo-

1930 4392 2070 4445 dum
2105 4390 2400 4445 calumnia
2430 4386 2645 4443 Valerii
2679 4386 2867 4442 0muli
2899 4404 3014 4458 qua
3044 4388 3118 4443 M.
3152 4391 3431 4445 Antonini
3462 4409 3587 4447 ma-

1930 4469 2076 4517 trem
2130 4464 2280 4533 apud
2334 4464 2545 4517 Anton.
2581 4461 2751 4514 Pium
2801 4459 3107 4533 onerabat.
3134 4460 3345 4517 Narrat
3386 4462 3584 4519 Julius

1930 4530 2315 4605 Capitolinus,
2350 4533 2408 4587 in
2436 4534 2567 4587 Vita
2590 4533 2662 4587 M.
2684 4532 2961 4605 Antonini
2985 4530 3323 4605 Philosophi
3350 4550 3363 4588 :
3392 4556 3419 4583 ‹‹
3452 4539 3588 4592 Erat

1929 4603 2126 4661 autem
2158 4605 2217 4659 in
2251 4608 2503 4660 summis
2535 4603 2835 4674 obsequiis
2859 4603 3038 4675 patris
3056 4603 3589 4676 Marcus.quamvis

1931 4696 2045 4733 non
2080 4678 2353 4733 deessent
2402 4678 2495 4747 qui
2531 4676 2729 4746 aliqua
2776 4676 3081 4747 adversum
3122 4693 3257 4732 eum
3311 4676 3586 4735 insusur-

1935 4754 2150 4814 rarent,
2186 4754 2244 4803 et
2294 4766 2408 4819 prae
2440 4750 2660 4821 cmleﬁris
2696 4746 2955 4821 Valerius
2979 4746 3239 4821 _Qmulus
3270 4767 3283 4805 :
3319 4751 3415 4821 qui
3448 4768 3586 4807 cum

232 4798 333 4882 (4})
365 4799 727 4882 ﬁnitissimis,
767 4808 819 4853 ει
848 4798 1261 4882 ςτιιρετινίεξίηνίδ
1316 4799 1467 4882 {eris-
1502 4800 1827 4882 εστίνριῖῑυβ
1856 4810 1902 4873 D
1935 4798 2242 4877 Είίίῖίῖῐεὶτίί
2271 4798 3589 4880 ὦὲιῖτέιῖᾞᾷτάῖἶὶί’ἐξίὶῑᾶἑὲῐῖἷγέηὲιῖὲιοῖὲὧ

168 4883 227 4921 ex
276 4869 331 4943 Y.
368 4873 430 4927 C.
480 4875 651 4926 notat
709 4872 903 4943 tauris,
938 4874 999 4923 ut
1031 4871 1123 4943 ‘ad
1158 4869 1473 4943 sacrificia
1531 4872 1825 4943 respiciat,

170 4942 310 5016 quod
347 4960 467 4997 non
506 4944 720 5015 placet,
754 4942 907 5016 sumi
951 4940 1107 5016 enim
1140 4941 1322 5016 deber
1349 4947 1413 5016 ut
1443 4941 1501 4995 in
1536 4940 1823 5016 principio

169 5009 335 5083 hujus
383 5009 527 5086 cap:
561 5038 588 5063 α
622 5015 854 5086 Grande
908 5012 1177 5086 videlicet
1234 5014 1495 5086 o'ficium
1537 5009 1828 5071 'focos'et

167 5086 311 5157 toros
360 5086 423 5140 in
460 5084 797 5157 'publicum
855 5084 1121 5140 educere.
1160 5106 1189 5133 »
1235 5085 1343 5141 Ubi
1404 5086 1532 5141 vide
1589 5086 1823 5143 Ilerald.

172 5154 305 5209 Dicit
334 5154 547 5213 autem
582 5158 916 5222 dividebant,
952 5159 1254 5228 captantes
1300 5172 1384 5225 se,
1417 5160 1826 5215 commodissi-

170 5241 318 5283 mum
369 5231 795 5302 optimumque
828 5229 1043 5302 locum,
1078 5229 1247 5299 quasi
1295 5228 1535 5302 olitores
1587 5231 1825 5301 quidam

168 5304 259 5352 aut
285 5299 645 5357 tabernarii.
677 5299 1021 5372 Superbiam
1053 5316 1186 5355 vero
1218 5305 1276 5355 et
1301 5300 1523 5356 cultum
1565 5299 1827 5359 tororum

165 5385 257 5426 seu
285 5372 647 5429 lecticarum
680 5371 850 5429 nemo
878 5371 1091 5427 melius
1119 5372 1399 5429 describit
1427 5374 1713 5431 Martiale.
1749 5376 1826 5431 Is.

166 5440 258 5499 lib.
289 5463 371 5514 x1,
405 5446 605 5518 epigr.
642 5446 730 5502 16.

277 5578 461 5628 Zoilus
497 5581 745 5640 aegrotat,
775 5577 979 5640 faciunt
1009 5575 1150 5624 hanc
1179 5576 1413 5635 stragula
1443 5577 1669 5628 febrem.

312 5643 366 5692 Si
402 5642 583 5690 fuerit
611 5642 804 5699 salvus,
838 5639 1058 5688 coccina
1088 5640 1214 5701 quid
1247 5640 1489 5690 facient?

279 5705 422 5762 Quid
460 5709 622 5753 torus
652 5718 682 5752 ει
711 5703 843 5759 Nilo,
875 5701 1005 5765 quid
1037 5702 1263 5750 sindone
1292 5703 1489 5753 tinctus
1520 5704 1728 5755 olenti?

311 5766 581 5820 Ostendit
610 5766 798 5819 stultas
828 5764 956 5832 quid
987 5765 1089 5817 nisi
1118 5765 1339 5817 morbus
1370 5770 1540 5832 opes?

463 5887 833 5971 Partica}.

1938 4893 2324 4949 simulacrum
2377 4890 2661 4963 Apollinis
2711 4890 3405 4963 vidis_set,_insusurravit
3438 4912 3451 4950 :
3486 4895 3592 4953 Illa

1936 4982 2092 5090 nutnc
2124 4969 2310 5090 Ἔδει,
2349 4960 2596 5019 ιη’ᾱίθω
2624 4966 2792 5015 tuum
2828 4960 3094 5029 claudas,
3128 4970 3183 5019 et
3218 4965 3374 5023 ﬁlius
3406 4967 3592 5041 impe-

1936 5055 1995 5090 re
2030 5079 2040 5090 .
2079 5059 2099 5084 ι
2186 5052 2277 5089 AV.

2030 5079 2040 5090 .
2079 5059 2099 5084 ³
2136 5052 2277 5090 ΠΑν.

1936 5042 2117 5179 militi)
2136 5042 2356 5177 1illvqui
2388 5105 2713 5175 astrologos.
2744 5102 2994 5229 Attingit
3044 5104 3153 5159 hoc
3194 5106 3414 5165 crimen
3461 5113 3598 5169 Ter-

1936 5180 2245 5229 tullianus.
2278 5177 2377 5229 cui
2412 5179 2520 5229 sub
2552 5182 2757 5229 Severo
2803 5192 2900 5229 mu
2931 5180 2973 5229 t1
3001 5182 3237 5229 nronter
3268 5182 3595 5229 astrnlno'na

1936 5177 2245 5257 tullianue,
2278 5177 2520 5257 qui_sub
2552 5182 2757 5257 Severo
2803 5177 2974 5257 multi
3001 5182 3237 5248 prepter
3268 5182 3595 5257 astrologos

1939 5252 2177 5325 periere.
2214 5247 2560 5325 Spartianus
2593 5250 2652 5303 in
2680 5248 2915 5325 Severo.
2952 5247 3081 5325 Lac.

2010 5324 2124 5393 (44)
2154 5320 2295 5377 Adeo
2325 5323 2501 5393 pietas
2530 5328 2580 5375 et
2610 5320 3131 5393 religio.llactenus
3162 5323 3437 5381 refutavit
3463 5325 3594 5384 illos

1939 5391 2567 5468 ex‘prOpriai‘psorum
2592 5391 2867 5468 opinione
2894 5410 2908 5461 ;
2942 5409 3098 5468 nunc
3129 5393 3282 5452 clare
3314 5397 3393 5453 ait
3424 5399 3598 5468 pieta-

1938 5463 2080 5533 tem,
2112 5463 2169 5521 et
2224 5463 2589 5536 religionem.
2624 5470 2681 5520 et
2713 5463 2887 5536 fidem
2938 5465 3195 5522 debitam
3235 5463 3597 5536 imperatoriu

1942 5540 2053 5594 bus
2086 5555 2201 5610 non
2235 5535 2363 5593 esse
2412 5536 2661 5610 positam
2696 5535 2753 5610 in
2787 5535 2881 5610 his
2930 5536 3143 5610 ofﬁciis
3175 5545 3232 5596 et
3262 5535 3435 5596 rebus
3467 5540 3592 5610 qui-

1941 5613 2052 5665 bus
2110 5609 2362 5682 velatur,
2408 5607 2644 5682 tegitur,
2700 5607 3122 5682 dissimulatur
3182 5607 3500 5678 hostilitas,
3534 5614 3596 5666 ut

1946 5682 2164 5738 faciunt
2187 5680 2565 5754 gentiles,qui
2588 5696 2723 5738 cum
2746 5680 2944 5737 dicant
2962 5682 3155 5754 palam
3184 5700 3247 5743 se
3276 5684 3590 5753 Romanos,

1949 5755 2098 5814 clam
2130 5759 2325 5815 tamen
2358 5754 2739 5813 insidiantur.
2772 5756 2903 5811 an.

3237 5885 3312 5945 17
