4054 6174
473 337 595 396 523

999 337 1524 399 TERTULLIANI
1571 338 1894 399 OPEllUM
1939 337 2140 399 PARS
2185 339 2233 399 Ι.
2267 338 2649 398 -——SERIES
2694 340 2744 410 Ι,
2789 338 3348 400 APOLOGETICA.

3700 350 3802 408 524

472 472 843 543 praestamus,
875 469 976 540 qui
1026 486 1141 525 non
1199 472 1271 526 ab
1330 470 1568 526 homine
1626 476 1728 526 aut
1774 470 1987 539 laudis,
2021 474 2204 540 autA
2305 473 2452 527 46]
2490 470 2545 526 Si
2597 470 2891 536 inimicos,
2938 475 3002 527 ut
3049 488 3227 543 supra
3272 472 3524 543 diximus,
3562 477 3802 547 juhemus

470 559 691 631 prsamii
741 574 1060 628 expensum
1094 564 1403 631 captamus
1438 579 1451 615 :
1487 562 1587 615 sed
1624 578 1655 615 a
1688 561 1804 615 Deo
1855 564 2121 616 exactore

469 656 525 703 et
572 652 1007 702 remuneratore
1054 648 1442 705 inditl‘erentis
1497 649 1900 720 benignitatis.
1936 650 2118 704 Iidem

470 752 680 792 sumus
710 736 1287 808 imperatoribus,qui
1322 743 1377 792 et
1409 738 1614 793 vicinis
1646 739 1863 793 nostris
1895 738 1937 791 ⁸.
1974 738 2120 792 Male

469 826 626 881 enim
659 825 822 891 velle,
854 825 1004 880 male
1040 827 1244 893 facere,
1282 827 1431 882 male
1463 827 1834 893 dicere,male
1865 827 2119 899 cogitare

470 916 541 970 de
574 930 873 985 quoquam
922 930 990 968 ex
1022 931 1185 985 sequo
1218 922 1502 972 vetamur.
1555 917 1957 986 Quodcunque
2003 932 2118 971 non

470 1001 607 1056 licet
645 1003 703 1056 in
754 1004 1187 1073 imperatorem,
1222 1003 1277 1058 id
1314 1021 1418 1059 nec
1448 1004 1506 1058 in
1553 1021 1929 1075 quemquem,
1963 1006 2117 1075 quod

469 1090 528 1145 in
563 1091 879 1156 neminem,
912 1108 977 1146 eo
1011 1093 1251 1148 forsitan
1285 1093 1473 1165 magis
1506 1110 1610 1149 nec
1658 1095 1714 1149 in
1768 1094 1984 1164 ipsum,
2020 1094 2116 1165 qui

470 1195 573 1253 per
601 1180 785 1235 Deum
818 1184 1017 1235 tantus
1048 1187 1155 1236 est.

1020 1287 1251 1343 CAPUT
1290 1288 1554 1343 XXXVII.

466 1377 898 1432 ARGUMENTUM.
920 1407 984 1416 —
1016 1376 1055 1429 A
1087 1380 1283 1448 quibus
1317 1377 1647 1433 Christianis
1678 1377 1826 1431 nihil
1858 1377 1996 1431 mali
2017 1393 2112 1432 ea:-

538 1448 891 1519 speclandum
924 1449 1055 1502 hinc
1076 1459 1264 1519 patere
1288 1452 1665 1519 possil,urpote
1687 1449 1831 1519 apud
1847 1465 1979 1518 quos
2002 1465 2115 1502 ma-

538 1521 653 1574 lum
682 1518 831 1574 malo
861 1536 1216 1591 compensare
1259 1537 1369 1575 non
1400 1523 1603 1587 liceat;
1638 1518 1777 1591 quod
1805 1523 1857 1574 si
1891 1520 2114 1581 vellent.

537 1592 734 1661 iniqua
763 1592 889 1646 odia
926 1602 975 1645 el
996 1594 1359 1646 contumelias
1381 1593 1854 1663 ulluri,facillime
1874 1598 2113 1662 possent,

534 1667 586 1716 et
616 1664 681 1717 ob
716 1665 998 1734 ingentem
1029 1680 1348 1727 numerum,
1382 1680 1485 1734 quo
1517 1666 1669 1719 brevi
1698 1674 1940 1733 tempore
1969 1664 2115 1717 orbis

535 1736 791 1804 impletus
820 1741 921 1798 est,
954 1746 1006 1789 et
1036 1737 1100 1791 ob
1134 1740 1324 1790 mortis
1355 1740 1744 1806 contemptum,
1763 1753 1921 1806 quem
1949 1739 2115 1791 etiam

534 1782 921 1879 inrtormenlis,
939 1822 1038 1875 pro
1068 1807 1173 1873 ﬁde
1195 1811 1459 1878 prwstent
1495 1824 1506 1861 :
1539 1782 1653 1862 sive
1684 1782 1744 1861 id,
1768 1782 1941 1879 izgere
1967 1808 2112 1861 mal—

536 1877 649 1931 lent
684 1894 787 1950 per
818 1878 1093 1943 incendia,
1127 1880 1240 1932 sive
1267 1894 1365 1946 per
1397 1879 1559 1947 bella,
1592 1882 1704 1934 sive
1748 1877 1977 1950 denique
2010 1895 2113 1950 per

534 1965 743 2002 meram
757 1949 1141 2003 discessionem
1170 1952 1438 2003 rastaluri
1456 1949 1944 2019 rempublicam)”
1964 1966 2113 2003 nunc

534 2020 702 2074 etiam
734 2020 1098 2091 benefactores
1132 2023 1485 2075 inimicorum
1513 2024 1703 2091 factos,
1737 2040 1769 2077 a
1808 2022 2111 2075 daemonum

535 2091 846 2164 incursibus
878 2092 996 2145 illos
1032 2090 1288 2156 liberare,
1308 2110 1437 2164 quos
1463 2090 1648 2148 tamen
1676 2096 1914 2162 generis,
1946 2110 2110 2164 quam

534 2165 742 2217 erroris
773 2163 1007 2218 humani
1036 2164 1207 2218 hostes
1234 2163 1431 2220 vocare
1462 2164 1787 2220 maluerint.

2231 558 2494 631 diligere,
2549 576 2722 630 quem
2768 558 3057 615 habemus
3085 561 3107 594 ⁹
3138 560 3364 617 odisse?
3391 563 3521 618 Item
3566 565 3609 619 si
3636 567 3674 601 ¹⁰
3706 567 3807 624 Iasi

2229 648 2412 702 vicem
2448 648 2661 703 referre
2707 648 3107 719 prohibemur,
3144 666 3246 704 nec
3275 650 3341 704 de
3384 651 3522 706 facto
3552 670 3698 723 pares
3738 659 3805 711 si-

2231 755 2386 803 mus,
2421 754 2595 809 quem
2650 754 2963 808 possumus
3012 737 3264 794 laedere?
3293 739 3428 794 Nam
3470 742 3534 796 de
3575 743 3675 797 isto
3715 745 3809 815 ipsi

2230 827 2891 898 recognoscite.0uoties
2915 826 3069 881 enim
3094 828 3154 881 in
3180 827 3520 885 Christianos
3543 831 3808 903 deszsvitis,

2230 916 2443 988 partim
2468 916 2683 971 animis
2709 915 3199 986 propriis,partim
3218 916 3813 990 legibusobsequentes‘l

2230 1008 2464 1071 Quoties
2497 1005 2674 1059 etiam
2708 1004 3014 1075 prateritis
3040 1006 3080 1040 “
3124 1006 3285 1060 vobis
3332 1023 3432 1061 suo
3454 1008 3577 1076 jure
3602 1025 3693 1063 nos
3722 1011 3811 1063 ini-

2229 1096 2449 1149 micum
2483 1094 2693 1166 vulgus
2726 1093 2946 1149 invadit
2978 1093 3273 1165 lapidibus
3303 1096 3410 1166 (45)
3438 1102 3491 1150 et
3526 1096 3813 1153 incendiis?

2229 1184 2379 1255 Ipsis
2410 1182 2860 1238 Bacchanalium
2892 1182 3186 1251 furiis(46)
3218 1200 3319 1238 nec
3351 1185 3580 1239 mortuis
3609 1194 3819 1258 parcunt

2226 1272 2599 1337 Christianis,
2627 1272 2767 1343 quin
2806 1270 2937 1327 illos
2969 1272 3039 1326 de
3071 1272 3270 1343 requie
3300 1271 3593 1343 sepultura;
3622 1276 3735 1345 (t7),
3761 1277 3819 1331 de

2226 1361 2385 1433 asylo
2427 1361 2681 1433 quodam
2742 1361 2967 1426 mortis,
2998 1362 3121 1431 jam
3183 1361 3347 1428 alios,
3374 1362 3491 1431 jam
3548 1379 3644 1418 nec
3694 1371 3819 1419 totos

2225 1451 2499 1515 avellant,
2545 1450 2860 1519 dissecent,
2911 1449 3265 1504 distrahant.
3299 1450 3439 1513 Quid
3497 1454 3678 1506 tamen
3729 1470 3818 1508 un-

2226 1557 2403 1613 quam
2455 1539 2778 1594 denotastis
2812 1540 2857 1574 ¹²
2886 1539 2955 1593 de
3012 1544 3129 1593 tam
3181 1540 3333 1595 462
3383 1539 3723 1610 conspiratis,
3764 1542 3822 1597 de

2224 1635 2343 1685 tam
2377 1628 2655 1683 animatis
2684 1628 2753 1683 ad
2791 1632 3033 1683 mortem
3068 1645 3253 1699 usque
3284 1645 3385 1700 pro
3417 1628 3622 1699 injuria
3650 1646 3821 1701 repen-

2225 1725 2419 1773 satum
2455 1720 2519 1785 ¹³,
2556 1718 2791 1789 quando
2842 1716 2924 1772 vel
2960 1734 3076 1770 una
3108 1733 3219 1771 nox
3251 1716 3512 1789 pauculis
3556 1718 3763 1773 ferculis
3790 1720 3826 1752 “

2144 1846 2190 1909 Β
2225 1808 2467 1879 largiter
2510 1806 2747 1861 ultionis
2782 1807 2825 1841 ¹⁵
2855 1811 3055 1878 posset
3086 1807 3334 1877 operari,
3370 1807 3415 1861 si
3451 1806 3657 1861 malum
3697 1806 3822 1861 malo

2220 1897 2499 1969 dispungi
2531 1912 2710 1968 penes
2741 1912 2848 1950 nos
2897 1894 3096 1950 liceret
3120 1898 3143 1950 Ρ
3170 1896 3281 1951 Sed
3313 1894 3489 1962 absit,
3518 1900 3579 1950 ut
3606 1900 3697 1950 aut
3725 1894 3825 1967 igni

2220 1987 2480 2041 humano
2512 1984 2838 2039 vindicetur
2866 1984 3063 2039 divina
3092 1991 3262 2039 sectas
3298 1986 3340 2020 ¹⁶
3371 1989 3473 2039 aut
3501 1984 3681 2039 doleat
3708 1985 3825 2055 pati,

2221 2077 2281 2129 in
2314 2090 2427 2145 quo
2462 2074 2762 2145 probatur.
2794 2074 2852 2127 Si
2904 2072 3060 2127 enim
3110 2073 3307 2128 hostes
3363 2078 3612 2128 exsertos
3642 2074 3698 2140 η,
3727 2089 3824 2128 non

2218 2167 2451 2220 tantum
2473 2162 2732 2218 vindices
2758 2162 3017 2218 occultos
3040 2162 3152 2234 (48)
3182 2178 3356 2235 agere
3375 2163 3653 2231 videmus,
3683 2163 3826 2217 dees-

1880 2298 2082 2359 Variae
2113 2298 2433 2359 lectiones.

530 2412 562 2484 3,
583 2411 663 2465 Ex
693 2412 821 2483 ipso
853 2411 993 2482 quia
1024 2415 1080 2467 et
1109 2412 1318 2468 vicinis
1351 2412 1565 2468 nostris
1594 2415 1823 2484 corrigit
1852 2415 2079 2469 Havcrc.
2158 2413 2179 2448 θ
2207 2412 2587 2480 Habebimus,
2622 2412 2799 2466 Paris.
2841 2481 2849 2484 Δ
2880 2410 2924 2484 ξο
2943 2410 3134 2484 Iidem
3167 2409 3579 2484 αᾴᾉϐοᾱλνυίάη
3629 2411 3678 2484 7“
3708 2410 3832 2484 Pras-

460 2483 668 2538 teritos
701 2502 733 2539 a
764 2484 947 2545 vobis,
982 2486 1164 2540 Paris.

1262 2486 1304 2520 ³³
1336 2485 1656 2551 Denotatis,
1706 2488 1870 2541 Fran.
1952 2488 1995 2521 ιδ
2028 2485 2356 2555 Repensati,
2388 2488 2545 2539 Fratri.

2648 2485 2692 2519 ¹⁴
2722 2481 3015 2538 Facidulis
3046 2498 3167 2537 con.
3215 2482 3445 2539 "avere.
3542 2483 3584 2516 ¹⁶
3621 2483 3699 2537 Ita
3724 2481 3834 2535 Cod.

458 2556 748 2622 Fuldens.,
782 2557 1011 2626 Rigalt,
1045 2562 1153 2612 etc.
1189 2556 1247 2610 in
1279 2556 1610 2629 largitatem
1644 2558 1900 2613 ultionis.
1981 2558 2025 2592 ¹⁶
2058 2554 2254 2612 Divina
2284 2572 2471 2623 sacra,
2503 2561 2671 2612 Fran.
2754 2556 2795 2590 ¹’¹
2827 2554 3118 2624 Exsortes,
3152 2555 3338 2609 Paris.

1898 2700 2423 2762 Commentarios.

536 2824 647 2907 (In?)
678 2825 1059 2907 [tepidibusel
1090 2826 1403 2907 ince_ndii_s._
1426 2825 1563 2881 Tale
1595 2824 1951 2907 supplicium
1982 2825 2109 2881 vul-

464 2913 536 2967 go
587 2897 870 2952 familiare
917 2902 1026 2963 est,
1079 2900 1278 2953 confer
1316 2898 1448 2954 Joh.
1494 2916 1614 2965 vm,
1667 2899 1769 2967 59;
1802 2915 1856 2967 x,
1890 2899 2105 2966 31;x1,

461 2969 515 3035 8,
561 2973 696 3024 Luc.
729 2986 823 3038 xx,
850 2971 923 3035 6;
955 2973 1078 3025 Act.
1112 2988 1167 3037 v,
1197 2972 1307 3037 26;
1341 2988 1453 3035 xw,
1486 2971 1570 3025 19.
1606 2974 1723 3025 Hoc
1775 2970 1946 3025 modo
1989 2971 2108 3024 Eu-

461 3040 659 3095 sebius
726 3041 972 3096 antistes
1037 3042 1464 3098 Samosatensis
1531 3042 1782 3097 infectus
1861 3042 1969 3095 luit
2036 3042 2106 3095 ab

460 3113 679 3167 Ariana
710 3112 971 3181 muliere,
1004 3113 1202 3183 tegula
1232 3114 1289 3167 in
1343 3116 1519 3182 caput
1547 3114 1674 3183 ejus
1716 3113 1995 3181 conjecta.
2035 3118 2107 3167 De

464 3184 763 3255 qguoqlacto
793 3184 1222 3239 Nazianz.0rat.
1259 3186 1343 3239 11.
1377 3185 1515 3255 Adv.
1548 3186 1830 3255 Araetde
1864 3186 2055 3255 seipso
2091 3202 2104 3239 :

461 3250 555 3337 ⁸ογ
590 3250 647 3305 ἐκ
688 3254 1106 3337 τῇςιὺπερορίας
1139 3252 1597 3337 ᾀχθέντοεκλιίθοξς
1646 3250 1969 3337 ἐπεδέξασῦέ
2011 3275 2104 3337 με.-

462 3323 662 3393 σούσης
717 3323 947 3397 ἡμέραξ,
992 3323 1052 3380 ’ἐν
1158 3323 1249 3401 ἄξῃ
1310 3323 1489 3381 πόλεί.
1552 3328 1589 3382 i.
1651 3344 1698 3381 e.
1736 3352 1759 3376 α
1797 3328 1975 3390 Quem
2012 3323 2107 3381 'ab

463 3397 634 3451 exilio
651 3399 953 3453 reductum
978 3350 1273 3453 lapidibus
1295 3398 1761 3453 excenistis.insa
1783 3398 1838 3451 in
1867 3398 2108 3453 meridie
2139 3358 2181 3425 Ο

1142 3418 1155 3453 1

463 3397 634 3451 exilio
651 3399 953 3453 reductum
978 3397 1273 3469 lapidibus
1295 3398 1761 3469 excepistis,ipsa
1783 3398 1838 3451 in
1867 3398 2108 3453 meridie

465 3469 775 3541 mediaque
798 3470 855 3524 in
892 3470 1087 3525 urbe»
1122 3471 1288 3541 Apud
1323 3470 1655 3524 Petronium

465 3540 524 3594 in
559 3542 884 3610 porticibus
932 3540 1361 3611 spatiabantur,
1393 3541 1615 3611 lapides
1648 3542 1703 3594 in
1761 3542 2113 3612 Eumolpum

465 3616 808 3667 recitantem
842 3613 1149 3668 miserunt.
1188 3638 1214 3661 ››
1249 3614 1466 3667 Ibidem
1502 3630 1514 3666 :
1553 3635 1580 3663 ‹‹
1614 3614 1815 3684 Itaque
1859 3630 1970 3668 non
2005 3614 2113 3667 mi-

468 3700 565 3766 ror
595 3684 646 3766 si
676 3689 732 3739 te
764 3684 1341 3766 populus‘lapidibus
1380 3684 1776 3766 prosequitur.
1814 3706 1839 3733 »
1872 3687 1994 3766 I_m0
2027 3684 2111 3766 vel

468 3754 759 3828 imagines
789 3754 1205 3826 imperatorum
1245 3754 1606 3827 deorumque
1636 3763 1693 3812 et
1723 3757 1852 3828 ipsa
1898 3756 2116 3827 templa

472 3843 507 3899 a
537 3827 737 3883 rabido
762 3828 933 3897 vulgo
965 3827 1472 3899 lapidabantur,ut
1502 3829 1557 3883 in
1586 3827 1767 3883 morte
1785 3828 2111 3883 Germanici

469 3898 639 3973 docet
667 3900 979 3973 suetonius
1002 3898 1061 3954 in
1095 3901 1275 3973 Calig.
1296 3917 1420 3971 cap.
1452 3901 1747 3973 5.Insigne
1778 3900 2108 3973 exemplum

466 3968 529 4023 in
563 3970 892 4033 Numidico,
925 3988 1094 4040 quem
1129 3968 1708 4043 Carthaginiensibus
1758 3968 2108 4043 presbyteris

466 4043 859 4114 commendat,
895 4043 1177 4098 furiarum
1210 4045 1419 4099 harum
1453 4050 1703 4114 utroque
1734 4058 1942 4113 genere
1972 4059 2107 4113 pro-

463 4113 629 4182 ponit
680 4113 1024 4187 Cyprianus,
1080 4114 1179 4169 lib.
1234 4133 1308 4187 iv,
1362 4132 1451 4185 ep.
1508 4113 1621 4169 1οΞ
1656 4135 1675 4162 α
1708 4115 1817 4187 Qui
1874 4115 2104 4187 hortatu

462 4200 569 4258 suo
610 4185 910 4258 copiosum
966 4185 1300 4258 martyrum
1340 4185 1999 4258 numerumglapidibus
2050 4192 2107 4239 et

461 4254 718 4312 flammis
751 4263 1019 4312 necatum
1076 4254 1211 4313 ante
1255 4275 1316 4313 se
1360 4258 1558 4324 misit;
1592 4254 1809 4327 quique
1862 4273 2100 4312 uxorem

456 4327 850 4384 adhaerentem
906 4329 1068 4384 lateri
1128 4347 1235 4384 suo
1281 4332 1707 4384 concrematam
1742 4328 1916 4383 simul
1966 4346 2098 4384 cum

453 4400 676 4453 caeteris
706 4401 815 4468 (vel
842 4406 1241 4456 conservatam
1278 4401 1461 4469 magis
1492 4399 1758 4465 dixerim)
1790 4399 1960 4453 laetus
2004 4418 2101 4455 as-

451 4470 629 4540 pexit.
666 4473 795 4542 Ipse
843 4472 1288 4527 semiustulatus
1320 4476 1377 4526 et
1408 4472 1703 4541 lapidibus
1744 4473 2011 4535 obrutus,
2043 4477 2100 4526 et

497 4558 555 4597 ro
590 4549 820 4599 mortuo
852 4544 1186 4609 derelictus,
1219 4544 1357 4598 dum
1392 4544 1770 4613 postmodum
1800 4544 1938 4606 lilia,
1981 4544 2096 4597 sol-

472 4612 605 4687 icito
656 4615 889 4686 pietatis
941 4615 1241 4685 obsequio,
1283 4612 1528 4687 cadaver
1583 4614 1767 4687 patris
1827 4614 2093 4685 inquirit,

446 4685 815 4740 semianimis
850 4687 1142 4751 inventus,
1175 4692 1233 4739 et
1266 4685 1616 4742 refocillalus
1645 4691 1700 4741 et
1739 4691 2032 4741 extractus
2064 4704 2096 4742 a

445 4758 938 4829 comitibus,quos
967 4757 1093 4827 ipse
1124 4728 2092 4828 prmmiserat,remansitinvitus.»
2125 4726 2172 4791 Β

442 4827 586 4883 ΗΑν.

514 4900 625 4969 (46)
658 4901 794 4970 Ipsis
826 4898 1254 4971 Bacchanalium
1282 4902 1473 4971 furiis.
1512 4900 1725 4955 Alludit
1754 4900 1824 4953 ad
1872 4900 2089 4955 descri-

436 4971 698 5096 ptionem
730 4969 961 5037 Bacchi,
994 4987 1167 5039 quem
1201 4969 1422 5041 postea,
1457 4971 1642 5042 inquit
1671 4971 2080 5053 B.Just..Mart.

465 5042 540 5095 ib.
573 5043 637 5096 de
688 5042 959 5096 Monurch.
1013 5043 1299 5096 furentem
1348 5049 1530 5096 vocat.
1572 5049 1644 5096 De
1696 5043 1899 5096 Bacchi
1954 5061 2080 5096 vero

465 5042 540 5095 ib.
573 5043 637 5097 de
688 5042 959 5097 Monurch.
1013 5043 1299 5097 furentem
1348 5049 1530 5098 vocat.
1572 5049 1644 5098 De
1696 5043 1899 5097 Bacchi
1954 5061 2085 5098 vero

436 5114 874 5184 sacris,rquam
934 5114 1355 5183 turpi;i,quam
1416 5115 1580 5169 furiis
1642 5114 1833 5184 plena.
1896 5115 2087 5169 videat

434 5183 618 5257 lector
649 5183 718 5237 de
768 5189 1017 5249 August.
1051 5185 1150 5238 lib.
1187 5202 1281 5251 νη,
1316 5186 1381 5241 de
1411 5186 1523 5240 Civ.
1575 5188 1693 5253 Dei,
1729 5202 1850 5257 cap.
1902 5186 1992 5254 21,
2026 5192 2083 5243 et

434 5254 516 5307 ibi
550 5254 809 5310 adnotat.
842 5257 1025 5311 Vivis.
1062 5260 1207 5310 PAM.

504 5325 619 5398 (47)
653 5327 722 5380 De
760 5329 953 5398 requie
997 5327 1319 5398 sepulturae.
1358 5328 1523 5398 Atqui
1574 5328 1729 5381 idem
1785 5344 1916 5382 mox
1963 5328 2081 5384 fere

431 5393 573 5471 dicit
605 5396 660 5450 in
693 5398 760 5453 de
813 5393 962 5469 asylo
1011 5393 1480 5471 quodam_morlis
1506 5416 1527 5461 ;
1562 5417 1695 5454 nam
1750 5405 1813 5454 ut
1861 5400 2081 5471 templa

430 5467 674 5541 deorum
726 5467 962 5526 sanctos
995 5467 1049 5524 et
1100 5469 1410 5524 inviolatos
1463 5473 1817 5540 praestabant
1849 5488 1945 5525 eos
1978 5467 2075 5541 qui

428 5538 485 5593 in
522 5540 624 5596 illa
656 5544 1057 5611 confugerant,
1090 5542 1267 5596 vitam
1304 5542 1418 5596 illis
1450 5538 1773 5607 servantes,
1808 5542 1889 5597 ila
1918 5538 2076 5599 mers

427 5618 484 5665 et
514 5613 849 5683 sepulcrum
884 5614 1260 5669 cadaveribus
1294 5613 1437 5667 nihil
1472 5615 1581 5668 nisi
1620 5616 1882 5683 requiem
1930 5633 2075 5686 pra)-

427 5689 580 5755 stare
616 5693 878 5755 possunt.
918 5686 1176 5740 Praeferri
1228 5686 1425 5755 itaque
1474 5691 1669 5755 posset
1719 5687 1885 5740 lectio
1936 5688 2069 5740 Cod.

424 5754 590 5811 Fuld.
622 5759 691 5811 de
715 5760 975 5832 reliquiis
1000 5754 1483 5829 sepulturw,’nisi
1504 5758 1659 5813 idem
1693 5758 1911 5813 diceret
1941 5775 2073 5812 mox

1693 3487 1753 3524 ;‹‹
1792 3469 1869 3523 Ex
1899 3470 1993 3525 his
2016 3470 2115 3540 qui

2219 2841 2452 2897 quoque
2481 2824 2539 2879 in
2564 2824 2685 2895 jam
2712 2824 2872 2897 alios,
2906 2823 3023 2897 iam
3067 2837 3167 2877 nec
3194 2826 3355 2897 totos.
3392 2820 3845 2897 Graviteritaque

2215 2892 2374 2953 taxat
2418 2892 2659 2951 Arianos
2710 2895 2977 2951 Nazianz.
3011 2893 3137 2949 loco
3182 2894 3467 2962 adducto,
3518 2894 3666 2964 quod
3714 2892 3847 2946 nuda

2217 2974 2553 3031 sanctorum
2577 2984 2818 3037 corpora
2841 2968 2978 3055 teris
2995 2965 3378 3055 oan'ecissent,
3401 2964 3846 3055 prohibuissent-

2219 3058 2332 3111 que
2390 3046 2653 3112 mortuos
2682 3033 2943 3112 'sepeliri
2975 3055 2988 3093 :
3021 3033 3197 3112 Τίνας,
3246 3033 3465 3112 inquit,
3523 3033 3842 3112 ᾇπᾳφήκαμιν

2218 3106 2385 3185 θῆρας
2425 3109 2601 3185 ⁸ἁγίων
2662 3106 2904 3185 ᾳώμάσιν
2959 3127 2986 3185 ;Δ
3033 3109 3091 3169 ἂς
3147 3128 3293 3169 τινες
3332 3106 3455 3177 τεὴν
3515 3106 3844 3185 ἀπάρθρωπρν
3930 3157 3942 3173 ,

2218 3176 2373 3259 φύέτιν
2423 3176 2900 3259 ’δη-μοσιεῦσοίντες,
2932 3181 3113 3259 id_est
3146 3197 3158 3234 :
3196 3176 3561 3259 «‘Quasnam
3587 3176 3754 3259 feras
3796 3176 3843 3229 in

2218 3250 2461 3327 corpora
2480 3250 2823 3310 sanctorum
2850 3251 3213 3327 immisimus
3234 3252 3444 3327 ?Quod
3466 3251 3700 3323 quidam
3722 3250 3847 3305 fece-

2222 3325 2375 3392 runt,
2413 3328 2510 3397 qui
2545 3332 2815 3381 naturam
2849 3325 3169 3379 humanam
3205 3325 3591 3397 publicarunt
3620 3328 3847 3397 etprae-

2222 3393 2535 3454 tituerunt.
2580 3420 2608 3448 »
2643 3398 2711 3452 Et
2743 3412 2912 3451 mox:
2949 3418 2975 3445 ‹‹
3006 3393 3380 3462 Quibusnam
3415 3393 3643 3449 crimini
3668 3395 3845 3448 datum

2226 3478 2315 3525 est
2344 3488 2375 3524 a
2406 3470 2594 3536 nobis,
2630 3470 2787 3540 quod
2818 3473 3083 3523 mortuos
3113 3467 3496 3593 sepelissent,
3531 3483 3673 3538 quos
3697 3465 3850 3519 etiam

2226 3544 2367 3593 insae
2399 3543 2596 3593 bestiae
2630 3540 2879 3593 luissent
2902 3540 3152 3593 reverita:
3241 3562 3267 3586 υ
3303 3539 3497 3593 Certe.
3530 3544 3594 3591 ut
3634 3538 3773 3591 idem
3802 3535 3849 3587 in

2225 3544 2367 3613 ipsm
2399 3543 2596 3597 bestias
2630 3538 2879 3613 fuissent
2902 3538 3206 3613 reveritazfl
3241 3562 3267 3586 »ι
3303 3539 3497 3613 Certe,
3530 3544 3594 3591 ut
3634 3538 3849 3613 idem

2226 3606 2460 3669 laudem
2490 3612 2734 3668 Heronis
2765 3611 2921 3666 Orat.
2957 3611 3205 3679 XXXIII,
3241 3606 3557 3682 sepultura
3583 3626 3653 3682 ne
3679 3606 3857 3682 impiis

2267 3685 2461 3741 uidem
2511 3690 2567 3740 et
2623 3682 2965 3739 facinorosis
3018 3680 3368 3738 hominibus
3430 3681 3630 3753 negari
3687 3680 3855 3734 debet.

2223 3758 2363 3813 ΗΑν.

2295 3831 2367 3883 De
2389 3830 2580 3899 requie
2595 3827 2916 3899 sepulturae.
2938 3829 3119 3899 Locus
3144 3823 3406 3894 insignis
3422 3823 3723 3899 adversus
3739 3835 3860 3899 nos-

2221 3904 2325 3955 trm
2355 3894 2720 3970 tempestatis
2755 3896 3187 3970 Donatistarum
3239 3894 3511 3951 asseclas
3562 3894 3858 3970 haereticos,

2221 3972 2320 4043 qui
2354 3965 2586 4043 sepulta
2617 3968 3241 4043 Christianorum,_imo
3276 3984 3488 4043 regum
3524 3981 3758 4043 corpora
3784 3965 3857 4017 el-

2218 4038 2657 4107 foderunt,cum
2693 4047 2887 4096 tamen
2925 4062 2952 4089 ‹‹
2987 4038 3228 4111 Asylum
3265 4040 3488 4095 mortis
3522 4038 3861 4111 sepultura,»

2216 4120 2368 4170 recte
2418 4133 2449 4169 a
2494 4112 2851 4168 Tertulliano
2894 4109 3150 4185 vocetur.
3184 4110 3253 4163 Et
3304 4116 3471 4185 certe
3522 4109 3858 4185 gravissima?

2215 4204 2394 4270 poenae
2428 4187 2483 4239 in
2518 4183 3281 4270 sepulcrorum'violatores,
3316 4183 3408 4237 vel
3444 4178 3595 4270 ipsis
3626 4178 3859 4235 ethnicis

2213 4254 2689 4327 imperatoribus,
2717 4259 2837 4326 jam
2870 4256 3009 4310 olim
3044 4255 3273 4309 statutae
3310 4261 3481 4307 sunt.
3519 4254 3664 4327 Plini.

2284 4319 2395 4400 (48)
2433 4319 2959 4384 νίηάίσινέὸσαιηοες.
2985 4330 3158 4381 Prout
3188 4341 3376 4400 nunc,
3409 4324 3727 4400 vindictam
3760 4319 3861 4374 Deo

2211 4397 2663 4456 committentes.
2703 4402 2777 4454 An
2827 4400 3082 4453 fautores
3141 4397 3438 4452 subdolos
3498 4398 3861 4451 adversarum

2210 4474 2464 4544 partium
2516 4469 3197 4544 intelligit?_cum_alias
3228 4469 3413 4544 etiam
3465 4469 3726 4544 vindices
3774 4479 3861 4544 oc-

2207 4532 2346 4599 culti
2382 4544 2610 4617 possint
2658 4532 2771 4599 dici
2806 4542 2887 4617 illi
2937 4541 3055 4617 qui,
3088 4557 3222 4595 cum
3256 4541 3501 4594 defectu
3555 4540 3742 4617 virum
3775 4532 3853 4587 ul-

2206 4613 2447 4672 ciscisse
2477 4618 2531 4670 in
2566 4616 2831 4687 priesenti
2870 4613 3701 4689 prohibentur_,opp_ortunum
3731 4613 3865 4689 terp-

2208 4706 2317 4759 pus
2347 4682 2614 4743 vindicta:
2642 4682 2901 4759 captant,
2922 4686 3214 4757 quomodo
3246 4683 3527 4740 inculcat
3557 4682 3861 4749 Theognis,

2202 4776 2371 4815 versu
2399 4762 2525 4818 362.

2287 4866 2359 4921 Εὖ
2389 4862 2631 4919 κώτιλλε
2659 4863 2750 4917 τὸν
2782 4860 3000 4936 ἐχθρὸν,
3033 4862 3162 4936 δτακί
3192 4856 3622 4936 δ’ῥποχείριος
3657 4853 3783 4925 ἔλθῃ

2440 4936 2591 4990 Τῖσαί
2622 4958 2723 5004 νιν,
2756 4929 3023 5012 πρὖςρασιν
3058 4929 3331 5005 μηδεμίαν
3367 4929 3631 5003 θέμενος.

2196 5044 2252 5098 id
2287 5048 2375 5098 est
2410 5087 2420 5099 .
2465 5064 2485 5092 α
2523 5045 2673 5099 Bene
2705 5042 2972 5098 demulce
3003 5039 3337 5103 inimicum,
3377 5041 3710 5107 postquam
3743 5046 3863 5107 vero

2198 5117 2309 5170 sub
2338 5120 2679 5187 potestatem
2706 5114 2944 5180 venerit,
2978 5112 3260 5187 ultione_m
3294 5101 3479 5164 sume
3514 5101 3860 5187 d-e_'(?0,.nlll-

2192 5187 2309 5242 lam
2338 5175 2661 5242 admittens
2692 5175 3181 5241 excusationem.»
3204 5183 3271 5236 Et
3292 5187 3560 5236 acutum
3587 5178 3732 5234 illud
3768 5175 3863 5230 do-

2191 5265 2285 5314 cet
2315 5259 2503 5315 Publii
2535 5260 2659 5331 Syri
2689 5258 2870 5324 Mimi,
2903 5273 3073 5311 versu
3108 5256 3228 5310 156.

2408 5368 2481 5415 De
2511 5366 2728 5415 inimico
2762 5380 2829 5414 ne
2859 5363 3099 5427 loquaris
3130 5360 3287 5418 male,
3322 5357 3427 5406 sed
3464 5356 3701 5421 cogites.

2189 5472 2259 5525 ad
2296 5488 2466 5542 quem
2500 5473 2691 5527 locum
2726 5473 2907 5526 videri
2942 5473 3211 5540 possunt,
3246 5481 3492 5542 qu_a-.__ex
3530 5455 3865 5542 posthumis

2185 5531 2328 5597 Jam’
2376 5543 2608 5599 Gruteri
2669 5531 3208 5599 observationibus
3240 5531 3497 5609 publico
3535 5531 3864 5611 'dedimus.

2185 5614 2488 5667 Polilicum
2526 5622 2719 5670 tamen
2754 5617 2859 5669 hoc
2891 5616 3135 5683 gentiles
3188 5606 3377 5674 decet,
3404 5624 3546 5683 non
3586 5606 3863 5663 Christia-

2183 5702 2311 5812 3712;.
2347 5687 2611 5743 Humane
2644 5689 2866 5746 scilicet
2892 5680 3212 5761 Sophocles
3244 5681 3445 5754 Ajacis
3479 5680 3656 5746 Flag.
3704 5687 3863 5730 versu
