4054 6174
193 344 277 405 525

1234 338 1828 404 APOLOGETICUS
1874 340 2054 401 ADV.
2100 339 2433 401 GENTES.

3434 340 3551 401 526

187 478 249 529 set
272 467 415 528 nobis
441 468 533 526 vis
561 485 942 527 numerorum
973 474 1030 527 et
1058 470 1359 544 copiarum
1381 472 1411 527 ?
1440 471 1643 529 Plures
1686 472 1774 527 ni-
1804 476 1859 543 Α
1887 473 1944 526 et
1974 473 2274 543 stuporem
2306 470 2621 542 quemdam
2644 470 2815 543 quasi
2841 471 3058 527 mortui
3091 470 3251 527 orbis
3275 471 3320 507 ²¹
3349 486 3364 540 ;
3399 484 3559 541 qum-

184 564 349 618 mirum
378 558 565 614 Mauri
618 566 675 616 et
721 562 1123 617 Marcomanni
1175 562 1405 634 ipsique
1458 562 1676 627 Parthi,
1706 576 1791 631 ve)

182 656 597 724 quantaecunque
627 649 806 705 unius
836 652 1033 705 tamen
1068 651 1182 706 loci
1216 656 1272 707 et
1301 667 1543 707 suorum
1588 650 1794 705 {inium

178 745 350 813 gentes,
382 754 564 809 quam
597 739 777 793 totius
810 738 992 794 orbis.
1045 739 1315 795 Hesterni
1378 741 1420 776 ¹⁸
1475 756 1706 805 sumus,
1739 733 1797 795 et

176 838 322 885 vestra
364 828 566 882 omnia
598 827 976 900 implevimus
1008 829 1149 901 (49),
1181 832 1378 898 urbes,
1418 829 1667 895 insulas,
1700 846 1793 884 ca-

178 917 318 987 stella,
361 917 516 972 483
570 917 919 989 municipia,
970 918 1383 987 conciliabula,
1423 923 1611 974 castra
1643 920 1793 1002 ipsa,

174 1009 339 1074 tribus,
371 1006 664 1073 decurias,
709 1006 1016 1078 palatium,
1066 1013 1360 1076 senatum,
1403 1009 1637 1077 forum;
1669 1007 1796 1063 sola

173 1097 299 1153 vobis
320 1095 663 1167 reliquimus
688 1096 928 1168 templa.
945 1102 1260 1153 Possumus
1283 1098 1657 1153 dinumerare
1680 1094 1792 1169 (50)

171 1186 414 1241 exercitus
446 1191 671 1241 vestros
714 1203 727 1240 :
760 1187 939 1240 unius
973 1187 1284 1242 Provinciis
1316 1189 1516 1259 plures
1545 1192 1719 1243 erunt
1752 1185 1795 1221 ιθ

171 1275 247 1331 Cui
272 1275 407 1330 bello
442 1292 559 1330 non
590 1275 806 1345 idonei,
833 1292 946 1331 non
982 1276 1236 1348 prompti
1268 1275 1793 1343 fuissemus,etiam

169 1364 381 1436 impares
414 1364 623 1436 copiis,
658 1364 759 1436 qui
790 1368 907 1419 tam
940 1364 1192 1420 libenter
1222 1365 1792 1437 trucidamur(54),si

168 1471 265 1510 non
293 1458 439 1526 apud
480 1455 652 1509 istam
700 1454 1076 1525 disciplinam
1123 1454 1313 1527 magis
1353 1455 1537 1510 occidi
1572 1456 1791 1518 liceret,

169 1559 314 1615 quam
346 1542 655 1598 occidere?
685 1543 993 1598 Potuimus
1037 1547 1092 1598 et
1126 1544 1402 1609 inermes,
1437 1560 1538 1598 nec
1573 1543 1794 1599 rebeles

168 1632 249 1688 sed
275 1632 675 1687 tantummodo
708 1631 1029 1699 discordes,
1077 1631 1262 1689 solius
1314 1632 1543 1687 divortii
1576 1632 1795 1688 invidia

166 1721 400 1776 adversus
424 1735 528 1775 vos
550 1719 880 1776 dimicasse.
907 1721 963 1774 Si
989 1722 1146 1776 enim
1172 1725 1334 1776 tanta
1359 1737 1460 1776 vos
1484 1720 1792 1776 hominum

1904 560 2134 617 sissetis
2182 561 2398 633 quibus
2444 561 2834 633 imperaretis.
2885 560 3091 617 Plures
3142 561 3341 617 hostes
3374 575 3551 632 quam

1904 650 2057 706 cives
2087 650 2248 706 vobis
2280 651 2719 706 remansissent.
2742 654 2905 705 Nunc
2939 651 3093 706 enim
3120 650 3423 723 pauciores
3456 649 3558 704 ho-

1904 743 2023 796 stes
2057 740 2284 796 habetis
2315 756 2432 812 prae
2463 739 2841 796 multitudine
2869 739 3360 809 Christianorum,
3410 754 3557 811 pene

1903 830 2168 885 omnium
2222 829 2520 885 civitatum
2572 830 2616 862 ²²
2666 846 2809 901 pene
2852 846 3056 885 omnes
3089 830 3242 885 cives
3271 828 3557 883 Christia-

1903 935 2009 973 nos
2041 920 2331 973 habendo.
2381 919 2489 973 Sed
2521 918 2719 973 hostes
2762 918 3058 973 maluistis
3087 932 3294 973 vocare
3326 916 3555 988 generis

1903 1007 2147 1061 humani
2176 1008 2238 1059 ’3.
2271 1007 2411 1071 Quis
2443 1011 2639 1061 autem
2690 1023 2789 1061 vos
2839 1008 2912 1061 ab
2944 1006 3061 1062 illis
3093 1004 3335 1062 occultis
3366 1012 3425 1061 et
3454 1022 3555 1061 us—

1904 1112 2252 1167 quequaque
2302 1096 2670 1151 vastantibus
2713 1100 2938 1151 mentes
2969 1101 3023 1151 et
3063 1095 3422 1151 valetudines
3454 1111 3553 1150 ve-

1902 1190 2055 1240 stras
2100 1184 2369 1240 hostibus
2400 1186 2672 1256 raperet?
2704 1202 2736 1240 a
2767 1185 3187 1241 daemoniorum
3217 1184 3554 1240 incursibus

1904 1274 2053 1343 dico,
2087 1290 2216 1343 quae
2246 1274 2315 1329 de
2346 1274 2509 1329 vobis
2541 1276 2667 1329 sine
2700 1276 2956 1347 praemio,
3000 1275 3126 1330 sine
3155 1275 3423 1330 mercede
3454 1274 3555 1329 de-

1903 1360 2198 1433 pellimus.
2232 1362 2568 1418 Suffecisset
2606 1362 2715 1419 hoc
2767 1363 2956 1418 solum
3009 1367 3225 1419 nostris
3273 1364 3428 1418 464
3466 1363 3557 1417 ul-

1902 1450 2066 1515 tioni,
2101 1452 2255 1522 quod
2289 1467 2469 1507 vacua
2500 1452 2706 1507 exinde
2738 1452 3032 1523 possessio
3075 1452 3404 1508 immundis
3434 1451 3554 1523 spi-

1902 1539 2113 1594 ritibus
2145 1540 2420 1611 patcretis
2453 1541 2515 1596 ²⁴.
2551 1545 2727 1596 Porro
2780 1557 2885 1596 nec
2927 1542 3073 1596 tanti
3108 1540 3362 1614 praesidii
3394 1556 3557 1595 com—

1901 1632 2300 1702 pensationem
2335 1633 2674 1704 cogitantes,
2708 1647 2824 1687 non
2870 1632 3043 1688 modo
3092 1648 3207 1687 non
3248 1625 3556 1687 molestum

1902 1721 2067 1775 vobis
2124 1737 2330 1791 genus,
2379 1738 2581 1776 verum
2633 1722 2810 1777 etiam
2878 1719 3301 1789 necessarium,
3356 1719 3556 1774 hostes

165 1811 210 1865 in
226 1810 461 1881 aliquem
478 1809 638 1865 orbis
658 1808 1075 1865 remotisinum
1095 1810 1789 1885 abrupissemusavobis,
1822 1855 1869 1920 B
1893 1810 2160 1881 judicare
2192 1809 2486 1866 maluistis
2521 1827 2534 1865 :
2566 1811 2665 1881 qui
2698 1827 2907 1866 sumus
2954 1809 3143 1880 plane,
3178 1824 3293 1864 non
3325 1806 3554 1880 generis

166 1900 468 1920 _--ﬂ'__J:__-L
506 1898 552 1920 9n
592 1897 861 1920 f_--.l-_..1
922 1899 1118 1920 --L:---A
1184 1899 1630 1920 J__.:___A:__-_..
1696 1915 1755 1920 ..Α
1901 1899 2141 1920 L_-_--_:
2174 1902 2364 1920 1-..-..
2428 1900 2521 1920 -_.‘l
2561 1900 2753 1920 __A:___
2792 1897 2996 1920 -.μ--..2-

166 1900 474 1953 suffudisset
506 1898 552 1931 ³ο
592 1897 862 1968 [pudore]
922 1899 1124 1967 utique
1180 1899 1636 1954 dominationem
1696 1915 1789 1953 ve-

169 1992 317 2041 stram
339 1992 422 2043 tot
442 1987 946 2057 qualiumcunque
971 1986 1212 2041 amissio
1233 1987 1591 2052 civium,imo
1613 1988 1787 2043 etiam

171 2086 211 2131 et
237 2076 346 2146 ipsa
390 2075 781 2131 destitutione
811 2075 1098 2146 punisset.
1147 2074 1357 2132 Procul
1408 2076 1584 2131 dubio
1615 2091 1788 2147 expa-

163 2164 356 2220 vissetis
376 2164 450 2219 ad
477 2162 856 2219 solitudinem
879 2168 1154 2231 vestram,
1171 2165 1241 2218 ad
1266 2163 1566 2220 silentium
1592 2180 1788 2220 rerum

1900 1899 2144 1953 humani
2174 1902 2392 1968 tamen,
2424 1900 2526 1955 sed
2558 1900 2755 1970 potius
2786 1897 3017 1953 erroris.

2460 2005 2692 2061 CAPUT
2730 2004 2991 2060 XXXVII.

1898 2097 2335 2149 Anaumsmum.
2355 2125 2422 2135 -—-
2450 2095 2585 2163 Quae
2603 2110 2732 2151 cum
2756 2096 2835 2149 ita
2851 2094 2981 2162 sint,
3014 2092 3330 2160 tolerari,ut
3348 2097 3556 2147 sectam

1968 2168 2239 2238 aliquam,
2272 2169 2367 2237 qui
2393 2168 2539 2222 nihil
2570 2169 2708 2222 mali
2736 2170 2986 2238 aperetur
3016 2166 3249 2227 debere;
3280 2180 3389 2220 non
3408 2165 3558 2220 enim

1560 2267 1761 2326 Variae
1805 2266 2120 2328 lectiones.

221 2361 255 2397 1⁵
280 2364 353 2416 Ita
383 2361 632 2416 Heratd.
666 2377 694 2416 e
724 2376 822 2415 ms.
854 2364 1005 2427 Put.,
1038 2360 1157 2417 Ald.
1196 2363 1340 2431 Rig.,
1374 2363 1530 2431 Hav.,
1560 2364 1689 2418 Jun.
1724 2364 1800 2417 La
1843 2363 2053 2433 Cerda;
2084 2365 2268 2419 caeteri
2306 2380 2324 2417 :
2377 2363 2627 2419 Externi.

242 2448 337 2486 uno
365 2435 498 2486 cod.
532 2433 689 2486 Fuld.
727 2435 934 2486 recepit
965 2434 1096 2486 Ilav.
1129 2437 1228 2486 aui
1259 2450 1371 2486 voc.
1405 2434 1722 2486 Christiani
1751 2436 2021 2486 excidisse
2053 2436 2360 2486 arbitratus
2408 2444 2500 2486 est.
2583 2436 2628 2470 2°

166 2447 221 2484 er
242 2448 337 2488 uno
365 2435 498 2489 cod.
532 2433 689 2487 Fuld.
727 2435 934 2503 recepit
965 2434 1096 2487 Ilav.
1129 2437 1228 2506 qui
1259 2450 1371 2489 voc.
1405 2434 1722 2489 Christiani
1751 2436 2021 2491 excidisse
2053 2436 2360 2491 arbitratus
2408 2444 2500 2491 est.
2583 2436 2628 2470 2°
2682 2435 2733 2490 V.
2768 2435 2992 2505 pudore
3044 2450 3150 2488 rec.
3212 2435 3344 2488 Hav.
3378 2450 3407 2489 e
3436 2433 3555 2489 cod.

166 2503 290 2559 Fuld.
316 2522 337 2566 ;
366 2505 557 2577 Lugd.
593 2504 927 2559 diffudisset
956 2511 1163 2577 utque.
1248 2506 1288 2539 ²¹
1322 2507 1415 2560 Lic
1445 2506 1564 2573 Βία.
1602 2515 1655 2560 et
1705 2507 1837 2562 Ηαυ.
1883 2524 1953 2563 ex
1982 2510 2320 2563 auctoritate
2363 2507 2477 2562 cod.
2510 2506 2666 2561 Fuld.
2692 2523 2712 2569 ;
2759 2506 2909 2561 codd.
2943 2507 3067 2561 Put.
3103 2510 3153 2561 et
3184 2507 3354 2573 Bong.
3389 2505 3560 2577 quasi

163 2503 290 2559 Fuld.
316 2522 337 2566 ;
366 2505 557 2577 Lugd.
593 2504 927 2559 diffudisset
956 2503 1163 2577 utque.

2377 2363 2627 2419 Externi.
2708 2364 2751 2398 ‘9
2786 2363 2873 2417 νυ.
2929 2366 3254 2417 Possumus
3287 2392 3355 2402 —-
3385 2364 3560 2416 erunt

2768 2435 2992 2505 pudore
3044 2450 3150 2488 rec.
3212 2435 3344 2488 Hav.
3378 2450 3407 2489 e
3436 2433 3555 2489 cod.

164 2577 368 2651 mortui,
404 2580 589 2630 urbes
622 2592 806 2651 thEBS.
839 2594 851 2642 ;
885 2578 1300 2651 Pamelsquasi
1337 2582 1577 2651 mortua:
1629 2580 1814 2647 urbis,
1855 2580 2233 2650 quzssissetis,
2269 2578 2595 2651 quibusin
2648 2595 2715 2633 ea
2747 2577 3185 2649 imperassetis;
3218 2577 3388 2651 Rhen.
3438 2578 3560 2632 Ald.

160 2656 197 2699 et
224 2646 421 2719 Gangn.
460 2664 475 2701 :
515 2647 686 2719 quasi
723 2653 965 2703 mortuae
1000 2646 1165 2703 urbis
1194 2648 1474 2719 reliquias
1507 2665 1688 2720 queas.
1740 2646 1850 2704 etc.
1872 2646 1887 2650 ⁷
1930 2652 1976 2685 υ
2008 2655 2095 2706 Ita
2127 2646 2349 2706 ﬂauere.
2374 2668 2394 2712 ;
2422 2649 2571 2705 codd.
2599 2665 2781 2705 omnes
2813 2646 3050 2706 civium.
3084 2651 3204 2720 Βία.
3238 2649 3437 2704 deterit
3472 2665 3556 2703 vv.

160 2719 955 2794 pene_omnium‘—_generis
1004 2721 1271 2784 humani,
1322 2719 1536 2794 quibus
1564 2721 1668 2775 alii
1714 2721 1933 2777 addune
1966 2738 1978 2777 :
2015 2723 2211 2794 potius
2260 2739 2436 2794 quam
2469 2722 2683 2778 erroris
2732 2722 2997 2778 humani.
3075 2723 3121 2757 ³³
3153 2719 3352 2777 Potius
3381 2736 3561 2792 quam

158 2792 339 2847 erroris
368 2790 620 2847 humani
654 2790 785 2847 add.
830 2793 1022 2860 Fran.,
1055 2794 1165 2848 Par
1196 2790 1341 2864 Εἰς(
1396 2794 1441 2827 ²⁴
1470 2793 1719 2863 Pateret,
1748 2798 1920 2849 Fran.
1957 2790 2132 2849 Paris.

1584 2891 2105 2952 Commentarios.

380 2984 500 3061 "Of
532 2982 731 3061 ἰχθρὸς
764 2981 1054 3061 ξς-τοσόνξξ
1087 2983 1435 3061 ἰχΘραντὲος,

455 3053 673 3118 Ὠςῖωἱὶ
704 3053 952 3133 φιλήσων
986 3053 1161 3120 αὖθιὲῖ

163 3153 210 3207 id
241 3158 340 3224 est,
373 3178 401 3205 «ι
434 3155 589 3211 Cum
624 3154 808 3210 hostis
840 3172 935 3211 ess
955 3172 1083 3221 em,
1115 3156 1196 3211 ita
1228 3154 1361 3211 odio
1393 3172 1553 3211 eram
1584 3155 1800 3211 haben-

166 3224 370 3299 dus,ut
398 3226 511 3297 qui
544 3244 751 3282 rursus
783 3228 1008 3283 amicus
1041 3228 1163 3283 fieri
1196 3244 1449 3299 possem.
1478 3248 1502 3278 »
1543 3229 1676 3282 ΗΑν.

222 3298 322 3368 (49)
355 3301 786 3385 Vestra‘omaia
833 3301 1195 3385 implevimus.
1240 3300 1796 3385 ItapidusEvange-
1833 3318 1875 3385 ρ

166 3363 469 3444 lii'oursus
534 3373 591 3424 et
639 3378 846 3444 potens
904 3363 1202 3444 sceptrum
1260 3363 1624 3428 fortitudinis
1682 3363 1798 3444 svum

167 3443 294 3507 quod
320 3457 383 3496 ex
416 3442 596 3497 Sione
656 3443 815 3497 misit
864 3442 1146 3498 Dominus
1199 3444 1309 3498 cito
1341 3449 1585 3500 aeternos
1645 3442 1803 3498 orbis

166 3518 338 3589 portas
364 3518 427 3589 et
462 3514 625 3589 fores
657 3520 862 3589 aeratas
893 3517 1189 3589 perfregit.
1224 3515 1405 3589 Cujus
1458 3516 1684 3571 illustre
1716 3518 1802 3568 te-

168 3585 488 3658 stimonium
517 3586 642 3655 jam
690 3586 779 3641 vel
823 3585 1241 3658 seéundo'post
1270 3587 1566 3642 Christum
1600 3591 1802 3641 natum

166 3655 349 3710 szeculo
380 3663 583 3727 petere
615 3665 704 3713 est
733 3664 856 3712 tum
897 3675 967 3713 ex
1015 3655 1126 3714 hoc
1172 3658 1316 3728 loco,
1367 3665 1491 3714 tum
1523 3676 1647 3729 cap.
1682 3658 1801 3728 pri-

166 3739 243 3802 mo
272 3743 284 3781 :
318 3729 600 3802 Obsessam
633 3732 1025 3802 vociferantur,
1048 3738 1158 3786 etc.
1180 3730 1256 3784 Ad
1281 3732 1442 3802 Scap.
1470 3730 1643 3785 etiam
1673 3745 1801 3799 cap.

170 3795 217 3848 ti
252 3813 264 3876 ξ
300 3825 317 3846 ε
351 3800 495 3876 Cum
556 3795 1069 3876 tanta-hominum
1123 3795 1457 3876 multitudo,
1494 3795 1805 3876 parspene

170 3871 332 3944 major
360 3871 628 3944 civitatis
658 3873 965 3944 cujusque,
1008 3873 1068 3928 in
1118 3874 1349 3929 silentio
1403 3880 1459 3929 et
1495 3871 1806 3928 _modestia

172 3940 399 4028 agimus,
428 3940 832 4028 sipgulinforte
850 3940 973 4028 noti
1008 3946 1195 4028 magis
1225 3962 1404 4028 quam
1438 3961 1661 4028 omnes.
1689 3966 1717 3993 ››
1749 3950 1806 3998 et

171 4024 277 4080 Cap.
308 4016 378 4069 5:
416 4038 443 4064 (ι
478 4016 632 4080 Quid
660 4016 835 4071 facies
867 4018 937 4072 de
967 4019 1145 4073 tantis
1178 4016 1442 4073 millibus
1473 4016 1801 4084 hominum,

169 4085 239 4136 tot
282 4087 419 4159 viris
467 4103 542 4159 ac
595 4087 849 4157 feminis,
899 4090 1092 4143 omnis
1142 4107 1337 4159 sexus,
1370 4089 1564 4144 omnis
1594 4088 1801 4159 aetatis,

169 4157 339 4230 omnis
368 4158 701 4230 dignitatis,
727 4156 1104 4215 olfe’rentibus
1126 4178 1187 4216 sc
1218 4156 1805 4230 tibiVPQuantis‘igni-

167 4223 277 4294 bus,
306 4223 553 4299 quantis
584 4223 798 4303 gladiis
831 4249 979 4303 opus
1011 4232 1163 4288 erit?
1187 4233 1325 4303 quid
1358 4223 1487 4302 ipsa
1517 4223 1804 4302 Carthago

165 4312 386 4376 passura
412 4308 508 4357 est
542 4302 888 4376 decimanda
914 4321 947 4376 a
978 4307 1052 4375 te,
1087 4302 1220 4359 cum
1256 4307 1639 4376 propinquos,
1670 4319 1803 4376 cum

166 4372 671 4447 contubernaculis
711 4392 849 4430 suos
908 4372 1046 4433 illic.
1098 4372 1392 4447 uniusque
1450 4372 1803 4446 cognoverit,

165 4453 275 4495 cuin
328 4444 544 4501 viderit
593 4445 711 4519 illic
757 4448 1025 4519 fortasse,
1076 4453 1132 4504 et
1178 4450 1262 4502 tui
1296 4444 1547 4503 ordinisw
1566 4448 1718 4502 viros
1752 4450 1808 4519 et

164 4520 465 4584 matronas,
493 4523 555 4572 et
587 4518 938 4591 principales
971 4537 1236 4591 quasque
1268 4525 1630 4591 personas,et
1658 4518 1806 4591 emi-7

166 4597 343 4662 gotum
376 4595 624 4662 tuorum
656 4589 741 4662 vel
783 4589 1156 4662 prepinquos
1193 4594 1277 4647 vel
1334 4590 1600 4645 amicos?
1644 4614 1670 4638 ››
1726 4590 1807 4645 Ad

161 4657 521 4756 l'Vation;.1,_18.
555 4676 568 4715 :
607 4682 634 4711 ‹‹
666 4657 881 4745 Verum
904 4657 1248 4756 recogitate,
1271 4680 1353 4744 .ne
1386 4663 1804 4756 quos'tertilum
1839 4692 1883 4756 Β

163 4730 575 4806 genusdicitis,
604 4733 924 4804 principem
952 4730 1145 4791 locum
1168 4730 1490 4800 obtineant,
1517 4734 1806 4806 siquidem

165 4813 260 4853 non
290 4800 413 4880 ulla
439 4800 751 4880 gens'n‘on
797 4800 1134 4863 Christiana
1168 4826 1179 4862 :
1215 4809 1411 4879 itaque
1444 4800 1808 4880 quaecunque

165 4885 287 4994 gens
328 4876 551 4944 prima,
604 4876 993 4934 nihilominus
1044 4876 1388 4935 Christiana.
1434 4876 1477 4928 ››“
1514 4879 1809 4932 Adversus

199 4944 379 4994 udaeos
412 4963 657 4994 nnnmm
696 4966 743 4994 η.
794 4952 847 4994 7.
905 4952 998 4994 nhi
1060 4953 1328 4994 nynnqnit
1376 4950 1517 4994 illud
1570 4965 1633 4994 ex
1683 4951 1808 4994 Act-

199 4944 379 5023 udzeos
412 4963 657 5023 quoque
696 4952 849 5023 c._7,
905 4952 1001 5005 ubi
1060 4953 1328 5023 exposuit
1375 4950 1519 5006 illud
1570 4965 1637 5023 ei;
1682 4951 1808 5001 Act.

164 5018 345 5096 APQSt.
380 5034 445 5085 Il,
477 5018 661 5096 9~1t_,_
692 5021 999 5092 subjungit
1033 5040 1045 5077 :
1173 5028 1246 5078 Ut
1293 5019 1809 5096 jamnGetulorum

164 5091 481 5159 varietates,
516 5095 576 5145 et
608 5091 946 5147 Maurorum
981 5095 1148 5149 multi
1192 5096 1356 5153 ﬁnes,
1392 5091 1809 5161 Hispaniarum

166 5170 350 5239 graues
380 5162 651 5239 termini,
685 5168 741 5218 et
770 5164 1091 5239 Galliarum
1140 5166 1377 5239 diversae
1410 5164 1699 5239 nationes,
1755 5167 1812 5216 et

166 5230 570 5289 Britannorum
601 5235 901 5292 inaccessa
932 5238 1210 5292 Romanis
1243 5237 1386 5299 loca,
1420 5235 1649 5290 Christo
1680 5249 1811 5289 vero

166 5301 426 5372 subdita;
457 5312 520 5360 et
556 5306 981 5372 Sarmatarum,
1015 5314 1069 5363 et
1118 5309 1425 5375 Dacorum,
1474 5312 1531 5361 et
1577 5308 1811 5361 Germa-

168 5385 383 5450 norum,
409 5382 469 5431 et
490 5376 868 5447 Scytharum,
893 5386 950 5435 et
971 5381 1298 5436 abditarum
1333 5377 1652 5433 multarum
1676 5395 1812 5448 gen-

165 5446 317 5527 tium,
346 5446 878 5527 et-provinciarum
912 5457 967 5506 et
996 5451 1322 5527 insularum
1355 5446 1814 5527 multarum'no:

168 5511 241 5593 bis
268 5511 614 5593 ignotarum
636 5527 693 5575 et
718 5539 844 5591 quae
866 5539 1207 5578 enumerare
1239 5522 1437 5577 minus
1459 5520 1815 5593 possumus?

174 5584 224 5639 In
260 5584 483 5668 quibus
516 5584 797 5648 omnibus
838 5593 979 5648 locis
1008 5594 1219 5648 Christi
1271 5584 1505 5659 nomen,
1540 5594 1664 5668 qui_
1693 5594 1816 5668 jam

169 5665 331 5735 venit,
374 5668 634 5731 regnat;
670 5670 866 5733 utpote
915 5671 1045 5719 ante
1094 5683 1266 5735 quem
1319 5667 1585 5720 omnium
1619 5665 1814 5720 civita-

173 5730 283 5785 tum
315 5730 506 5801 porta:
540 5741 681 5789 sunt
710 5730 941 5802 apertae,
970 5741 1026 5792 et
1055 5730 1147 5793 cui
1180 5737 1350 5793 nullae
1384 5742 1524 5793 sunt
1552 5738 1764 5793 clausas
1798 5756 1812 5805 ;

172 5805 292 5862 ante
324 5821 517 5878 quam
558 5820 696 5864 sem
738 5808 936 5866 ferrem
965 5814 1103 5869 sunt
1132 5809 1526 5884 comminutis,
1558 5814 1614 5869 et
1640 5808 1817 5869 valva

1908 3005 2068 3043 aereae
2099 2992 2238 3042 sunt
2267 2992 2500 3057 apertis.
2534 2990 2881 3059 Quanquam
2925 2993 2984 3044 et
3031 2987 3147 3042 ista
3167 2984 3563 3059 spiritualiter

1908 3061 2027 3115 sint
2057 3059 2458 3131 intelligenda,
2493 3076 2607 3131 quo
2638 3057 2956 3131 praecordia
2987 3057 3354 3131 singulorum
3385 3057 3560 3112 variis

1910 3132 2103 3188 modis
2134 3149 2167 3187 a
2213 3132 2442 3188 diabolo
2491 3130 2750 3199 Obsessa,
2792 3132 2906 3187 fide
2953 3130 3165 3187 Christi
3217 3134 3356 3185 sunt
3402 3145 3565 3185 rese-

1911 3208 2037 3259 rata
2080 3207 2387 3259 :attamen
2439 3204 2744 3275 perspicue
2797 3220 2926 3258 sum
2976 3200 3318 3275 adimpleta_,
3359 3204 3563 3275 utpote

1912 3278 1973 3331 in
2006 3275 2221 3348 quibus
2243 3272 2520 3331 omnibus
2544 3272 2686 3332 locis
2718 3274 2968 3346 populus
2991 3273 3245 3348 nominis
3278 3272 3379 3348 Dei
3400 3272 3567 3327 inha-

1916 3342 2079 3427 bitet.
2114 3370 2142 3397 ››
2176 3348 2243 3427 Et
2273 3348 2343 3403 ad
2377 3350 2635 3427 eosdem,
2690 3342 2739 3415 c,
2785 3342 2883 3427 .12..
2935 3366 2959 3397 α
3012 3346 3232 3427 Aspice.
3266 3342 3567 3427 universas

1913 3421 2179 3475 nationes
2213 3421 2283 3474 de
2314 3420 2588 3491 voragine
2620 3418 2833 3473 erroris
2871 3416 3115 3471 humani
3147 3416 3356 3491 exinde
3380 3431 3568 3491 emer-

1912 3496 2115 3565 gentes
2148 3492 2217 3546 ad
2247 3487 2556 3565 Dominum
2600 3496 2793 3565 Deum
2812 3492 3162 3558 Creatorem,
3195 3488 3349 3565 et_ad
3384 3487 3567 3565 Deum

1912 3560 2207 3618 Christum
2240 3566 2387 3633 ejus.
2452 3564 2520 3617 Et
2576 3563 2624 3617 si
2684 3563 2888 3630 audes,
2934 3577 3080 3633 nega
3111 3560 3566 3633 prophetatum;

1914 3636 2111 3691 statim
2165 3630 2286 3689 tibi'
2313 3634 2627 3706 promissio
2681 3633 2868 3706 Patris
2918 3630 3139 3706 occurit
3178 3630 3238 3706 in
3276 3630 3565 3706 Psalmis,

1912 3708 2136 3771 dicens,
2190 3729 2216 3755 »
2267 3703 2376 3761 etc.
2423 3708 2497 3761 De
2544 3706 2754 3761 Corona
2802 3705 3051 3775 denique
3104 3703 3564 3775 militis,c.12:

1914 3802 1941 3829 «
1976 3780 2044 3832 Et
2072 3779 2225 3849 apud
2262 3778 2546 3835 Barbaros
2575 3776 2730 3832 enim
2761 3774 3047 3849 Christus.
3100 3798 3127 3825 ››
3162 3774 3566 3849 Vociferatur-

1914 3867 2027 3920 que
2080 3846 2365 3921 imposter
2412 3850 2507 3904 ille
2565 3850 2717 3921 apud
2778 3848 3101 3921 Lucianum
3160 3846 3217 3899 in
3252 3847 3565 3921 Pseudom.

1920 3917 1946 3970 ἱ
1977 3917 2183 3992 Impiis
2207 3926 2265 3976 et
2295 3917 2642 3977 Christianis
2676 3919 2907 3991 impleri
2942 3919 3210 3973 Pontum.
3245 3939 3272 3966 ‹‹
3298 3917 3437 3971 ΗΑν.

1986 3988 2095 4063 (50)
2127 3995 2417 4048 Possumus
2445 3988 2803 4047 dinumerare
2830 3993 3105 4063 exercitus
3125 3996 3332 4063 ves-tros
3358 3988 3569 4063 iunius

1911 4056 2211 4146 provincia
2241 4065 2425 4146 plures
2454 4069 2634 4119 erunt.
2654 4064 2883 4146 ‘Toturnn
2916 4061 3113 4146 h‘oe‘in
3140 4059 3262 4146 solo
3293 4056 3569 4146 Euidensi

1914 4130 2321 4210 invenitur,‘et
2370 4141 2565 4210 tamen
2616 4133 3075 4210 plane__'l‘ertull.
3110 4131 3282 4210 sapit.
3317 4130 3572 4210 Scinius,

1913 4209 2128 4278 inquit,
2161 4208 2314 4277 quod
2348 4201 2670 4262 excercitus
2710 4207 2880 4263 hodie
2923 4204 3168 4278 Romani
3222 4201 3404 4278 alant,
3438 4201 3571 4273 quis

1914 4274 2148 4333 illorum
2169 4274 2366 4347 justus
2390 4280 2465 4333 sit
2488 4295 2808 4341 numerus;
2841 4282 2898 4333 at
2921 4280 3083 4331 tanta
3104 4274 3572 4347 Christianorum

1916 4345 2231 4405 multitudo
2263 4356 2372 4415 est,
2409 4357 2472 4406 ut
2500 4350 2588 4405 vel
2620 4368 2735 4405 una
2768 4348 3061 4421 provincia
3095 4348 3344 4416 majores
3377 4345 3576 4421 copias

1916 4424 1986 4476 de
2018 4423 2092 4475 iis
2124 4422 2417 4478 instruere
2447 4422 2651 4495 possit.
2680 4418 2945 4495 Pulchre
2995 4420 3090 4495 bis
3129 4418 3453 4495 sequentia
3486 4430 3575 4469 re-

1916 4495 2221 4565 spondent.
2260 4488 2615 4550 Praeteriisse
2643 4494 2806 4559 alios,
2840 4498 2895 4548 et
2917 4491 3213 4564 imprimis
3248 4488 3574 4565 Rigallium,

1914 4560 2007 4620 vix
2036 4568 2175 4622 fero.
2204 4568 2467 4622 Arbitror
2489 4572 2685 4621 tamen
2710 4560 3216 4620 excidisse'vocem
3239 4560 3575 4617 Christiani.

1917 4640 2099 4780 Egi)
2137 4711 2270 4764 Tam
2301 4709 2536 4780 libenter
2567 4707 2927 4761 trucidamur.
2976 4711 3123 4761 Nam
3177 4708 3242 4760 ut
3288 4719 3421 4759 vere
3464 4702 3578 4757 Pu-

1915 4779 2072 4834 blius
2105 4781 2287 4851 Syrus
2324 4779 2557 4844 Mimus,
2593 4794 2765 4834 versu
2796 4780 2900 4833 259

2032 4868 2147 4917 Heu
2178 4882 2337 4931 quam
2370 4872 2453 4917 est
2481 4867 2770 4926 timendus,
2804 4867 2897 4930 qui
2931 4866 3068 4916 mori
3099 4868 3275 4916 tutum
3306 4866 3479 4927 putat.

1916 4956 1991 5013 Ut
2021 4958 2181 5013 enim
2214 4958 2370 5012 idem
2404 4974 2573 5012 versu
2607 4958 2713 5011 422

2061 5057 2283 5105 Mortem
2316 5057 2408 5105 ubi
2439 5059 2773 5112 contemnas,
2804 5068 2990 5103 omnes
3025 5054 3214 5101 viceris
3242 5057 3437 5101 metus.

1991 5145 2073 5198 Ex
2102 5145 2302 5199 eodem
2339 5145 2495 5199 fonte
2528 5143 2671 5197 illud
2718 5143 2945 5197 Senecae
2992 5141 3063 5196 ad
3124 5139 3345 5195 Helvid.
3381 5156 3430 5194 c.
3466 5138 3534 5193 13
3568 5150 3582 5190 :

1924 5240 1950 5266 ‹‹
1984 5217 2063 5270 Ex
2096 5233 2209 5287 quo
2245 5222 2472 5286 pectore
2502 5215 2709 5270 mortis
2741 5219 2962 5270 metum
2996 5212 3256 5284 ejeceris,
3280 5211 3420 5267 inid
3449 5210 3588 5266 nul-

1922 5288 2038 5345 lius
2070 5286 2151 5344 rei
2185 5288 2363 5344 timor
2392 5287 2631 5342 audebit
2662 5286 2876 5341 intrare
2912 5303 2925 5341 :
2962 5306 2990 5334 ››

2608 5396 2743 5445 quos
2766 5381 2858 5445 ille
2892 5384 3162 5445 tumorum

2049 5443 2309 5508 Manimos
2339 5442 2480 5493 haud
2511 5440 2664 5508 urget
2687 5444 2817 5493 lethi
2841 5448 3043 5508 metus,
3072 5442 3166 5491 ind
3188 5456 3214 5490 e
3243 5440 3435 5490 ruendi

2049 5506 2335 5617 Inhil'errtum
2370 5521 2519 5556 mens
2548 5506 2722 5570 prona
2753 5507 2896 5569 viris,
2932 5507 3241 5568 animatque
3273 5515 3493 5565 capaces

2168 5582 2227 5615 or
2258 5583 2299 5616 IS
2324 5585 2337 5617 :

2168 5582 2299 5616 Ol‘llS
2324 5585 2337 5619 ἒ

1925 5661 1996 5733 de
2022 5658 2263 5733 Druidis
2298 5664 2361 5714 ut
2391 5659 2551 5733 canit
2581 5676 2831 5730 magnus
2862 5657 3079 5733 Lucani
3100 5649 3510 5733 _spiritus,.lib.
3544 5666 3584 5719 ι,

1930 5731 2033 5790 tibi
2070 5749 2173 5805 pro
2203 5748 2423 5807 capaces
2455 5732 2583 5807 lego
2606 5728 2847 5805 rapaces.
2873 5728 3225 5799 Praecipiunt
3244 5728 3411 5797 quasi
3436 5736 3585 5778 mor-

1929 5810 2048 5866 tem
2086 5821 2276 5866 suam.
2312 5805 2452 5865 Hav.
