4054 6174
454 330 573 389 527

975 328 1501 390 TERTULLIANI
1547 326 1874 391 OPERUM
1915 328 2117 389 PARS
2162 329 2211 389 l.
2244 362 2321 375 —
2352 330 2630 396 SERIES
2676 335 2726 411 Ι,
2769 334 3335 399 APOLOGETICA.

3691 348 3793 407 528
3833 342 3839 350 ’

523 461 966 545 metuendumne
1011 462 1273 545 tales-ad
1307 463 1544 545 illicitas.
1580 465 2096 545 [actiones-coeant,
2128 469 2184 534 Α
2214 480 2287 519 ne
2318 466 2520 522 civitas
2548 468 2607 523 in
2641 473 2835 540 partes
2865 469 3247 539 scinderetur,
3278 489 3395 545 qua
3432 491 3514 530 res
3543 476 3687 534 facile
3712 498 3792 536 co-

520 538 617 606 qui
645 535 755 589 loco
774 535 1079 603 factionum
1109 535 1409 605 vitent,qui
1437 534 1642 590 dudum
1671 537 1990 591 renuntiare
2017 535 2094 589 di'

518 608 752 671 dicerint
799 607 1144 676 spectaculis,
1193 609 1361 672 circo,
1394 606 1624 673 theatro,
1668 622 1875 672 arena,
1909 611 2095 677 xysto,

519 677 663 732 unde
690 679 953 745 crudeles,
988 680 1193 747 insani,
1242 679 1451 743 lascivi,
1497 681 1644 738 vani,
1680 679 2005 739 turbulenti,
2047 682 2097 732 et

518 750 581 805 ob
604 750 658 804 id
678 751 747 803 ad
767 751 1192 818 conspirandum
1223 752 1346 818 apti
1372 750 1555 805 redire
1585 751 1791 805 soleant
1826 752 2093 805 homines.

516 823 576 877 Si
604 824 779 892 igitur
806 822 1113 875 Christiani
1141 823 1285 875 alias
1314 823 1523 889 eligant
1550 824 1869 886 voluptates.
1902 837 2098 892 easque

518 894 761 961 innoxii,
816 893 1005 947 turbas
1062 910 1171 948 non
1203 894 1305 948 del)
1337 909 1444 964 ere,
1485 910 1606 948 cum
1656 896 1903 963 gentibus
1931 898 2097 950 etiam

518 982 643 1019 suas
674 966 846 1034 quieti
876 965 1169 1036 reliquant.

518 1053 763 1109 Proinde
790 1070 896 1109 nec
927 1053 1100 1124 paulo
1131 1053 1343 1121 lenius,
1367 1054 1519 1108 inter
1546 1052 1738 1108 licitas
1768 1053 2097 1109 functiones

447 1145 665 1198 sectam
697 1143 872 1197 istam
903 1142 1170 1213 deputari
1204 1143 1524 1213 oportebat,
1560 1159 1593 1195 a
1641 1159 1759 1212 qua
1808 1141 1955 1196 nihil
1986 1141 2096 1196 tale

448 1231 793 1298 comittitur,
857 1230 1029 1302 quale
1076 1231 1147 1287 de
1206 1230 1422 1286 illicitis
1486 1231 1837 1287 factionibus
1901 1229 2097 1287 timeri

445 1320 615 1377 solet.
643 1319 769 1375 Nisi
800 1319 972 1375 fallor
1013 1320 1194 1388 enim,
1227 1319 1729 1392 prohibendarum
1778 1320 2097 1375 factionum

446 1426 625 1466 causa
652 1410 725 1465 de
755 1410 1120 1481 providentia
1162 1414 1393 1465 constat
1424 1409 1724 1465 modestia
1754 1408 1997 1481 publica
2029 1409 2096 1477 ’5,

2209 554 2398 621 mitia,
2430 557 2696 625 concilia,
2730 559 2945 625 curias,
2972 561 3296 631 conciones,
3330 565 3631 634 spectacula
3646 569 3794 625 etiam

2207 643 2435 700 amulis
2483 646 2814 702 studiorum
2866 648 3420 719 compulsationibus
3468 654 3568 723 (52)
3598 654 3792 727 inquie-

2204 734 2385 802 taret,
2420 750 2551 789 cum
2576 737 2701 805 jam
2757 741 2815 791 et
2863 738 2922 790 in
2965 739 3113 794 465
3152 744 3370 809 quastu
3402 740 3595 797 habere
3622 745 3797 815 coepis-

2208 825 2337 876 sent
2373 824 2638 879 venalem
2672 831 2728 879 et
2760 830 3180 881 mercenariam
3216 828 3469 884 homines
3496 830 3598 901 (53)
3617 832 3799 887 violen-

2204 910 2296 965 tia
2328 927 2443 965 sua
2475 929 2713 983 operam
2745 914 2809 967 ³⁸.
2843 918 2916 970 At
2956 915 3113 970 enim
3160 915 3321 971 nobis
3349 917 3416 971 ab
3464 919 3610 973 omni
3636 919 3799 989 gloria

2205 1003 2263 1053 et
2292 1000 2596 1071 dignitatis
2644 1002 2849 1056 ardore
2892 1003 3004 1074 (55)
3055 1004 3397 1075 frigentibus
3437 1005 3587 1061 nulla
3613 1014 3690 1062 est
3714 1024 3799 1063 ne-

2205 1089 2451 1144 cessitas
2482 1093 2686 1157 catus,
2740 1106 2845 1145 nec
2891 1090 3009 1145 ulla
3058 1093 3246 1164 magis
3295 1109 3384 1148 res
3431 1093 3802 1166 aliena,quam

2205 1177 2461 1248 publica.
2497 1178 2682 1234 Unam
2713 1178 2978 1234 omnium
3009 1180 3425 1253 rempublicam
3448 1183 3552 1252 (55)
3574 1184 3803 1254 agnosci-

2205 1282 2336 1321 mus
2367 1268 2520 1321 466
2554 1269 2864 1323 mundum.
2897 1272 3082 1340 Eque
3111 1269 3453 1340 spectaculis
3482 1270 3585 1341 (56)
3614 1271 3665 1325 in
3693 1276 3805 1326 tan-

2205 1358 2333 1409 tum
2367 1355 2801 1422 renuntiamus,
2832 1357 2894 1412 in
2926 1360 3213 1427 quantum
3257 1357 3584 1430 originabus
3619 1374 3807 1428 eorum,

1888 1533 2090 1594 Varia
2122 1532 2423 1595 lectiones

513 1631 562 1668 ³⁸
590 1633 804 1689 Pamel.
837 1632 1049 1705 aliique
1079 1648 1097 1687 :
1129 1648 1194 1688 ac
1229 1630 1513 1689 modestia
1538 1631 1792 1704 publica.

442 1720 561 1762 sua
594 1721 857 1777 operam.

1899 1632 1944 1667 ²⁶
2004 1632 2244 1701 Corrigit
2299 1633 2529 1688 Haverc.
2577 1632 2752 1689 vilem
2802 1637 2859 1690 et
2891 1634 3311 1690 mercenariam
3343 1650 3541 1690 omnes
3566 1633 3810 1689 violentia

1890 1794 2415 1854 Commentarius.

511 1905 625 1976 (52)
682 1905 920 1960 ﬁmulis
976 1903 1283 1959 studiorum
1329 1919 1514 1976 comp.
1582 1903 1764 1958 Prout
1811 1903 2093 1959 factiones
2127 1910 2175 1975 Β
2207 1903 2471 1975 pientum
2505 1903 2867 1973 deﬁnitione,
2915 1903 3126 1975 quibus
3157 1909 3317 1962 totus
3360 1905 3608 1961 mundus
3635 1905 3814 1960 domus

438 1974 553 2031 illa
602 1976 973 2031 retiariorum
1026 1981 1083 2031 et
1112 1974 1611 2040 parmulariOrum
1641 1979 2007 2040 venetorum,
2040 1981 2098 2031 et

439 2048 833 2120 prasinorum,
867 2053 925 2120 et
970 2046 1194 2103 similes
1241 2064 1310 2103 ex
1355 2048 1629 2120 Suetonio
1695 2048 1984 2120 pracipue
2037 2051 2099 2120 et

442 2118 576 2177 aliis
607 2119 996 2191 scriptoribus
1030 2123 1174 2175 nota
1206 2122 1367 2188 sunt,
1400 2120 1473 2191 de
1501 2118 1718 2191 quibus
1751 2119 2001 2191 Lipsius,
2034 2118 2094 2173 in

437 2189 859 2261 Saturnalibus,
894 2190 993 2245 lib.
1030 2207 1091 2259 11,
1140 2208 1191 2263 c.
1226 2191 1335 2263 _31t.
1390 2189 1728 2263 Alluditque
1770 2189 2093 2263 Chrysost.,

440 2266 595 2320 Hom.
642 2264 712 2318 ad
757 2266 863 2318 Isa.
923 2278 997 2329 v1,
1041 2264 1090 2327 1,
1140 2261 1238 2317 ubi
1284 2267 1440 2317 vetat
1500 2261 1993 2334 compulsationes
2034 2261 2093 2316 in

438 2335 700 2391 Ecclesia
733 2351 745 2389 :
779 2356 807 2383 «
840 2338 1039 2404 Neque
1086 2334 1467 2404 prohibemus
1512 2333 1711 2388 vocem
1746 2333 1958 2400 laudis,
1994 2334 2092 2388 sed

436 2423 638 2464 vocem
673 2405 1057 2460 absurditatis
1089 2415 1145 2459 et
1174 2406 1556 2471 inconditam,
1580 2423 1645 2461 ac
1676 2411 1913 2461 mutuas
1943 2406 2098 2460 inter

433 2496 535 2534 vos
568 2478 990 2542 contentiones,
1023 2493 1235 2532 manus
1266 2476 1564 2532 incassum
1596 2483 1930 2543 temereque
1963 2478 2095 2533 sub-

436 2550 631 2605 blatas
690 2549 750 2603 in
810 2564 1026 2614 aerem,
1059 2550 1235 2620 pedes
1285 2548 1727 2620 supplodentes,
1788 2550 2094 2604 indecoros

442 2621 926 2692 eﬁ‘eminatosque
976 2636 1191 2687 mores,
1231 2622 1349 2692 qui
1400 2625 1538 2676 sunt
1593 2620 1851 2689 illorum,
1884 2622 1979 2691 qui
2032 2623 2093 2675 in

438 2692 685 2747 theatris
716 2707 781 2747 ac
814 2690 1180 2748 circensibus
1229 2690 1385 2747 ludis
1422 2696 1751 2762 versantur,
1783 2690 2011 2747 ludicra
2039 2696 2095 2749 et

443 2762 860 2819 deliciaJllinc
885 2764 1052 2819 nobis
1076 2764 1402 2835 perniciosa
1427 2763 1785 2819 invehuntur
1805 2764 2089 2835 exempla,

442 2835 606 2891 illinc
646 2835 981 2908 irreligiosa
1019 2836 1410 2908 vulgaresque
1429 2836 1789 2906 voces,il|inc
1806 2852 2091 2891 manuum

439 2908 649 2980 inepta
699 2907 1197 2980 gesticulationes,
1243 2907 1664 2980 contentiones,
1706 2908 2091 2963 concertatio-

439 2978 566 3046 nes,
592 2978 782 3035 mores
802 2978 1129 3049 instabiles,
1154 2984 1330 3049 atque
1362 2979 1570 3035 insulsi
1603 2981 2093 3051 incompositique

438 3051 746 3109 clamores.
778 3073 815 3123 »ν
840 3052 1039 3119 Itaque
1072 3057 1190 3107 tota
1232 3052 1457 3120 civitas,
1513 3056 1577 3105 ut
1622 3051 1833 3123 vulgus
1864 3053 1921 3106 in
1955 3067 2090 3122 spe-

439 3122 706 3190 ctaculis,
740 3122 1107 3178 scinderetur
1140 3124 1196 3177 in
1249 3128 1462 3194 partes.
1522 3122 1743 3177 Ibidem
1778 3141 1790 3177 :
1827 3146 1854 3173 ‹‹
1890 3123 1971 3177 Ex
2001 3123 2090 3176 in-

439 3194 701 3249 numeris
759 3195 1257 3263 contentionibus,
1290 3212 1359 3249 ex
1386 3200 1607 3249 temere
1650 3195 1817 3249 factis
1866 3195 2089 3265 dejera-

439 3265 702 3321 tionibus
732 3265 878 3321 male
910 3265 1295 3338 loquentium,
1329 3270 1448 3338 etc.
1475 3285 1500 3317 ι
1530 3266 1664 3319 ΗΑν.

510 3338 621 3405 (53)
649 3338 897 3393 Venalem
917 3342 971 3392 et
989 3336 1401 3393 Vmercenarium
1434 3337 1697 3393 homines.
1715 3340 1825 3391 Pro
1845 3336 2094 3392 venalem

438 3424 551 3463 ms.
587 3408 651 3465 L.
695 3409 754 3463 Β.
786 3409 1044 3465 ostendit
1073 3411 1292 3475 vellent,
1328 3409 1493 3464 Fuld.
1526 3424 1660 3464 vero
1711 3408 1865 3463 delet
1893 3424 2094 3464 vocem

439 3479 828 3553 Izomines.Sed
854 3480 1162 3553 legendum
1190 3480 1683 3553 puto,«Cumjam
1708 3484 1765 3535 et
1785 3480 1843 3533 in
1866 3486 2093 3553 quastu

437 3551 654 3607 habere
685 3552 1002 3623 capissent
1022 3551 1205 3607 vilem'
1225 3559 1282 3609 et
1307 3552 1724 3608 mercenariam
1751 3568 1955 3607 omnes
1986 3552 2095 3606 vio.

436 3623 655 3695 lentia,
685 3640 803 3678 sua
847 3641 1124 3695 operam;
1180 3647 1200 3673 ι
1259 3629 1323 3679 ut
1370 3624 1525 3679 dicat
1563 3625 1756 3679 omnis
1788 3624 2009 3679 ordinis
2040 3628 2097 3679 et

438 3694 794 3749 conditionis
825 3694 1093 3751 homines
1127 3712 1229 3767 per
1259 3695 1540 3751 factiones
1563 3695 1942 3767 impulsos,se
1965 3713 2096 3751 sua-

440 3782 552 3837 que
609 3767 867 3837 periculo
925 3773 983 3823 et
1038 3768 1423 3822 internecioni
1480 3784 1786 3838 exponere.
1824 3768 1877 3822 Is
1935 3768 2091 3823 enim

439 3839 813 3911 miserrimus
830 3840 989 3910 Reip.
1008 3844 1197 3895 status
1214 3842 1566 3911 est,quando
1588 3862 1615 3890 «
1632 3839 1873 3895 avaritia
1893 3840 2067 3911 {idem
2082 3884 2095 3905 ,

440 3910 789 4035 probitatem
837 3917 1189 3982 caterasque
1220 3910 1372 3967 artes
1417 3912 1598 3967 bones
1646 3910 1949 3972 subvertit,
1993 3927 2095 3981 pro

487 3981 537 4035 is
568 3982 927 4035 superbiam.
958 3983 1361 4035 crudelitatem
1395 3984 1543 4035 Deos
1575 3983 1866 4035 negligere
1898 3982 2095 4035 omnia

487 3981 537 4035 is
568 3982 927 4053 superbiam,
958 3981 1361 4039 crudelitatem
1395 3984 1543 4038 Deos
1575 3983 1866 4053 negligere
1898 3982 2097 4037 omnia

440 4052 667 4107 venalia
698 4054 911 4108 habere
940 4056 1205 4119 edocuit;
1245 4076 1265 4105 ν
1304 4060 1367 4109 ut
1393 4061 1543 4109 recte
1594 4052 1866 4109 observat
1912 4053 2097 4108 Sallu-

442 4124 613 4191 stius,
640 4125 751 4180 Cat.
778 4142 904 4196 cap.
928 4128 1010 4181 10.
1037 4129 1279 4194 Quando
1298 4129 1421 4195 jam
1446 4142 1551 4180 non
1576 4127 1845 4181 amicitiae
1864 4126 2097 4180 inimici-

436 4197 639 4266 itaque
666 4212 736 4251 ea:
762 4214 840 4261 re,
874 4199 970 4253 sed
990 4215 1058 4253 ex
1085 4198 1362 4254 commodo
1395 4198 1783 4263 aestimantur,
1817 4200 1881 4252 ut
1927 4198 2094 4253 docet

442 4266 683 4322 ibidem.
720 4269 859 4323 ΗΑν.

510 4339 623 4407 (54)
657 4340 733 4393 Ab
764 4342 917 4395 omni
942 4342 1142 4410 gloriae
1170 4342 1219 4395 et
1264 4340 1559 4408 dignitatis
1598 4339 1815 4394 ardore.
1851 4339 2090 4407 Elegan-

434 4411 524 4464 ter
551 4412 811 4466 ardorem
841 4414 1064 4467 vocavit
1084 4412 1281 4483 gloria
1313 4410 1720 4478 cupiditatem,
1745 4428 1872 4482 qua
1907 4413 2091 4467 homi-

435 4496 541 4536 nes
573 4485 739 4554 quasi
774 4485 910 4546 urit,
945 4485 1099 4538 unde
1143 4483 1317 4537 verba
1378 4484 1726 4552 inﬂammare
1771 4489 1827 4538 et
1873 4484 2090 4539 similia

473 4556 637 4627 oetis.
680 4557 761 4627 Ita
792 4555 1050 4626 Iphiclus
1092 4554 1445 4626 Argonautis
1486 4555 1723 4611 additus
1773 4557 1925 4627 apud
1960 4555 2088 4613 Val.

477 4625 703 4682 lacaum
736 4625 838 4683 lib.
872 4642 911 4697 1,
941 4628 1031 4695 75,
1067 4625 1186 4681 non
1214 4632 1276 4681 ut
1307 4627 1529 4681 laboret
1561 4644 1574 4681 :

835 4742 1064 4790 Monitus
1094 4742 1187 4790 sed
1216 4742 1389 4790 tradat
1421 4746 1479 4790 ut
1508 4756 1674 4802 acres,

544 4804 965 4868 Magnorumque
1000 4805 1139 4854 viros
1168 4805 1260 4868 qni
1290 4804 1537 4855 laudibus
1568 4806 1688 4853 urat
1717 4818 1956 4854 avorum.

421 4908 564 4963 Cum
612 4908 809 4979 itaque
861 4909 1092 4980 proprio
1150 4910 1431 4966 vocabulo
1477 4910 1841 4966 Christianos
1872 4909 1942 4964 ali
1978 4910 2075 4966 illo

420 4980 868 5052 ardorefrig/ere
916 4981 1075 5044 dicit,
1119 4998 1187 5037 ex
1243 4982 1626 5052 philosophia
1677 4982 2075 5052 penetralibus

417 5050 673 5124 ostendit
696 5052 827 5108 illos
858 5070 986 5109 esse
1008 5054 1161 5109 viros
1182 5050 1785 5124 sapientes,ducentes
1810 5071 1923 5108 non
1948 5072 2075 5109 esse

417 5121 946 5197 administrandam
982 5126 1092 5180 sibi
1126 5121 1417 5197 corruptis
1451 5126 1714 5180 moribus
1750 5131 1949 5197 Bemp.
1973 5126 2071 5180 Vi-

414 5192 633 5248 dentur
660 5211 792 5249 vero
826 5197 946 5251 hac
974 5192 1319 5251 adumbrata
1348 5214 1415 5251 ex
1466 5197 1725 5263 Platone,
1775 5192 1946 5265 cujus
1987 5197 2069 5253 lo-

416 5279 548 5339 cum
582 5265 767 5320 multo
789 5268 1247 5337 pulcherrimum
1272 5269 1383 5323 huc
1415 5269 1799 5339 pertinentem
1832 5269 1964 5323 vide
1987 5269 2070 5324 in-

414 5335 503 5411 fra
532 5351 658 5411 cap.
694 5339 762 5411 46
790 5335 862 5394 ad
896 5340 1029 5394 illa:
1055 5362 1083 5390 «
1116 5341 1179 5393 Et
1205 5335 1534 5395 necessario
1567 5344 1920 5411 appetunt.»
1948 5340 2068 5396 Sal-

412 5404 628 5483 lustius
660 5409 835 5465 etiam
869 5412 939 5465 de
968 5428 1029 5465 se
1060 5411 1187 5483 ipso
1219 5411 1273 5463 in
1302 5411 1423 5465 Cat.
1453 5427 1499 5464 c.
1529 5404 1687 5467 31ἐ’‹‹
1715 5413 1791 5466 Ac
1819 5413 1909 5483 pie
1932 5430 2063 5467 cum

410 5479 484 5534 ab
516 5479 877 5549 reliquorum
911 5479 1097 5537 malis‘
1126 5483 1388 5539 moribus
1437 5479 1832 5550 dissentirem,
1884 5485 2065 5541 nihilo

410 5551 878 5626 minushonoris
910 5555 1121 5623 cupido
1164 5557 1387 5620 eadem,
1421 5572 1550 5626 qua
1599 5562 1850 5621 caleros,
1888 5557 2062 5624 fama,

410 5628 585 5698 atque
616 5624 836 5698 invidia
866 5628 1126 5681 vexabat.
1152 5649 1179 5676 ››
1218 5627 1379 5682 Fuld.
1405 5624 1542 5698 legit
1571 5629 1767 5696 gloria,
1796 5628 1899 5682 Ad.
1931 5644 2064 5683 vero

410 5694 563 5750 delet
593 5697 654 5748 τὸ
685 5697 771 5752 ab.
808 5699 945 5754 HAV.

482 5768 595 5838 (55)
631 5769 803 5826 Unam
861 5772 1107 5829 omnium
1163 5770 1571 5845 rempublicam.
1608 5774 1675 5827 Et
1730 5771 1833 5828 hoc
1876 5784 1943 5827 ex
1973 5786 2061 5829 sa-

2206 1982 2295 2030 est
2325 1981 2382 2031 et
2412 1977 2602 2046 patria
2624 1977 2862 2048 ubique.
2888 1977 3013 2032 Non
3036 1977 3328 2033 abludunt
3356 1978 3488 2032 hinc
3509 1977 3588 2031 illi
3607 1976 3814 2031 Joannis

2207 2047 2613 2122 Chrysostomi
2634 2051 2703 2122 de
2734 2047 2939 2122 sancto
2973 2050 3230 2105 Luciano
3262 2068 3275 2119 ;
3308 2049 3382 2122 1s,
3412 2049 3816 2122 qugaslions‘per

2204 2115 2497 2194 tormenta
2527 2121 2750 2194 habita,
2795 2121 3212 2194 interrogatus,
3264 2115 3499 2194 ἔπρίαςέ]
3555 2115 3815 2194 ira—rpite“

2204 2137 2497 2174 tormenta
2527 2137 2750 2190 manlia,
2795 2137 3212 2245 Interrogatus,
3265 2137 3420 2182 ποίας
3456 2137 3497 2173 ει
3555 2137 3815 2194 πατριοος;

2204 2189 2524 2282 Χριστνιανρς
2574 2190 2710 2282 sttit,
2770 2190 2923 2268 φησι.
2983 2196 3033 2282 Τ,
3099 2189 3247 2266 ἔχεις
3281 2188 3672 2282 (ἐξικτήδειξμαὲ,
3716 2192 3820 2282 Χξιί

2206 2261 2417 2337 ςέιανός
2449 2262 2594 2337 sint:
2628 2261 2800 2324 Τίναξ
2831 2261 3207 2337 Δπρᾳγόνοὼὴ
3273 2264 3301 2317 ὁ
3355 2261 3413 2318 δὲ
3451 2261 3596 2337 πρὸς
3631 2261 3818 2337 deum;

2206 2331 2411 2407 ἔλεγεν,
2446 2331 2528 2387 ὅτὶ
2558 2334 2873 2407 Χριστιανός
2904 2331 3047 2405 εἰμι.
3089 2336 3145 2390 id
3178 2340 3289 2405 est,
3329 2360 3350 2384 α
3387 2331 3518 2400 Qua
3546 2334 3646 2390 tibi
3666 2334 3824 2407 patris

2204 2404 2332 2462 est?
2355 2404 2726 2462 Christianus
2748 2404 3316 2479 sum,inquit,Quam
3340 2414 3518 2462 artem
3540 2404 3821 2479 proﬁteris?

2202 2479 2571 2534 Christianus
2621 2496 2774 2533 sum.
2824 2478 3048 2542 Quibus
3080 2480 3451 2550 majoribus?
3500 2478 3593 2533 Ille
3621 2494 3738 2533 vero
3764 2478 3823 2530 ad

2204 2552 2401 2606 omnia
2430 2550 2878 2618 dicebat,audis,
2915 2552 3067 2620 quod
3101 2568 3234 2606 sum
3268 2550 3626 2620 Christianus
3657 2550 3681 2604 ‘t
3707 2570 3731 2598 »
3756 2550 3825 2602 ita

2200 2621 2718 2705 Aristippusnsivai
2762 2641 2819 2674 τε
2868 2617 3099 2705 πέτρίρα
3139 2617 3493 2705 τὸν.κό3μυν
3529 2622 3724 2705 aiebat,
3775 2625 3822 2673 et

2202 2692 2514 2750 sublimior
2541 2693 2641 2749 illo
2675 2695 2876 2750 Grates
2905 2692 3219 2750 Thebanus
3252 2692 3313 2750 in
3346 2694 3603 2766 Tragced.

2345 2796 2470 2872 Οῷχ
2496 2795 2828 2872 εἴίμπά-ςριός
2873 2816 2966 2872 p.01
2998 2797 3226 2872 πιξργος,
3260 2796 3325 2852 οὐ
3351 2796 3457 2872 pia
3484 2796 3638 2871 στέγη

2345 2816 2470 2870 υυχ
2496 2816 2573 2857 εις
2602 2816 2828 2868 not—cpio:
2873 2816 2966 2869 μοι
2998 2816 3069 2851 πυ
3109 2817 3226 2872 γος,
3260 2818 3325 2852 ου
3360 2816 3455 2870 μία
3484 2816 3565 2850 στε

2344 2868 2526 2943 ilium
2559 2864 2617 2943 δὲ
2648 2868 2848 2943 χέρσος
2879 2869 2969 2943 καὶ
2998 2816 3247 2942 πόὶισμα
3270 2870 3364 2943 καὶ
3399 2867 3565 2942 δόμος

2342 2938 2617 3013 Ἑτοιμοίς
2650 2937 2787 3012 ἦρξ’ῐν
2818 2937 3182 2995 ἐνδιαιτᾶσθαί
3208 2942 3377 3017 πάρα.

2201 3048 2257 3102 id
2280 3051 2400 3102 est:
2431 3069 2458 3096 ‹‹
2483 3052 2595 3103 Nec
2620 3063 2721 3118 pro
2746 3047 2934 3117 patria
2957 3047 3101 3103 mihi
3123 3050 3308 3105 turris
3333 3066 3450 3105 una
3472 3064 3574 3104 nec
3594 3047 3827 3118 casaest,

2202 3120 2299 3194 sed
2338 3119 2587 3194 univera
2618 3115 2977 3194 arcesterra
3033 3125 3090 3175 et
3141 3121 3358 3177 domus
3401 3125 3656 3194 paratam
3686 3115 3830 3172 nobis

2202 3192 2617 3263 Aristophanes
2647 3192 2705 3245 in
2740 3190 2926 3257 Pluto,
2958 3209 3011 3259 v,
3047 3209 3064 3246 1
3098 3207 3111 3247 :

2311 3295 2509 3370 Πατρὶς
2542 3297 2645 3371 γάρ
2680 3294 2787 3350 ἐστι
2823 3297 2947 3350 πᾶσ¹
2971 3294 3044 3351 θίν’
3075 3294 3134 3351 ἂν
3168 3298 3383 3373 πράττῃ
3415 3295 3497 3358 τίς
3528 3296 3600 3351 εὗ.

2202 3398 2261 3503 id
2286 3408 2394 3469 est,
2416 3406 2618 3503 patria)
2635 3404 2770 3503 illilc‘
2782 3406 2983 3476 cuique
3001 3420 3103 3503 sua
3126 3413 3226 3503 est,
3250 3406 3355 3460 ubi
3385 3407 3526 3503 ben:
3543 3398 3833 3503 διέθει-ἑξ]ξί

2229 3492 2393 3503 Δίδιον-νδ
2421 3492 2548 3503 ΛΙΩΜ
2631 3476 2718 3503 in...
2780 3476 2829 3503 ΞΑ
2862 3493 3069 3503 ,υκαι-Α..
3104 3475 3192 3503 ζ-..
3231 3493 3258 3503 Α
3284 3494 3378 3503 ...κ
3414 3482 3431 3503 l’
3573 3490 3698 3503 ..-νη

2204 3470 2396 3530 locum
2416 3470 2551 3531 cum
2580 3470 3259 3545 Rigaltio,consentiente
3284 3482 3470 3532 ms.L.
3487 3478 3547 3531 B.
3573 3490 3701 3530 nam
3723 3470 3831 3545 Ald.

2204 3552 2261 3602 et
2290 3548 2390 3621 alii
2415 3564 2601 3621 omnes
2631 3543 2787 3602 Barr.
2814 3543 2871 3603 et
2901 3548 3084 3621 Rhen.
3110 3557 3163 3603 et
3194 3548 3295 3621 alii
3319 3543 3828 3621 cognoscimus.Cod.

2202 3635 2337 3673 vero
2371 3619 2431 3673 L.
2476 3620 2537 3674 Β.
2570 3620 2651 3673 ita
2698 3624 2891 3691 totum
2930 3620 3120 3674 locum
3156 3618 3416 3691 exhibet,
3450 3643 3478 3670 «
3518 3618 3709 3691 Nobis,
3739 3619 3831 3669 etc.

2205 3691 2555 3764 frigentibus
2586 3690 2748 3745 nulla
2798 3691 2985 3763 magis
3035 3708 3123 3746 res
3168 3692 3365 3748 aliena
3402 3689 3510 3764 qui
3544 3689 3829 3764 publicam,

2204 3779 2379 3817 unam
2396 3762 2656 3817 omnium
2674 3762 3096 3834 rempublicam
3116 3762 3503 3835 agnoscimus
3515 3762 3829 3817 mundum.»

2208 3839 2279 3889 Ut
2330 3841 2523 3889 autem
2558 3834 2649 3888 hic
2682 3841 2847 3889 vocat
2879 3834 3177 3890 mundum’
3206 3852 3381 3891 unam
3430 3838 3670 3891 omnium
3708 3846 3835 3886 rem-

2200 3907 2500 3977 publicam,
2561 3906 2644 3960 sic
2699 3922 2826 3978 cap.
2888 3923 3012 3978 seq.
3074 3912 3350 3963 naturam
3410 3917 3645 3963 matrem
3690 3917 3837 3958 unam

2204 3980 2489 4033 omnium.
2526 3978 2665 4033 HAV.

2276 4051 2387 4119 (56)
2410 4050 2579 4120 xEque
2608 4048 2952 4119 spectaculis.
2978 4048 3189 4104 Junius
3210 4065 3416 4105 vocem
3434 4065 3601 4121 seque
3634 4042 3840 4121 annecti

2200 4121 2382 4195 voluit
2404 4119 2719 4195 prioribus,
2738 4126 2941 4195 etpost
2967 4121 3125 4175 illam
3152 4127 3443 4191 punctum
3476 4119 3839 4195 ponilnique,

2201 4192 2257 4245 Si
2287 4189 2442 4247 enim
2467 4194 2615 4266 quid
2665 4189 3035 4266 mutandum,
3068 4189 3377 4263 praestaret
3410 4189 3601 4266 legere
3623 4208 3658 4266 __:
3699 4189 3839 4259 Aiqut'

2200 4265 2525 4335 spectaculis
2558 4264 2767 4336 vestris,
2825 4281 2905 4319 sc.
2958 4280 3186 4331 sumus,
3223 4267 3383 4336 quod
3435 4264 3568 4321 cum
3618 4264 3686 4317 iis
3729 4275 3839 4336 qua:

2201 4332 2531 4403 sequuntur
2556 4335 2849 4390 conciliari
2881 4342 3087 4407 potest.
3112 4338 3218 4390 Sed
3240 4332 3421 4393 'vetus
3442 4336 3607 4392 lectio
3629 4332 3838 4407 omnino

2201 4401 2339 4462 sana
2382 4412 2488 4463 est.
2526 4407 2596 4461 Ut
2622 4407 2775 4460 enim
2814 4401 2935 4462 foro
2964 4413 3021 4461 et
3050 4409 3221 4462 curia
3253 4409 3679 4465 renuntiabant
3702 4401 3841 4459 Chri-

2199 4479 2395 4553 stiani,
2432 4479 2570 4549 quia
2602 4478 2794 4553 laudis
2826 4484 2879 4534 et
2936 4479 3133 4553 gloria
3177 4482 3376 4553 cupidi
3414 4498 3531 4536 non
3565 4482 3742 4553 erant,
3774 4475 3839 4553 ita

2197 4551 2372 4605 etiam
2425 4550 2796 4621 spectaculis,
2830 4550 3103 4621 quoniam
3155 4556 3213 4606 et
3255 4550 3337 4608 'de
3390 4552 3664 4608 idolatria
3718 4550 3839 4602 nata

2117 4653 2164 4716 D
2196 4622 3298 4716 35999-8l._l‘.‘lmf‘3§_‘3ivll‘f‘qPilf’rﬁ
3322 4625 3659 4716 fﬂf’daba’il:
3679 4624 3837 4716 “5393'

2198 4694 2390 4749 brana
2424 4694 2585 4748 Fuld.
2612 4694 2833 4763 legunt,
2860 4697 3031 4764 Atque
3048 4695 3199 4750 adeo.
3225 4696 3339 4751 Nec
3364 4696 3664 4752 immerito
3693 4704 3836 4764 spec-

2189 4766 2401 4821 taculis
2461 4761 2873 4840 renuntiabant
2928 4761 3267 4840 Christiani,
3319 4769 3422 4839 qui
3476 4767 3592 4840 ipsi
3636 4761 3836 4840 mundo

2188 4838 2589 4908 spectaculum
2624 4838 2757 4893 facti
2807 4855 2940 4892 cum
2992 4838 3169 4893 Paulo
3207 4834 3384 4894 l‘Cor.
3422 4834 3591 4906 1v,'9,
3626 4834 3837 4908 abunde

2185 4904 2653 4985 spectaculorum
2675 4910 2731 4964 in
2752 4910 2923 4964 verbo
2940 4910 3037 4965 Dei
3061 4904 3667 4985 habenhProsperum
3683 4904 3840 4985 Aqui-

2184 4978 2445 5036 tanicum
2478 4982 2788 5036 audiamus
2821 4987 3012 5037 Prom.
3046 4987 3103 5037 et
3131 4982 3397 5038 Pradict.
3444 4978 3545 5039 Dei
3569 4983 3640 5037 de
3672 4978 3838 5052 gloria

2183 5059 2368 5109 sanet.
2404 5054 2461 5125 in
2495 5055 2860 5125 peroratione
2895 5071 2907 5107 :
2944 5078 2969 5105 ‹‹
3003 5053 3059 5107 Si
3090 5056 3393 5125 spectandi
3429 5056 3705 5125 voluptas
3741 5052 3834 5115 est,

2182 5126 2395 5196 inquit,
2445 5124 2626 5197 babes
2669 5125 2762 5180 hic
2809 5125 3075 5197 aurigam
3128 5124 3469 5197 spiritalem
3527 5124 3834 5183 Christum,

2184 5198 2405 5270 Ellam,
2427 5196 2527 5270 qui
2554 5214 2729 5252 curru
2764 5196 2968 5270 igneo’
2991 5214 3174 5268 usque
3206 5198 3274 5252 ad
3310 5206 3507 5254 metas
3546 5200 3836 5270 pervectus

2178 5273 2265 5325 est
2285 5266 2529 5333 cali,cui
2554 5285 2768 5339 rusque
2782 5266 3100 5323 Pharaonis
3122 5269 3424 5325 demersos
3449 5272 3511 5325 in
3533 5266 3831 5340 profundo.

2179 5342 2244 5395 In
2276 5355 2517 5395 munere
2559 5340 2735 5393 habes
2789 5340 3075 5395 Danielum
3131 5346 3430 5410 sanctum,
3467 5342 3700 5397 leonem
3731 5350 3833 5390 non

2177 5413 2327 5467 ferro
2360 5411 2754 5485 sed__oratione
2804 5412 3139 5485 vincentum
3186 5428 3198 5465 :
3244 5430 3545 5485 ursosque
3577 5414 3835 5485 vexantes

2175 5499 2274 5538 eos
2293 5484 2389 5552 qui
2408 5481 2659 5537 Eliseum
2689 5484 3031 5554 prophetam
3056 5481 3831 5554 contumeliis'lacessersnt.

2174 5555 2363 5610 Habes
2395 5570 2628 5627 quoque
2677 5552 2731 5607 in
2774 5552 2976 5611 sancto
3026 5557 3355 5627 spectaculo
3401 5574 3525 5612 non
3579 5552 3837 5627 mimicas

2172 5626 2589 5701 turpitudines,
2624 5628 2724 5681 sed
2756 5627 2981 5701 Christo
3015 5626 3273 5701 sacratas
3324 5626 3836 5701 virgines.‘.llabes

2172 5698 2592 5772 cabalistarum
2619 5701 2742 5772 loco
2768 5700 3034 5755 Rebecca
3054 5700 3319 5771 geminos
3344 5697 3605 5772 mystice
3637 5697 3835 5772 luden-

2172 5774 2280 5830 tes.
2309 5770 2498 5830 Habes
2521 5771 2698 5831 David
2726 5787 2921 5831 coram
2946 5770 3081 5833 arca
3101 5770 3444 5844 saltantem,
3471 5778 3534 5832 et
3554 5771 3839 5833 nudatum
