4054 6174
292 344 405 405 545

1398 338 1987 403 APOLOGETICUS
2036 339 2217 402 ADV.
2265 340 2596 401 GENTES.

3587 350 3707 408 546

290 492 398 549 que
426 491 542 531 non
576 474 703 531 sine
733 474 953 546 injuria
976 475 1382 532 incolentium
1432 474 1697 530 accidere
1738 476 1940 545 potue-
1970 476 2026 544 Α
2056 472 2306 541 derunt;
2339 488 2529 545 neque
2562 473 2717 531 enim
2747 473 2893 531 alias
2932 474 2991 530 in
3041 474 3391 533 hodiernum
3422 478 3468 513 ⁷³
3498 494 3701 535 mane-

288 571 437 621 runt.
458 564 577 621 Ubi
609 581 744 620 vero
775 568 938 634 tunc,
967 582 1079 621 non
1114 566 1302 620 dicam
1338 566 1581 620 deorum
1614 566 1935 619 vestrorum

287 658 714 725 contemptores
769 653 1097 722 christiani,
1135 655 1236 710 sed
1286 655 1397 726 ipsi
1449 654 1530 709 dii
1564 653 1765 717 vestri,
1800 668 1932 707 cum

286 750 471 800 totum
521 744 724 799 orbem
774 742 1165 816 cataclysmus
1214 744 1489 812 abolevit,
1523 742 1608 798 vel
1660 747 1725 796 ut
1772 740 1935 796 Plato

285 833 527 907 putavit,
564 836 895 904 campestre
944 832 1363 888 solummodo?
1394 834 1545 888 482
1580 832 1938 887 Posteriores

283 926 439 979 enim
470 922 603 978 illos
634 921 795 977 clade
827 922 1033 976 diluvii
1067 927 1474 978 contestantur
1504 923 1645 993 ipsa;
1676 920 1938 985 urbes,in

285 1013 502 1085 quibus
547 1012 668 1067 nati
702 1011 1036 1083 mortuique
1068 1013 1111 1046 ⁷²
1145 1017 1303 1083 sunt,
1335 1011 1512 1068 etiam
1557 1028 1705 1083 quas
1737 1010 1939 1066 condi-

2047 566 2195 627 rent,
2230 561 2343 618 nisi
2394 570 2450 617 et
2481 563 2617 635 ipsas
2668 569 2951 635 postumze
2984 564 3166 620 cladis
3214 565 3394 622 illius.
3430 569 3698 624 Nondum

2044 651 2315 707 Judaeum
2350 654 2420 707 ab
2451 657 2697 724 JEgypto
2728 670 2969 709 examen
2996 654 3304 711 Palaestina
3335 663 3696 729 susceperat,

2047 757 2152 796 nec
2175 743 2299 812 jam
2330 740 2448 797 illic
2471 742 2807 798 christiana:
2838 749 3004 799 sectae
3039 744 3197 815 origo
3224 748 3563 801 consederat
3584 749 3699 817 (10)

2048 847 2179 886 cum
2215 832 2482 902 regiones
2533 831 2737 887 afﬁnes
2767 834 2809 866 ⁷⁵
2842 834 2965 902 ejus
3007 833 3260 888 Sodoma
3309 838 3363 888 et
3416 839 3699 891 Gomorra

2050 919 2258 992 igneus
2281 920 2469 975 imber
2493 921 2717 976 exussit
2742 921 2854 992 (11)
2886 920 3047 977 :Olet
3072 922 3248 990 i483
3282 922 3471 978 adhuc
3502 924 3697 980 incen~

2052 1008 2146 1063 dio
2178 1014 2331 1063 terra
2359 1008 2494 1081 (12),
2517 1014 2576 1065 et
2608 1009 2656 1064 si
2684 1026 2801 1080 qua
2828 1008 2947 1064 illic
2975 1011 3250 1067 arborum
3282 1028 3456 1083 poma
3485 1029 3700 1068 conan—

1720 1125 1925 1188 Variae
1954 1124 2279 1185 lectiones.

350 1236 399 1270 ⁷²
432 1234 785 1305 Mararique,
819 1233 945 1291 Cod.
977 1233 1136 1290 Fuld.
1217 1235 1262 1270 ⁷³
1290 1233 1449 1291 Alias
1480 1233 1846 1290 hodiernum.
1875 1233 2026 1303 Rig.,
2054 1231 2280 1287 Haverc.
2358 1232 2404 1265 7‘
2432 1234 2514 1284 Ac
2540 1232 2709 1297 fines,
2738 1231 2965 1288 Semler.

1730 1338 2257 1401 Commentarius.

279 1447 520 1504 brachio
553 1451 859 1504 transeunt
886 1447 1259 1519 interpretes,
1290 1448 1456 1518 quasi
1488 1446 1636 1503 nihil
1666 1447 1762 1503 hic
1802 1447 1936 1503 obs-

279 1520 703 1592 curi,ambigui
734 1527 836 1575 aut
865 1520 1325 1592 corrupti.Solus
1354 1520 1568 1575 Junius
1586 1519 1809 1591 aliquid
1844 1535 1939 1573 su~

275 1593 544 1664 spicatus
575 1593 850 1648 emendat
874 1595 1039 1650 terrm
1068 1601 1235 1648 motu.
1268 1592 1419 1647 Satis
1456 1592 1784 1659 infeliciter,
1820 1607 1935 1646 non

273 1664 436 1720 enim
499 1680 652 1734 aqua
700 1668 936 1731 terram,
970 1665 1070 1720 sed
1126 1669 1279 1720 terra
1324 1680 1537 1733 aquam
1587 1664 1755 1730 bibit,
1800 1679 1934 1717 cum

273 1740 560 1808 praeterea
591 1752 705 1791 non
728 1737 980 1791 addatur
1000 1735 1140 1807 quid
1165 1751 1325 1791 mare
1347 1736 1713 1808 Corinthium
1745 1735 1933 1789 ebibe-

274 1807 349 1863 rit
385 1812 555 1862 terrae
599 1813 785 1862 motu.
818 1809 888 1863 Et
928 1824 1069 1863 sane
1115 1809 1355 1879 quidem
1403 1813 1461 1862 et
1509 1807 1934 1879 primagfronte

271 1881 530 1935 innuero
558 1880 792 1934 videtur
836 1877 1233 1935 Tertullianus
1265 1894 1378 1933 non
1413 1877 1627 1934 terram
1674 1877 1933 1949 aliquam

2141 1444 2386 1494 Flumina
2416 1444 2718 1507 prosiliunt,
2750 1449 2843 1496 aut
2872 1447 3135 1496 exsiccata
3164 1446 3426 1497 residunt.

2141 1508 2224 1572 Sic
2245 1510 2342 1572 _ubi
2381 1514 2592 1557 terreno
2623 1511 2792 1572 Lycus
2825 1515 2904 1558 est
2932 1514 3122 1572 epotus
3152 1511 3321 1570 hiatu,

2137 1570 2351 1619 Exsistit
2382 1572 2566 1633 procul
2596 1570 2740 1633 hinc,
2773 1570 2986 1636 alioque
3016 1574 3316 1623 renascitur
3344 1586 3454 1623 ore.

2043 1667 2188 1743 Vide
2217 1666 2435 1743 ibidem
2469 1685 2598 1739 quas
2623 1676 2993 1743 sequuntur;
3024 1677 3113 1725 est
3142 1672 3306 1728 locus
3336 1671 3566 1743 longior
3595 1674 3696 1729 sed

2045 1741 2365 1795 admodum
2399 1748 2701 1796 venustus.
2736 1742 2877 1796 Hav.

2117 1812 2226 1883 (10)
2255 1814 2428 1882 Origo
2457 1814 2790 1868 consederat.
2828 1814 2894 1867 Et
2924 1812 3017 1866 hic
3050 1814 3371 1883 persistens
3416 1813 3473 1867 in
3508 1819 3695 1869 mcta-

2044 1882 2227 1953 phora
2258 1884 2512 1939 maxime
2561 1885 2793 1954 proprie
2826 1882 3103 1954 loquitur.
3136 1884 3333 1940 Solent
3385 1886 3541 1941 enim
3585 1903 3693 1941 no-

270 1952 463 2048 niaris
510 1951 894 2048 iqundatione
924 1951 1393 2048 abruptam,Lsed
1436 1966 1593 2048 triane
1643 1951 1837 2048 ipsukm
1872 1951 1930 2004 in
1962 1982 2012 2048 B
2041 1951 2171 2035 velli
2230 1956 2404 2037 foetus
2456 1951 2631 2048 aanm
2671 1951 2814 2039 cum
2868 1951 2931 2011 ex
2986 1956 3313 2011 alvearibus
3353 1966 3695 2048 erumpunt,

267 2025 396 2077 imo
432 2024 614 2078 fundo
664 2040 766 2095 per
796 2029 960 2095 terra:
995 2032 1218 2078 motum
1268 2023 1683 2095 hiatufactum
1727 2023 1932 2077 absor-

271 2102 472 2167 ptum,
509 2094 679 2167 quod
716 2094 909 2167 adhuc
942 2096 1131 2166 magis
1162 2095 1392 2167 videtur
1436 2094 1681 2149 innuere
1712 2095 1790 2149 ad
1817 2099 1933 2150 Na-

267 2166 458 2221 tiones
510 2166 609 2220 lib.
645 2183 682 2232 1,
716 2182 764 2219 c.
800 2166 853 2236 9,
887 2166 979 2222 his
1028 2166 1223 2222 verbis
1254 2184 1265 2220 :
1305 2188 1332 2216 ‹‹
1362 2169 1504 2219 Cum
1554 2172 1719 2220 terrzs
1770 2171 1930 2219 motu

269 2254 439 2294 mare
469 2237 837 2293 Corinthium
869 2243 1132 2309 ereptum
1164 2242 1311 2292 est.»
1343 2244 1516 2308 prout
1545 2255 1686 2293 sane
1716 2239 1774 2292 in
1807 2238 1935 2308 ipsa

266 2310 685 2380 Peloponneso
731 2310 887 2380 quod
936 2327 1096 2365 mare
1159 2310 1526 2364 Corinthium
1595 2326 1699 2365 seu
1766 2310 1933 2365 sinus

266 2383 651 2436 Corinthicus
682 2381 851 2435 alluit
880 2382 1164 2436 accidisse
1194 2380 1385 2436 simile
1417 2381 1554 2452 quid
1591 2381 1766 2436 ﬂuvio
1800 2382 1933 2435 lna-

266 2455 383 2508 cho
417 2455 615 2507 innuit
670 2455 953 2507 Lucianus
985 2454 1083 2508 ille
1113 2457 1170 2506 et
1217 2454 1508 2508 Charonte
1535 2455 1644 2508 sub
1677 2458 1932 2509 extremo

267 2527 385 2597 sub
450 2541 731 2597 persona“
764 2526 1071 2579 Mercurii:
1108 2524 1507 2597 dnoﬂviﬁoxoust
1566 2526 1669 2597 γὰρ
1729 2525 1783 2577 αἱ
1831 2524 1931 2597 πότ

269 2594 395 2656 λεις
450 2592 637 2670 ὥςπερ
698 2592 974 2670 ἅγβρῳποι
993 2637 1006 2663 ,
1030 2666 1046 2670 μ
1067 2596 1155 2648 καὶ
1178 2666 1189 2670 _
1209 2594 1276 2670 :rd
1306 2592 1309 2593 ν
1335 2592 1789 2670 παραδρξότὲρον,
1842 2594 1930 2670 θεαὶ

268 2666 521 2744 ποτα-μᾳῖ
554 2663 696 2723 δΧοι.
735 2663 1081 2744 ΔἸκὲοἱχου--οξν
1133 2663 1473 2744 οὐδὲ-τάφὸς
1516 2663 1569 2719 tv
1622 2663 1808 2744 Ἄργει
1854 2663 1930 2721 ἔτι

268 2738 681 2794 χαταλιίπεται.
731 2738 771 2794 i.
806 2738 915 2794 ej}
954 2739 1134 2793 Urbes
1191 2738 1454 2805 enim,'o
1512 2738 1776 2809 portitor,
1830 2756 1932 2811 pe-

272 2813 447 2867 rinde
481 2829 549 2867 ac
601 2811 871 2866 homines
903 2811 1289 2879 emoriuntur,
1322 2818 1379 2865 et
1410 2812 1565 2936 quod
1615 2811 1787 2883 longe
1820 2812 1931 2865 mi-

272 2884 553 2936 rabilius.
588 2882 759 2936 solidi
784 2883 968 2936 etiam
1004 2882 1186 2936 ﬂuvii.
1219 2884 1299 2936 ita
1331 2889 1396 2936 ut
1454 2883 1623 2936 nachi
1656 2884 1843 2936 insius
1873 2884 1931 2936 in

270 2884 553 2951 rabilius,
588 2882 759 2938 solidi
784 2883 968 2937 etiam
1004 2882 1186 2945 ﬂuvii,
1219 2884 1299 2938 ita
1331 2889 1396 2936 ut
1428 2882 1623 2937 Inachi
1656 2882 1843 2954 ipsius
1873 2884 1931 2938 in

268 2960 423 3027 Argo
451 2973 529 3010 ne
560 2959 1004 3027 monumentum
1026 2954 1262 3025 quidem
1283 2954 1573 3027 reliquum
1598 2959 1927 3027 appareat.»

273 3026 463 3091 Quem
500 3026 737 3098 quidem
791 3026 985 3098 ipsum
1019 3042 1183 3096 seque
1222 3031 1285 3080 ut
1332 3026 1617 3097 Alpheum
1671 3045 1769 3097 per
1820 3029 1931 3082 im-

272 3116 523 3153 mensos
568 3104 732 3152 terra;
781 3103 1010 3153 meatus
1060 3098 1402 3169 absorptum
1455 3098 1591 3153 alibi
1636 3114 1932 3169 emergere

262 3173 395 3241 jam
430 3170 575 3225 olim
608 3169 776 3224 multi
811 3171 1115 3240 putabant,
1151 3186 1299 3240 quos
1350 3175 1610 3224 recenset
1638 3176 1695 3226 et
1726 3171 1934 3225 refellit

276 3243 492 3297 Strabo
524 3242 628 3296 lib.
660 3259 737 3306 vr,
772 3242 887 3295 fere
938 3242 996 3296 in
1051 3242 1262 3296 medio.
1299 3241 1410 3296 Sed
1463 3243 1795 3297 accuratius
1845 3242 1929 3296 lo-

273 3330 414 3369 cum
470 3312 791 3384 pensitanti
839 3313 1070 3368 videtur
1116 3312 1210 3367 hic
1254 3313 1409 3367 idem
1463 3314 1926 3384 indicari,rquod

269 3383 509 3474 strabo‘
537 3386 688 3439 idem
739 3390 939 3471 narrat
988 3384 1089 3474 li’b.
1122 3401 1245 3447 vm,
1279 3385 1388 3474 sub
1435 3385 1636 3474 tinem.
1688 3383 1931 3474 "EEdpﬂ‘tv

268 3458 374 3529 γὰρ
410 3454 519 3529 ὑπλὸ
575 3458 798 3529 ostenso
854 3454 917 3508 τὸ
971 3453 1226 3529 πέλαγος
1268 3454 1563 3529 κατέκλυσε
1619 3454 1706 3507 καὶ
1764 3453 1931 3525 αὐτὴν

269 3510 363 3581 alui.
442 3527 509 3579 τὸ
585 3510 730 3600 ἱερδν
806 3530 902 3600 τοῦ
968 3510 1294 3600 Ἑλικὼν-ζου
1365 3523 1722 3600 Ποσειδῶνος,
1784 3528 1822 3581 ί.

271 3623 302 3649 α
333 3602 531 3656 Terras
564 3598 722 3654 metu
757 3599 914 3653 enim
948 3598 1164 3653 elatum
1186 3615 1345 3652 mare
1364 3605 1420 3653 et
1440 3599 1692 3653 Helicem
1717 3599 1932 3669 obruit,

270 3676 361 3799 ilatb
390 3671 678 3742 templum
733 3669 987 3743 Neptuni
1046 3670 1349 3726 lleliconii.
1404 3692 1430 3718 ››
1492 3670 1752 3741 Ovidius,
1814 3672 1931 3727 Met.

303 3760 317 3797 ι
371 3784 385 3797 .
422 3760 513 3796 xv.

303 3760 385 3797 ID.
422 3760 513 3796 XV.

375 3841 432 3890 Si
465 3854 676 3903 qumras
705 3840 922 3889 Helicen
952 3844 1002 3890 et
1038 3841 1232 3896 Buran,
1268 3839 1530 3889 Achaldas
1562 3841 1735 3901 urbes,

368 3904 621 3953 Invenies
646 3904 744 3951 sub
773 3904 941 3965 aquis,
975 3907 1027 3953 et
1057 3903 1232 3952 adhuc
1260 3904 1540 3951 ostendere
1570 3908 1747 3952 nauta:

369 3966 631 4016 Inclinato
661 3966 837 4015 solent
865 3980 986 4016 cum
1018 3966 1284 4015 moenibus
1314 3965 1508 4028 oppida
1537 3967 1742 4014 mersis.

264 4064 339 4119 Et
370 4064 461 4119 hae
512 4064 810 4120 Corinthio
858 4064 1005 4119 mari
1056 4062 1421 4135 adjacebant.
1454 4061 1649 4119 Helice
1691 4062 1928 4135 quidem

264 4153 349 4190 χιι
384 4136 594 4191 stadiis
627 4154 660 4191 a
691 4135 839 4191 mari
888 4136 1098 4190 dissita
1128 4140 1185 4189 et
1216 4134 1452 4189 biennio
1485 4140 1618 4191 ante
1672 4134 1927 4191 Leuctri-

265 4224 400 4263 cam
460 4224 717 4279 pugnam
781 4208 1079 4277 absorpta,
1136 4212 1197 4261 ut
1254 4207 1456 4279 Strabo
1517 4208 1709 4262 refert.
1742 4208 1932 4263 Causa

267 4280 455 4333 ruinas
488 4278 599 4335 fuit
632 4280 830 4350 itaque
882 4285 1046 4334 terra)
1081 4283 1274 4333 motus
1307 4283 1364 4333 et
1404 4278 1732 4349 inundatio,
1764 4285 1819 4335 et
1849 4279 1932 4336 ita

266 4351 511 4420 quidem
546 4357 612 4406 ut
661 4352 717 4405 in
754 4351 877 4406 loca
909 4355 1078 4421 rupta
1126 4354 1184 4404 et
1213 4354 1489 4421 quassata
1524 4356 1683 4405 motu
1738 4355 1930 4416 terrze,

265 4440 388 4491 quo
420 4423 545 4494 ipso
580 4422 754 4477 etiam
808 4420 1064 4478 vicinum
1098 4437 1259 4494 mare
1308 4420 1660 4491 agitabatur,
1696 4422 1924 4478 irruerit

264 4493 454 4564 aqua,
492 4495 689 4564 ibique
738 4494 1032 4549 excavatis
1079 4493 1259 4549 alveis
1310 4494 1717 4564 permanserit.
1782 4495 1927 4551 Hinc

264 4512 446 4564 aqua,
492 4512 689 4620 Inique
738 4512 1032 4549 excavatis
1079 4512 1259 4549 81V818
1310 4512 1717 4564 permanserit.
1782 4512 1927 4551 tunc

256 4566 390 4633 jam
444 4566 582 4621 intel
612 4566 794 4635 igitur
822 4566 1116 4637 quomodo
1149 4570 1312 4620 terra;
1354 4566 1642 4637 motus,ri.
1677 4582 1726 4620 e.
1774 4571 1928 4623 terra

262 4642 426 4709 mota
475 4638 724 4693 ebiberit
784 4636 941 4693 mare
1001 4637 1389 4709 Corinthium.
1454 4636 1633 4706 Magis
1694 4639 1923 4709 proprie

2044 2027 2099 2079 in
2131 2026 2394 2096 proximo
2444 2030 2713 2083 arborem
2744 2031 2992 2098 eiusque
3041 2045 3289 2094 ramum,
3321 2028 3408 2083 vel
3461 2026 3697 2085 si'd‘esit

2046 2098 2203 2183 aliud
2237 2099 2376 2183 quid
2411 2098 2597 2183 altum
2650 2099 2884 2183 eligere,
2918 2098 3010 2183 cui
3041 2116 3104 2154 se
3134 2101 3447 2183 applicent,
3481 2103 3697 2183 cuique

2043 2169 2360 2237 insideant,
2388 2172 2541 2226 unde
2573 2188 2605 2225 a
2637 2169 2822 2243 perito
2854 2171 3032 2242 hujus
3065 2172 3145 2227 rei
3175 2169 3236 2227 in
3272 2189 3416 2228 nova
3447 2169 3698 2230 alvearia

2042 2247 2354 2315 verruntur
2418 2243 2964 2314 constipanturque,
3018 2244 3217 2315 sicque
3286 2249 3533 2315 augetur
3601 2263 3693 2302 res

2046 2312 2353 2370 familiaris
2391 2312 2788 2369 dominorum.
2826 2312 2885 2369 Id
2919 2312 3178 2369 indicare
3210 2312 3391 2369 voluit
3421 2332 3691 2373 summus

2045 2385 2376 2459 illegomnis,
2399 2386 2698 2457 elegantiae
2746 2388 2938 2440 cultor
2966 2387 3352 2459 Virgilius,si
3385 2387 3527 2442 satis
3562 2405 3691 2459 per-

2042 2456 2333 2583 ggpissent
2365 2456 2711 2529 interpretes
2760 2474 2964 2514 versus
2995 2456 3124 2529 ejus
3155 2474 3224 2513 ex
3253 2458 3353 2513 lib.
3390 2456 3580 2529 Georg}
3615 2477 3690 2531 ιν,

2134 2634 2421 2699 Palmaque
2454 2635 2896 2696 vestibulum,aut
2916 2636 3106 2699 ingens
3126 2636 3355 2685 oleaster
3378 2636 3688 2688 obumbret:

2134 2698 2200 2761 Ut
2231 2712 2349 2746 cum
2381 2698 2554 2760 prima
2584 2701 2705 2747 novi
2736 2699 2935 2747 ducent
2963 2698 3209 2749 examina
3240 2714 3390 2761 reges

2136 2760 2267 2825 Yere
2297 2775 2411 2825 suo,
2446 2762 2699 2825 indetque
2730 2762 2865 2810 {avis
2894 2762 3088 2809 emissa
3112 2760 3387 2825 juventus,

2136 2824 2319 2872 Vicina
2347 2824 2535 2873 invitet
2563 2825 2820 2873 decedere
2851 2825 2968 2886 ripa
2998 2824 3178 2881 calori,

2135 2886 2408 2949 Obviaque
2443 2887 2689 2950 hospitiis
2715 2891 2893 2936 teneat
2924 2886 3298 2935 frondentibus
3329 2887 3505 2937 arbos.

2041 2983 2207 3109 itidgde
2264 2983 2673 3057 Claudiauum,
2728 2985 2792 3040 de
2850 2988 3027 3057 Παρία
3084 2986 3457 3056 Proserpinae,
3487 2984 3590 3041 lib.
3623 3003 3689 3052 11,

2538 3144 2730 3193 Credat
2760 3145 3002 3193 examina
3040 3144 3192 3193 fundi

2139 3205 2409 3270 Hyblaeum
2441 3214 2659 3269 raptura
2688 3206 2952 3270 thymum,
2989 3222 3109 3256 cum
3140 3221 3288 3255 cerea
3320 3220 3472 3270 reges

2134 3268 2314 3332 castra
2345 3268 2580 3327 movent,
2614 3268 2825 3332 {agique
2856 3285 2984 3319 cava
3016 3271 3278 3318 demissus
3313 3268 3392 3318 abi
3410 3269 3526 3319 alvo

2139 3331 2359 3381 Mellifer
2390 3332 2573 3382 electis
2596 3331 2861 3383 exercitus
2892 3334 3149 3396 obstrepit
3177 3332 3372 3381 herbis.

2118 3428 2185 3482 Et
2214 3428 2350 3483 hinc
2381 3428 2662 3484 illustrari
2699 3435 2889 3499 potest
2918 3430 3079 3484 locus
3108 3430 3165 3483 in
3199 3429 3297 3484 lib.
3332 3446 3389 3484 ιν
3416 3428 3612 3498 Mosis,
3645 3446 3695 3486 ο.

2044 3516 2183 3563 χχιι,
2216 3502 2268 3565 5,
2309 3500 2406 3554 ubi
2436 3503 2505 3556 de
2538 3503 2936 3556 lsraelitarum
2989 3504 3279 3556 immensa
3311 3501 3693 3557 multitudine

2045 3573 2213 3645 qu_asi
2247 3572 2317 3625 de
2347 3573 2613 3628 examine
2644 3591 2821 3643 apum
2855 3573 3117 3645 loquitur
3146 3589 3244 3627 rex
3276 3572 3692 3629 Moabitarum:

2047 3663 2073 3691 ‹‹
2109 3643 2248 3697 Ecce
2277 3659 2434 3717 gens,
2472 3645 2688 3717 prodiit
2717 3662 2786 3700 ex
2824 3643 3088 3717 Egypto,
3135 3649 3691 3717 ecceprospectum

2044 3718 2209 3789 terrai
2248 3715 2482 3789 obtexit
2516 3715 2914 3788 considetquei
2943 3716 3087 3771 mihi
3118 3734 3147 3772 e
3182 3716 3433 3788 regione.
3463 3715 3497 3766 3)
3531 3721 3693 3789 Egy-

2046 3786 2152 3859 ptii
2185 3786 2360 3841 etiam
2394 3792 2451 3841 et
2484 3789 2699 3859 Assyrii
2736 3786 2915 3859 supra
2944 3789 3206 3844 Judzcam
3252 3786 3484 3843 venturi
3516 3786 3693 3859 apum

2042 3856 2130 3983 ἷὲι
2166 3874 2500 3982 Ἐυεοωιυω
2558 3856 2825 3915 examini
2861 3866 3276 3932 comparantur
3325 3862 3435 3916 Isa.
3469 3856 3571 3931 v11,
3608 3862 3690 3930 18,

2122 3969 2134 3981 .
2222 3946 2311 3983 AV.

2122 3969 2134 3981 .
2173 3933 2311 3984 ΗΑν.

2118 4000 2230 4072 (11)
2271 4000 2506 4057 Sodoma
2550 4011 2601 4058 et
2650 4002 2915 4059 Gomorra
2966 4018 3162 4070 igneus
3212 4003 3387 4057 imber
3432 4004 3691 4057 excussit.

2045 4070 2334 4143 DePallio
2366 4088 2413 4127 c.
2450 4074 2535 4139 ll,
2570 4091 2637 4129 ex
2668 4074 2913 4129 lectione
2967 4074 3236 4130 Salmasii
3275 4091 3288 4128 :
3322 4097 3348 4122 «
3384 4073 3589 4143 Aspice
3619 4073 3691 4128 ad

2044 4141 2436 4211 Palaestinam,
2468 4161 2593 4215 quae
2642 4146 2928 4201 Jordanes
2960 4146 3152 4201 amnis
3198 4145 3407 4200 ﬁnium
3454 4141 3688 4211 arbiter,

2041 4216 2286 4288 vastitas
2337 4218 2562 4285 ingens,
2595 4222 2652 4273 et
2697 4219 2838 4273 orba
2869 4219 3049 4288 regio,
3078 4225 3135 4273 et
3166 4218 3384 4272 frustra
3415 4233 3552 4285 ager
3583 4232 3596 4269 :
3632 4221 3690 4271 at

2042 4286 2217 4361 urbes
2249 4292 2423 4357 retro,
2447 4294 2503 4343 et
2527 4289 2722 4361 populi
2748 4286 3080 4360 frequentes
3103 4294 3160 4344 et
3183 4288 3346 4343 solus
3374 4288 3687 4356 audiebat;

2040 4358 2249 4413 dehinc
2282 4366 2345 4414 ut
2401 4358 2549 4415 Deus
2581 4358 2787 4417 censor
2836 4358 2945 4426 est,
2978 4361 3248 4431 impietas
3308 4360 3529 4431 ignium
3566 4375 3690 4414 me-

2040 4430 2161 4503 ruit
2188 4431 2427 4487 imbres.
2466 4434 2754 4488 llactenus
2800 4430 3076 4503 Sodoma,
3104 4439 3159 4489 et
3192 4430 3353 4487 nulla
3387 4432 3689 4501 Gomorra,

2038 4502 2262 4576 et_cinis
2310 4505 2528 4572 omnia,
2564 4509 2619 4559 et
2663 4504 3068 4576 propinquitas
3125 4505 3304 4559 maris
3348 4504 3513 4571 juxta
3557 4520 3689 4559 cum

2037 4573 2160 4629 solo
2194 4581 2492 4630 mortuum
2544 4573 2673 4629 ivit.
2715 4598 2741 4625 »
2772 4573 2839 4629 Et
2864 4573 2930 4631 ex
2962 4577 3222 4632 carmine
3275 4594 3387 4631 non
3439 4576 3693 4631 Sodoma

2036 4645 2396 4719 inscribitur,
2432 4652 2489 4702 et
2519 4665 2582 4702 ea
2614 4648 2915 4704 nonnullis
2969 4649 3311 4718 assignatur
3357 4648 3642 4719 Cypriano
3675 4666 3687 4715 ;

258 4707 429 4779 legas
475 4710 715 4791 imbibit,
743 4712 879 4791 “Sed
912 4709 1081 4791 ebibit
1111 4708 1383 4791 nvalid‘ius
1417 4712 1522 4791 est.
1560 4707 1749 4791 Lugd;
1797 4707 1920 4791 But.
1955 4718 2000 4780 D
2033 4707 2451 4791 similisilocus
2484 4720 2627 4791 aLa
2681 4720 2861 4774 Cerda
2912 4707 3148 4789 citetur,
3193 4722 3292 4775 sed
3348 4707 3683 4791 Corruptus,

257 4796 380 4860 prae
418 4796 475 4835 se
522 4782 629 4860 fert
658 4781 852 4860 abicit,
886 4782 1055 4860 quasi
1107 4782 1253 4837 foret
1282 4779 1620 4860 legendum.
1656 4803 1682 4829 κ
1717 4783 1825 4860 Sed
1867 4787 1924 4837 et

252 4851 316 4905 in
354 4867 515 4906 mare
565 4852 930 4908 Corinthium
967 4857 1135 4909 terra:
1189 4855 1383 4906 motus
1417 4851 1617 4906 abivit.
1658 4874 1685 4900 »
1717 4856 1919 4909 Totam

252 4921 416 4978 hanc
462 4940 657 4980 rerum
717 4925 1103 4980 mutationem
1163 4923 1604 4995 elegantissimo
1663 4925 1919 4981 carmine

250 4995 537 5066 exprimit
568 4996 811 5051 Ovidius
859 4997 984 5051 loco
1038 4996 1209 5051 modo
1244 5001 1588 5057 memorato,
1621 4999 1917 5064 quomodo

256 5069 439 5123 urbes
462 5072 747 5139 terraeque
769 5069 841 5123 ab
862 5068 1053 5139 aquis,
1090 5067 1255 5122 ﬂuvit
1292 5086 1325 5122 a
1363 5066 1532 5123 terris
1556 5066 1917 5123 absorbean-

248 5144 375 5205 tur,
414 5142 722 5212 totumque
754 5140 849 5195 hic
878 5140 1078 5210 reponi
1112 5146 1387 5195 meretur.

343 5253 462 5319 Yidi
495 5268 593 5319 ego
627 5256 770 5319 quod
805 5253 1075 5318 quondam
1106 5253 1279 5302 fuerat
1308 5252 1632 5301 solidissima
1661 5253 1818 5303 tellus

343 5317 475 5365 Esse
510 5317 723 5378 tretlim,
756 5317 864 5366 vidi
896 5319 1059 5366 factas
1091 5330 1154 5364 ex
1184 5328 1400 5378 aequore
1430 5318 1618 5375 terras,

340 5380 410 5444 Et
439 5382 625 5442 procul
655 5396 686 5430 a
716 5380 901 5444 pelago
933 5379 1150 5444 conchae
1175 5378 1391 5444 jacuere
1423 5379 1659 5444 marinis,

344 5443 410 5490 Et
442 5441 594 5492 vetus
622 5441 857 5492 inventa
879 5447 959 5491 est
988 5442 1040 5491 in
1077 5442 1349 5489 montibus
1395 5441 1631 5490 anchora
1666 5442 1907 5500 summis,

342 5506 609 5569 Quodque
644 5508 745 5556 fuit
778 5519 1013 5567 campus,
1048 5504 1239 5569 vallem
1271 5504 1525 5569 decursus
1558 5517 1818 5565 aquarum

342 5569 510 5629 Fecit,
526 5566 594 5619 'et
623 5570 797 5618 eluvie
826 5566 979 5616 mons
1009 5571 1089 5616 est
1117 5566 1379 5615 deductus
1408 5567 1462 5615 in
1499 5580 1700 5629 sequor,

337 5632 489 5693 Eque
522 5632 781 5691 paludosa
811 5631 960 5679 siccis
991 5633 1103 5679 aret
1131 5630 1327 5678 arenis.

338 5690 581 5756 Quaeque
618 5695 758 5744 sitim
789 5695 1045 5752 tulerant,
1070 5696 1317 5756 stagnata
1348 5690 1631 5756 paludibus
1661 5690 1901 5756 hument,

338 5756 440 5805 Hic
469 5753 646 5806 fontes
674 5761 867 5806 natura
897 5770 1067 5805 novos
1097 5753 1288 5815 emisit,
1323 5758 1374 5803 et
1402 5753 1509 5802 illic

335 5818 566 5883 Clausit,
598 5824 652 5874 et
680 5819 915 5887 antiquis
942 5824 1053 5872 tam
1082 5819 1252 5871 multa
1284 5816 1606 5871 tremoribus
1633 5817 1778 5870 orbis

2033 4788 2229 4861 itaque
2260 4790 2354 4844 hic
2387 4790 2735 4846 medicinam
2771 4792 3019 4863 accipiat
3051 4809 3063 4847 :

2122 4897 2267 4963 '_I‘_unc
2301 4896 2427 4963 Loth
2460 4898 2761 4963 ingreditur
2789 4898 2969 4963 Segor,
3004 4898 3161 4947 simul
3192 4899 3431 4963 exoritur
3459 4897 3553 4963 sol,

2124 4959 2444 5024 Ultimusille
2467 4960 2761 5022 quidem,in
2784 4959 3177 5024 Sodomamque
3196 4962 3448 5010 incendia
3470 4960 3684 5010 fervens

2122 5021 2323 5086 Infert;
2358 5021 2655 5086 nam’totus
2688 5024 2864 5071 radios
2897 5021 3195 5072 armaverat
3225 5025 3353 5086 igni.

2119 5084 2321 5132 zEmula
2354 5084 2699 5146 subsequitur
2728 5085 2900 5146 caligo
2923 5087 3201 5135 includere
3232 5084 3407 5136 lucem

2118 5149 2387 5211 Cmptans,
2419 5152 2579 5209 atque
2612 5149 2797 5205 globos
2829 5148 3053 5198 confuso
3086 5150 3328 5198 intexere
3358 5148 3527 5211 cmlo;

2120 5210 2409 5258 Fumantes
2439 5216 2635 5258 coeunt
2670 5212 2859 5267 nubes,
2900 5225 3071 5259 novus
3103 5213 3259 5260 irruit
3290 5213 3494 5270 imber;

2118 5271 2337 5321 Sulfura
2366 5286 2485 5321 cum
2518 5273 2746 5322 ﬂammis
2777 5274 3146 5337 ﬂagrantibus,
3180 5278 3371 5325 aestuat
3401 5274 3587 5324 aether.

3316 5339 3407 5392 Sic
3441 5337 3605 5392 locus

2092 5441 2201 5511 (12)
2238 5441 2365 5496 Olet
2394 5440 2572 5495 adhuc
2620 5442 2881 5498 incendio
2923 5447 3091 5498 terra.
3129 5448 3236 5499 Res
3288 5443 3594 5499 verissima
3625 5444 3681 5495 et

2023 5513 2238 5587 divina),
2268 5511 2539 5587 vindictas
2588 5515 2779 5587 vivum
2813 5531 3044 5587 semper
3091 5517 3445 5587 exemplum.
3479 5514 3677 5581 Neque

2017 5587 2190 5658 enim
2226 5584 2351 5655 ipse
2401 5584 2564 5639 lacus
2612 5584 2972 5658 Asphaltites
3018 5604 3120 5641 seu
3172 5584 3330 5643 mare
3384 5587 3675 5658 Mortuum

2016 5655 2393 5731 pestilentem
2428 5658 2671 5713 halitum
2695 5655 2989 5723 _elﬂat,sed
3025 5664 3079 5731 et
3109 5658 3332 5728 lapides
3372 5655 3677 5731 ruin_arum

2019 5726 2233 5801 reliqui
2270 5728 2390 5801 igni
2425 5730 2645 5787 admoti
2670 5726 3422 5855 ardentgravissimumqqle
3445 5726 3679 5855 pdotrem

3296 5813 3365 5855 ex
3412 5812 3444 5855 8.
3472 5812 3544 5854 an
3581 5840 3595 5855 .

3296 5812 3595 5856 exnaiant.
