4054 6174
219 221 315 285 553

1269 213 1863 279 APOLOGETIGUS
1906 214 2090 276 ADV.
2137 212 2479 276 GENTES.‘

3458 212 3579 274 55‘

216 354 296 411 tite
318 350 461 425 prius
490 347 907 421 dispositiones
936 348 1088 420 ejus,
1115 352 1172 405 et
1214 365 1329 405 non
1371 349 1809 421 retorquebitis.
1840 352 1894 420 Α
1927 352 1984 404 et
2012 347 2189 403 ﬁdem
2222 346 2345 419 spei
2398 350 2631 403 nostrae.
2665 344 2721 399 Si
2754 360 2889 401 vero
2937 343 3010 401 ab
3056 343 3142 400 eis
3190 358 3339 414 quos
3386 343 3582 402 colitis

214 441 295 510 Qui
316 438 450 497 489
489 438 645 493 enim
697 437 879 493 semel
925 441 1207 494 aeternum
1250 438 1681 510 judicium(28)
1712 439 1811 495 de-

214 530 411 588 stinavit
438 532 570 599 post
614 526 808 581 seaculi
842 528 1038 594 finem,
1073 545 1186 582 non
1236 528 1564 599 praecipitat
1594 528 1813 583 discre-

209 622 386 677 tionem
408 618 539 689 (29),
565 632 692 687 quis
741 620 830 672 est
878 616 1134 672 conditio
1165 616 1399 687 judicii,
1435 620 1566 673 ante
1616 616 1815 673 saeculi

211 712 370 765 ﬁnem.
397 705 654 777 rEqualis
684 709 774 761 est
814 705 1051 761 interim
1084 722 1265 778 super
1302 722 1475 761 omne
1506 706 1814 762 hominum

210 814 361 872 genus
389 800 441 852 et
472 795 785 867 indulgens
823 799 878 852 et
907 795 1218 867 increpans
1245 796 1318 864 9’;
1351 797 1688 852 communia
1716 813 1815 852 vo—

210 887 298 944 luit
321 901 436 943 esse
466 890 523 940 et
552 885 861 940 commoda
892 884 1151 957 profanis
1180 888 1237 940 et
1264 885 1641 942 incommoda
1668 886 1815 953 suis,

210 982 261 1033 ut
284 975 395 1047 pari
424 972 715 1029 consortio
746 988 951 1029 omnes
980 977 1036 1029 et
1066 972 1369 1031 lenitatem
1409 975 1539 1046 ejus
1570 979 1629 1031 et
1658 990 1818 1031 seve-

209 1064 403 1121 ritatem
424 1060 840 1135 experiremur.
857 1062 1003 1126 Quia
1022 1061 1142 1120 hinc
1162 1062 1245 1120 ita
1264 1063 1637 1122 didicimus“
1660 1066 1817 1137 apud

207 1154 390 1225 ipsum,
405 1150 710 1224 diligimus
734 1150 1058 1223 lenitatem,
1086 1153 1404 1210 metuimus
1426 1155 1817 1223 severitatem,

206 1258 287 1298 vos
327 1244 521 1297 contra
574 1244 889 1311 utramque
949 1240 1248 1314 despicitis
1283 1258 1295 1297 :
1330 1246 1386 1298 et
1434 1242 1721 1314 sequitur,
1755 1247 1823 1298 ut

205 1347 376 1386 omnes
421 1328 619 1384 saeculi
676 1328 860 1401 plagas
911 1329 1101 1397 nobis,
1134 1329 1185 1385 si
1233 1330 1397 1400 forte,
1442 1331 1501 1386 in
1550 1331 1821 1387 admoni-

202 1421 412 1485 tionem,
442 1419 610 1474 vobis
657 1419 716 1473 in
758 1418 1205 1489 castigationem
1258 1437 1291 1475 a
1342 1421 1452 1476 Deo
1485 1420 1819 1476 obveniant.

200 1508 377 1580 Atquin
416 1524 525 1563 nos
574 1505 735 1563 nullo
785 1508 958 1563 modo
987 1507 1288 1577 laedimur;
1339 1508 1632 1582 imprimis
1683 1509 1823 1581 quia

200 1597 320 1653 nihil
348 1600 547 1653 nostra
586 1597 762 1652 refert
811 1596 871 1652 in
923 1597 1032 1653 hoc
1081 1614 1217 1666 sevo,
1252 1598 1367 1654 nisi
1414 1598 1485 1654 de
1532 1614 1598 1655 eo
1646 1616 1821 1670 quam

201 1685 427 1741 celeriter
477 1686 785 1753 excedere;
827 1685 1057 1757 dehinc,
1114 1686 1254 1758 quia
1300 1687 1351 1743 si
1402 1686 1540 1759 quid
1592 1688 1821 1745 adversi

198 1775 475 1846 inﬂigitur,
512 1775 721 1831 vestris
764 1774 823 1830 id
868 1775 1095 1830 meritis
1116 1775 1159 1811 ⁹⁶
1211 1776 1527 1848 deputatur
1548 1777 1682 1850 (30).
1715 1778 1823 1833 Sed

199 1864 288 1919 etsi
329 1864 522 1936 aliqua
554 1880 660 1920 nos
701 1880 935 1935 quoque
981 1865 1390 1936 perstringunt
1420 1871 1483 1920 ut
1531 1867 1695 1922 vobis
1726 1883 1822 1922 co-

160 1952 165 1957 ’
198 1953 470 2020 harentes,
502 1953 771 2009 laetamur
813 1952 1002 2025 magis
1058 1954 1455 2026 recognitione
1486 1956 1822 2012 divinarum

200 2042 673 2114 praedicationum,
707 2042 1186 2100 confirmantium
1208 2044 1252 2079 ⁹⁶
1281 2044 1506 2101 scilicet
1542 2045 1821 2101 ﬁduciam

1924 437 2124 492 omnia
2152 435 2315 492 vobis
2347 433 2503 491 mala
2545 434 2824 491 eveniunt
2855 434 3041 490 nostri
3086 433 3283 500 caiisa,
3306 433 3449 505 quid
3479 450 3585 490 co-

1921 525 2040 583 lere
2071 526 2452 599 perseveretis
2484 527 2639 581 490
2669 530 2788 580 tam
2822 525 3108 596 ingratos,
3134 528 3255 579 tam
3303 523 3580 596 injustos,

1925 616 2025 688 qui
2057 617 2245 689 magis
2277 632 2378 671 vos
2409 614 2469 671 in
2502 614 2762 671 dolorem
2793 612 3263 670 Christianorum
3287 613 3495 685 juvare
3525 616 3585 669 et

1927 722 2188 762 asserere
2216 705 2541 761 debuerant
2562 706 2601 740 9⁷
2622 704 2649 760 ?

2532 793 2762 849 CAPUT
2803 792 2971 849 XLII.

1924 888 2358 942 ARGUMENTUM.
2386 914 2452 925 -—
2496 883 2601 939 Nec
2651 884 2837 937 minus
2878 896 3179 953 perperam
3230 880 3582 938 Christianos

1997 955 2367 1027 infructuosos
2394 957 2625 1027 negotiis
2669 955 2971 1026 appellari,
3003 955 3100 1025 qui
3126 968 3251 1027 cum
3282 953 3405 1009 illis
3430 959 3485 1009 et
3516 954 3586 1027 de

1998 1026 2115 1084 illis
2144 1030 2353 1093 vivant,
2381 1026 2476 1098 qui
2513 1042 2679 1099 Opera
2724 1043 2825 1081 sua
2869 1030 2923 1081 et
2970 1034 3115 1080 artes
3162 1026 3451 1099 misceant,
3484 1026 3584 1095 qui

1996 1117 2112 1155 una
2157 1103 2446 1172 navigant,
2492 1098 3116 1172 militent,_mercenlur
3143 1114 3163 1152 :
3200 1098 3306 1172 qui,
3323 1098 3373 1151 si
3400 1098 3457 1151 in
3480 1112 3589 1150 cae-

1996 1174 2267 1228 remoniis
2294 1168 2646 1242 'quibusdam
2692 1170 2971 1240 di/ferant,
3004 1168 3333 1239 spectaculis
3374 1184 3583 1242 renun-

2000 1247 2159 1313 tient,
2210 1241 2369 1299 thure
2428 1260 2537 1299 non
2594 1242 2926 1313 supplicent,
2975 1242 3143 1312 stipes
3198 1241 3418 1313 templis
3472 1255 3587 1313 non

1990 1311 2228 1388 jacteut,
2262 1324 2444 1370 tamen
2475 1317 2526 1388 et
2571 1311 3105 1388 hominesgetucives
3151 1311 3375 1377 δύνηαι
3422 1311 3586 1366 illam

2002 1384 2441 1458 (qualemcunque
2486 1386 2768 1457 jacturam
2823 1384 2989 1452 facile
3037 1391 3415 1458 compensant,
3463 1399 3587 1458 cum

2003 1456 2136 1514 aliis
2182 1456 2542 1525 utilitatibus,
2592 1460 2732 1524 tum,
2764 1472 2874 1511 non
2922 1460 2983 1510 ul
3031 1456 3141 1525 illi,
3173 1456 3394 1525 publica
3424 1456 3588 1510 vecti-

2001 1532 2180 1658 galida,
2229 1528 2624 1603 defraudando,
2679 1528 2774 1583 sed
2831 1544 2902 1583 ea:
2952 1526 3058 1598 ﬁde
3105 1526 3347 1582 debitum
3391 1526 3594 1599 depen-

2039 1619 2101 1658 en
2146 1619 2194 1658 0.

2039 1619 2194 1658 endo.

2004 1692 2094 1748 42.
2125 1691 2234 1747 Sed
2265 1690 2377 1746 alio
2410 1705 2640 1762 quoque
2661 1689 2703 1723 ⁹⁸
2729 1686 3079 1759 injurariam
3109 1686 3281 1751 titulo
3324 1685 3593 1758 postula-

1934 1797 2088 1845 mur,
2120 1785 2178 1836 et
2216 1778 2567 1834 infructuosi
2618 1778 2677 1832 in
2728 1775 2977 1850 negotiis
3024 1775 3279 1832 dicimur
3299 1775 3433 1846 (31).
3468 1776 3591 1839 Quo

1934 1873 2100 1942 pacto
2161 1867 2431 1923 homines
2478 1866 2779 1922 vobiscum
2827 1866 3107 1937 degentes
3136 1865 3271 1938 (32),
3320 1864 3591 1936 ejusdem

1930 1957 2137 2025 victus,
2200 1957 2469 2028 habitus,
2530 1955 2893 2025 instructus,
2951 1955 3220 2024 ejusdem
3278 1955 3350 2010 ad
3408 1953 3589 2009 vitam

1930 2045 2350 2102 necessitatis?
2407 2050 2608 2118 Neque
2665 2045 2822 2102 enim
2882 2042 3260 2100 Brachmanae
3318 2042 3431 2116 (33)
3492 2045 3595 2098 aut

1596 2154 1797 2215 Variae
1846 2153 2161 2217 lectiones.

253 2248 292 2282 ⁸³
317 2249 676 2322 Increpitans
704 2254 892 2322 Fran.
916 2251 1100 2322 Paris.
1130 2250 1249 2322 Βία.
1283 2250 1585 2307 incessens
1614 2252 1729 2307 cod.
1763 2252 1922 2308 Fuld.
2001 2252 2045 2286 9‘
2075 2249 2200 2307 Cod.
2234 2250 2397 2308 Fuld.
2432 2248 2532 2321 qui
2561 2253 2781 2322 autem
2831 2247 3156 2322 discimus;
3187 2245 3338 2322 codd.
3386 2244 3589 2322 éugdu

194 2318 329 2391 Gorg.
359 2324 409 2377 et
434 2316 526 2376 ed.
557 2322 767 2377 Pamel.
801 2321 939 2393 quia
968 2321 1179 2391 (Gelen.
1200 2316 1335 2393 'qui)
1374 2324 1710 2393 aequitatem
1750 2324 2088 2388 didicimus,
2118 2328 2229 2378 etc.
2307 2323 2351 2357 ⁸⁵
2380 2316 2608 2377 Vestris
2640 2322 2697 2377 in
2733 2320 2959 2377 meritis
2989 2322 3119 2377 Jun.
3145 2316 3149 2317 ⁷
3197 2319 3242 2354 9⁸
3270 2316 3589 2372 Conﬁrma-

193 2396 273 2468 tns
298 2396 358 2447 ut
384 2399 792 2468 agnoscentes,
822 2393 938 2468 cod.
969 2394 1125 2468 Fuld.
1204 2393 1248 2430 97
1273 2397 1337 2450 In
1364 2393 1469 2451 velt
1499 2396 1656 2451 libris
1687 2405 1908 2468 excepto
1940 2395 2203 2450 Fuldensi
2231 2395 2485 2468 omnibus
2515 2393 2706 2468 addita
2736 2394 2995 2468 leguntur
3024 2409 3108 2449 vv.
3143 2406 3289 2462 quos
3321 2401 3593 2459 separare

192 2464 439 2521 deberent
468 2483 506 2522 a
539 2465 762 2522 meritis
792 2465 1278 2535 Christianorum,
1309 2484 1426 2538 qua:
1458 2470 1647 2539 inepta
1677 2464 1882 2524 delenit
1914 2468 2204 2539 Rigaltius.
2283 2465 2326 2502 οδ
2362 2465 2565 2521 Adhuc
2594 2465 2710 2522 cod.
2743 2464 2901 2521 Fuld.

1608 2566 2135 2629 Commentarius.

245 2660 346 2733 (28)
376 2662 481 2731 Qui
526 2663 682 2718 enim
728 2663 895 2717 semel
943 2671 1219 2719 mternum
1254 2663 1556 2732 judicium.
1600 2665 1822 2720 Sensus

186 2740 277 2797 est,
309 2733 512 2798 Deum,
549 2735 648 2805 qui
688 2733 869 2806 semel
903 2734 1205 2806 constituit
1252 2736 1313 2790 in
1363 2737 1823 2806 aeternumjudi-

189 2820 301 2859 care
328 2810 463 2860 tunc
496 2804 642 2880 cum
672 2804 867 2861 saeculi
910 2805 1046 2880 ﬁnis
1095 2807 1349 2880 advenit,
1384 2824 1498 2863 non
1533 2804 1822 2880 praeoccu-

188 2891 309 2947 pare
336 2882 466 2933 ante
499 2877 648 2932 illud
698 2882 933 2948 tempus
982 2878 1392 2935 discretionem
1444 2877 1598 2936 inter
1638 2883 1825 2936 bonos

190 2954 239 3003 et
267 2949 464 3017 malos,
498 2949 560 3004 in
594 2966 711 3021 qua
744 2949 1038 3020 judicium
1073 2952 1285 3021 partim
1318 2952 1633 3021 consistet;
1669 2954 1825 3008 ideo-

191 3037 286 3102 que
313 3037 549 3102 comma
580 3026 711 3102 post
724 3022 979 3102 euadit-io
1006 3022 1221 3102 iudicii,
1244 3040 1359 3077 non
1384 3024 1557 3102 debet
1586 3025 1825 3102 negligi,

1935 2665 2082 2735 ipse,
2114 2660 2439 2735 orationem
2480 2660 2552 2716 de
2591 2676 2764 2716 carne
2814 2659 3049 2735 pudica,
3081 2659 3152 2714 de
3182 2657 3383 2735 anima
3428 2656 3599 2735 inno-

1935 2730 2111 2813 centi,
2141 2735 2210 2813 de
2240 2733 2459 2813 Spiritu
2511 2737 2716 2813 sancto
2760 2730 3106 2813 profectam,
3128 2747 3261 2813 quae
3310 2730 3427 2812 fere
3455 2730 3599 2812 Ter-

1933 2807 2167 2862 tulliani
2191 2800 2362 2861 verba
2393 2808 2536 2860 sunt
2556 2821 2738 2876 supra
2759 2800 2886 2875 cap.
2904 2805 3004 2871 30;
3032 2800 3227 2876 tertio,
3249 2802 3387 2874 quia
3408 2800 3597 2870 magis

1936 2880 1995 2934 in
2030 2878 2335 2949 religionis
2383 2883 2595 2949 nostrae
2637 2875 2950 2949 divinitate
2983 2875 3425 2949 confirmamur,
3459 2889 3594 2927 cum

1937 2945 2205 3006 videmns
2238 2948 2505 3020 quotidie
2551 2948 2786 3020 impleri
2832 2948 2933 3003 illa
2964 2965 3088 3017 quae
3111 2948 3237 3018 jam
3270 2945 3411 3001 olim
3443 2961 3595 3017 pras-

1940 3024 2097 3078 dicta
2127 3021 2398 3091 legimus.
2435 3024 2579 3076 Hav.

190 3084 242 3164 nt
266 3092 318 3146 in
350 3084 628 3163 plurimis
671 3084 1030 3149 editionibus
1069 3084 1288 3150 factum
1322 3100 1429 3151 est.
1466 3096 1635 3152 Vocis
1663 3084 1830 3153 semel
1860 3096 1903 3164 C
2010 3094 2124 3163 (31)
2160 3084 2503 3163 Ιῆρσυοεαοεί
2534 3094 2594 3147 in
2630 3090 2865 3164 negotiis
2917 3089 3173 3164 dicimur.
3208 3087 3406 3164 Itaque
3454 3084 3594 3164 hinc

192 3162 521 3234 elegantiam
557 3172 614 3220 et
647 3182 821 3221 usum
855 3182 1035 3236 supra
1061 3166 1390 3222 docuimus.
1424 3167 1563 3223 HAV.

251 3237 355 3305 (29')
385 3238 718 3312 Praecipitat
771 3237 1169 3312 discretionem.
1210 3239 1461 3312 Maxime
1512 3238 1745 3312 propria
1776 3242 1834 3295 et

191 3305 407 3385 elegans
430 3305 656 3364 locutio
677 3314 803 3385 ;_est
822 3309 978 3385 enim
999 3309 1147 3365 illud
1171 3312 1327 3377 quod
1360 3305 1833 3385 alias-praecipere

188 3382 235 3432 et
258 3396 656 3453 praeoccupare
684 3381 907 3437 dicunt.
942 3383 1227 3449 Lucanus,
1262 3400 1323 3450 II,
1359 3384 1462 3438 106
1496 3400 1507 3438 :

290 3497 400 3564 lion
432 3498 585 3564 senis
614 3503 911 3564 extremum
952 3498 1124 3564 piguit
1148 3500 1493 3564 vergentibus
1523 3499 1682 3549 annis

298 3559 674 3625 Praecipitasse
706 3562 866 3611 diem.

187 3664 274 3741 ubi
298 3669 631 3739 praecepisse
661 3668 817 3741 quod
850 3668 1024 3741 habet
1062 3684 1175 3723 ms.
1212 3669 1397 3741 magis
1429 3677 1513 3725 est
1545 3668 1832 3741 interpre-

186 3738 313 3819 tatio
343 3738 697 3819 quamﬁvera
740 3738 930 3797 lectio.
964 3742 1129 3812 Apud
1168 3738 1441 3797 eumdem
1473 3742 1628 3798 enim
1661 3738 1833 3798 Pom-

188 3812 356 3879 peius,
387 3828 495 3878 vn,
530 3812 639 3867 352
668 3828 682 3867 :

268 3926 317 3994 Si
342 3941 533 3994 socero
567 3929 695 3976 dare
726 3940 892 3994 regna
925 3940 1066 3994 meo,
1099 3928 1470 3991 mundumque
1500 3933 1774 3994 pararent;

270 3988 616 4053 Praecipitare
647 3988 818 4038 meum
850 3990 972 4039 fatis
1000 3995 1223 4053 potuere
1254 3988 1545 4041 senectam.

189 4092 299 4171 i.e.
332 4096 424 4151 Dii
468 4111 570 4171 me
624 4101 809 4152 morte
866 4100 1183 4169 potuerunt
1239 4114 1646 4171 praeoccupare
1704 4101 1837 4155 ante

190 4162 327 4221 hanc
358 4168 667 4223 canitiem.

191 4234 405 4296 Rursus
436 4240 602 4295 idem
637 4243 807 4313 poeta
833 4239 1097 4310 ejusdem
1137 4237 1272 4294 libri
1301 4255 1472 4295 versu
1504 4240 1567 4295 51
1609 4258 1622 4298 :

626 4354 733 4405 Sua
762 4355 986 4428 quisque
1017 4369 1078 4406 ac
1105 4355 1321 4420 pub'ica
1347 4354 1454 4406 fata

298 4416 646 4483 Praecipitare
677 4416 843 4481 cupit.

189 4523 437 4594 Denique
467 4524 579 4579 lib.
612 4542 667 4589 v,
700 4524 809 4579 795
842 4540 854 4578 :

297 4629 759 4694 Praecipitantque
795 4643 921 4680 suos
950 4629 1147 4689 luctus,

191 4750 313 4789 cum
339 4736 573 4791 scilicet
604 4737 864 4791 nondum
898 4740 1053 4792 esset
1085 4735 1541 4793 conclamatum.
1575 4738 1718 4795 ΗΑν.

222 4808 354 4885 ,(30)
394 4809 605 4885 Vestris
635 4812 692 4885 in
727 4811 943 4885 meritis
972 4809 1285 4877 deputatur.
1320 4810 1413 4864 Sic
1449 4828 1559 4885 ms.
1594 4812 1843 4885 Fulden-

190 4880 296 4953 sis;
330 4897 469 4953 nam
507 4880 611 4935 alii
639 4880 702 4953 τὸ
743 4881 801 4936 id
832 4898 945 4936 non
979 4886 1327 4952 agnoscunt,
1356 4882 1510 4953 quod
1557 4883 1848 4953 negligere

194 4948 369 5024 nolui,
412 4970 528 5008 suo
587 4952 744 5008 enim
797 4953 925 5008 loco
986 4948 1239 5024 ponitur.
1272 4948 1516 5010 Frustra
1562 4948 1846 5010 vero‘Ze-

190 5020 429 5095 phyrus,
461 5025 688 5079 Junius
727 5028 784 5079 et
836 5025 907 5079 La
936 5020 1119 5080 Cerda
1173 5025 1489 5096 prmferunt
1542 5029 1747 5082 nostris
1794 5026 1852 5082 id

192 5110 259 5147 m.
290 5096 343 5150 εἰ.
378 5101 595 5151 contra
626 5111 983 5152 consensum
1016 5096 1280 5152 omnium
1314 5113 1459 5153 mss.
1494 5098 1665 5153 Hisce
1696 5099 1852 5154 enim

195 5180 302 5241 non
327 5183 797 5241 commovemur,
821 5168 1033 5240 inquit,
1059 5168 1246 5241 primo
1276 5170 1414 5240 quia
1436 5186 1551 5224 non
1575 5187 1854 5226 curamus

193 5238 257 5311 de
290 5238 401 5294 hoc
456 5239 678 5295 saeculo
735 5238 1533 5311 sitne—corpusculo—nostro
1580 5242 1732 5297 male
1782 5261 1855 5298 an

191 5307 365 5384 bene;
402 5312 696 5384 secundo,
729 5312 869 5384 quia
908 5307 1189 5384 magnum
1240 5313 1528 5369 habemus
1581 5314 1857 5371 solatium

192 5382 344 5451 quod
382 5382 565 5439 nobis
595 5382 763 5440 bona'
795 5383 1152 5441 conscientia
1184 5390 1437 5455 praestat,
1467 5402 1569 5442 vos
1621 5403 1749 5443 esse
1801 5387 1861 5442 in

194 5469 367 5509 causa
396 5459 586 5529 tanta:
610 5456 707 5511 Dei
754 5456 874 5529 iraa,
907 5456 1005 5529 qui
1042 5456 1210 5511 illum
1245 5456 1561 5529 negligitis,
1587 5476 1701 5514 non
1732 5476 1863 5514 vero

196 5542 293 5579 nos
326 5528 430 5602 qui
466 5526 639 5581 illum
684 5528 807 5602 soli
845 5528 1093 5584 colimus
1124 5534 1181 5583 et
1228 5526 1631 5597 observamus,
1663 5530 1866 5602 illique

192 5601 471 5673 omnibus
532 5600 745 5673 vestris
796 5600 1179 5673 hecatombis
1222 5602 1504 5671 majorem
1565 5607 1623 5657 et
1678 5600 1866 5673 magis

1942 3157 2051 3231 est,
2092 3157 2502 3236 proculdubio,
2547 3157 2718 3236 quod'
2754 3162 3041 3236 illustrem
3093 3157 3594 3236 virum—Flavium

1942 3229 2319 3300 Clementem,
2351 3234 2529 3290 Flavii
2563 3229 2797 3297 'Sabini,
2843 3231 3215 3305 imperatoris
3259 3229 3597 3305 Vespasiani

1944 3310 2160 3373 fratris,
2196 3307 2406 3371 ﬁlium,
2447 3300 2946 3378 contemptissimi
2973 3305 3195 3360 inertia
3240 3300 3409 3378 vocet
3450 3300 3599 3357 Sue-

1940 3382 2138 3437 tonius
2165 3378 2571 3443 Tranquillus,
2592 3373 2931 3434 Christianze
2963 3378 3134 3432 sectae
3160 3373 3305 3431 satis
3330 3373 3599 3443 iniquus,

1942 3454 2042 3508 ubi
2088 3452 2258 3507 illum
2291 3444 2682 3508 abomitiano
2730 3447 2992 3519 patruele
3022 3446 3282 3519 occisum
3316 3448 3511 3519 narrat
3539 3444 3600 3499 in

1941 3524 2156 3581 Domit.
2200 3541 2249 3578 c.
2298 3524 2385 3586 15,
2437 3523 2594 3593 quod
2644 3517 2796 3577 recte
2856 3519 3101 3593 monuit
3138 3517 3357 3593 ibidem
3414 3517 3597 3593 etiam

1942 3596 2304 3653 Torrentius.
2367 3589 2610 3649 Ethnico
2671 3593 2755 3647 illi
2813 3593 2993 3663 apud,
3028 3589 3376 3663 Minucium,
3419 3605 3474 3661 p.
3508 3589 3542 3641 8
3579 3605 3593 3643 :

1943 3690 1971 3719 «
2008 3667 2324 3724 Latebrosa
2354 3670 2411 3721 et
2438 3666 2745 3738 lucifugax,
2774 3661 3043 3738 natio,in
3076 3661 3383 3738 publicum
3413 3663 3598 3738 mpta,

1944 3742 2003 3797 in
2055 3739 2288 3810 angulis
2336 3737 2595 3810 garrula.
2625 3732 2655 3787 ἶ
2684 3736 2869 3810 Rhen.
2916 3735 3014 3810 hic
3042 3732 3117 3810 et
3168 3735 3306 3810 Cod_.
3350 3733 3421 3810 VL.
3471 3732 3597 3810 Bat2

1942 3802 2166 3884 legunE
2203 3802 2538 3885 Iri/ru’ctuosi
2566 3811 2626 3885 in
2656 3809 2892 3885 negotio.
2916 3807 3082 3862 Fuld.
3104 3822 3242 3885 vero
3269 3802 3602 3885 infructuosi

1941 3878 2194 3953 ne'gotiis.
2228 3878 2529 3945 Quomodo
2563 3881 2679 3935 fere
2717 3880 2891 3953 infra,
2925 3896 3050 3953 cap.
3092 3879 3233 3953 46_._«
3267 3878 3599 3953 Quod_usui

1936 3948 2060 4027 jam
2110 3959 2177 4027 et
2233 3954 2325 4027 dei
2361 3952 2713 4027 commercio
2770 3948 3380 4027 inn_o_tuit.»_Herald_.
3432 3948 3596 4003 Barr.

1943 4020 2073 4083 Ald.
2108 4026 2269 4079 Pam.
2309 4026 2380 4080 La
2409 4025 2613 4088 Cerda,
2641 4024 2816 4077 etiam
2858 4022 3067 4091 Rigalt.
3109 4020 3314 4091 legunt
3342 4021 3399 4072 in
3431 4033 3598 4091 uego-

1946 4102 2060 4155 liis.
2086 4097 2321 4151 Tacitus
2350 4096 2465 4150 illis
2492 4095 2684 4150 odium
2704 4090 3473 4164 humanigeneris’impingit
3500 4104 3594 4155 xv,

1944 4170 2145 4226 Annal.
2189 4169 2276 4223 44.
2330 4169 2684 4224 Dicebantur
2734 4184 2866 4223 vero
2920 4163 3269 4221 infructuosi
3328 4164 3597 4234 respectu

1948 4244 2018 4297 ad
2076 4256 2452 4310 nomen,quo
2506 4238 2823 4296 Christiani
2882 4237 2940 4294 id
2985 4241 3075 4294 est
3132 4233 3436 4291 fructuosi'
3470 4247 3601 4289 esse

1947 4312 2138 4382 magis
2169 4312 2569 4368 conveniebat.
2605 4313 2744 4368 Hav.

2018 4371 2129 4455 (332)
2168 4385 2447 4440 Vobiscum
2497 4385 2769 4455 degentes,
2802 4384 2911 4438 etc.
2962 4379 3084 4455 Huc
3145 4377 3444 4455 pertinent
3499 4371 3604 4429 illa

1871 4471 1919 4537 Β
1949 4450 2031 4537 in;
2058 4450 2165 4537 lib:
2195 4456 2259 4512 de
2315 4450 2597 4537 Idololatr.
2631 4472 2681 4511 c.
2812 4469 2882 4537 :‘«
2920 4452 3089 4537 Eicet.
3119 4450 3417 4506 convivere
3467 4461 3604 4503 cum

1950 4526 2222 4595 ethnicis,
2258 4527 2543 4582 commori
2573 4544 2687 4582 non
2727 4526 2881 4582 licet.
2915 4523 3308 4580 Convivamus
3339 4535 3607 4577 commu-

1951 4599 2176 4654 nibus:
2211 4601 2591 4654 conlaetemur
2640 4614 2707 4653 ex
2758 4597 3170 4652 communione
3212 4598 3455 4656 natura,
3488 4606 3605 4646 non

1953 4671 2411 4743 superstitionis.
2438 4670 2600 4726 Paris
2622 4669 2830 4743 animas
2855 4683 3084 4731 sumus,
3104 4683 3223 4743 non
3248 4664 3605 4743 disciplinae:

1954 4735 2460 4815 compossessores
2508 4742 2738 4815 mundi,
2772 4757 2887 4797 non
2937 4739 3175 4815 erroris.
3201 4760 3222 4787 »
3257 4738 3327 4793 Et
3363 4735 3606 4815 ibidem,

1956 4813 2185 4887 capftti
2221 4833 2283 4871 :«
2320 4817 2501 4887 Circa,
2529 4814 2723 4870 officia
2774 4829 2905 4868 vero
2961 4813 3325 4887 privatarum
3351 4813 3408 4864 et
3451 4823 3611 4864 com-

1957 4885 2228 4967 munium
2261 4886 2735 4967 solemnitatum,
2760 4890 2823 4940 ut
2871 4889 3011 4967 togae
3040 4900 3237 4967 ‘puraa,
3272 4885 3612 4967 utnsponsa-

1956 4960 2125 5024 lium,
2160 4964 2225 5015 ut
2269 4959 2648 5031 nuptialium,
2681 4962 2744 5012 ut
2772 4953 3224 5031 nominalium,
3246 4953 3473 5031 nullum
3504 4967 3612 5023 pu-

1960 5038 2077 5088 tem
2117 5025 2437 5102 periculnm
2491 5028 2785 5086 observari
2820 5029 2890 5083 de
2921 5028 3062 5082 flatu
3111 5025 3457 5083 idololatria:
3487 5038 3614 5096 quae

1961 5103 2294 5160 intervenit.
2326 5126 2345 5152 ιι
2383 5104 2503 5157 ΗΑν

2036 5176 2149 5245 (33)
2205 5175 2586 5230 Brachmanae.
2654 5169 3077 5245 Theodoretus,
3141 5169 3231 5245 (ᾖν.
3302 5169 3413 5245 Αῆε
3489 5166 3621 5245 ϐας.

1968 5236 2176 5317 p.‘17:'3_
2209 5265 2239 5317 :7
2271 5245 2367 5299 Καὶ
2424 5245 2747 5317 Βρᾳχμᾶνας
2800 5242 3108 5317 ἱστοροῦςιγ
3161 5236 3450 5317 (ἑτεροι”ζ;κί
3504 5238 3625 5317 τᾳῖς

1969 5263 2024 5316 p.
2061 5262 2162 5300 1/25
2209 5265 2221 5303 :
2271 5262 2367 5299 ttat
2424 5262 2528 5317 υρα
2580 5262 2747 5315 μανας
2806 5262 3108 5313 ιστορουσιν
3165 5262 3336 5315 ετεροι
3396 5262 3449 5292 εν
3504 5262 3621 5295 ταις

1969 5317 2137 5394 illum
2160 5315 2388 5391 διάγειν,
2422 5262 2936 5394 φύλξοις-τ-ὸβῷμᾳ
2959 5311 3364 5394 μελύπςοντας,
3395 5311 3455 5393 id
3489 5313 3621 5394 esti:

1976 5390 2140 5463 {Alii
2175 5379 2410 5463 quoque
2436 5379 2679 5445 narrant
2708 5379 2973 5463 historici
3006 5383 3488 5463 Brachmanasin
3521 5379 3629 5463 sil—

1972 5461 2061 5515 vis
2103 5452 2294 5533 agére,
2317 5452 2540 5533 'corpus
2584 5462 2886 5517 frondibus
2915 5460 3251 5533 vestientee,
3281 5453 3428 5533 »_Ibi
3460 5452 3629 5533 arbo-

1976 5550 2107 5588 rum
2142 5522 2332 5603 pomis
2384 5522 2607 5589 Plinius
2638 5539 2696 5588 et
2724 5530 3495 5604 Theophrastusvictitasse
3519 5522 3633 5602 .do-

1979 5595 2221 5679 c_ent,‘ex
2253 5624 2502 5679 quorum
2537 5595 2927 5679 descriptione
2953 5609 3130 5677 patet,
3162 5603 3418 5679 fructum
3444 5595 3632 5679 ‘fllisisfé

195 5671 431 5742 opinam
478 5669 787 5727 otferimns
832 5672 1113 5743 hostium,
1148 5662 1517 5746 illamuquam
1575 5662 1871 5733 mandavit
1979 5662 2173 5750 illum,
2203 5662 2375 5753 quem
2418 5662 2786 5754 appellamus
2823 5662 2970 5733 σοιτοὲ
2996 5662 3212 5733 nooten.
3244 5662 3633 5737 Theophrasti

531 5796 795 5862 PATROL.
846 5799 893 5860 Ι.

3228 5797 3303 5859 18
