4094 6186
1003 306 1535 369 TERTULLIANI
1578 303 1905 368 OPERUM
1954 302 2151 365 PARS
2196 304 2246 365 Ι.
2278 335 2359 347 —
2393 301 2666 364 SERIES
2710 302 2759 379 ἶ,
2807 302 3367 366 APOLOGETIGA.
3553 329 3559 334 '
3738 307 3846 370 560

2259 435 2487 490 fructus
2517 438 2623 491 est.
2656 434 2726 490 Et
2752 439 2949 491 tamen
2982 436 3371 508 quodcunque
3398 436 3745 510 dispendium
3771 445 3849 497 est

2246 525 2329 581 rei
2358 528 2559 579 vestrm
2589 541 2693 597 per
2724 523 2874 580 hanc
2906 530 3289 593 sectam,cum
3311 526 3498 599 aliquo
3517 526 3702 600 utique
3730 546 3850 601 prm-

2248 614 2398 669 sidio
2430 614 2540 685 (5i)
2576 615 2944 687 compensari
2978 619 3189 686 potest.
3226 616 3431 679 Quanti
3462 616 3693 685 habetis,
3748 636 3852 674 non

486 724 601 780 qua
656 705 845 761 alieno
908 706 1232 761 fraudando
1287 706 1672 774 abstinemus,
1712 709 1792 771 ut,
1826 706 1873 760 si
1907 705 2139 759 ineatur
2248 704 2376 758 dico
2405 704 2505 774 qui
2531 704 2654 772 jam
2689 704 2758 758 de
2790 704 2956 759 vobis
2988 705 3276 760 daemonia
3306 706 3605 771 excutiant,
3637 724 3741 762 non
3774 709 3853 761 di-

485 800 770 867 quantum
805 795 1037 866 publico
1069 795 1088 831 ⁸
1122 798 1320 865 pereat
1351 794 1555 849 fraude
1584 800 1641 849 et
1691 794 1995 849 mendacio
2042 808 2139 847 ve-
2247 809 2314 848 eo
2338 794 2462 863 jam
2498 794 2597 863 qui
2630 809 2734 865 pro
2765 794 2918 848 496
2950 793 3114 849 vobis
3146 810 3377 865 quoque
3406 811 3533 851 vero
3585 800 3688 852 Deo
3742 814 3853 869 pre-

482 888 736 941 strarum
771 883 1228 956 professionum,
1288 884 1437 940 495
1503 883 1670 939 facile
1725 883 1881 956 patio
1940 881 2141 938 haberi
2251 898 2345 938 cee
2379 885 2666 948 sternant,
2700 881 2840 953 quia
2870 882 3017 938 forte
3047 899 3162 939 non
3189 883 3423 940 creditis
3451 884 3514 952 ¹²,
3553 885 3649 941 sed
3679 901 3708 941 a
3734 885 3853 957 qui-

482 972 687 1045 possit,
721 974 897 1028 unius
929 971 1140 1044 speciei
1171 972 1409 1044 querela
1438 976 1817 1045 compensata
1846 988 1950 1045 pro
1981 988 2136 1028 com-
2244 970 2358 1027 bus
2392 969 2541 1025 nihil
2572 970 2778 1027 timere
2808 971 3071 1042 possitis.

486 308 606 368 559

482 444 607 496 stra
636 438 1034 495 misericordia
1090 440 1338 494 insumit
1389 439 1647 505 vicatim,
1705 453 1879 509 quam
1930 440 2121 492 vestra

482 528 681 599 religio
714 527 1062 599 templatim.
1116 529 1226 584 Sed
1288 531 1493 583 caetera
1548 525 1853 597 vectigalia
1912 526 2133 598 gratias

484 616 831 673 Christianis
865 622 1039 687 agent
1072 634 1137 672 ex
1172 618 1285 671 ﬁde
1315 616 1788 687 dependentibus
1846 616 2134 681 debitum,

480 1063 652 1119 modo
684 1061 797 1134 (48)
827 1065 1168 1117 ceterarum
1203 1062 1499 1117 rationum
1533 1063 1573 1116 ο.

1078 1213 1306 1269 CAPUT
1335 1213 1531 1269 XLIII.

480 1320 1103 1389 ARGUMENTUM.—Qui
1130 1327 1310 1375 tamen
1339 1336 1464 1376 vere
1493 1319 1560 1374 de
1586 1320 1703 1375 illis
1726 1320 1990 1390 conqueri
2017 1334 2135 1389 pos-

549 1400 696 1461 sunt,
728 1408 841 1447 esse
872 1393 1111 1456 lenones,
1142 1392 1509 1461 perductores,
1532 1392 2131 1459 sicarios,venenarios,

552 1479 761 1532 magos,
791 1464 1325 1535 szmilesque,quibus
1355 1466 1722 1535 infructuosos
1751 1480 1865 1519 esse
1894 1478 2132 1534 magnus

549 1539 619 1591 sit
648 1538 881 1606 fructus.
915 1534 1020 1589 Sed
1049 1539 1101 1589 et
1130 1536 1228 1589 hoc
1251 1534 1513 1590 damnum
1541 1538 1759 1591 meliori
1808 1536 1958 1590 lucro
2005 1550 2131 1605 per-

548 1610 758 1661 mutari
785 1627 803 1661 .-
830 1623 953 1661 cum
984 1617 1032 1661 et
1061 1608 1127 1660 ab
1157 1608 1272 1661 illis
1304 1608 1588 1663 daemonia
1618 1608 1922 1672 excutiant,
1956 1614 2005 1660 et
2030 1621 2131 1676 pro

550 1680 672 1733 illis
703 1680 871 1733 Deum
902 1682 1244 1744 venerentur,
1272 1677 1580 1750 nullisque,
1637 1683 1695 1733 ut
1753 1680 1910 1746 tales,
1967 1679 2131 1732 rebus

551 1751 706 1807 novis
736 1751 796 1805 in
827 1752 1067 1805 exitium
1098 1751 1426 1823 Iteipublirm
1453 1750 1730 1806 studeant.

2842 1121 3076 1178 CAPUT
3107 1122 3299 1179 XLIV.

2243 1232 2675 1304 ARGUMBNTUM.
2693 1259 2777 1304 _—
2806 1228 3231 1304 Recogitandum
3261 1231 3445 1302 itaque
3471 1233 3676 1303 merito,
3703 1248 3854 1304 quan-

2313 1306 2431 1356 tum
2458 1302 2767 1371 respublica
2812 1302 2996 1372 capiat
3054 1301 3451 1358 detrimentum
3504 1318 3571 1359 ex
3615 1301 3745 1359 ccede
3790 1313 3855 1360 tot

2314 1373 2622 1443 hominum,
2654 1380 2707 1427 et
2756 1372 3133 1427 innocentium
3190 1378 3245 1429 et
3290 1374 3418 1429 bene
3446 1376 3749 1431 meritorum
3778 1376 3859 1431 :id

2310 1449 2498 1516 patere
2526 1460 2679 1515 posse
2707 1460 2777 1499 ex
2807 1446 3162 1515 quotidianis
3218 1446 3591 1502 custodiarum
3645 1449 3768 1502 actis
3814 1452 3858 1503 et

2312 1517 2541 1586 elogiis;
2573 1519 2852 1588 neminem
2882 1518 3001 1572 illic
3030 1519 3175 1571 inter
3206 1524 3281 1573 tot
3312 1527 3556 1574 nocentes
3585 1519 3859 1588 maleﬁcum

2312 1589 2481 1642 simul
2510 1596 2560 1642 et
2591 1587 2971 1644 Christianum
3001 1590 3272 1644 inveniri.

2313 1702 2401 1757 44.
2436 1705 2507 1757 At
2537 1701 2694 1757 enim
2727 1700 2872 1757 illud
2906 1702 3329 1758 detrimentum
3364 1703 3705 1776 reipublicze,
3754 1708 3856 1759 tam

2156 1828 2201 1893 Β
2241 1792 2462 1865 grande
2492 1807 2667 1861 quam
2700 1808 2921 1858 verum,
2956 1808 3127 1847 nemo
3160 1792 3577 1865 circumspicit,
3604 1793 3752 1848 illam
3781 1795 3858 1848 in-

552 1884 639 1938 43.
675 1882 851 1939 Plane
881 1883 1219 1950 confitebor,
1249 1884 1513 1955 quinam,
1546 1884 1596 1940 si
1640 1884 1805 1951 forte,
1860 1898 1995 1939 vere
2053 1882 2124 1938 de
2156 1879 2201 1893 "
2224 1881 2445 1953 juriam
2478 1879 2731 1936 civitatis
2762 1879 2959 1937 nullus
2991 1881 3284 1952 expendit,
3318 1898 3451 1937 cum
3483 1883 3718 1953 totjusti
3765 1882 3858 1937 im-

482 1972 785 2028 sterilitate
812 1972 1276 2027 Christianorum
1307 1973 1580 2046 conqueri
1614 1973 1844 2045 possint
1892 1974 1952 2027 ¹⁰.
2005 1972 2125 2027 Pri-

2250 1970 2565 2043 pendimur
2608 1970 2744 2041 (52),
2771 1986 2904 2025 cum
2938 1976 3023 2025 tot
3054 1970 3394 2027 innocentes
3425 1988 3737 2044 erogamur.
3768 1972 3858 2027 Ve-

479 2061 562 2117 mi
595 2060 1451 2133 eruntleonnes,perductores,
1474 2060 1758 2135 aquarioli
1794 2064 1835 2098 ¹ι
1874 2062 2140 2133 (49),tum
2250 2064 2403 2115 stros
2434 2058 2589 2113 enim
2614 2059 2739 2129 jam
2774 2063 3177 2115 contestamur
3232 2066 3423 2131 actus,
3482 2061 3579 2132 qui
3632 2062 3859 2133 quotidie

484 2149 705 2219 sicarii;
739 2150 1056 2219 venenarii,
1088 2151 1269 2222 magi,
1301 2152 1440 2207 item
1501 2151 1710 2207 harioli
1768 2152 1900 2223 (50),
1960 2151 2139 2207 haru-

478 2238 691 2312 spices,
729 2239 1273 2296 mathematici.His
1303 2240 1702 2297 infructuosos
1732 2257 1861 2297 esse
1888 2256 2141 2313 magnus

2243 2146 2583 2220 judicandis
2612 2147 2897 2203 custodiis
2930 2148 3277 2219 praesidetis,
3315 2149 3414 2221 qui
3440 2150 3733 2205 sententiis
3761 2148 3860 2205 elo-

2253 2236 2345 2308 gia
2375 2236 2732 2309 dispungitis
2764 2236 2897 2309 (53).
2929 2241 3035 2293 Tot
3061 2238 3106 2272 ¹³
3135 2255 3169 2293 a
3189 2237 3356 2294 vobis
3401 2245 3668 2295 nocentes
3710 2237 3861 2295 variis

1909 2358 2113 2421 Varia
2145 2356 2467 2419 lectiones.

550 2473 571 2507 ⁸
594 2472 719 2527 Cod.
750 2472 907 2527 Fuld.
939 2475 988 2527 et
1016 2477 1156 2528 Ηαυ.
1193 2472 1461 2544 publico;
1493 2476 1680 2531 cazteri
1725 2492 1737 2529 :

1788 2473 2195 2543 vectigalibus.

2292 2472 2314 2505 °
2368 2468 2506 2542 Cod.)
2539 2470 2719 2542 (Fuld.
2778 2471 3177 2542 compensatio
3237 2488 3340 2542 pro
3394 2475 3720 2528 caeterarum
3773 2488 3855 2526 ra-

474 2545 703 2599 tionum
735 2545 1067 2599 securitate.
1144 2541 1306 2600 1“‘Sic
1335 2546 1511 2601 locum
1540 2548 1865 2602 auctoritate
1892 2541 2043 2601 codd.
2076 2544 2315 2599 restituit
2348 2541 2653 2604 Heraldus;
2684 2542 2817 2615 olim
2849 2541 2953 2615 leg.
3006 2543 3181 2598 Plane
3231 2541 3553 2599 confitebor
3597 2546 3690 2615 qui
3737 2560 3856 2598 con-

478 2620 819 2695 quereptur.
853 2616 997 2670 Nam
1031 2615 1079 2695 si
1112 2617 1743 2695 qui__forte_—_pos_ein_t
1774 2618 1875 2695 (al.
1902 2620 2178 2695 possunt,
2209 2615 2611 2695 (ιζειροξιξεδηῑ)ἶ
2658 2613 2724 2695 ⁸¹¹
2757 2614 3359 2695 (ἶᾳά.-Ρμζίι..ὶξω“ξριί,
3408 2615 3582 2695 l_.ugd._
3613 2613 3857 2695 egerioli,

472 2686 593 2742 cod.
654 2686 824 2742 Scriv.
888 2686 1245 2745 mmcharioli
1257 2731 1268 2744 .

475 2759 519 2795 ⁸³
547 2760 697 2825 Quot
720 2758 837 2815 cod.
867 2758 1023 2816 Fuld.

1376 2689 1421 2726 ¹²
1475 2684 1578 2745 νυ.
1610 2684 1951 2762 εςυίαΐοινῐθ
1982 2706 2095 2745 non
2128 2684 2392 2755 creditis,
2422 2684 2615 2741 desunt
2646 2685 2706 2740 in
2730 2685 2845 2742 cod.
2877 2685 3041 2743 Fuld.
3073 2686 3381 2759 delevitque
3408 2684 3530 2757 Riq.
3562 2690 3619 2741 in
3646 2684 3722 2743 ed.
3751 2703 3852 2743 sua.

1912 2845 2439 2911 Commentarius.

474 2979 777 3037 nunquam
837 2963 1233 3037 suppositam,
1264 2981 1507 3021 manum
1538 2964 1722 3022 lucro.
1758 2988 1786 3016 ››
1819 2967 2119 3037 Taxatque

476 3036 675 3094 amicis
706 3037 1007 3093 avaritiam
1043 3036 1315 3093 Tibullus

708 3142 801 3192 Illa
833 3156 965 3192 cava
995 3144 1227 3206 pretium
1258 3144 1459 3208 ﬂagitat
1490 3158 1659 3207 usque
1692 3144 1905 3194 manui?

472 3250 849 3322 Negabatque
873 3249 1160 3322 Diogenes
1219 3250 1376 3322 apud
1430 3250 1716 3322 Laertium
1784 3269 1796 3306 :
1852 3249 2123 3322 Astura;

473 3318 665 3405 χεῖροἱς
870 3318 1009 3403 τοῦξ
1062 3318 1275 3405 φίλοχς⁷
1330 3319 1579 3374 ἐκτείνειν
1635 3321 2124 3405 ’συγκέκαμμὲνοις

470 3388 587 3452 ibi;
619 3388 929 3465 δακτύλοις.
962 3391 1001 3446 i.
1036 3388 1085 3447 ei
1122 3412 1147 3444 α
1172 3392 1389 3465 Manus
1430 3395 1499 3448 ad
1534 3388 1751 3449 amicos
1782 3388 1985 3465 digitis
2035 3411 2126 3450 ex-

472 3465 632 3520 tendi
664 3464 873 3547 debere
902 3464 1238 3547 incurivatis.
1270 3486 1297 3513 »
1331 3464 2007 3547 Graphicevero‘Jovem
2041 3467 2125 3547 ip:

474 3553 609 3590 sum
641 3542 697 3589 et
726 3536 865 3609 deos
897 3535 1142 3609 suosita
1182 3535 1523 3609 descripsit,
1552 3536 1972 3609 Aristophanes
2024 3535 2123 3593 ubi

472 3612 645 3690 negat
675 3608 1000 3690 quidquam
1034 3608 1171 3662 dare
1202 3624 1263 3690 se
1292 3608 1435 3690 velle
1468 3608 1884 3690 Phidolus,aut
1918 3612 1975 3665 in
2012 3628 2133 3690 me-

474 3677 636 3752 dium
670 3677 1091 3752 conferre‘,cum
1128 3680 1388 3752 accipere
1419 3686 1648 3736 tantum
1683 3677 2128 3740 sit’consuetus.

474 3750 540 3806 In
568 3749 1058 3806 Concionatricib.
1096 3766 1109 3806 :

1011 3889 1110 3945 Καὶ
1142 3893 1245 3967 γὰρ
1283 3891 1332 3946 οἱ
1361 3894 1503 3963 Θεοὶ,

587 3962 786 4019 Γνώσει
821 3960 867 4039 δ’
898 3963 1001 4039 ἆτςὸ
1030 3968 1136 4039 ⁵ζῶν
1155 3960 1371 4039 ’χὲερζον
1405 3985 1461 4019 τε
1490 3960 1579 4020 καὶ
1613 3964 1967 4039 ἀγαλμάτων,

582 4040 749 4093 οΙΟταν
783 4035 896 4111 γὰρ.
917 4034 1208 4111 εὖχώμεθὰ
1241 4034 1445 4091 διδόναι
1466 4034 1691 4111 τάγαθά,

582 4106 1182 4184 Ἕστηκὲνέκλτξίνόντα
1210 4110 1308 4184 τῂν
1334 4110 1476 4184 χεῖρ’
1508 4106 1721 4184 ὑίπτί-αν,

583 4181 705 4255 Οὐχ
740 4180 812 4240 ὥς
840 4200 892 4233 τι
927 4176 1170 4249 δώσοντ’,
1207 4176 1516 4243 ἀλλ”δτὲως
1547 4202 1600 4236 τι
1631 4180 1886 4253 λήψεται.

473 4324 513 4380 i.
547 4341 596 4380 e.
634 4345 661 4373 ‹‹
692 4322 914 4393 Quippe
946 4322 1026 4377 ita
1059 4327 1114 4379 et
1145 4324 1225 4378 dii
1261 4323 1503 4380 faciunt.
1539 4326 1701 4389 Quod
1735 4324 1878 4379 disci
1939 4327 2130 4394 potest

470 4396 559 4451 vel
596 4412 662 4450 ex
693 4394 965 4449 manibus
996 4394 1475 4451 simulacrorum:
1500 4414 1631 4451 nam
1667 4413 1795 4451 cum
1822 4412 2130 4467 precamur

472 4472 539 4523 ut
569 4467 720 4521 bona
747 4467 918 4520 nobis
950 4467 1333 4537 elargiantur,
1384 4473 1541 4523 stant
1602 4468 1703 4523 illa
1762 4470 2127 4538 porrigentes

473 4554 714 4611 manum
740 4538 1044 4611 supinam,
1080 4557 1191 4594 non
1216 4540 1384 4611 quasi
1420 4541 1625 4595 datura
1657 4540 2123 4611 quidquam,sed

474 4616 540 4665 ut
570 4609 880 4678 accipiant.
916 4632 942 4657 ι)
982 4610 1119 4664 ΗΑν.

545 4682 657 4752 (48)
694 4682 867 4739 Unius
895 4684 1097 4751 speciei
1145 4683 1369 4753 querela
1426 4685 1777 4754 compensata
1830 4699 1927 4754 pro
1981 4698 2121 4737 com-

470 4754 625 4809 modo
656 4769 701 4808 c.
734 4770 784 4809 v.
820 4754 1041 4808 Sensus
1076 4759 1164 4809 est
1196 4758 1415 4809 tantam
1450 4753 1578 4810 esse
1620 4755 1793 4809 fidem
1849 4753 2123 4809 Christia-

473 4842 686 4882 norum
720 4826 777 4880 in
810 4823 1109 4881 solvendis
1142 4826 1261 4897 illis
1294 4843 1420 4896 quae
1446 4828 1614 4896 justa
1646 4832 1702 4881 et
1752 4826 2121 4897 vectigalium

473 4898 844 4970 publicorum
892 4900 961 4970 et
1021 4878 1356 4967 reipublicie
1420 4878 1653 4970 nuomine
1711 4878 2199 4969 imponountur,D

474 4967 538 5026 ut
566 4971 842 5040 exiguum
874 4967 1156 5042 damnum
1189 4970 1341 5042 quod
1403 4969 1756 5042 templorum
1802 4967 2115 5042 vectigalia

471 5044 543 5097 ab
576 5037 695 5096 illis
727 5058 839 5094 non
871 5037 1337 5095 cultoribussuis
1356 5037 1791 5099 capiunt.facile
1820 5037 2116 5096 contemni

472 5115 701 5178 debeat,
734 5112 845 5165 illis
869 5110 1014 5180 ipsis
1036 5113 1133 5181 qui
1160 5113 1231 5167 de
1253 5112 1361 5165 hoc
1383 5110 1847 5166 Christianorum
1872 5114 2117 5170 crimine

471 5188 931 5254 conqueruntur,
954 5184 1214 5256 quotidie
1239 5184 1423 5238 multo
1447 5183 1617 5254 plura
1635 5183 1943 5256 sacrilegia
1965 5202 2115 5241 com-

469 5255 1003 5327 mittentibus_,cum
1039 5254 1315 5327 omnibus
1346 5256 1538 5327 modis
1557 5254 2117 5327 vectigalia'publica

466 5326 811 5401 defraudare
842 5325 1001 5401 lucro
1060 5326 1294 5401 habent.
1356 5326 1518 5381 Fuld.
1578 5328 1769 5401 Codex
1826 5325 1919 5384 hic
1976 5328 2116 5401 legit

466 5421 493 5449 «
528 5398 705 5453 unius
729 5470 736 5472 Α
764 5400 975 5467 speciei
1036 5398 1272 5472 querela
1322 5400 1721 5472 compensatio
1754 5417 1855 5472 pro
1888 5398 2115 5457 ecetera-

465 5487 597 5526 rum
630 5470 919 5525 rationum
954 5470 1279 5543 securitate.
1324 5490 1345 5518 ι
1378 5471 1560 5528 Voces
1588 5470 1771 5527 unius“
1806 5474 2006 5543 speciei
2054 5474 2112 5529 in

465 5544 523 5599 L.
559 5544 616 5598 B.
651 5559 767 5597 non
802 5547 1163 5613 comparent.
1198 5542 1339 5598 ΗΑν.

533 5615 648 5685 (49)
679 5615 983 5685 Aquarioli.
1025 5614 1321 5669 Lenonum
1357 5614 1560 5669 famuli
1618 5631 1685 5670 ex
1745 5615 1913 5670 Festo
1964 5616 2112 5671 dice-

462 5688 679 5769 baptur
709 5687 959 5759 aquarii,
992 5703 1202 5769 nomen
1238 5686 1435 5769 adepti.
1459 5687 1530 5743 ab
1555 5704 1717 5769 aqua
1749 5688 1997 5769 petenda
2040 5689 2109 5769 ad

463 5758 737 5815 balneum
773 5758 1437 5831 necessaria.Aquarioli
1472 5758 1689 5831 autem,
1722 5758 1786 5815 ut
1816 5760 2114 5816 adnotavit

2228 2959 2533 3035 Turnebus
2591 2958 2821 3017 Advers.
2872 2959 2973 3019 lib.
3013 2979 3088 3027 ιν,
3120 2979 3246 3035 cap.
3282 2963 3372 3029 12,
3404 2979 3508 3032 per
3534 2961 3849 3035 diminutio:

2234 3049 2367 3089 nem
2398 3033 2468 3086 ad
2504 3037 2924 3105 contemptum,
2958 3033 3239 3106 tanquam
3293 3035 3557 3090 omnium
3606 3033 3847 3089 vilissimi

2233 3106 2531 3161 dicuntur.
2568 3108 2711 3158 PAM.

2305 3176 2417 3249 (ῥο)
2442 3174 2681 3249 Harioli.
2716 3174 2865 3249 Dicti
2900 3175 2985 3231 vel
3021 3192 3053 3231 a
3077 3178 3216 3249 falis
3241 3180 3299 3232 et
3329 3177 3521 3249 fando,
3554 3175 3711 3247 quasi
3758 3173 3847 3249 Εε-

2235 3245 2387 3316 rioli,
2421 3248 2506 3302 vel
2540 3247 2612 3300 ab
2646 3246 2915 3304 halando.
2947 3245 3093 3304 Nam
3125 3245 3532 3305 balitu'solent
3570 3245 3851 3316 mortalem

2237 3315 2494 3374 animam
2550 3318 2859 3373 excludere
2892 3320 3011 3375 sive
3042 3320 3334 3385 exhalare,
3371 3326 3431 3376 ut
3461 3320 3707 3375 divinam
3734 3315 3851 3373 reci-

2239 3392 2422 3462 piant,
2456 3390 2611 3445 unde
2641 3395 2696 3445 et
2728 3407 2947 3457 vocem,
2984 3396 3047 3446 ut
3077 3398 3240 3448 notat
3274 3395 3531 3448 Donatus
3562 3393 3629 3447 ad
3672 3396 3853 3462 Terent

2239 3457 2301 3517 iii
2335 3462 2767 3535 Phormionem,
2798 3464 3087 3532 ejusmodi
3121 3465 3361 3532 dabant,
3396 3482 3523 3535 quae
3554 3470 3636 3519 est
3666 3457 3849 3535 OE,qui

2240 3533 2760 3607 sonusiexhalandi
2790 3531 2907 3588 vim
2964 3543 3221 3607 praestat.
3283 3531 3525 3593 Notabis
3581 3531 3851 3607 autem’iu

2240 3606 2381 3661 viris
2434 3606 2542 3659 hoc
2599 3621 2729 3660 esse
2761 3605 2979 3661 nomen
3006 3608 3123 3662 sive
3155 3608 3415 3664 hariolos
3449 3609 3566 3663 sive
3600 3605 3845 3661 fanaticos

2242 3692 2411 3752 voces
2436 3695 2448 3752 _;
2474 3677 2531 3730 in
2564 3676 3025 3752 feminis‘autem
3060 3682 3376 3751 veratrices,
3401 3680 3556 3752 quod
3584 3673 3847 3734 divinandi

2241 3749 2488 3805 scientia
2517 3764 2647 3804 vere
2680 3749 3081 3817 proﬁteantur.
3119 3757 3243 3807 ωε.

2313 3820 2430 3896 (51)
2460 3822 2600 3896 Cum
2631 3815 2819 3892 aliquo
2849 3826 3035 3894 utique
3064 3824 3347 3896 prmsidio.
3400 3820 3724 3896 Praesidium
3771 3815 3848 3896 hic

2242 3890 2535 3966 signiﬁcat
2566 3890 2817 3966 lucrum,
2853 3890 3023 3956 bona.
3059 3890 3382 3966 peculium.
3411 3898 3623 3966 Auctor
3650 3890 3848 3966 Queroti

2240 3961 2339 4035 qui
2374 3963 2675 4018 nonnullis
2710 3964 2899 4020 Plauti
2960 3961 3318 4023 editionibus
3381 3965 3615 4036 adjungi
3668 3961 3837 4036 solet;

2240 4034 2521 4109 «’“Ergone
2554 4035 2843 4109 manibus
2893 4040 3039 4093 meis
3082 4038 3424 4109 praesidium
3452 4034 3759 4109 paternum.
3789 4034 3842 4083 ut

2237 4107 2510 4181 efferrent
2538 4106 2855 4181 dedomo?
2889 4130 2916 4159 »
2950 4106 3097 4164 ibid:
3139 4132 3165 4163 α
3195 4112 3375 4165 Fures
3429 4106 3569 4164 mihi
3622 4122 3681 4161 ac
3728 4118 3846 4181 pri-ej

2240 4180 2420 4233 dones
2452 4177 2565 4254 (cui
2625 4178 2821 4254 bono?
2852 4185 2916 4235 ut
2948 4182 2993 4254 si
3029 4181 3164 4253 quid
3198 4183 3303 4238 tibi
3338 4182 3463 4254 spei
3485 4186 3593 4254 aut
3626 4173 3846 4254 praesidii

2238 4256 2352 4324 est,
2380 4253 2566 4324 totum
2601 4250 2919 4307 conferant.
2956 4248 3181 4310 Rursus
3213 4272 3232 4309 :
3268 4278 3287 4303 ι
3319 4248 3849 4324 Praesidiumabstuj

2238 4322 2379 4398 iisti,
2412 4325 2468 4377 et
2493 4320 3049 4398 cineresabdidisti.
3085 4347 3109 4377 ι)
3146 4330 3213 4380 Et
3245 4327 3401 4398 apud
3436 4321 3714 4380 interioris
3762 4320 3848 4372 aevi

2236 4394 2551 4463 scriptores
2584 4394 2825 4462 passim.
2860 4402 2995 4450 ΗΑν.

2305 4465 2417 4538 (52)
2454 4466 2541 4519 Tot
2563 4465 2710 4538 justi
2742 4468 3129 4535 impendimur.
3166 4469 3265 4523 Est
3323 4466 3659 4538 metaphora
3688 4474 3844 4538 _3“_'_1_1‘

2234 4530 2331 4609 pta
2364 4530 2434 4589 ab
2467 4530 2737 4610 expensis
2773 4530 2851 4593 rei
2886 4540 3233 4595 domesticas.
3262 4530 3549 4610 Loquitur
3578 4537 3661 4610 sic
3684 4533 3734 4585 in
3764 4530 3845 4583 lib.

2233 4607 2301 4664 de
2329 4609 2651 4678 spectaculis
2681 4625 2729 4663 ο.
2769 4612 2833 4665 19
2867 4627 2879 4666 :
2919 4634 2939 4661 α
2972 4612 3045 4667 Ut
3103 4618 3225 4667 tam
3283 4607 3596 4667 creduliter
3649 4607 3842 4674 impen-

2234 4683 2469 4756 duntur.
2507 4702 2534 4728 »
2567 4684 2791 4756 Rursus
2822 4684 2886 4756 de
2914 4683 3051 4739 Idol.
3085 4700 3134 4739 c.
3165 4686 3200 4738 6
3229 4702 3247 4737 :
3287 4705 3308 4756 ᾳ
3345 4688 3461 4739 Nec
3494 4682 3679 4756 anima
3707 4688 3846 4756 pecu-

2233 4755 2323 4810 dis
2355 4754 2753 4821 impensa,sed
2786 4755 2982 4809 anima
3012 4755 3405 4812 tua.»Vitiose
3435 4756 3494 4809 in
3524 4746 3844 4809 editionibus

2231 4822 2766 4895 Rigalt.Priorianis
2800 4827 3146 4899 typographi
3179 4831 3502 4898 posuerunt
3531 4821 3840 4894 impedime

2230 4902 2370 4955 HAV.

2296 4972 2409 5045 (53)
2442 4976 2552 5042 Qui
2577 4970 2869 5045 sententiis
2896 4968 3079 5041 elogia
3121 4969 3480 5045 dispungitis.
3540 4964 3839 5045 vinctorth

2227 5036 2597 5115 singulorum
2630 5040 2884 5109 nomina,
2918 5036 3716 5115 satas,iforma,crimen_(que3
3740 5040 3841 5115 om:

2226 5100 2534 5196 οἱαυειρρία
2563 5100 2944 5196 vocabantur)
2968 5100 3274 5196 judicibus
3300 5100 3365 5196 in
3399 5100 3841 5196 tabeli‘s'egmra‘ta

2225 5179 2620 5245 offerebantur
2654 5206 2665 5243 :
2702 5179 2936 5259 quando
2967 5179 3187 5259 illipro
3220 5186 3509 5259 cujusque
3538 5179 3712 5259 elogio
3730 5184 3835 5259 29:3:

2224 5274 2360 5314 nam
2394 5263 2521 5329 ejus
2550 5247 2973 5329 temperabant.
3010 5247 3155 5312 Hinc
3188 5247 3320 5312 cum
3379 5247 3685 5329 aiiquandq
3727 5247 3837 5329 cf)?

2224 5316 2497 5402 Caligulae
2528 5316 2722 5387 oblata
2753 5331 3153 5402 custopiarum
3177 5329 3364 5401 elogia
3392 5316 3644 5402 primum
3672 5318 3722 5371 in
3750 5316 3840 5402 iﬁff

2224 5380 2379 5457 seri;
2419 5403 2815 5472 ultimumque
2875 5380 3067 5456 carlvos
3116 5380 3456 5472 notasasen‘t,‘
3503 5393 3709 5472 stultus
3761 5380 3837 5472 ille

2224 5474 2493 5544 princeps
2528 5475 2585 5528 in
2620 5490 2680 5529 re
2704 5443 2961 5527 inaxime
2995 5474 3164 5535 seria.
3195 5475 3296 5528 ubi
3340 5443 3502 5525 nulla
3555 5467 3835 5544 longanfil:

2224 5527 2334 5599 inis
2369 5527 2628 5616 poterat
2658 5527 2808 5600 esse
2865 5527 3226 5611 deliberatio,
3270 5527 3499 5616 jocatup
3533 5554 3546 5593 ε
3579 5557 3601 5587 α
3635 5527 3835 5616 Νξξυίίᾷιξξ

2223 5608 2482 5692 inspecto
2513 5617 2722 5692 elogio,
2757 5608 3359 5692 stans,_tantumm_ddo
3391 5608 3833 5692 infrapoﬁ‘liﬁ‘ffn

2224 5676 2478 5745 mediam
2511 5708 2543 5745 a
2574 5676 2733 5745 calvo
2764 5689 2834 5745 ad
2866 5676 3098 5745 calvum
3128 5690 3261 5745 duci
3294 5676 3831 5758 imperavit.»Sueto-

2224 5761 2381 5833 nius,
2413 5762 2471 5819 in
2503 5762 2635 5820 Vita
2666 5763 2818 5834 ejus,
2848 5777 2971 5833 cap.
3006 5763 3095 5817 27.
3131 5763 3268 5819 ΗΑν.
