4094 6186
318 357 425 417 561

1418 356 2016 420 APOLOGETICUS
2072 357 2258 420 ADV.
2318 357 2650 419 GENTES.

3610 356 3730 416 562

314 485 633 542 criminum
664 484 871 557 elogiis
904 489 1285 542 recensentur
1317 503 1330 555 ;
1365 486 1499 559 quis
1536 486 1658 543 illic
1691 488 1959 558 sicarius,
1991 488 2044 556 Α
2075 504 2182 544 suo
2213 488 2386 543 titulo
2421 486 2925 553 offeruntur,491
2956 484 3091 557 quis
3121 501 3189 541 ex
3213 484 3333 541 illis
3363 485 3537 541 etiam
3570 484 3726 555 talis,

309 576 436 648 quis
472 575 926 632 manticularius
956 577 1092 647 (54),
1138 576 1271 648 quis
1322 577 1645 650 sacrilegus
1694 579 1826 651 (55),
1861 583 1962 634 aut

306 671 614 736 corruptor
642 666 777 736 (56),
808 671 910 721 aut
966 666 1290 722 lavantium
1349 669 1543 739 praedo
1601 668 1738 739 (57),
1800 668 1957 724 idem

303 752 479 809 etiam
510 752 884 811 Christianus
914 754 1280 811 adoribitur?
1317 760 1421 812 aut
1449 771 1584 813 cum
1640 754 1957 812 Christiani

2070 577 2271 649 quales
2317 582 2399 633 tot
2460 577 2786 632 nocentes?
2818 576 2897 631 De
2956 577 3164 631 vestris
3226 592 3459 648 semper
3516 578 3727 630 aestuat

2069 683 2266 722 carcer
2295 667 2508 738 (58),de
2532 666 2743 722 vestris
2765 682 2995 737 semper
3028 665 3265 721 metalla
3294 664 3723 738 suspirant(59)

2067 757 2137 811 de
2168 756 2376 812 vestris
2408 771 2642 828 semper
2684 755 2883 811 bestia)
2925 756 3273 827 saginantur
3304 754 3437 827 (60),
3498 756 3569 811 de
3627 770 3723 812 ve-

1760 901 2283 965 Commentarius.

374 1026 492 1112 (54)
543 1026 999 1112 Man‘ticylartus.‘
1042 1026 1217 1112 Yocis
1271 1025 1624 1112 significatio
1670 1042 1740 1083 ex
1782 1031 1955 1112 lFesto

302 1105 444 1172 nota
476 1104 587 1165 est,
621 1105 685 1172 ut
708 1099 1009 1172 signiﬁcet
1038 1099 1225 1156 furem
1257 1099 1358 1172 qui
1402 1101 1610 1171 bulgas
1640 1105 1953 1156 scrutetur.

298 1171 410 1226 Sed
444 1172 624 1226 etiam
654 1170 874 1227 Glossaa
907 1172 1026 1237 Lat,
1058 1176 1153 1226 Gr.
1189 1170 1489 1229 manticam
1514 1170 1813 1243 exponunt
1843 1172 1955 1240 πή-

333 1262 420 1297 1v.
452 1243 616 1298 Unde
647 1244 919 1298 monachi
952 1243 1033 1299 illi
1067 1244 1167 1315 qui
1198 1261 1335 1314 pera
1385 1245 1659 1300 instructi
1692 1245 1957 1299 ambula-

332 1321 459 1381 ant,
495 1316 949 1386 appellabantur
988 1319 1361 1371 manticulati.
1424 1317 1735 1371 Mattheus
1765 1316 1951 1371 Paris.

294 1388 399 1514 milii
435 1387 582 1441 vixit
612 1403 762 1469 anno
800 1388 935 1443 1248
974 1406 986 1456 ;
1025 1410 1053 1438 ‹‹
1088 1387 1159 1444 Ut
1190 1388 1589 1461 peregrinaret
1618 1387 1715 1443 ille
1749 1404 1953 1444 mona-

294 1476 318 1514 c
371 1476 444 1513 us
478 1460 921 1514 manticulatus.
956 1482 983 1509 ››
1020 1459 1156 1514 ΗΑν.

290 1459 444 1515 chus
478 1459 921 1515 manticulatus.
956 1482 983 1509 ››
1020 1459 1156 1516 ΗΑν.

363 1531 479 1602 (55)
513 1532 958 1605 sacrilegusQui
990 1531 1344 1605 templorum
1367 1531 1580 1604 spoliat
1609 1533 1955 1587 ornamenta

292 1607 349 1657 et
382 1603 653 1671 donaria,
688 1606 844 1660 unde
874 1602 978 1660 illa
1007 1602 1292 1660 custodiis
1323 1602 1717 1676 sepiebantur.
1741 1608 1948 1675 Supra,

292 1689 424 1727 can.
459 1675 550 1727 29.
586 1678 723 1727 Hsv.

292 1689 424 1729 oan.
459 1676 550 1727 29.
586 1678 723 1729 Hsv.

362 1692 833 1819 {Sitifvéompton
891 1747 1191 1813 Quomodo
1239 1763 1352 1801 vox
1398 1746 1521 1803 haec
1567 1746 1816 1819 intelligi
1848 1746 1947 1819 de-

291 1816 427 1890 beat
458 1823 645 1890 patet,
676 1816 724 1874 c.
756 1819 845 1872 47.
882 1842 908 1868 ‹‹
948 1822 1090 1890 Lego
1122 1823 1346 1890 partem
1395 1818 1695 1875 sententia:
1744 1816 1949 1872 attica:

292 1888 349 1966 in
382 1888 686 1946 Socratem
723 1907 735 1945 :
768 1888 1084 1963 Corruptor
1117 1888 1579 1947 adolescentium
1613 1890 1951 1962 pronuntia-
1980 1902 2028 1966 Β

510 1966 841 2089 ῗιῖιϊᾶηιὶιιηι
864 2033 1339 2105 praedaQuorum
1372 2050 1523 2105 saepe
1555 2031 1773 2088 mentio
1794 2032 1948 2104 apud

291 2110 543 2232 ἔξιθι-δε.
607 2105 847 2161 Plautus
905 2108 1192 2174 Rudente,
1272 2108 1399 2161 Act.
1483 2123 1546 2161 ιι.
1610 2120 1786 2162 scena
1849 2106 1947 2173 III,

901 2266 1000 2323 Qui
1038 2267 1079 2316 it
1106 2266 1341 2316 lavatum

390 2330 448 2377 In
480 2328 723 2388 balneas,
754 2328 825 2377 ibi
857 2343 977 2377 cum
1011 2330 1194 2379 sedulo
1226 2344 1323 2379 sua
1345 2330 1665 2379 vestimenta
1694 2330 1884 2387 servat,

387 2392 592 2440 Tamen
625 2393 987 2457 surripiuntur
1020 2408 1031 2441 :
1066 2393 1265 2456 quippe
1296 2393 1387 2457 qui
1418 2406 1575 2456 quem
1600 2393 1809 2441 illorum
1846 2391 1948 2439 oh-

426 2458 605 2503 servet
632 2454 799 2504 falsus
830 2461 909 2505 est
941 2470 952 2503 :

392 2517 498 2565 Fur
533 2518 707 2575 facile,
759 2532 917 2581 quem
948 2517 1216 2577 observet,
1247 2518 1395 2568 videt
1428 2532 1440 2567 :
1471 2522 1667 2579 custos,
1726 2515 1818 2580 qui
1862 2514 1951 2565 fur

427 2581 515 2637 sit,
546 2581 738 2630 nescit.

289 2687 579 2759 Apuleius
612 2690 711 2743 As.
744 2704 869 2743 aur.
903 2687 1005 2743 lib.
1040 2705 1113 2743 Ix.
1151 2710 1177 2738 α
1229 2688 1397 2743 Enim
1448 2704 1582 2743 vero
1630 2704 1732 2742 vos
1783 2686 1949 2741 bona:

292 2758 447 2832 frugi
480 2758 741 2832 latrones
778 2760 931 2832 inter
962 2762 1114 2815 furta
1136 2777 1314 2832 parva
1363 2766 1538 2832 atque
1587 2759 1840 2821 servilia,
1874 2759 1947 2813 ti-

295 2830 577 2885 midicule
609 2849 713 2903 per
742 2831 982 2888 balneas
1026 2838 1083 2888 et
1131 2830 1318 2888 aniles
1364 2830 1604 2887 cellulas
1648 2835 1947 2903 reptantes

292 2903 649 2958 scrutariam
684 2905 896 2960 facitis.
928 2925 954 2957 ι
992 2904 1253 2960 Catullus
1284 2906 1470 2977 epigr.
1505 2904 1571 2958 30
1602 2919 1616 2959 :

517 3010 557 3074 Ο
578 3009 757 3060 furum
790 3011 987 3074 optime
1016 3011 1431 3074 balneariorum,

519 3073 748 3123 Vibenni
779 3073 952 3137 pater,
986 3078 1038 3123 et
1066 3074 1268 3124 cinaede
1298 3074 1389 3123 fili.

292 3170 591 3255 Diogenes,
634 3171 1083 3255 Cynicus‘apu'd
1139 3174 1482 3255 Laertiur‘n:
1526 3165 1675 3255 Ἰᾅὼν
1727 3171 1943 3255 traiecto:

2066 1027 2284 1094 locum,
2318 1027 2597 1100 quoniam
2628 1026 2829 1083 leviter
2858 1029 3096 1100 tantum
3118 1024 3340 1083 indicat
3359 1023 3717 1100 qu_nius,non

2066 1096 2353 1173 gravabor
2384 1102 2677 1171 integrum
2720 1100 3032 1173 ascribere.
3078 1099 3136 1173 Is
3186 1100 3246 1154 in
3304 1096 3564 1173 Pohlem.
3627 1114 3719 1173 se_-

2068 1167 2258 1228 ctione
2287 1174 2375 1243 29.
2411 1167 2577 1227 ιιυᾶι.
2614 1173 2700 1243 14,
2732 1173 2790 1243 in
2823 1172 2977 1243 hunc
3010 1172 3249 1243 modum
3274 1170 3552 1243 disserit.
3596 1167 3714 1243 ΑΔιά

2063 1243 2117 1297 τί
2148 1264 2279 1297 ποτε
2328 1242 2415 1297 ἐὰν
2468 1244 2561 1316 μέν
2610 1240 2693 1305 ne
2743 1240 2803 1296 ἐκ
2851 1241 3140 1315 βαλανείου
3190 1241 3385 1315 κλέψῃ,
3444 1248 3553 1316 etO.
3590 1240 3707 1296 i.e.

2067 1338 2093 1367 ‹‹
2125 1319 2237 1372 Cur
2262 1318 2362 1384 qui
2394 1313 2719 1371 exibalneis
2751 1313 2979 1369 furatus
3009 1319 3118 1382 est,
3154 1320 3257 1370 aut
3300 1313 3368 1370 ex
3413 1313 3709 1385 palaastra,

2065 1394 2165 1444 aut
2196 1405 2263 1444 ex
2289 1390 2432 1455 foro,
2465 1392 2566 1443 aut
2593 1388 2790 1459 aliquo
2820 1387 3112 1457 ejusmodi
3142 1386 3287 1457 loco,
3321 1391 3508 1459 morte
3558 1385 3712 1459 mul-

2064 1466 2255 1515 ctatur
2287 1478 2299 1516 :
2336 1461 2435 1533 qui
2460 1465 2655 1533 autem
2692 1458 2759 1515 ex
2783 1460 2955 1515 domo
2987 1459 3225 1533 privata,
3276 1458 3423 1533 furti
3455 1458 3710 1533 pretium

2063 1533 2308 1604 duplum
2343 1526 2662 1604 persolvit?
2692 1554 2720 1582 »
2755 1532 2823 1587 Et
2881 1526 3195 1603 respondet
3227 1548 3239 1585 :
3273 1531 3343 1604 Ἦ
3393 1526 3476 1604 δτι
3525 1526 3576 1604 tv
3614 1528 3707 1604 pta

2060 1601 2179 1666 ταῖξ
2212 1601 2408 1664 οἷ’κίοῐις
2439 1601 2692 1677 φυλάξαι,
2725 1610 2829 1677 etc.
2867 1604 2907 1658 i.
2939 1601 2996 1658 ϐξ
3043 1624 3068 1651 ‹‹
3119 1606 3205 1657 An
3239 1602 3379 1673 quia
3426 1602 3485 1658 in
3519 1602 3708 1657 domi-

2062 1677 2172 1732 bus
2205 1694 2326 1733 rem
2360 1675 2655 1732 custodire
2694 1675 2903 1731 melius
2954 1679 3321 1746 possumus?
3350 1679 3493 1729 Nam
3525 1679 3582 1728 et
3611 1690 3711 1744 pa-

2063 1750 2177 1804 ries
2207 1750 2418 1805 firmus
2447 1754 2501 1803 et
2533 1748 2711 1803 clavis
2742 1752 2849 1813 est,
2877 1752 2933 1801 et
2958 1745 3353 1802 familiaribus
3380 1762 3471 1802 res
3503 1746 3706 1801 dome-

2061 1824 2217 1875 sticae
2250 1838 2405 1876 cura:
2433 1819 2707 1875 omnibus
2739 1824 2898 1888 sunt,
2929 1824 2991 1873 ut
3022 1822 3144 1872 tuto
3178 1822 3501 1873 serventur.
3534 1821 3610 1871 At
3640 1816 3702 1873 in

2062 1892 2303 1961 balneis,
2337 1893 2679 1962 czeterisque
2723 1890 2971 1959 publicis
3028 1888 3171 1962 locis
3232 1889 3420 1945 facilis
3485 1889 3699 1962 cuique

2059 1964 2333 2020 facinoris
2365 1961 2714 2036 perpetratio
2746 1968 2835 2018 est
2863 1980 2876 2030 ;
2912 1962 2993 2017 nil
3023 1961 3179 2036 enim
3238 1962 3308 2015 ad
3358 1961 3693 2036 custodien-

2061 2036 2200 2091 dum
2234 2032 2400 2102 satis,
2434 2032 2532 2107 qui
2565 2053 2674 2091 sua
2704 2036 2983 2106 posuerit,
3019 2034 3191 2088 habet
3240 2040 3449 2107 praeter
3477 2032 3696 2089 oculos.

2060 2109 2261 2179 Itaque
2293 2106 2541 2164 facultas
2574 2110 2747 2163 datur
2787 2106 3047 2172 furandi,
3078 2106 3347 2179 etiamsi
3392 2109 3697 2176 aspectum

2059 2176 2355 2251 paulisper
2376 2181 2640 2237 devertit.
2675 2179 2858 2242 Quam
2892 2180 2963 2233 ob
2995 2194 3114 2233 rem
3170 2176 3702 2251 legislator,_ratus

2060 2248 2168 2307 sua
2233 2248 2392 2323 ipsos
2459 2252 2755 2307 custodire
2839 2251 3005 2323 satis
3048 2264 3162 2304 non
3244 2266 3465 2323 posse,
3509 2248 3698 2319 legem

2059 2319 2333 2379 adhibuit
2394 2324 2761 2377 minitantem
2825 2319 3127 2388 acerrime,
3202 2319 3380 2375 vitam
3443 2321 3701 2375 futuram

2060 2396 2300 2467 nemini,
2334 2394 2434 2467 qui
2482 2393 3006 2467 furtum_puhlicis
3048 2390 3192 2467 locis
3237 2392 3619 2467 commiserit.
3662 2414 3695 2467 _.

2059 2466 2251 2539 Pergit
2281 2461 2491 2522 deinde
2523 2483 2536 2521 :
2571 2470 2688 2519 Ἔτι
2723 2461 2779 2517 δὶ
2824 2462 2899 2525 εἷς
2949 2462 3041 2539 μὶν
3102 2461 3199 2539 τὴν
3252 2461 3447 2539 οἰκ-ίαν,
3499 2469 3608 2519 etc.

2059 2556 2110 2596 e.
2149 2534 2349 2594 «vltem
2390 2539 2449 2592 in
2507 2539 2679 2593 domo
2738 2554 2916 2609 penes
2951 2534 3277 2609 dominum
3318 2536 3530 2609 ipsum
3590 2538 3700 2604 est,

2059 2627 2229 2683 quem
2261 2610 2397 2683 velit
2424 2610 2697 2683 recipere,
2743 2608 2798 2665 et
2824 2608 2915 2683 cui
2965 2608 3163 2663 minus
3204 2608 3419 2683 credat,
3478 2623 3702 2683 cavere.

2056 2679 2129 2739 At
2157 2682 2206 2736 ei
2240 2682 2341 2754 qui
2372 2683 2431 2736 in
2477 2679 2701 2737 balneis
2757 2682 3078 2754 quidquam
3118 2681 3340 2754 posuit,
3390 2679 3704 2751 prohibere

2058 2752 2352 2811 neminem
2387 2754 2519 2809 licet
2553 2769 2657 2809 nec
2688 2752 2934 2826 ingredi,
2970 2768 3082 2826 nec
3114 2752 3447 2822 ingressum
3476 2757 3701 2826 vestem

2057 2843 2227 2883 suam
2280 2827 2363 2881 ibi
2419 2826 2727 2897 deponere,
2758 2822 2937 2879 'unde
2976 2824 3383 2897 subrepturus
3440 2823 3536 2891 sit,
3582 2822 3699 2897 sed

2057 2903 2229 2972 prout
2278 2894 2510 2972 libitum
2559 2902 2669 2972 est,
2718 2897 2921 2952 eodem
2971 2895 3032 2972 in
3082 2894 3208 2951 loco
3258 2894 3595 2972 subrepturi
3643 2900 3700 2972 et

2056 2966 2333 3027 amissuri
2358 2969 2613 3024 amicula
2644 2966 2978 3040 promiscue
3008 2968 3229 3038 jacent.
3264 2988 3292 3015 »
3322 2966 3499 3040 _Uﬁnde
3545 2970 3698 3020 recte

2056 3041 2323 3098 concludi
2357 3038 2783 3112 gravissimam
2828 3054 2953 3095 esse
3012 3054 3285 3112 pcenam__
3304 3038 3513 3094 debere
3565 3052 3693 3108 quas

2056 3130 2269 3169 manus
2302 3107 2527 3168 furaces
2557 3112 2656 3166 illo
2687 3112 2743 3167 in
2773 3110 2896 3166 loco
2928 3107 3208 3166 coerceat.
3239 3107 3381 3167 ΗΑν.

2124 3186 2235 3257 (58)
2278 3184 2498 3257 Semper
2541 3192 2732 3257 aestuat
2776 3199 2980 3238 carcer.
3032 3182 3110 3236 Ex
3151 3184 3352 3237 nostro
3401 3179 3695 3237 Minucius

291 3239 541 3340 ξλξτὶτζην
575 3240 626 3295 ἐν
678 3239 759 3313 Ῑτῷ
790 3239 1122 3340 Ᾱβαλαῖαείιιζ,
1153 3244 1289 3340 J’En'
1347 3240 1710 3313 ἀλειμμάτιον
1856 3239 1938 3294 ἐπ’

295 3333 321 3340 ..
412 3334 433 3340 -
499 3314 686 3340 _-.'._._..
718 3332 729 3340 .
766 3315 778 3340 :
857 3320 940 3340 ..-ι
967 3331 978 3340 .
1022 3337 1043 3340 ν.
1129 3316 1141 3340 ε
1195 3333 1294 3340 --.-
1328 3316 1811 3340 ---ΑιεηαλκιΑ-...Μ
1849 3317 1904 3340 ι’..

2067 3239 2255 3325 ρ.“ίιΟ’;
2292 3278 2319 3305 ‹‹
2357 3239 2611 3340 Diuique
2641 3256 2711 3340 de
2741 3260 3205 3340 ves'trolnumero
3238 3270 3469 3340 semper
3474 3268 3698 3340 'parcer

291 3310 437 3367 ἄλλο
468 3314 687 3385 ἱμάτιον
718 3310 741 3381 ς’
766 3310 978 3369 idest:
1015 3337 1043 3364 «
1076 3315 1295 3370 Videas
1328 3310 1815 3370 vestimentorum
1848 3317 1936 3367 fu-

283 3403 413 3441 rem
446 3386 507 3440 in
543 3386 789 3452 balneis,
824 3390 998 3456 Num,
1033 3388 1250 3458 inquit,
1283 3390 1352 3443 ad
1384 3385 1831 3457 unguentulum,
1867 3403 1939 3440 an

282 3475 425 3513 vero
456 3459 529 3513 ad
562 3458 720 3514 aliud
752 3459 1169 3513 vestimentum
1192 3460 1220 3514 ’ἶ
1251 3483 1271 3511 ι
1309 3460 1517 3515 Noster
1550 3460 1615 3514 de
1643 3458 1774 3513 Idol.
1810 3474 1859 3512 ο.
1883 3459 1936 3512 5:

286 3552 313 3578 κ
348 3531 535 3584 Credo
563 3536 621 3585 et
651 3532 809 3585 fures
840 3529 1174 3587 balnearios
1207 3533 1481 3587 manibus
1509 3531 1634 3587 suis
1665 3530 1873 3585 vivere.
1910 3552 1937 3578 ››

284 3608 343 3684 et
378 3605 704 3684 pefugairi
734 3604 944 3684 Perseo:
978 3619 1105 3674 cap.
1143 3604 1208 3657 13
1242 3620 1319 3684 :‘«
1346 3604 1524 3684 _lnter
1574 3601 1939 3684 tabernarios

282 3678 341 3728 et
374 3673 565 3728 lanios
588 3680 646 3729 et
675 3675 833 3728 fures
858 3673 1199 3729 balnearum
1228 3680 1285 3729 et
1308 3675 1540 3731 aleones
1563 3681 1618 3728 et
1640 3674 1933 3729 lenones.»

279 3744 485 3820 Glos_s_._
513 3745 632 3820 Fur
662 3745 994 3820 bralnearius
1044 3744 1510 3820 βαλανοκλξπιης.
1562 3748 1628 3801 Et
1675 3745 1789 3800 huc
1822 3747 1935 3820 for-

288 3834 395 3871 san
428 3817 573 3872 illud
607 3818 1016 3889 Aristophanis
1044 3816 1291 3890 spectat
1337 3818 1396 3872 in
1449 3819 1635 3886 Ranis,
1671 3822 1795 3872 Act.
1839 3816 1934 3887 IV,

278 3893 371 3945 Sc.
412 3904 475 3943 ιι.

699 3972 927 4047 κάκϐἀς,
958 3976 1079 4032 τινὰ
1109 3973 1520 4046 λωποδυτῆσαι.

276 4103 315 4157 i.
360 4119 414 4158 e.
451 4125 479 4153 ‹‹
537 4104 602 4158 Et
657 4119 931 4175 egressus
989 4102 1243 4174 aliquem
1306 4103 1518 4159 vestitu
1559 4101 1847 4175 spoliare.
1902 4122 1930 4151 ››

279 4175 583 4241 Qusmodo
615 4174 770 4246 apud
804 4176 1138 4231 Petronium
1169 4176 1516 4230 induoitur«
1547 4174 1785 4229 Juvenis
1820 4190 1931 4228 nuc

278 4248 419 4310 dus,
452 4248 555 4316 qui
584 4248 935 4302 vestimenta
965 4248 1317 4319 perdiderat.
1343 4270 1370 4296 »
1405 4246 1934 4319 Pretiosioremque

279 4323 561 4373 ornatum
618 4320 905 4390 depretiat
953 4317 1131 4374 etiam
1180 4320 1321 4391 inde,
1370 4319 1821 4391 Chrysostomus
1872 4317 1936 4372 de

282 4391 646 4462 Virginitqte,
677 4392 957 4461 quoniam
992 4412 1018 4440 ‹‹
1054 4396 1110 4445 et
1141 4390 1196 4462 in
1233 4390 1460 4446 balneis
1493 4390 1699 4462 prasto
1731 4390 1848 4446 sint
1879 4393 1936 4444 et

281 4462 342 4516 in
378 4460 622 4532 templis
655 4460 930 4518 mulieres
978 4479 1103 4532 qua;
1135 4461 1305 4516 illum
1366 4460 1655 4518 furentur.
1690 4484 1717 4513 «
1763 4465 1938 4532 Coge-

282 4533 509 4590 bantur
540 4534 737 4605 itaque
767 4534 1045 4589 lautiores
1076 4550 1277 4588 secum
1310 4535 1597 4590 abducere
1644 4537 1935 4600 servutos,

282 4606 383 4677 qui
422 4613 724 4661 servarent
753 4611 958 4672 vestes,
993 4605 1300 4673 Martialis,
1332 4622 1429 4673 xu,
1462 4608 1536 4660 70
1567 4624 1580 4665 :

379 4702 570 4752 Lintea
602 4717 697 4765 pro
726 4702 1079 4766 variisiferret
1106 4716 1225 4752 cum
1258 4703 1479 4752 vernula
1509 4717 1701 4766 nuper,

479 4766 543 4814 Et
570 4780 733 4829 supra
762 4765 997 4829 togulam
1026 4765 1175 4815 lusca
1205 4766 1416 4815 sederet
1442 4765 1596 4816 anus.

285 4863 536 4920 Ovidius
568 4863 671 4920 lib.
707 4881 769 4919 ιιι
801 4863 868 4920 de
890 4866 1017 4921 Arte
1043 4864 1284 4922 Amandz‘
1310 4880 1480 4923 versu
1512 4866 1618 4921 539
1649 4882 1663 4922 :

382 4980 536 5040 Cum,
568 4978 790 5028 custode
820 4979 952 5028 foris
981 4981 1218 5044 tunicam
1250 4985 1493 5031 servante
1523 4981 1737 5044 puellas,

512 5044 731 5091 Certent
762 5043 989 5092 furtivos
1017 5042 1211 5093 balnea
1242 5044 1406 5094 multa
1427 5042 1599 5108 jocos.

285 5147 523 5214 Quibus
553 5165 634 5205 vas
664 5148 1127 5217 miseris,minus
1160 5148 1363 5206 sedulo
1396 5151 1443 5206 si
1472 5150 1945 5208 custodientibus

287 5221 517 5291 aliquid
548 5237 676 5277 esse
723 5221 1010 5277 ablatum.
1064 5222 1207 5276 Hinc
1258 5239 1460 5279 servus
1509 5224 1605 5280 ille
1656 5223 1947 5280 Petronia-

287 5309 431 5355 nus,
465 5309 592 5364 cap.
626 5294 695 5347 30
727 5309 801 5368 :‘u
838 5292 1200 5363 Dispoliatus
1235 5296 1547 5365 procubuit
1577 5304 1712 5353 ante
1743 5298 1943 5368 pedes,

291 5371 349 5420 et
386 5381 590 5434 rogare
621 5364 795 5435 coepit
820 5370 885 5420 ut
913 5382 975 5421 se
1008 5382 1185 5437 poenae
1221 5364 1582 5439 eriperemus
1616 5385 1628 5423 ε
1663 5364 1767 5424 nec
1822 5386 1946 5424 ma-

287 5452 477 5513 gnum
511 5442 1183 5513 essepeccatumsuum
1217 5445 1452 5513 prapter
1490 5441 1646 5511 quod
1709 5442 1945 5513 pericli-

287 5512 541 5585 taretur.
568 5508 873 5585 Subducta
902 5508 1057 5585 enim
1090 5508 1445 5585 vestimenta
1475 5508 1609 5585 sibi
1639 5508 1947 5585 dispensa-

292 5580 447 5636 toris
482 5580 538 5634 in
566 5579 775 5635 balneo
809 5581 899 5635 vix
934 5581 1184 5637 fuissent
1210 5600 1265 5637 χ.
1300 5584 1410 5639 HS.
1447 5606 1474 5633 ››
1511 5584 1615 5638 Ubi
1666 5579 1813 5641 adde
1845 5602 1948 5640 no-

291 5658 424 5728 tam
461 5651 794 5728 Woquerii.
846 5654 1295 5728 Deponebantur
1337 5655 1427 5728 ha
1474 5660 1665 5712 vestes
1715 5658 1777 5712 in
1808 5674 1951 5728 apo-

298 5724 551 5797 dyterio,
587 5724 946 5797 furtumque
973 5725 1163 5796 capite
1205 5727 1581 5797 puniebatur,
1634 5732 1700 5783 ut
1724 5724 1953 5785 constat

294 5794 371 5853 ex
402 5794 575 5853 libris
604 5794 898 5853 JCtorum.
928 5794 1235 5855 Rationem
1272 5798 1374 5855 dat
1412 5794 1750 5858 Aristbteles
1781 5802 1951 5872 cujus

2052 3324 2347 3383 exarstuat.
2401 3349 2429 3375 »
2470 3324 2711 3382 Tertull.
2770 3327 2849 3381 Ad
2901 3328 3060 3381 Mart.
3119 3341 3246 3397 cap.
3283 3325 3307 3379 1
3344 3324 3421 3379 ιι
3474 3324 3696 3397 Domus

2052 3400 2290 3471 quidem
2342 3398 2558 3454 diaboli
2622 3402 2814 3471 estet
2856 3413 3073 3464 carcer,
3123 3395 3350 3471 inqua
3412 3395 3695 3471 familiam

2051 3468 2219 3527 suam
2252 3473 2531 3526 continet.
2567 3493 2594 3519 ››
2626 3470 2696 3525 Et
2733 3469 2951 3525 ibidem
3005 3486 3055 3524 c.
3113 3472 3167 3537 2,
3230 3468 3372 3522 dicit
3426 3470 3691 3539 exspirat,

2050 3544 2204 3614 quod
2238 3542 2331 3597 hic
2377 3546 2577 3599 aestuat
2612 3558 2624 3596 :
2656 3564 2684 3593 «
2716 3542 2900 3597 Triste
2956 3540 3075 3614 illic
3127 3540 3407 3614 exspirat,
3458 3541 3556 3614 sed
3592 3556 3690 3614 vos

2050 3610 2192 3669 odor
2222 3615 2364 3668 estis
2397 3615 2723 3669 suavitatis.
2760 3636 2788 3663 ‹‹
2821 3617 2968 3668 Nota
3000 3613 3090 3669 hic
3123 3610 3307 3669 electa
3338 3612 3396 3666 in
3443 3610 3691 3681 singulis

2048 3688 2221 3742 verba
2252 3691 2307 3739 et
2345 3703 2637 3741 summam
2671 3686 2927 3740 auctoris
2957 3702 3179 3741 curam.
3212 3684 3352 3739 Hav.

2121 3758 2250 3838 (59)
2263 3758 2475 3838 Metella
2504 3760 2822 3838 διιδρίτίιηε..
2850 3757 3173 3838 admodum
3193 3828 3204 3838 _
3224 3758 3457 3838 proprio
3497 3752 3687 3838 loqui-

2045 3826 2159 3883 tur.
2211 3826 2415 3884 Gravis
2462 3826 2616 3886 enim
2656 3829 2766 3885 iste
2808 3828 2991 3892 labor,
3046 3833 3103 3883 et
3150 3826 3248 3882 ubi
3297 3826 3410 3898 prae
3446 3826 3685 3882 lassitu-

2046 3901 2181 3957 dine
2210 3900 2413 3955 crebra
2458 3902 2755 3956 ducuntur
2800 3900 3075 3972 suspiria.
3115 3900 3489 3972 Describitur
3518 3914 3689 3972 poena

2042 3973 2159 4028 ista
2187 3989 2218 4026 a
2243 3972 2468 4043 Plauto,
2502 3974 2716 4028 Pwnul.
2750 3973 2844 4041 IV,
2887 3969 2951 4043 ιι,
2982 3973 3016 4025 8
3047 3988 3060 4041 ;
3094 3970 3306 4043 Captiv.
3358 3971 3457 4041 III,
3504 3969 3561 4039 v,
3592 3969 3683 4037 65,

2043 4051 2100 4101 et
2128 4044 2449 4115 praesertim
2478 4044 2548 4109 V,
2580 4061 2656 4113 ιν,
2690 4044 2716 4099 1
2753 4059 2768 4099 :

2134 4159 2252 4210 Vidi
2282 4174 2381 4223 ego
2416 4161 2586 4211 multa
2613 4174 2755 4224 saepe
2787 4161 2944 4224 picta,
2974 4173 3093 4221 quas
3121 4159 3411 4224 Acherunti
3440 4158 3629 4208 ﬂerent

2134 4222 2508 4274 Cruciamenta
2539 4239 2551 4286 ;
2583 4222 3087 4274 verum'enimvero
3134 4222 3285 4272 nulla
3335 4222 3556 4285 adatque
3611 4222 3692 4270 est

2140 4286 2570 4411 Aigggriii’ego
2605 4348 2681 4398 fui
2711 4348 2768 4397 in
2798 4346 3115 4410 lapidicinis.
3134 4346 3245 4395 Illic
3273 4346 3345 4397 ibi
3374 4345 3592 4396 demum
3613 4348 3694 4396 est

2142 4410 2448 4525 liaibore
2479 4472 2741 4523 lassitudo
2772 4472 2921 4521 omni
2957 4470 3022 4522 ’st
3050 4471 3324 4535 exigunda
3356 4486 3421 4522 ex
3450 4485 3694 4536 corpore.

2049 4582 2117 4634 Et
2173 4579 2255 4635 sic
2312 4579 2595 4652 agricolas
2668 4580 2816 4634 duro
2874 4578 3071 4635 labore
3149 4579 3429 4649 fatigatos
3513 4578 3693 4636 etiam

1970 4653 2016 4717 D
2047 4653 2333 4723 suspirare
2374 4652 2509 4708 facit
2552 4652 2879 4720 Lucretius,
2931 4654 3101 4723 cujus
3144 4660 3285 4707 sunt
3335 4668 3539 4708 versus
3570 4652 3689 4719 _lib.

2048 4741 2111 4794 ιι,
2148 4725 2304 4779 1163.

2140 4840 2363 4904 Iamque
2394 4842 2555 4903 caput
2584 4853 2845 4903 quassans
2877 4839 3097 4904 grandis
3130 4841 3363 4904 suspirat
3394 4844 3573 4889 arator

2144 4902 2388 4953 Crebrius
2419 4902 2686 4953 incassum
2718 4902 2973 4967 magnum
3002 4902 3256 4954 cecidisse
3284 4904 3538 4955 laborem.
3565 4902 3699 4956 HAV.

2126 5010 2238 5082 (60)
2272 5011 2470 5067 Bestiae
2497 5012 2860 5082 saginantur.
2896 5016 3005 5067 Pro
3052 5029 3265 5084 semper
3312 5012 3478 5070 Fuld.
3526 5012 3703 5069 habet

2054 5083 2223 5156 etiam
2249 5100 2448 5156 prave.
2476 5084 2762 5156 Loquitur
2804 5085 2898 5156 de,
2928 5084 3048 5139 illis
3094 5083 3194 5156 qui
3226 5087 3298 5142 ob
3356 5085 3569 5141 delicta
3598 5085 3699 5139 be-

2056 5154 2186 5228 stiis
2217 5153 2304 5209 vel
2336 5153 2786 5228 objicieb‘antur,
2817 5155 2903 5209 vel
2936 5172 3069 5212 cum
3104 5153 3223 5212 illis
3255 5174 3515 5228 pugnare
3539 5157 3706 5227 jube-

2055 5226 2292 5281 bantur.
2330 5227 2581 5298 lnsignis
2613 5228 2931 5282 crudelitas
2963 5228 3235 5297 Caligula:
3258 5226 3337 5285 'et
3368 5226 3708 5285 inhumani-

2055 5304 2147 5353 tas
2184 5302 2416 5353 notatur
2445 5316 2479 5353 a
2522 5299 2799 5355 Suetonio
2852 5298 2953 5355 lib.
2998 5316 3075 5367 ιν,
3127 5316 3176 5355 c.
3210 5303 3326 5356 27:
3369 5322 3390 5348 ι
3442 5303 3587 5358 Cum
3636 5300 3708 5355 ad

2058 5369 2325 5441 saginam
2378 5372 2632 5425 ferarum
2702 5370 2926 5426 muneri
2988 5377 3448 5442 prmparatarum
3516 5372 3710 5429 carius

2060 5444 2313 5515 pecudes
2344 5449 2842 5515 compararentur,
2876 5459 2943 5497 ex
2974 5444 3165 5501 noxiis
3190 5444 3500 5501 laniandos
3530 5447 3710 5515 adno-

2058 5514 2223 5570 tavit.
2257 5536 2284 5564 »
2321 5515 2431 5569 Sed
2465 5514 2780 5571 Christiani
2811 5515 2986 5571 etiam
3019 5517 3090 5572 ad
3142 5517 3379 5573 metalla
3425 5514 3708 5578 damnati,

2059 5586 2269 5642 bestiis
2301 5586 2534 5660 objecti.
2588 5588 2978 5660 Respondeo,
3008 5605 3125 5643 non
3176 5606 3428 5660 semper,
3478 5588 3701 5660 habue-

2060 5664 2202 5732 runt
2228 5658 2387 5732 enim
2418 5660 2635 5732 saepius
2663 5658 2863 5732 pacem
2895 5659 3005 5715 sub
3053 5658 3529 5732 imperatoribus.
3572 5659 3706 5732 μορ

2060 5747 2127 5814 eo
2155 5730 2369 5814 elogio,
2402 5724 2579 5814 etiam
2612 5724 2846 5805 objecti,
2876 5746 2989 5802 quo
3041 5724 3261 5797 sicarii,
3310 5724 3705 5784 manticularii

2059 5806 2120 5862 et
2149 5802 2397 5861 similes.
2434 5805 2568 5860 ΗΑν.
