4094 6186
251 350 348 412 585

1329 340 1918 404 APOLOGETICUS
1966 338 2143 398 ADV.
2199 342 2529 403 GENTES.

3515 342 3637 406 586

248 484 396 554 queat
426 476 635 533 molem
686 475 861 546 hanc,
894 475 1047 531 intra
1092 476 1381 531 mundum
1428 472 1731 541 Platonici,
1769 472 1867 543 qui
1900 478 1948 542 Α
1988 477 2124 528 nota
2156 474 2405 530 varietas
2448 480 2616 531 sectis
2649 475 2828 546 hujus
2863 475 2920 530 in
2952 474 3062 531 hoc
3093 492 3329 548 quoque
3360 493 3466 533 nos
3513 476 3639 548 pbi-
3688 474 3693 477 ⁷

255 568 641 645 gubernatoris
699 564 977 636 exemplo,
1028 564 1180 620 intra
1231 564 1373 620 illud
1422 569 1677 629 maneat,
1720 563 1874 635 quod

246 664 387 731 regat
416 657 513 728 (9).
548 654 641 711 Sic
686 658 741 709 et
789 655 858 709 de
907 653 1035 725 ipso
1068 654 1310 720 mundo,
1344 658 1517 709 natus
1566 652 1875 707 innatusve

244 751 323 816 sit,
353 748 703 802 decessurus
750 759 1140 799 mansurusve
1172 744 1247 798 sit
1275 744 1408 815 (10),
1436 742 1687 809 variant;
1721 741 1873 797 519

243 840 313 894 sic
340 840 391 892 et
420 836 489 890 de
520 833 731 889 animis
778 838 957 899 statu,
995 849 1172 904 quam
1213 833 1311 887 alii
1346 832 1599 887 divinam
1627 834 1683 886 ot
1713 836 1874 884 aeter-

244 943 382 994 nam,
403 924 498 980 alii
532 921 938 979 dissolubilcm
972 922 1370 978 contendunt:
1408 926 1472 976 ut
1503 921 1636 993 quis
1668 918 1874 1001 sensit,

240 1018 310 1072 ita
337 1018 389 1071 et
417 1014 617 1068 intulit
665 1016 768 1067 aut
817 1012 1175 1066 reformavit.
1207 1011 1320 1066 Nec
1357 1010 1594 1079 mirum,
1630 1009 1678 1064 si
1710 1012 1875 1063 vetus

242 1104 682 1161 instrumentum
728 1099 964 1171 ingenia
1012 1098 1499 1171 philosophorum
1532 1098 1876 1153 interverte-

242 1198 379 1247 runt.
415 1193 495 1246 Ex
534 1191 745 1245 horum
795 1189 1021 1245 semine
1052 1194 1105 1244 et
1140 1194 1397 1244 nostram
1447 1188 1598 1244 hanc
1631 1186 1874 1243 novitio-

240 1282 342 1336 lam
390 1278 863 1351 paraturam(11)
895 1277 1002 1331 viri
1052 1276 1295 1348 quidam
1346 1276 1470 1333 suis
1502 1275 1877 1348 opinionibus

238 1370 298 1424 ad
329 1368 763 1441 phi1030phicas
816 1366 1139 1422 sententias
1189 1365 1685 1431 adulteraverunt,
1720 1369 1775 1418 et
1807 1365 1877 1418 de

242 1475 344 1514 una
387 1458 481 1513 via
530 1456 799 1528 obliquos
859 1454 1079 1511 multos
1136 1455 1401 1511 tramites
1453 1459 1510 1509 et
1557 1452 1882 1525 inexplica-

239 1545 369 1603 biles
389 1547 436 1581 ⁵⁸
481 1546 807 1602 sciderunt.
838 1544 1000 1609 Quod
1050 1546 1180 1601 ideo
1230 1543 1650 1617 suggesserim,
1685 1559 1755 1597 ne
1785 1542 1878 1597 cui

1984 561 2248 633 losophis
2287 568 2590 636 adaaquare
2620 564 2909 632 videatur,
2932 571 2987 619 et
3016 581 3084 619 ex
3130 565 3407 621 varietate
3438 567 3637 620 defen-

1986 651 2218 707 sionum
2276 652 2494 709 indicet
2549 653 2916 710 vcritatem'59
2953 654 3083 725 (12).
3116 654 3391 725 Expedite
3438 659 3636 710 autem

1984 742 2420 812 praescribimus
2453 742 2737 799 adulteris
2770 744 2983 799 nostris
3014 742 3176 798 illam
3212 760 3339 799 esse
3369 744 3633 815 regulam

1984 830 2268 900 veritatis,
2311 849 2433 903 qua:
2494 833 2679 887 veniat
2744 850 2775 888 a
2831 832 3077 901 Christo,
3131 833 3481 888 transmissa
3533 847 3635 902 per

1984 918 2225 974 comites
2274 920 2481 991 ipsius,
2516 922 2729 992 quibus
2778 921 3093 991 aliquando
3143 920 3490 992 posteriores
3540 920 3629 975 di-

1984 1008 2134 1063 versi
2166 1008 2261 1065 isti
2296 1015 2785 1066 commentatores
2829 1010 3254 1081 probabuntur.
3288 1008 3500 1065 Omnia
3528 1009 3630 1063 ad-

1986 1114 2186 1153 versus
2218 1099 2519 1154 veritatem
2561 1100 2632 1154 de
2676 1099 2807 1171 ipsa
2836 1100 3073 1154 veritate
3104 1104 3441 1155 constructa
3470 1102 3630 1165 sunt,

1985 1186 2364 1257 operantibus
2413 1188 2845 1242 aemulationem
2895 1188 3066 1243 istam
3120 1187 3426 1258 spiritibus
3474 1203 3631 1243 erro-

1986 1273 2065 1330 ris
2103 1276 2237 1347 (13).
2269 1276 2354 1329 Ab
2403 1274 2496 1331 his
2555 1275 2841 1331 adulteria
2861 1277 2904 1310 ⁸ο
2957 1276 3300 1347 hujusmodi
3356 1275 3637 1332 salutaris

1988 1364 2310 1435 disciplinae
2357 1365 2766 1432 subornata";
2801 1365 2871 1420 ab
2906 1365 2994 1420 his
3045 1365 3311 1436 quaedam
3343 1365 3521 1421 etiam
3555 1365 3637 1419 fa-

1990 1452 2137 1508 bulae
2170 1454 2473 1519 immissa,
2503 1472 2630 1525 quae
2664 1456 2734 1509 de
2784 1454 3178 1509 similitudine
3199 1455 3243 1489 ⁸³
3270 1455 3445 1510 tidem
3479 1454 3641 1509 inﬁr-

1990 1547 2221 1597 marent
2250 1544 2535 1606 veritatis,
2569 1544 2655 1598 vel
2692 1559 2819 1598 eam
2853 1544 2963 1597 sibi
2997 1543 3194 1615 potius
3224 1544 3557 1600 evincerent
3576 1542 3642 1611 ⁸⁸,

1647 1669 1854 1729 Variae
1885 1666 2208 1728 lectiones.

300 1781 340 1815 ⁵⁸
371 1778 594 1834 Multos
647 1788 701 1832 et
746 1776 1186 1848 inexplicabiles
1233 1776 1523 1843 tramites,
1558 1775 1724 1829 Seml.
1801 1774 1966 1848 δί’-ῥίον
1995 1775 2145 1839 Her.,
2178 1778 2371 1848 Pam,
2423 1779 2499 1831 La
2544 1774 2760 1848 Cerdq,
2790 1777 2938 1848 Rig.,
2982 1778 3147 1848 Hau,
3180 1773 3301 1848 Ald.
3351 1776 3401 1848 et
3449 1774 3642 1841 Ehem,

240 1856 295 1907 ut
338 1870 403 1907 ex
454 1853 695 1907 veritate
745 1844 1152 1905 defensionum
1182 1850 1437 1903 vindicet
1486 1849 1808 1902 veritatem.
1852 1845 2055 1901 Wouw.
2090 1844 2427 1912 vanitatem,
2476 1847 2589 1901 cod.
2625 1847 2781 1902 Fuld.
2815 1844 3196 1902 defectionem
3247 1844 3499 1902 vindicet
3546 1861 3643 1901 ve-

238 1923 417 1979 ritatis
429 1965 444 1978 .

237 1996 402 2049 Paris.

239 2072 527 2139 raperent.

520 1923 565 1957 ⁶⁰
594 1920 938 1991 Adulteriis,
1011 1922 1235 1975 Haverc.
1300 1936 1329 1973 e
1391 1917 1506 1991 cod.
1549 1919 1725 1989 Lugd.
1804 1917 2217 1982 61Subortata,
2284 1919 2449 1991 Fran.
2518 1920 2703 1974 Paris.
2763 1918 2826 1991 t3?
2876 1916 3391 1991 Dissimilitudine,
3450 1918 3646 1991 Frena,

488 1995 534 2027 ⁵³
564 1994 709 2050 Rhen
744 2034 756 2058 ,
790 1989 944 2059 Aldf,
977 1991 1201 2047 Herald.
1235 1991 1320 2045 vel
1353 1990 1527 2046 etiam
1580 1990 1629 2045 si
1679 1994 1921 2062 possent
1963 1991 2322 2056 evincerent,
2351 1990 2466 2046 cod.
2502 1991 2658 2046 Fuld.
2692 1989 2777 2046 vel
2809 1990 3011 2046 eadem
3064 1990 3177 2046 sibi
3227 1989 3423 2061 potius
3468 1990 3647 2045 fidem

1686 2168 2205 2229 Commentarius.

300 2283 374 2352 (9)
452 2280 837 2352 Gubernatoris
915 2278 1161 2352 exemplo
1230 2278 1383 2331 intra
1455 2275 1598 2352 illud
1670 2282 1892 2352 maneat
1923 2278 1967 2341 B
2001 2290 2114 2352 nec
2138 2274 2483 2352 interiturus
2514 2292 2641 2352 esse
2673 2275 2899 2352 videtur
2928 2293 2940 2330 :
2978 2276 3076 2331 alii
3110 2281 3164 2352 et
3199 2275 3325 2346 ejus
3356 2274 3650 2352 opificem,

235 2347 366 2436 quod
415 2356 595 2422 regat.
650 2351 914 2417 Boetius,
964 2347 1180 2414 libim,
1214 2354 1399 2404 metro
1447 2350 1503 2413 9,
1534 2349 1649 2403 huc
1703 2347 1886 2417 respi-

240 2442 387 2481 618118
427 2441 443 2480 ἶ

352 2533 392 2581 Ο
427 2530 524 2593 qui
554 2532 817 2593 perpetua
852 2528 1113 2577 mundum
1145 2528 1353 2577 ratione
1386 2526 1673 2590 gubernas,

354 2591 906 2654 Terrarum’cmlique
938 2594 1100 2640 sator.

236 2702 300 2756 Et
328 2700 551 2756 clarius
581 2699 681 2753 lib.
720 2715 795 2762 1v,
834 2702 1015 2751 metro
1044 2698 1079 2749 6
1113 2712 1126 2750 :

494 2804 655 2854 Sedet
688 2805 899 2853 interea
930 2802 1177 2851 conditor
1211 2802 1370 2859 altus,

496 2870 802 2929 Rerumque
838 2879 1027 2929 regens
1068 2865 1228 2914 ﬂectit
1268 2865 1526 2929 habenas.

495 2931 622 2989 Rex,
657 2927 929 2985 dominus,
960 2927 1081 2975 fons
1117 2932 1169 2976 et
1201 2928 1370 2990 origo,

497 2994 600 3041 Lex
632 2996 685 3040 et
716 2991 932 3053 sapiens
953 2991 1152 3038 arbiter
1177 2992 1336 3051 aequi.

496 3056 562 3125 [Et
588 3067 711 3125 quae
741 3058 888 3125 motu
921 3053 1156 3100 concitat
1182 3054 1257 3100 ire

499 3114 646 3166 Sistit
676 3116 973 3171 retrahens,
1007 3129 1069 3162 ac
1098 3128 1233 3176 vaga
1260 3114 1452 3175 ﬁrmat,

499 3180 632 3227 Nam
664 3179 767 3226 nisi
798 3181 974 3227 rectos
1002 3190 1263 3226 revocans
1290 3176 1437 3225 intus

504 3241 695 3290 Plexos
724 3241 915 3289 iterum
948 3243 1102 3302 cogat
1129 3238 1183 3287 in
1201 3239 1393 3302 orbes.

502 3304 629 3361 Qua:
663 3317 808 3351 nunc
838 3299 1043 3351 stabilis
1068 3301 1307 3350 continet
1336 3299 1486 3359 ordo,

504 3368 744 3428 Dissepta
773 3379 871 3414 suo
903 3366 1047 3413 fonte
1078 3363 1341 3413 fatiscant.

315 3466 433 3535 (10)
466 3465 561 3517 Sic
587 3470 637 3516 et
666 3462 731 3516 de
760 3464 877 3531 ipso
921 3460 1143 3535 mundo,
1175 3469 1338 3535 natus
1368 3461 1656 3535 innatusve
1685 3461 1773 3524 sit,
1807 3456 1899 3535 de-

240 3531 505 3591 cessurus
534 3550 898 3587 mansurusve
928 3535 1017 3585 sit.
1056 3532 1195 3586 Vide
1244 3533 1522 3586 Senecam
1557 3532 1682 3585 loco
1729 3531 1898 3584 modo

242 3608 448 3662 citato.
488 3610 699 3658 Praeter
729 3604 1108 3674 philosophos
1148 3605 1364 3658 multos
1414 3605 1701 3657 mundum
1734 3610 1896 3655 acter-

242 3696 415 3745 num,
452 3678 570 3731 fine
612 3675 1030 3747 principioque
1060 3683 1351 3730 carentem
1386 3676 1610 3744 putavit
1639 3674 1890 3745 insignis

244 3757 419 3822 poeta
453 3746 750 3815 Manilius,
783 3746 886 3800 lib.
919 3764 937 3799 ι
967 3750 1178 3801 Astron.
1214 3766 1233 3799 :

344 3866 478 3913 Haec
507 3867 707 3912 aeterna
734 3864 931 3915 manet,
962 3860 1204 3923 divisque
1234 3861 1503 3909 simillima
1532 3861 1720 3909 forma.

330 3928 435 3976 Cui
471 3939 646 3985 neque
678 3923 995 3984 principium
1029 3928 1109 3972 est
1130 3936 1375 3985 usquam,
1398 3936 1495 3971 nec
1516 3923 1634 3972 ﬁnis
1662 3925 1715 3971 in
1748 3923 1901 3984 ipso:

331 3990 445 4039 Sed
480 3988 670 4036 similis
702 3990 813 4036 toto
841 3991 1096 4046 remanet,
1129 3999 1332 4048 perque
1362 3986 1541 4035 omnia
1573 4001 1669 4049 par
1700 3991 1796 4035 est.

240 4097 433 4165 Idem,
467 4094 694 4149 ibidem
732 4109 744 4147 :

328 4205 398 4251 At
428 4206 619 4249 manet
647 4198 929 4247 incolumis
959 4198 1211 4257 mundus,
1245 4211 1450 4260 suaque
1483 4199 1666 4247 omnia
1694 4204 1870 4249 versat

329 4266 472 4323 Quae
507 4276 606 4311 nec
636 4262 797 4325 longa
826 4261 939 4309 dies
966 4265 1139 4321 auget,
1172 4261 1475 4325 minuitque
1506 4266 1770 4324 senectus,

330 4330 447 4377 Nec
480 4331 658 4374 motus
691 4323 887 4386 puncto
918 4326 1101 4379 currit.
1132 4337 1424 4385 cursusque
1451 4323 1659 4387 fatigat.

336 4391 495 4440 Idem
527 4385 736 4449 semper
767 4387 886 4448 erit,
920 4386 1179 4449 quoniam,
1203 4400 1416 4448 semper
1443 4385 1732 4437 fuit‘idcm.

338 4454 465 4502 Non
500 4448 660 4499 aliain
694 4449 872 4498 videre
906 4448 1099 4511 patres,
1138 4448 1369 4498 aliumve
1400 4454 1621 4512 nepotes

337 4514 645 4578 Aspicient.

237 4611 353 4666 Sed
394 4615 609 4682 praeter
629 4606 1010 4682 Sophoclem,
1044 4606 1214 4682 cilius
1236 4605 1624 4682 memorabile
1654 4621 1912 4682 exercep-

236 4690 374 4737 tum
395 4677 600 4737 'habes
625 4679 685 4733 in
710 4677 1059 4734 Collectione
1087 4677 1385 4741 Grotiana,
1411 4694 1538 4746 quae
1574 4678 1915 4732 inscribitur

238 4756 535 4824 Excerpta
586 4768 655 4806 ex
703 4752 955 4824 Trag.get
1002 4748 1297 4824 Com_._Gr.,
1334 4750 1913 4824 p.145,_Lucan‘um.

236 4826 348 4881 lib.
389 4819 440 4893 1,
468 4841 639 4878 versu
674 4823 757 4875 7‘2.
793 4819 1063 4893 Ovidium
1095 4821 1373 4889 aliosque,
1406 4819 1915 4893 excellentissimis

236 4906 297 4953 et
331 4892 714 4967 argumentis
744 4898 802 4947 et
830 4892 1106 4967 versibus
1150 4898 1343 4967 ortum
1369 4892 1711 4967 aliquando
1733 4910 1917 4967 Amun-

240 4964 488 5025 dum‘et
526 4966 852 5035 periturum
903 4964 1043 5019 olim
1094 4964 1303 5019 invicte
1352 4964 1775 5019 demonstravit
1810 4970 1916 5018 Lu-

239 5040 506 5103 cretius,
537 5037 640 5092 lib.
673 5053 731 5103 v,
764 5052 934 5091 versu
965 5036 1056 5089 94.

348 5144 563 5192 Horum
596 5146 845 5191 naturam
882 5140 1173 5202 triplicem;
1204 5140 1305 5189 tria
1339 5154 1565 5202 corpora
1594 5140 1803 5189 Memmi

342 5207 482 5254 Tres
512 5205 717 5266 species
744 5208 853 5251 tam
884 5202 1187 5258 dissimiles,
1218 5204 1319 5251 tria
1348 5203 1472 5252 talia
1503 5206 1660 5263 texta,

348 5269 476 5318 Una
505 5269 617 5316 dies
647 5266 797 5315 dabit
827 5266 989 5314 exitio
1019 5280 1030 5313 :
1063 5269 1369 5328 multosque
1412 5279 1507 5326 per
1537 5279 1708 5315 annos

341 5334 670 5382 Sustentata
698 5331 818 5377 ruet
846 5328 1014 5377 moles
1039 5332 1091 5376 et
1119 5329 1367 5378 machina
1394 5328 1600 5378 mundi.

244 5429 413 5484 Vide
449 5443 575 5497 quae
625 5425 840 5497 ibidem
890 5432 1242 5496 sequuntur.
1284 5426 1392 5481 Sed
1451 5426 1546 5482 hic
1606 5426 1716 5483 sibi
1750 5426 1926 5482 etiam

242 5519 377 5556 non
439 5495 627 5570 defuit
677 5495 992 5561 Lucianus,
1021 5500 1162 5570 quin
1195 5497 1379 5552 risum
1416 5516 1479 5553 ex
1509 5498 1619 5553 hac
1669 5498 1927 5570 philoso-

242 5574 525 5646 phorum
586 5569 712 5646 rixa
760 5568 1157 5646 cantaret,_in
1212 5568 1926 5646 lcaromenip_po,'p.276_,

243 5638 416 5699 edit.
458 5640 669 5696 Bened.
696 5642 979 5713 (ςΠρῶ-εον
1032 5638 1125 5713 μὲν
1169 5638 1268 5713 γὰρ
1318 5639 1505 5713 αὐτοῖς
1653 5638 1777 5711 napi
1835 5641 1929 5713 193

242 5715 511 5785 κόσμου,
544 5718 678 5779 etc.,
729 5711 769 5765 i.
801 5711 854 5785 e.
890 5734 917 5762 ‹‹
970 5711 1248 5785 Primum
1289 5711 1443 5785 enim
1500 5711 1657 5766 varia
1716 5714 1805 5785 est
1862 5711 1932 5766 de

246 5781 502 5847 mundo
560 5784 911 5841 sententia:
964 5782 1255 5856 siquidem
1312 5783 1443 5841 aliis
1500 5801 1616 5841 non
1673 5781 1931 5857 genitus,

605 5911 873 5978 Parant.
919 5910 970 5974 Ι.

2003 2350 2059 2399 et
2088 2346 2412 2401 fabricandi
2448 2349 2686 2402 modum
2739 2348 2865 2403 ausi
2918 2353 3057 2402 sunt
3104 2348 3313 2402 dicere.
3342 2366 3369 2394 ››
3405 2350 3652 2401 Prorsus

2004 2417 2185 2489 impia
2215 2424 2356 2473 sunt
2386 2435 2534 2489 quae,
2555 2419 2773 2474 ibidem
2808 2423 3156 2489 sequuntur.
3194 2420 3255 2489 tn
3288 2417 3492 2489 eodem
3519 2417 3651 2489 Dia-

2004 2485 2154 2559 log‘o,
2189 2485 2543 2563 p.273g—1Q'3
2593 2488 2697 2563 γὰρ
2749 2485 2906 2563 sion
2935 2488 3119 2563 εὑρεῖν
3171 2485 3283 2563 093’
3329 2486 3486 2563 tian
3533 2487 3652 2563 ἆγέτ

2000 2556 2146 2635 νςξοέ
2189 2556 2313 2635 :0qu
2344 2561 2434 2635 τὸγ
2486 2556 2842 2635 δημὶοὐργὸῦζ
2898 2556 3020 2613 οὔτέ
3068 2561 3242 2635 ἀρχὴ,
3269 2556 3407 2635 Δοὔθ’
3441 2557 3545 2635 Δὅτε
3574 2556 3652 2613 ’τὸ

2002 2630 2158 2691 τέλος
2186 2629 2325 2685 ἐστὶν
2368 2629 2624 2702 αὖτοῦίὶ.
2661 2629 2708 2688 e'.
2741 2629 2772 2683 ἱ(
2808 2638 3006 2703 Neque
3058 2629 3236 2688 ehiin'
3264 2632 3521 2688 invenire
3550 2647 3654 2703 p0-

2003 2709 2207 2777 teram,
2241 2721 2428 2776 neque
2460 2721 2574 2775 quo
2622 2710 2809 2777 pacto,
2845 2720 3034 2777 neque
3065 2722 3179 2776 quo
3214 2704 3432 2777 Aopifice
3461 2705 3652 2777 factus

2006 2775 2235 2901 guisset,
2277 2774 2671 2848 nequequod
2719 2782 2875 2833 esset
2928 2774 3097 2833 illius
3141 2775 3228 2833 vel
3267 2774 3514 2832 initium
3565 2774 3655 2831 vel

2050 2863 2155 2901 nis.
2190 2869 2211 2896 ι

2050 2863 2155 2901 111$.
2190 2869 2211 2896 ι

2075 2919 2187 2989 (11)
2223 2920 2374 2972 Hane
2402 2918 2731 2973 novitiolam
2770 2927 3119 2990 paraturam.
3154 2918 3376 2973 Novum
3431 2917 3653 2990 instru-

2006 2988 2561 3063 mentum.i_R1_G._—
2592 2988 2920 3063 Novitiolam
2962 2992 3309 3063 paraturam.
3357 2988 3659 3063 Novellum

2007 3066 2224 3116 sectam
2280 3060 2743 3117 Christianorum
2797 3062 2935 3118 alibi
2963 3060 3194 3118 'vocat:
3239 3066 3327 3117 est
3375 3061 3533 3118 enim
3585 3060 3658 3117 ab

2005 3133 2257 3207 Tiberio,
2292 3133 2462 3203 cujus
2493 3150 2608 3188 sevo
2648 3133 2922 3207 explicari
2953 3134 3123 3206 ccepit
3154 3132 3413 3207 heec‘lex.
3448 3134 3584 3189 Lac.

2080 3205 2187 3274 (12)
2222 3206 2293 3257 Et
2335 3220 2405 3259 ea:
2456 3204 2737 3261 varietate
2767 3204 3152 3333 defensionum
3197 3204 3406 3276 judicet
3456 3207 3660 3260 verita-

2080 3292 2134 3328 η.
2168 3274 2257 3331 Sic
2288 3275 2503 3333 legitur
2551 3276 2771 3333 nassim
2868 3278 2920 3333 ic
2975 3276 3159 3333 locus.
3192 3283 3412 3333 tamen.
3446 3276 3496 3331 si
3528 3274 3660 3333 auis

2008 3278 2134 3348 tem.
2168 3274 2257 3331 Sic
2288 3275 2503 3348 legitur
2550 3276 2771 3348 passim
2825 3274 2920 3334 hic
2975 3276 3159 3346 locus,
3192 3274 3412 3347 tamen,
3446 3276 3496 3331 si
3528 3274 3663 3346 quis

2009 3346 2180 3413 alius,
2215 3346 2369 3402 male
2424 3346 2684 3404 affectus.
2718 3349 2851 3412 Qum
2909 3349 3065 3405 enim
3126 3350 3184 3403 in
3244 3348 3342 3403 illo
3382 3348 3471 3402 vel
3512 3348 3665 3402 mica

2009 3421 2136 3473 sani
2184 3419 2431 3491 sensus?
2479 3423 2621 3475 Cum
2670 3420 2908 3477 videant
2938 3420 3261 3487 veritatem,
3295 3417 3534 3491 exponit
3582 3418 3663 3491 La

2009 3490 2213 3559 Cerda,
2235 3510 2262 3545 ει
2297 3490 2499 3546 multis
2530 3493 2757 3547 diverso
2800 3494 3029 3547 tramite
3072 3492 3325 3547 defendi.
3358 3489 3539 3558 itane,
3574 3489 3663 3543 vir

2010 3563 2197 3625 docte,
2248 3562 2620 3629 Marcionitae,
2656 3564 2936 3632 Gnostici,
2965 3561 3359 3620 Valentiniani
3392 3567 3448 3618 et
3494 3560 3659 3617 simi-

2011 3634 2087 3690 lia
2120 3634 2439 3707 bominujmr
2468 3641 2853 3707 purgamenta
2884 3636 3185 3692 veritatem
3236 3637 3431 3706 aliquo
3459 3634 3657 3707 ,modo

2011 3706 2369 3778 defendunt?
2402 3706 2525 3763 Non
2566 3705 2759 3778 potest
2798 3708 3074 3778 ineptius.
3110 3705 3426 3764 Videamus
3455 3705 3656 3778 itaque

2012 3779 2149 3850 quid
2186 3777 2315 3832 libri
2351 3777 2489 3832 editi
2540 3775 2595 3832 et
2645 3795 2785 3833 mss.
2820 3775 3213 3850 suppeditent.
3262 3778 3446 3833 Aldus
3481 3775 3656 3832 :«iUt

2012 3849 2077 3904 ex
2144 3850 2385 3904 veritate
2452 3849 2857 3904 defensionum
2896 3849 3180 3906 ’vindicet
3246 3850 3570 3905 veritatem.
3626 3869 3655 3897 »

2014 3921 2197 3975 Rhen.
2226 3939 2238 3976 :
2267 3943 2291 3967 ‹‹
2325 3920 2396 3976 Ut
2425 3936 2488 3975 ex
2520 3922 2758 3977 veritate
2796 3923 3198 3977 defensionum
3234 3922 3485 3977 vindicet
3512 3919 3659 3975 veri-

2013 3998 2215 4047 tatem.
2245 4014 2264 4040 »
2297 3993 2525 4047 Herald.
2565 3999 2723 4048 Pam.
2766 3993 2839 4048 La
2869 3994 3051 4049 Cerda
3075 4013 3087 4050 :
3112 4018 3139 4045 ‹‹
3167 3994 3231 4048 Et
3268 4011 3338 4049 ex
3382 3992 3659 4047 varietate

2016 4063 2420 4118 defensionum
2461 4064 2685 4133 judicct
2724 4065 3046 4120 veritatem.
3079 4089 3105 4115 υ
3137 4066 3248 4121 Sed
3282 4067 3362 4120 La
3390 4065 3572 4119 Corda
3601 4062 3660 4115 in

2018 4135 2193 4216 notis‘
2216 4150 2350 4188 cum
2384 4138 2620 4216 \Xouvv:
2653 4135 2793 4216 legit
2840 4139 3170 4216 vanitatem._
3191 4136 3299 4216 Ms.
3331 4137 3391 4191 L.
3426 4140 3486 4190 Β.
3514 4150 3661 4216 con-

2019 4207 2376 4280 spiratcum
2415 4206 2645 4280 Herald.
2682 4206 2791 4261 nisi
2837 4209 2991 4280 quod
3025 4209 3291 4280 prazferat
3333 4224 3467 4280 cum
3510 4206 3664 4280 Bhe-

2019 4275 2170 4351 nano
2203 4275 2379 4351 [quod
2401 4284 2483 4351 _et
2520 4278 2670 4351 facit
2699 4280 2834 4351 Cod.
2855 4275 3074 4351 ‘Agob_.]
3104 4279 3357 4334 vindicet.
3388 4278 3663 4349 Optimus

2018 4348 2271 4420 denique
2314 4348 2478 4404 Fuld.
2516 4350 2665 4406 hanc
2712 4348 3021 4407 lectionem
3051 4351 3286 4406 exhibet
3311 4348 3668 4421 defectionem

2018 4422 2257 4477 vindicet
2301 4424 2565 4492 veritatis,
2598 4423 2872 4493 ascripsit
2909 4424 3143 4478 Junius.
3178 4424 3313 4485 Qum
3358 4421 3526 4478 lectio
3576 4424 3669 4476 est

2022 4494 2366 4549 rectissima.
2401 4496 2516 4564 Ego
2560 4494 2695 4549 huic
2726 4511 2957 4566 quoque
2989 4494 3317 4566 acquiesco,
3353 4511 3486 4549 nam
3519 4493 3668 4565 cpti-

2022 4582 2155 4640 mus
2186 4570 2274 4620 est
2303 4581 2512 4620 sensus
2545 4583 2557 4621 :
2594 4582 2665 4620 ne
2691 4566 2841 4640 quis,
2875 4565 3090 4640 inquit,
3132 4572 3341 4640 arguat
3370 4582 3540 4640 nos_a
3568 4580 3667 4640 vef

2023 4638 2214 4702 ritate,
2250 4652 2376 4707 quas
2430 4654 2546 4691 una
2576 4643 2683 4701 est,
2718 4637 3020 4702 defecisse,
3053 4656 3184 4693 cum
3205 4637 3335 4695 tam
3387 4637 3582 4693 multze
3612 4638 3671 4691 et

2024 4710 2264 4781 diversa:
2295 4707 2450 4781 inter
2482 4726 2597 4781 nos
2619 4710 2735 4765 sint
2756 4711 3078 4780 sententiae,
3110 4712 3263 4781 quod
3296 4711 3504 4766 abnuit
3531 4710 3670 4781 Ter:

2024 4780 2490 4861 tullianushquia
2520 4780 2603 4861 illi
2628 4782 2725 4853 qui
2758 4782 3066 4861 nobiscum
3097 4779 3460 4861 dissentiunt
3489 4779 3678 4861 nostri

2026 4870 2141 4907 non
2201 4850 2457 4921 amplius
2509 4850 2853 4921 jam—sunt,
2886 4855 2987 4909 sed
3045 4855 3293 4911 adulteri
3349 4871 3418 4911 ex
3474 4850 3677 4908 schola

2028 4928 2227 4979 nostra
2258 4922 2445 4992 ejecti.
2484 4923 2620 4978 Vide
2651 4941 2771 4992 cap.
2809 4926 2895 4989 46,
2929 4926 2985 4979 in
3021 4927 3151 4980 line.

2102 4996 2215 5065 (l3)
2269 4995 2637 5065 Operuiztibus
2699 4998 3102 5051 aemulationem
3175 4999 3339 5052 istam
3389 4995 3678 5066 spiritibus

2032 5066 2657 5139 erroris._Augustin.,
2716 5067 2780 5139 de
2839 5069 3028 5123 Trinit.
3080 5068 3183 5122 lib.
3242 5086 3328 5132 III,
3380 5084 3507 5137 cap.
3552 5066 3678 5139 1_O_:

2035 5160 2059 5186 α
2099 5134 2685 5211 ῡίδὺοιυωᾞοΑἱ-ωαε
2728 5137 2997 5209 deceptas
3046 5139 3369 5210 illusasque
3416 5134 3681 5211 praecipi-

2034 5214 2212 5275 tasse,
2253 5227 2387 5264 cum
2448 5209 2839 5281 polliceretur
2868 5209 3291 5280 purgationem
3324 5209 3551 5275 animae,
3582 5223 3686 5281 per

2036 5297 2134 5336 eas
2186 5298 2351 5353 quas
2382 5279 2601 5341 τελετὰς
2651 5278 2970 5353 appellant,
3000 5278 3492 5353 Vtransligurando
3531 5278 3600 5336 se
3623 5280 3684 5335 in

2035 5352 2307 5422 angelum
2340 5352 2510 5422 lucis,
2545 5370 2644 5423 per
2692 5352 3115 5409 multiformem
3167 5352 3683 5417 machinationem,

2037 5424 2095 5477 in
2128 5424 2315 5497 signis
2340 5429 2439 5497 Aet
2484 5424 2768 5497 prodigiis
2808 5426 3174 5482 mendacii.»
3208 5426 3505 5493 Quomodo
3551 5439 3686 5497 vero

2036 5494 2203 5569 varia
2227 5494 2499 5569 Ecclesiae
2525 5497 2625 5551 Dei
2658 5494 2872 5552 arcana
2915 5498 3147 5554 miseris
3177 5498 3496 5569 gentilibus
3527 5494 3687 5569 obtef

2041 5567 2303 5640 nebravit
2361 5569 2641 5640 antiquus
2701 5586 2965 5639 serpens,
3000 5563 3238 5625 omnino
3287 5566 3469 5640 videri
3513 5563 3691 5640 debet

2041 5639 2387 5695 doctissima
2412 5632 2737 5696 Casauboni
2787 5632 2961 5711 opera
3007 5641 3067 5697 in
3115 5642 3354 5697 Exercit.
3388 5637 3457 5694 ad
3485 5632 3687 5711 Ann.al_.

2044 5717 2272 5780 Baron.,
2326 5714 2561 5768 exercit.
2599 5714 2683 5779 l6,
2728 5704 2855 5783 cap.
2890 5715 2976 5779 43,
3010 5718 3067 5769 et
3114 5713 3379 5783 ejusdem
3429 5711 3567 5765 nota
3614 5704 3690 5761 ad

2044 5784 2245 5841 Persii.
2278 5788 2392 5840 Sat.
2427 5802 2482 5855 v,
2517 5800 2750 5841 versum
2786 5784 2907 5840 129.

3297 5907 3375 5972 19
