4094 6186
455 324 577 385 587

980 325 1505 386 TEHTULLIANI
1553 326 1871 385 OPEHUM
1926 325 2120 385 PARS
2166 325 2215 383 Ι.
2248 358 2319 367 -—
2351 325 2625 384 SERIES
2673 325 2717 393 I,
2768 322 3333 383 APOLOGETICA.

3690 329 3790 391 588

456 461 522 512 ut
551 456 686 529 quis
715 455 845 511 ideo
866 472 980 511 non
1022 461 1185 528 putet
1205 456 1549 512 Christianis
1573 456 2110 527 credendum,quia
2140 472 2192 536 Α
2225 472 2337 510 non
2378 456 2658 521 sustinet;
2713 470 3016 526 nunquam
3045 452 3202 509 enim
3250 469 3448 525 corpus
3489 454 3674 513 umbra
3714 466 3798 516 aut

452 563 558 602 nec
590 546 797 618 poetis,
831 562 937 601 nec
982 544 1373 618 philosophis,
1404 545 1489 601 vel
1522 545 1651 601 ideo
1682 546 1871 617 magis
1924 546 2109 618 poetis

453 639 511 691 et
568 633 935 706 philosophis
994 635 1291 690 existimet
1346 635 1734 703 credendum,
1796 635 1934 706 quia
1992 651 2106 689 non

455 722 824 779 Christianis.
853 728 1055 796 Itaque
1088 729 1143 778 et
1186 725 1449 779 ridemur
1497 723 1681 779 Deum
1724 725 2109 795 praedicantes

448 812 873 883 judicaturum.
899 814 993 868 Sic
1030 814 1184 868 enim
1222 818 1279 869 et
1301 814 1455 870 520
1483 818 1661 884 poetae
1684 819 1740 867 et
1772 812 2107 885 phiIOSOpbi

454 900 712 956 tribunal
757 903 909 973 apud
958 903 1173 958 inferos
1220 908 1465 973 ponunt.
1499 904 1555 957 Si
1586 903 1911 973 gehennam
1946 918 2106 957 com-

454 990 770 1061 minemur,
804 1007 930 1062 quae
982 996 1071 1047 est
1119 992 1274 1063 ignis
1323 992 1518 1047 arcani
1569 992 1988 1047 subterraneus
2035 992 2105 1046 ad

451 1095 683 1149 poenam
736 1079 1087 1146 thesaurus,
1141 1080 1381 1151 proinde
1442 1080 1960 1135 decachinnamur.
2013 1080 2107 1135 Sic

452 1168 607 1224 enim
634 1172 691 1224 et
718 1168 1209 1241 Pyriphlegethon
1236 1171 1389 1241 apud
1426 1175 1685 1225 mortuos
1706 1170 1752 1203 6‘
1782 1169 1973 1225 amnis
1996 1173 2102 1224 est.

452 1258 524 1313 Et
569 1257 620 1313 si
676 1258 1015 1329 paradisum
1076 1259 1450 1314 nominemus
1484 1260 1615 1328 (1-4),
1649 1258 1841 1313 locum
1899 1258 2106 1312 divinae

453 1348 813 1403 amoenitatis
844 1348 1196 1420 recipiendis
1218 1354 1556 1404 sanctorum
1590 1348 1896 1420 spiritibus
1927 1348 2104 1403 desti-

454 1439 682 1504 natum,
715 1438 971 1493 maceria
1003 1438 1255 1509 quadam
1298 1437 1479 1510 igneae
1511 1437 1670 1493 illius
1702 1455 1859 1494 zonae
1890 1455 1923 1492 a
1955 1436 2105 1493 noti-

453 1524 533 1579 tia
553 1525 711 1580 orbis
735 1528 1065 1581 communis
1093 1532 1481 1599 segregatum,
1505 1527 1681 1599 Elysii
1706 1528 1897 1598 campi
1932 1528 2105 1582 {idem

453 1620 903 1685 occupaverunt.
944 1614 1106 1669 Unde
1156 1615 1299 1683 haec,
1333 1633 1431 1672 oro
1463 1634 1586 1685 vos,
1610 1616 1976 1688 philosophis
2009 1619 2111 1670 aut

451 1702 638 1773 poetis
668 1706 787 1757 tam
841 1703 1214 1759 consimilia?
1246 1722 1357 1760 non
1393 1704 1504 1760 nisi
1540 1707 1610 1760 de
1644 1704 1862 1760 nostris
1911 1721 2107 1760 sacra-

451 1792 667 1847 mentis
693 1808 707 1846 :
731 1792 779 1846 si
812 1792 882 1847 de
916 1793 1131 1848 nostris
1164 1793 1654 1860 sacramentis,ut
1685 1795 1755 1849 de
1785 1794 2109 1875 prioribus,

448 1896 586 1953 ergo
648 1880 937 1937 ﬁdelioria
969 1889 1111 1937 sunt
1159 1888 1383 1951 nostra,
1436 1884 1744 1955 magisque
1798 1884 2109 1951 credenda,

452 1986 705 2041 quorum
757 1968 1045 2043 imagines
1078 1988 1307 2042 quoque
1353 1972 1531 2027 ﬁdem
1580 1972 1909 2040 inveniunt;
1953 1972 2002 2028 si
2035 1973 2105 2029 de

453 2057 579 2113 suis
611 2060 1057 2130 sensibus,jam
1109 2077 1245 2132 ergo
1291 2066 1659 2117 sacramenta
1707 2067 1908 2117 nostra
1958 2063 2106 2118 ima-

454 2146 618 2217 gines
650 2148 1043 2218 posteriorum
1078 2147 1474 2220 habebuntur,
1504 2151 1660 2221 quod
1693 2168 1887 2207 rerum
1920 2151 2107 2207 forma

2220 544 2525 601 veritatem
2556 544 2752 616 imago
2785 542 3075 616 praeedit.

2786 650 3013 706 CAPUT
3051 648 3290 705 XLVIII.

2217 745 2659 797 ARGUMENTUM.
2693 770 2759 780 —
2808 739 3008 794 Mirum
3055 754 3286 811 quoque,
3329 738 3459 811 quod
3507 739 3807 811 philosophis

2289 813 2661 868 incredibilia
2712 812 3027 868 docentibus
3066 810 3310 875 'credant,
3338 810 3519 880 ’magis
3565 810 3813 867 credibilia

2286 886 2430 955 apud
2484 885 2834 939 (hrisiiauos
2886 885 3179 948 damnent;
3225 882 3360 953 quod
3410 884 3686 938 luculenter
3728 884 3807 938 ad-

2288 958 2508 1012 modum
2556 959 2875 1027 exsequitur
2919 959 2977 1010 z'n
3026 956 3420 1011 resurrectione
3469 961 3517 1009 et
3569 962 3809 1010 restaura-

2287 1031 2439 1083 tiane
2484 1031 2670 1084 carnis
2708 1044 2804 1083 seu
2834 1030 3086 1100 corporis
3118 1027 3372 1096 humani,
3402 1028 3629 1098 opposita
3671 1027 3814 1081 brute

2286 1101 2507 1156 Laberii
2596 1100 3030 1172 Pythagoraeque
3116 1100 3431 1155 animarum
3517 1103 3805 1169 metempsy-

2286 1174 2456 1229 chosi.

2288 1268 2405 1333 Age
2429 1262 2576 1332 jam,
2597 1262 2643 1317 si
2679 1260 2809 1332 quis
2843 1259 3231 1332 philosophus
3264 1258 3531 1325 afﬁrmet,
3559 1262 3618 1313 ut
3644 1258 3714 1313 ait
3741 1259 3818 1313 La-

2216 1351 2414 1406 berius
2448 1352 2593 1407 5‘2]
2651 1352 2764 1422 (15)
2820 1351 2891 1405 de
2939 1348 3229 1405 sententia
3279 1348 3619 1421 Pythagorea,
3655 1345 3819 1401 homi-

2216 1457 2349 1496 nem
2404 1440 2527 1495 ﬁeri
2585 1456 2653 1496 ex
2712 1437 2897 1506 mulo,
2931 1438 3237 1494 colubram
3259 1438 3304 1472 ⁸⁸
3332 1453 3401 1493 ex
3455 1435 3679 1491 muliere
3708 1434 3817 1505 (16),

2215 1535 2273 1584 et
2320 1528 2378 1583 in
2438 1546 2566 1583 eam
2617 1527 2953 1599 opinionem
2985 1527 3183 1583 omnia
3239 1530 3579 1598 argumenta
3636 1523 3818 1594 eloquii

2216 1616 2429 1672 virtute
2473 1615 2782 1671 deterserit
2800 1616 2865 1683 ⁸⁸,
2909 1630 3102 1670 nonne
3151 1629 3499 1670 consensum
3518 1613 3559 1648 ⁸⁷
3608 1611 3821 1666 movebit

2218 1710 2274 1762 et
2306 1706 2481 1761 {idem
2531 1705 2735 1778 infiget
2766 1705 2942 1761 etiam
2974 1705 3044 1760 ab
3080 1703 3434 1760 animalibus
3484 1698 3823 1757 abstinendi?

2220 1798 2643 1867 proptereaque
2672 1810 3021 1865 persuasum
3053 1794 3187 1866 quis
3216 1792 3328 1848 hoc
3357 1791 3583 1858 habeat,
3607 1803 3671 1844 ne
3700 1789 3823 1844 forte

2220 1883 2501 1940 bubulam
2559 1884 2631 1938 de
2682 1882 2880 1955 aliquo
2912 1899 3124 1955 proavo
3187 1899 3294 1938 suo
3352 1881 3589 1936 obsonet
3621 1876 3738 1949 (1'7).
3768 1877 3826 1931 At

2214 1974 2369 2029 enim
2402 1972 2793 2040 Christianus,
2826 1972 2877 2028 si
2928 1972 2998 2027 de
3029 1969 3267 2027 homine
3297 1968 3589 2027 hominem
3634 1967 3824 2038 ipsum-

2216 2079 2326 2134 que
2357 2062 2429 2116 de
2458 2062 2592 2117 Caio
2624 2061 2828 2117 Caium
2875 2061 3145 2116 reducem
3188 2059 3551 2132 repromittat
3578 2056 3697 2126 (18),
3725 2059 3823 2111 sta-

2216 2152 2323 2207 tim
2381 2151 2498 2207 illic
2556 2151 2746 2209 vesica
2797 2150 3065 2222 queritur
3084 2150 3127 2186 ⁸⁸
3155 2150 3289 2223 (19),
3338 2146 3624 2222 lapidibus
3650 2145 3823 2216 magis,

1865 2353 2069 2415 Variae
2098 2353 2419 2415 lectiones.

522 2502 568 2578 ᾖ
594 2502 683 2578 Ad
715 2504 1001 2578 mortuos,
1021 2503 1267 2578 ΔΗαυενε.
1305 2521 1346 2578 γε
1394 2504 1517 2578 cod.
1568 2505 1725 2560 Fuld.
1802 2505 1845 2540 θδ
1876 2504 2216 2578 Colubrum,
2248 2509 2408 2565 Fron.
2486 2507 2530 2542 ⁶⁶
2560 2505 2903 2563 Distorserit
2928 2504 3095 2562 Seml.
3172 2504 3215 2540 ⁸⁷
3245 2504 3498 2562 Sensum
3527 2501 3643 2558 Ald.
3674 2500 3818 2556 Rhen.

449 2573 493 2609 ⁸³
525 2573 737 2631 Statim
769 2573 885 2630 illic
919 2573 1108 2631 vesica
1137 2577 1417 2647 quaeritur
1446 2576 1597 2633 addit
1630 2582 1769 2633 Hav.
1804 2594 1833 2634 e
1860 2578 1973 2634 cod.
2010 2578 2168 2635 Fuld.

1888 2758 2408 2820 Commentariu's.

514 2900 720 2974 (Μλει
764 2902 816 2974 si
858 2902 1187 2974 paradisum
1214 2906 1581 2961 nominemus.
1617 2907 1678 2960 In
1728 2920 1794 2961 eo
1847 2906 1956 2961 fuit
2005 2923 2094 2961 er-

442 2988 571 3029 rore
599 2972 1021 3045 Tertullianus,
1053 2981 1119 3031 ut
1169 2982 1507 3033 sanctorum
1542 2978 1769 3034 animas
1820 2980 1891 3033 ad
1940 2979 2093 3033 diem

443 3061 632 3119 usque
693 3045 902 3117 judicii
987 3047 1046 3101 iu
1127 3051 1397 3119 paradiso
1465 3051 1675 3105 servari
1762 3051 2093 3106 crediderit.

443 3118 722 3264 LE(_1P5I)‘.Ut
779 3190 1198 3264 ait_Laberius.
1256 3194 1432 3264 Poeta
1484 3191 1593 3246 fuit
1650 3192 2094 3264 mimographus

444 3261 618 3329 cujus
648 3260 919 3341 meminit
968 3262 1139 3316 etiam
1170 3269 1371 3342 auctor
1400 3262 1501 3317 lib.
1534 3264 1598 3317 de
1632 3260 1993 3345 Palliofcap.
2031 3266 2091 3333 1;

443 3334 500 3384 et
531 3330 884 3390 Macrobius.
930 3331 1211 3387 Saturnal.
1264 3333 1364 3386 llb.
1403 3351 1443 3387 ll
1468 3350 1480 3387 :
1506 3350 1571 3389 ac
1604 3334 1848 3390 Gellius.
1878 3336 1979 3390 11b.
2013 3354 2091 3390 x1.

443 3371 500 3384 νυ
531 3371 862 3385 διικνινυιυυ
930 3371 1079 3387 υιυυυνι
1100 3371 1211 3387 Ιικνο
1264 3371 1364 3386 ιι.υο
1403 3371 1443 3387 ιι
1468 3375 1480 3387 ο
1506 3371 1571 3389 αν
1605 3371 1825 3390 υυιιιιιῦ
1878 3371 1979 3390 ιιυ.
2013 3371 2070 3390 ΑΙ

440 3418 564 3474 cap.
599 3402 660 3469 9;
696 3402 767 3457 de
798 3371 911 3527 gub
955 3404 1125 3474 plura
1164 3406 1319 3474 apud
1349 3405 1632 3459 Crinitum
1685 3408 1742 3461 in
1778 3379 1943 3462 Decio
1979 3377 2093 3462 La:

440 3473 621 3527 berio.
664 3472 796 3527 Allu
844 3474 887 3527 it
936 3476 1005 3527 ad
1056 3478 1328 3527 eumdem
1372 3478 1654 3527 Minutius
1702 3479 1795 3527 his
1843 3479 2081 3527 verbis:

440 3472 621 3528 berio.
664 3472 887 3528 Alludit
936 3472 1005 3529 ad
1056 3472 1329 3533 eumdem
1372 3478 1654 3532 Minutius
1701 3479 1795 3534 his
1843 3479 2081 3535 verbis:

440 3567 467 3622 ξ(
514 3544 695 3622 Μίωἱ·
735 3544 947 3622 011101οῨ
976 3545 1154 3622 digna
1206 3547 1320 3622 ista
1377 3550 1668 3622 sententia
1714 3555 1874 3605 est.»
1909 3552 2085 3622 Atqui

435 3614 633 3692 Locum
683 3615 878 3692 ipsum
934 3614 1168 3692 Laberii
1207 3619 1297 3675 his
1327 3621 1537 3692 verbis
1592 3624 1881 3692 expressit
1930 3614 2086 3679 idem

437 3685 723 3753 Crinitus;
749 3687 813 3743 de
841 3687 1106 3746 honestat.
1134 3689 1381 3763 discipl.,
1406 3691 1508 3747 lib.
1544 3692 1614 3761 II,
1647 3685 1771 3765 cap.
1804 3695 1855 3749 3.

525 3811 591 3860 Et
625 3811 785 3876 audio
817 3813 957 3864 male
984 3815 1150 3865 multa
1175 3816 1335 3866 etiam
1366 3830 1429 3866 ex
1459 3818 1631 3876 bonis,

529 3876 629 3944 Per
656 3874 897 3944 illud,_ut
924 3890 1022 3944 nos
1056 3879 1182 3944 olim
1201 3884 1427 3944 mutant
1453 3874 1777 3944 philosophi,

529 3936 593 4011 Et
621 3950 767 4011 nunc
798 3938 862 4011 de
896 3942 1038 4011 mulo
1068 3942 1357 4011 hominem,
1380 3936 1695 4011 de’muliere
1726 3936 2021 4008 colubrum,

528 4000 768 4062 Faciunt,
801 4005 853 4051 et
883 4016 946 4052 ex
976 4004 1202 4053 diversis
1231 4000 1443 4055 diversa
1476 4006 1593 4055 alia.
1623 4008 1744 4057 Plin.

491 4115 621 4197 .(16_)_
651 4117 1068 4197 Colubramuea:
1112 4121 1382 4197 muliere._
1402 4123 1569 4197 Recte
1618 4122 1702 4197 sic
1749 4121 1971 4197 _Junius
2028 4127 2086 4197 et

437 4183 647 4261 Rigalt.
690 4190 877 4264 etiam
927 4193 1065 4264 Cod.
1117 4194 1409 4264 Agobard.
1463 4194 1561 4249 alii
1618 4194 1925 4249 colubrum.
1974 4195 2083 4249 Sed

432 4261 769 4336 yeteresilli
822 4261 1195 4336 femininum'
1220 4266 1410 4336 magis
1458 4270 1751 4331 amarunt,
1787 4266 1939 4336 quod
1991 4265 2084 4321 hic

435 4283 654 4316 veteres
689 4283 769 4315 uu
822 4283 1170 4321 remininum
1220 4283 1317 4321 ma
1363 4283 1410 4320 IS
1458 4283 1751 4331 amarunt,
1787 4283 1939 4336 quoa
1991 4283 2083 4321 nic

431 4330 493 4386 in
544 4331 788 4415 muliere
835 4334 1007 4415 etiam
1059 4336 1276 4415 aptius.
1320 4283 1576 4393 Eucilius
1626 4338 2083 4410 satyrographus

431 4404 588 4475 apud
620 4404 873 4462 Nonium
907 4404 1246 4464 Marcellum
1278 4425 1291 4465 :

516 4517 635 4586 {um
665 4518 1029 4586 disrumpetur
1056 4523 1265 4573 medius
1289 4524 1402 4586 jam
1436 4527 1494 4574 ut
1524 4524 1699 4573 Μαι-ευ
1730 4522 1974 4573 colubras

519 4580 810 4643 Disrumpit
838 4580 1025 4634 cantu.

422 4686 979 4765 Turpiliusibidem
1008 4708 1064 4765 ςςς
1088 4691 1349 4765 Arripuit
1380 4693 1683 4750 colubram
1722 4693 2074 4750 mordicus.»

423 4760 494 4816 Et
521 4760 704 4815 Varro
736 4761 1163 4820 Eumenidibus
1197 4780 1209 4819 :

548 4877 684 4945 Quid
717 4878 995 4945 dubitatis,
1031 4886 1209 4932 utrum
1242 4896 1389 4932 nunc
1428 4883 1542 4931 sitis
1570 4882 1941 4945 cercopitheci,

496 4941 579 4991 An
604 4941 857 5001 COIllbI‘tP,
877 4958 943 4993 an
961 4941 1160 4995 beluae!
1184 4961 1252 4995 an
1270 4948 1335 4996 de
1357 4946 1481 4996 albu
1502 4946 1652 4994 cibus
1667 4941 1819 4994 labus
1835 4943 2083 4994 Athenis?

421 5046 544 5125 Quo
597 5046 655 5101 in
710 5047 837 5103 loco
889 5051 1084 5107 forsan
1130 5059 1186 5108 et
1229 5055 1351 5125 ipse
1385 5052 1585 5107 irridet
1623 5050 2079 5125 Pythagoricum

419 5120 655 5191 dogma,
691 5136 849 5190 nam,
887 5127 948 5177 ut
992 5120 1321 5197 fragmenta
1354 5120 1692 5197 docent,‘in'
1725 5120 1839 5175 illa,
1876 5128 2080 5197 satyree

416 5198 603 5267 parte,
646 5209 825 5263 super
877 5193 1110 5250 omnem
1163 5197 1232 5250 de
1280 5193 1648 5267 philosophis
1693 5210 1895 5267 sermo
1946 5195 2077 5249 fuit.

414 5263 580 5327 Quod
614 5270 773 5334 patet
802 5267 1133 5323 evidentius
1167 5269 1239 5334 si,
1272 5263 1404 5323 cum
1440 5263 1703 5336 populari
1740 5281 1866 5319 meo
1902 5266 2079 5321 Auso-

415 5337 511 5409 nio
570 5340 814 5409 Popma,
871 5338 1082 5394 ultima
1143 5341 1254 5395 ista
1310 5338 1643 5409 manitesto‘
1677 5342 1950 5409 corrupta
2006 5339 2079 5394 ad

408 5406 636 5463 Graecas
660 5406 898 5464 litteras
935 5411 1223 5479 retrahas,
1257 5410 1566 5480 locumque
1599 5406 1681 5463 sic
1714 5406 1991 5465 restituas
2027 5426 2039 5465 :

499 5514 584 5565 An
601 5512 857 5575 colubrae,
875 5530 941 5566 an
964 5518 1162 5568 bellum
1187 5518 1237 5566 ἐν
1258 5516 1477 5581 κεφαλεῆ
1493 5515 1687 5579 quibus
1711 5512 1853 5578 λόγος
1873 5515 2074 5614 ἀτενήςὲ

407 5624 474 5676 ut
505 5621 577 5696 de
606 5620 869 5696 cristatis
900 5624 1072 5696 gallis
1103 5627 1179 5683 sit
1224 5642 1437 5694 sermo,
1470 5622 1868 5696 Pythagoricis
1902 5623 2075 5682 etiam

411 5692 931 5772 aplud‘liucianurﬁ
962 5697 1023 5753 in
1057 5698 1285 5772 Micyllo
1318 5692 1705 5770 philosophis.
1742 5695 1881 5750 Hav.

481 5763 592 5847 (17)
623 5764 701 5821 Ne
723 5767 865 5838 forte
891 5769 1159 5829 bubulam
1174 5763 1254 5830 'de
1276 5763 1463 5848 aliqua
1494 5763 1693 5844 prbavo
1714 5783 1812 5826 suo
1835 5784 1864 5825 0

2117 3450 2158 3515 Ο
2199 3458 2332 3497 cum
2356 3444 2459 3515 ille
2490 3440 2790 3515 scripserit
2816 3440 2953 3515 non

2120 4826 2164 4889 D
2196 4840 2315 4918 illic
2343 4838 2532 4918 vesica
2578 4826 2891 4918 quaerit-ur,
2911 4839 2968 4890 et
3004 4826 3371 4918 lapidibus:

2205 2906 2355 2961 Satis
2413 2904 2657 2960 ridicule
2720 2903 2966 2973 dictum,
3022 2903 3450 2976 potuissetque,
3508 2902 3557 2958 si
3620 2911 3823 2955 carmen

2207 2978 2586 3049 condidisset,
2620 2976 2701 3031 ita
2732 2977 2934 3032 efferre
2967 2992 2980 3029 :

2296 3113 2533 3174 Cumque
2566 3111 2768 3160 bonum
2800 3108 3288 3174 dabitispcaasorum
3312 3106 3557 3174 membra
3586 3103 3775 3174 palato,

2297 3172 2551 3223 Mand'ere
2579 3187 2674 3223 vos
2708 3176 2911 3222 vestros
2941 3172 3070 3221 scite
3099 3176 3152 3222 et
3185 3173 3381 3221 sentite
3412 3173 3671 3233 parentes.

2208 3299 2311 3353 Ubi
2359 3302 2556 3354 tamen
2615 3297 2826 3353 melius
2888 3297 3084 3353 forsan
3143 3296 3303 3369 legas
3369 3297 3611 3356 sentire;
3664 3286 3828 3369 Ογὶᾁῇ

2205 3376 2344 3426 sunt
2372 3388 2596 3442 versus,
2628 3371 2727 3425 sed
2750 3371 2833 3442 ad
2867 3363 3367 3441 praesentem'renc
3404 3363 3824 3442 accommodgii.

2999 3446 3278 3512 parentes,
3314 3441 3417 3514 sed
3438 3512 3451 3514 _
3473 3440 3687 3514 colonos
3715 3431 3824 3514 (lib.

2198 3532 2269 3569 xv
2315 3514 2437 3570 Mei.
2476 3508 2648 3569 versu
2708 3513 2851 3583 141).
2898 3508 3010 3569 Sed
3068 3529 3270 3569 eccum
3333 3512 3554 3568 ibidem
3611 3508 3726 3579 ipse
3774 3508 3824 3556 in

2197 3586 2353 3712 liipéic
2411 3586 2651 3642 modum
2709 3586 2974 3656 apposite
3024 3584 3183 3641 fatur
3237 3584 3620 3656 Pythagoras,
3676 3589 3824 3632 versu

2287 3792 2423 3854 Ergo
2452 3790 2718 3854 neipietas
2748 3788 2824 3854 sit;
2842 3789 2983 3839 victa
3013 3788 3266 3854 cupidine
3294 3787 3528 3854 ventris,

2287 3849 2496 3917 Parcite
2528 3849 2827 3917 [vaticinor]
2862 3849 3299 3917 cognata—sqcmde
3337 3849 3575 3917 nefanda

2286 3904 2579 3966 Exturbare
2608 3904 2829 3975 animas;
2855 3904 3216 3978 nevsanguine
3246 3914 3471 3978 sanguis
3503 3912 3686 3961 alatur.
3716 3904 3824 3954 Iuv.

2266 4050 2375 4121 (18)
2408 4050 2480 4104 De
2531 4046 2662 4121 _Caio
2722 4046 2916 4121 Caium
2962 4046 3218 4121 reducem
3264 4046 3635 4121 repromittat.
3676 4036 3825 4118 Caius

2185 4116 2995 4192 jurisconsultusadhibetur
3026 4118 3084 4172 in
3118 4116 3454 4192 exemplum
3491 4116 3570 4192 ad
3602 4116 3824 4192 restim-

2194 4185 2383 4264 gulae.
2418 4191 2813 4264 Repromiltere
2842 4197 3036 4245 autem
3083 4199 3169 4246 est
3218 4185 3381 4264 nuda
3433 4185 3824 4264 pollicitatiunc

2194 4253 2579 4334 cautioneque
2610 4262 2974 4334 promittere,
3006 4278 3119 4315 non
3154 4253 3469 4334 satisdato.
3496 4258 3644 4314 Alias
3674 4253 3826 4309 habet

2192 4333 2672 4409 signiﬁcationes,
2699 4334 2838 4409 yide
2869 4333 3253 4409 Schardium._
3274 4333 3458 4409 PAM._
3661 4400 3670 4409 ι
3725 4394 3736 4409 1
3764 4391 3774 4403 _

2266 4394 2378 4481 Z19)
2436 4394 3040 4481 Statim'illicuuesica
3091 4406 3370 4481 queritur.
3416 4400 3679 4481 _Apparet
3725 4394 3825 4475 hic.

2192 4470 2293 4536 sed
2354 4470 2411 4534 et
2470 4477 2689 4549 passim
2747 4476 2908 4545 alibi,
2967 4470 3199 4549 bonitas
3229 4470 3823 4549 Codicis'Fuldeusiez

2193 4553 2415 4623 absque
2445 4544 2558 4624 quo
2591 4564 2664 4603 ne
2714 4564 2816 4618 per
2873 4544 3168 4624 somnium
3230 4544 3827 4624 quidemJexcogitari

2192 4608 2665 4694 hoc‘potuisset.
2706 4608 2770 4673 In
2830 4620 3122 4694 omnibus
3163 4608 3349 4694 certe
3377 4608 3730 4694 editionibus
3778 4608 3829 4694 et

2192 4687 2501 4751 mssfaliis
2550 4694 2769 4747 frustra
2800 4706 3029 4761 quaeras
3063 4707 3077 4747 :
3112 4691 3273 4749 locus
3303 4689 3391 4747 sic
3429 4687 3825 4761 concipiturjn

2195 4768 2326 4823 istis
2384 4762 2762 4837 membranis,
2796 4756 2835 4811 ‹‹“
2880 4756 3822 4837 reducemhrepromittet,statim

3411 4838 3521 4889 etc.
3560 4824 3828 4905 Ascripsit

2196 4910 2514 4974 collationi,
2562 4903 2682 4962 sive
2742 4906 2970 4961 Modius
3027 4903 3099 4974 is,
3155 4908 3275 4962 sive
3330 4903 3665 4975 Scioppius,
3722 4903 3827 4973 sive

2190 4984 2451 5039 Junius:
2495 4979 2811 5051 legendum
2863 4981 3041 5051 vesica
3084 4982 3399 5049 quaeritur;
3431 4976 3490 5030 id
3541 4977 3825 5051 estnquam

2191 5056 2380 5111 ventis
2438 5041 2807 5122 disténditur:
2860 5041 3271 5122 cruciaturque
3348 5041 3564 5122 pectus
3612 5041 3823 5099 illorum

2189 5124 2723 5182 vehementissime.
2766 5120 3058 5196 Hactenus
3103 5118 3219 5177 ille.
3254 5118 3365 5178 Sed
3417 5118 3823 5196 mihihprover:

2189 5199 2349 5254 bium
2409 5198 2518 5253 hoc
2564 5195 2795 5249 videtur
2846 5193 3224 5265 desumptum
3281 5210 3314 5248 a
3370 5186 3679 5263 puerulis,
3736 5186 3824 5265 qui

2190 5270 2491 5343 mingendi
2522 5266 2943 5343 necessitatem
2975 5256 3149 5343 _ullra
3206 5266 3352 5321 ferre
3373 5256 3519 5343 -non
3573 5256 3822 5343 possunt.

2188 5334 2379 5399 vesica
2435 5339 2574 5413 lotio
2628 5336 2895 5413 impleta,
2922 5338 3193 5413 adeoque
3236 5350 3388 5413 saepe
3430 5334 3822 5413 virgam_me-

2188 5420 2417 5471 tuentes
2448 5405 2799 5486 exclamant.
2828 5405 2921 5464 Sic
2951 5408 3034 5464 illi
3062 5405 3262 5486 audita
3310 5405 3824 5486 hac___Christianu:

2190 5504 2319 5542 rum
2352 5483 2634 5555 oratione,
2666 5480 2866 5555 statim
2906 5479 3822 5555 egrediuntur_auditorio,._qua§}

2187 5554 2482 5627 mingendi
2513 5548 2830 5627 necessitas
2858 5548 3112 5627 urgeret.
3145 5552 3434 5627 Rigaltius
3466 5548 3823 5627 transiitmct}

2188 5613 2396 5687 ullovin
2428 5624 2645 5682 notulis
2691 5625 2906 5681 indicio
2934 5613 3156 5683 relicto.
3188 5613 3312 5683 Non
3357 5618 3637 5677 absimile
3666 5613 3823 5687 nobis

2187 5680 2568 5774 Sét'p‘ibieibi
2579 5714 2677 5752 um
2702 5698 2778 5774 de
2809 5713 2869 5753 re
2886 5680 3130 5774 ingrata
3146 5680 3169 5757 ἐ
3190 5680 3317 5758 iter:
3345 5711 3452 5753 seu
3480 5710 3546 5751 er
3573 5690 3640 5747 de
3667 5680 3823 5742 koudo

2178 5778 2268 5853 pia
2297 5771 2411 5832 ὐαη
2440 5771 2665 5847 krygen.
2697 5772 2839 5829 ΗΑν.
