4094 6186
345 303 470 364 593

1461 305 2049 367 APOLOGETICUS
2098 311 2142 366 A
2156 307 2277 366 DV.
2325 307 2648 366 GENTES.

3640 309 3756 366 594

345 453 584 510 cunque
624 437 920 494 resolutus
969 438 1170 506 fueris,
1209 454 1575 511 qumcunque
1631 443 1687 494 te
1753 439 1996 495 materia
2026 445 2077 510 Α
2110 438 2705 510 incomprehensibili,
2767 455 2835 494 ex
2883 437 3012 493 luce
3069 445 3124 493 et
3174 438 3457 507 tenebris,
3513 454 3582 494 ex
3628 438 3760 510 ipsa

341 527 1030 596 destruxerit,hauserit,
1063 526 1401 596 aboleverit,
1429 527 1489 582 in
1544 528 1798 583 nihilum
1861 545 1995 599 pro-

342 615 593 686 degerit,
620 615 827 672 reddet
847 621 922 671 te.
953 617 1096 686 Ejus
1126 621 1216 672 est
1249 617 1502 671 nihilum
1547 618 1770 688 ipsum,
1823 618 1996 688 cujus

341 711 405 759 et
438 708 648 759 totum.
683 708 852 777 Ergo,
884 705 1152 776 inquitis,
1179 721 1415 777 semper
1443 707 1813 761 moriendum
1864 707 1991 773 erit,

339 797 402 848 et
431 808 668 864 semper
712 795 1162 866 resurgendum.
1213 795 1270 848 Si
1322 795 1404 849 ita
1455 810 1651 849 rerum
1708 795 1991 849 Dominus

336 882 1054 956 destinasset,iugratis"
1083 882 1430 955 experireris
1470 885 1826 939 conditionis
1875 889 1987 938 tuae

332 970 526 1042 legem
561 971 696 1042 (33).
727 976 801 1025 At
829 987 986 1026 nunc
1039 973 1194 1029 526
1247 988 1362 1027 non
1424 971 1593 1026 aliter
1649 971 1985 1037 destinavit,

333 1075 519 1131 quam
546 1061 900 1131 praedicavit.
933 1064 1070 1125 Qum
1101 1061 1248 1117 ratio
1279 1061 1720 1117 universitatem
1780 1077 1849 1116 ex
1905 1061 1987 1116 di-

329 1147 611 1204 versitate
633 1149 985 1222 composuit,
1011 1156 1075 1205 ut
1104 1150 1303 1206 omnia
1333 1167 1400 1205 ex
1431 1149 1658 1205 temulis
1697 1151 1980 1205 substan-

328 1238 436 1292 tiis
466 1240 579 1292 sub
615 1240 838 1294 unitate
866 1244 1203 1295 constarent
1233 1254 1299 1294 ex
1340 1256 1523 1294 vacuo
1572 1245 1628 1294 et
1677 1239 1883 1305 solido,
1915 1257 1981 1295 ex

323 1326 601 1396 animali,
631 1334 688 1384 et
716 1343 785 1382 ex
839 1327 1169 1394 inanimali,
1227 1343 1295 1382 ex
1353 1327 1870 1399 comprehensibili
1925 1333 1981 1382 et

2108 529 2222 583 vita
2253 535 2309 583 et
2340 534 2563 594 morte;
2600 529 2800 584 eadem
2827 544 3011 582 aevum
3045 545 3278 600 quoque
3313 530 3392 584 ita
3461 529 3756 586 destinata

2106 634 2172 672 ac
2203 617 2480 674 distincta
2511 617 2841 674 conditione
2893 619 3210 688 conseruit,
3273 623 3335 673 ut
3393 619 3584 691 prima
3634 619 3753 676 haec

2105 721 2240 776 pars
2269 707 2338 759 ah
2372 706 2606 761 exordio
2639 723 2851 772 rerum,
2905 723 3080 776 quam
3141 705 3471 776 incolimus,
3530 711 3752 780 tempo-

2103 795 2207 850 rali
2241 802 2405 851 aetate
2438 799 2506 850 ad
2558 797 2728 851 linem
2761 797 2999 856 deﬂuat.
3042 814 3299 867 sequens
3337 815 3492 864 vero,
3563 816 3741 870 quam

2099 884 2594 955 exspectamus,in
2632 885 2921 939 inﬁnitam
2954 887 3334 940 aeternitatem
3367 892 3744 958 propagatur.

2098 972 2241 1027 Cum
2275 989 2410 1044 ergo
2460 973 2593 1028 finis
2653 978 2708 1027 et
2759 973 2926 1028 limos
2977 975 3221 1030 medius.
3285 975 3386 1045 qui
3447 974 3747 1044 interhiat,

2096 1062 2350 1117 adfuerit
2382 1062 2517 1132 (34),
2544 1067 2605 1116 ut
2639 1063 2810 1116 etiam
2845 1063 3048 1116 mundi
3084 1063 3272 1134 ipsius
3303 1063 3527 1134 species
3557 1067 3748 1118 trans-

2095 1151 2313 1205 feratur
2370 1165 2531 1220 aeque
2601 1151 2962 1220 temporalis,
3040 1168 3170 1221 quas
3232 1152 3314 1206 illi
3373 1153 3746 1224 dispositioni

2093 1239 2259 1294 aulszi
2287 1239 2405 1293 vice
2437 1256 2697 1310 oppansa
2731 1241 2878 1296 527
2907 1245 2993 1294 est
3023 1241 3134 1310 (35)
3165 1259 3178 1307 ;
3213 1246 3351 1296 tunc
3403 1243 3748 1298 restituetur

2091 1344 2264 1383 omne
2312 1327 2638 1383 humanum
2669 1345 2873 1401 genus,
2910 1330 2980 1384 ad
3013 1331 3461 1402 expungendum
3494 1333 3648 1404 quod
3680 1331 3740 1386 in

1757 1445 1963 1508 Variae
2013 1446 2335 1507 lectiones.

396 1552 442 1587 7°
463 1551 744 1624 lngratiis
772 1553 916 1622 coni.
942 1553 1170 1610 Haverc.

1772 1643 2292 1704 Commentarius.

319 1751 454 1821 set:
480 1769 509 1799 «
533 1749 624 1804 Tu
660 1748 840 1821 homo
869 1752 1100 1804 tantum
1131 1748 1177 1803 si
1206 1748 1503 1821 intelligas
1535 1754 1725 1812 tuum,
1776 1748 1865 1803 vel
1909 1749 1979 1804 de
2010 1753 2056 1819 Β

320 1827 343 1876 t
374 1820 440 1875 P.
476 1821 533 1875 d.
565 1820 898 1893 Dominum,
921 1826 1064 1877 etc.»
1094 1824 1325 1893 Nomen,
1360 1820 1574 1892 inquit,
1607 1821 1781 1878 homo
1804 1821 1973 1893 quasi

321 1893 532 1965 humu:
556 1910 585 1965 ;_
604 1897 663 1965 et
691 1892 931 1948 titulum
966 1893 1180 1965 Pythias
1211 1892 1634 1964 interpretatur
1663 1892 1895 1959 nomen,
1919 1899 1974 1948 et

324 1963 391 2019 in
425 1963 649 2020 notulis
676 1965 842 2019 addit
870 1966 929 2020 in
962 1963 1156 2021 Graeco
1197 1963 1465 2020 sermOne
1492 1965 1752 2021 faetorem
1794 1967 1971 2035 signi-

326 2036 511 2110 ﬁcare
535 2041 592 2110 et
625 2037 1014 2110 putredinem.
1038 2037 1147 2092 Sed
1182 2036 1327 2091 bene
1358 2039 1512 2108 quod
1571 2037 1645 2092 ab
1696 2038 1975 2110 inquina-

324 2107 585 2164 tissimis
619 2107 890 2165 manibus
918 2125 1069 2165 nova
1097 2113 1156 2164 et
1185 2107 1459 2165 accurata
1480 2110 1745 2164 versione
1775 2107 1972 2166 aucto-

327 2195 456 2235 rem
492 2185 607 2235 tam
643 2196 938 2237 merosum
967 2181 1263 2236 vindicare
1293 2181 1362 2250 [si
1399 2185 1594 2236 tamen
1656 2197 1757 2250 per
1811 2185 1973 2250 typo-

325 2250 590 2324 graphos
623 2258 1032 2324 emptoresque
1059 2250 1762 2322 licuerit],constituerim,
1797 2252 1976 2322 utqui

325 2269 590 2324 grapnos
623 2269 712 2307 em
761 2269 1032 2324 toresque
1059 2269 1762 2322 licuerit],constituerim,
1797 2269 1976 2322 utqui

325 2323 607 2450 iibsoluta
629 2324 696 2450 Iiin
722 2269 834 2380 hoc
865 2324 1108 2397 Apolog.
1145 2324 1291 2379 satis
1322 2339 1569 2396 magnos
1627 2339 1976 2395 progressus

352 2411 593 2450 ecerim.
678 2413 766 2450 Αν.

352 2411 593 2451 ecerim.
630 2411 766 2451 UAV.

327 2537 394 2592 Id
429 2546 514 2592 est
547 2538 644 2610 qui
678 2553 738 2592 es
770 2537 1074 2597 Dominus.
1099 2543 1236 2607 etc.,
1269 2554 1470 2593 earum
1503 2538 1723 2610 scilicet
1749 2541 1976 2593 creatu-

327 2609 738 2680 rarum,’quas
765 2610 936 2664 modo
968 2610 1088 2664 dixi
1120 2609 1267 2665 mori
1323 2614 1380 2665 et
1436 2609 1797 2678 reviviscere,
1849 2626 1979 2680 quae

325 2698 540 2737 omnes
569 2686 829 2736 autsunt
860 2682 970 2736 sub
995 2682 1141 2753 jugo
1172 2681 1452 2748 hominis,
1502 2687 1602 2736 aut
1653 2682 1978 2738 commodis

328 2754 468 2825 ejus
500 2753 781 2808 serviunt.
817 2753 1114 2825 Chrysost.
1147 2753 1236 2808 ad.
1271 2758 1406 2825 Gen.
1439 2770 1558 2825 cap.
1601 2770 1640 2816 ι,
1683 2754 1774 2825 28,
1817 2754 1973 2808 hom.

323 2824 404 2880 9:
435 2848 462 2872 ‹‹
489 2825 642 2880 Deus
673 2825 807 2881 fecit
827 2824 1124 2880 hominem
1156 2824 1478 2895 principem
1505 2824 1508 2825 ⁷
1539 2824 1801 2880 omnium
1851 2841 1977 2895 quae

325 2901 480 2952 sunt
511 2913 688 2967 super
719 2903 952 2966 terram,
986 2903 1044 2952 et
1075 2896 1220 2952 nihil
1253 2913 1429 2966 super
1469 2901 1682 2951 terram
1739 2897 1978 2951 homine

327 2969 536 3037 majus
568 2974 677 3037 est,
699 2969 797 3023 sed
831 2969 1030 3024 omnia
1060 2969 1169 3024 sub
1200 2973 1483 3039 potestate
1544 2967 1705 3022 illius
1761 2973 1970 3023 sunt.»

325 3040 516 3107 Idem,
551 3042 611 3095 in
639 3057 754 3111 cup.
790 3039 1236 3110 Gen,1v,hom.2t
1261 3057 1274 3096 :
1302 3039 1497 3094 «Nam
1531 3040 1680 3095 sicut
1709 3041 1974 3094 omnium

325 3116 485 3167 Deus
519 3111 910 3183 principatum
936 3112 1318 3182 habet,super
1346 3113 1544 3167 omnia
1576 3117 1690 3165 tam
1726 3111 1981 3167 visibilis
2011 3115 2053 3180 C

324 3200 512 3255 quam
547 3184 881 3250 invisibilia,
915 3183 1013 3256 qui
1047 3183 1310 3256 omnium
1355 3184 1624 3256 conditor
1679 3187 1734 3256 et
1790 3184 1981 3256 opifex

320 3254 458 3321 est;
494 3255 578 3311 sic
609 3262 664 3311 et
694 3273 825 3312 cum
856 3254 1127 3311 formavit
1157 3255 1437 3311 rationale
1459 3256 1567 3310 hoc
1599 3254 1842 3324 animal,
1889 3273 1980 3311 vo-

326 3327 731 3384 luitomnium
773 3327 1092 3383 visibilium
1128 3328 1480 3398 praefecturae
1517 3327 1751 3397 insigne
1782 3343 1978 3382 esse.»

326 3399 590 3463 Rursus,
624 3399 681 3454 in
725 3416 1016 3465 sermone,
1078 3399 1227 3466 Quod
1286 3400 1458 3455 Adam
1511 3401 1784 3470 pralatus
1830 3401 1983 3454 omni

321 3481 640 3527 creaturae:
662 3495 688 3520 ‹‹
710 3471 958 3527 Maxime
990 3488 1124 3526 cum
1153 3471 1309 3526 idem
1342 3471 1548 3526 artifex
1578 3471 1732 3526 Deus
1784 3475 1976 3541 potes-

323 3546 512 3597 tatem
537 3560 704 3598 suam
725 3544 784 3598 in
797 3559 1032 3598 omnem
1050 3543 1329 3598 fabricam
1344 3543 1528 3598 eidem
1545 3542 1770 3598 homini
1789 3540 1980 3598 fuerat

324 3614 682 3683 traditurus,
708 3620 771 3670 ut
800 3631 972 3686 quem
1006 3615 1332 3670 secundum
1384 3614 1688 3685 presidem
1738 3620 1869 3685 post
1917 3631 1978 3669 se

324 3687 523 3742 facere
554 3687 921 3758 disponebat,
953 3687 1226 3758 eumdem
1260 3686 1487 3758 faceret
1507 3686 1744 3758 plenum
1804 3690 1979 3756 atque

323 3757 992 3840 perfectum,habent_em
1023 3757 1083 3813 in
1108 3775 1236 3814 sese
1257 3762 1313 3814 et
1333 3757 1674 3840 dignitatem
1699 3774 1976 3840 qua‘p‘raa-

323 3829 593 3897 calleret,
618 3836 674 3885 et
715 3834 1061 3902 potestatem
1120 3847 1236 3955 qua
1287 3831 1514 3885 cunctis
1573 3829 1976 3885 animantibus

323 3902 683 3955 imperaret:
715 3901 1129 3955 soliserviensi
1161 3901 1220 3955 li.
1254 3918 1410 3955 aeuo
1442 3901 1493 3955 ei
1517 3905 1728 3955 cuncta
1749 3901 1976 3955 fuerant

320 3902 683 3973 imperaret;
715 3901 1220 3967 soliserviensilli,
1254 3918 1410 3971 aquo
1442 3901 1493 3956 ei
1517 3905 1728 3956 cuncta
1749 3901 1979 3958 fuerant

323 3991 397 4029 su
410 3974 670 4044 bjugata,
697 3978 759 4028 ut
791 3975 1104 4046 imperaret
1130 3974 1371 4046 mundo,
1398 3973 1644 4029 serviret
1673 3977 1806 4040 Deo,
1841 3974 1972 4046 Gre-

319 4050 552 4127 atorem
581 4045 1263 4127 suspiceret,creaturam
1289 4045 1407 4127 sibi
1438 4045 1972 4127 parerecompelle-

320 4123 436 4179 ret,
471 4116 821 4188 tantumque
850 4117 1240 4173 ditionisscse
1286 4116 1531 4172 Domino
1579 4116 1789 4172 debere
1846 4133 1974 4186 per-

324 4188 606 4260 spiceret,
642 4195 928 4258 quantum
955 4189 1080 4260 ipse
1111 4192 1430 4244 acreatura
1475 4188 1746 4260 exigeret.
1783 4211 1810 4239 »
1860 4188 1970 4260 Sed

319 4259 810 4334 quandoquidem
841 4259 1088 4334 lectione
1108 4260 1505 4334 hhrysostomi
1523 4259 1788 4334 delector
1810 4259 1977 4334 valde

324 4331 387 4389 et
445 4331 870 4390 incredibiliter
900 4333 1144 4397 afﬁcior,
1176 4331 1349 4388 liceat
1394 4331 1537 4386 mihi
1577 4331 1755 4386 alium
1809 4331 1968 4385 hisce

325 4407 589 4476 attexere
614 4404 804 4462 locum
836 4422 903 4460 ex
930 4407 1118 4476 Expos
1145 4405 1274 4474 ejus
1304 4405 1362 4458 in
1397 4402 1548 4459 Psal.
1583 4421 1658 4470 IX,
1721 4403 1819 4476 ubi
1871 4402 1975 4476 ille

317 4475 588 4553 ostendit
619 4477 975 4533 diminutum
996 4474 1232 4553 quidem
1249 4476 1574 4553 dominium
1609 4475 1765 4530 istud
1789 4474 1845 4527 in
1870 4474 1970 4529 ho-
2005 4490 2053 4553 Β

316 4549 489 4620 mine
523 4553 652 4620 post
682 4549 1358 4620 peccatumLsedgtamen
1387 4549 1529 4620 satis
1556 4561 1833 4620 magnum
1870 4563 1972 4616 pro

316 4618 581 4676 utilitate
611 4618 866 4676 hominis
896 4624 953 4677 et
1000 4619 1365 4676 Providentia
1415 4619 1612 4674 divina
1683 4618 1969 4672 relictum.

316 4703 526 4747 Aurea
553 4692 680 4761 ejus
710 4695 885 4749 verba
927 4698 1112 4748 sunt:
1169 4692 1274 4746 «Si
1333 4696 1526 4746 autem
1577 4705 1779 4762 parum
1830 4689 1968 4759 quid

315 4763 600 4834 detraxit,
634 4763 741 4820 hoc
770 4764 1052 4822 estetiam
1085 4765 1212 4834 ejus
1230 4761 1625 4834 providentiae.
1659 4761 1804 4816 Nam
1836 4765 1971 4834 ante

316 4833 789 4892 inobedientiam
861 4833 1276 4893 dominabatur
1327 4835 1571 4899 bestiis;
1645 4837 1778 4902 post
1850 4833 1970 4888 ino-

314 4907 682 4964 bedientiam
731 4912 926 4964 autem
981 4909 1052 4964 de
1103 4907 1210 4962 hac
1267 4909 1548 4978 potestate
1598 4904 1968 4978 aliquantum

315 4981 658 5035 detractum
708 4985 818 5035 est.
878 4979 1024 5034 Nam
1075 4995 1230 5032 nunc
1269 4974 1462 5033 'etiam
1504 4974 1843 5031 dominatur
1897 4974 1969 5031 iis

314 5051 630 5121 aliquibus
671 5052 921 5114 actibus,
977 5051 1074 5106 sed
1131 5067 1264 5104 cum
1321 5050 1531 5121 timore
1576 5065 1640 5102 ac
1697 5056 1967 5105 tremore.

313 5120 469 5194 Nam
518 5139 622 5177 nec
682 5127 870 5180 totum
917 5123 1224 5194 imperium
1289 5120 1553 5194 sustulit,
1616 5135 1718 5194 nec
1778 5125 1968 5194 totum

313 5193 593 5265 reliquit,
665 5197 765 5252 sed
828 5191 1188 5267 quiscunque
1243 5197 1409 5248 erant
1469 5193 1517 5247 ei
1583 5191 1817 5267 quidem
1895 5193 1964 5267 ad

313 5267 669 5322 alimentum
751 5271 808 5323 et
847 5265 1343 5322 exercitationem
1413 5265 1773 5329 necessarim,
1837 5265 1971 5318 sub-

307 5341 516 5424 jectas
564 5339 1055 5424 essehpermisit:
1103 5356 1228 5411 quae
1305 5341 1499 5393 autem
1557 5341 1714 5424 “sunt
1767 5336 1966 5424 effera-

317 5407 530 5474 tiores,
563 5427 678 5465 non
712 5407 935 5474 itidem,
971 5416 1035 5467 ut
1074 5407 1140 5466 ex
1200 5427 1304 5465 sua
1362 5425 1494 5464 cum
1553 5407 1669 5463 illis
1726 5414 1966 5462 conten-

319 5483 508 5550 tione,
567 5483 735 5552 primi
800 5483 1054 5551 parentis
1115 5481 1248 5534 Adin
1313 5481 1524 5536 veteris
1593 5480 1808 5552 peccati
1867 5480 1967 5552 ad-

322 5551 864 5610 moneretur.Undc
885 5555 1053 5608 etiam
1095 5570 1159 5607 ex
1187 5568 1251 5606 eo
1283 5554 1436 5622 quod
1473 5569 1584 5607 non
1604 5551 1767 5607 valde
1802 5551 1968 5606 nobis

321 5624 754 5696 subjiciuntur,
789 5640 1064 5696 magnum
1097 5624 1326 5678 lucrum
1347 5625 1581 5696 accedet
1609 5641 1624 5686 ;
1657 5623 1790 5696 quid
1813 5623 1964 5677 enim

321 5695 771 5768 nos’juvaret,si
801 5695 1026 5752 leonem
1053 5699 1262 5752 nostrae
1277 5695 1546 5766 potestati
1579 5695 1888 5751 obnoxium
1914 5699 1970 5750 et

2091 1750 2557 1823 mansuefactum
2591 1751 2937 1806 haberemus
2959 1751 2986 1804 ?
3017 1751 3155 1822 quid
3191 1753 3359 1807 nobis
3405 1755 3728 1823 prodesset.

2087 1821 2135 1876 si
2167 1824 2413 1892 pardum
2439 1823 2790 1878 haberemus
2821 1821 3118 1878 cicurem?
3146 1823 3300 1878 Nihil
3335 1821 3444 1878 nisi
3479 1826 3547 1880 ad
3574 1843 3728 1881 arro-

2085 1893 2341 1964 gantiam
2394 1899 2622 1948 tantum
2675 1899 2730 1949 et
2807 1894 3170 1964 superbiam:
3243 1900 3552 1966 propterea
3623 1897 3730 1953 has

2085 1967 2318 2036 quidem
2348 1966 2764 2039 permisitesse
2785 1971 3082 2039 exemptas
3127 1967 3198 2019 ab
3255 1967 3538 2038 imperio;
3603 1985 3728 2039 qua)

2082 2043 2222 2092 sunt
2243 2043 2437 2092 autem
2461 2039 2628 2092 nobis
2662 2037 2856 2106 utiles,
2888 2037 3077 2092 effecit
3106 2037 3466 2109 mansuetas,
3514 2037 3720 2096 bovem

2085 2114 2366 2176 aranlem,
2402 2115 2455 2164 et
2508 2126 2671 2164 ovem
2736 2109 3105 2165 amicientem
3153 2111 3337 2166 nostri
3395 2112 3718 2168 nuditatem

2084 2181 2342 2250 corporis
2364 2186 2418 2234 et
2443 2182 2878 2254 jumenta_apta
2899 2182 2967 2235 ad
3019 2198 3087 2236 ea
3134 2182 3396 2237 vehenda
3433 2200 3560 2254 quae
3617 2185 3724 2239 im-

2087 2254 2300 2322 portari
2335 2251 2735 2324 autexportari
2755 2251 3166 2324 possunt,aves
3196 2260 3253 2307 et
3277 2251 3467 2324 pisces
3491 2261 3551 2310 ut
3573 2259 3729 2310 esset

2087 2324 2256 2378 nobis
2288 2340 2492 2378 mensa
2521 2323 2808 2378 lautiorJ»
2838 2323 3207 2394 lllustratque
3239 2323 3357 2380 rem
3423 2343 3456 2380 a
3502 2327 3682 2381 simili
3713 2343 3725 2380 :

2087 2417 2115 2444 ‹‹
2139 2395 2639 2457 Quemadmodum
2663 2395 2820 2449 enim
2853 2410 2985 2449 cum
3017 2397 3150 2466 quis
3171 2397 3501 2450 exheredat
3546 2397 3731 2452 {ilium

2088 2483 2202 2521 non
2229 2467 2416 2536 privat
2445 2483 2579 2521 eum
2613 2468 2908 2532 omnibus,
2942 2468 3041 2520 sed
3090 2473 3253 2537 parte
3302 2467 3501 2536 aliqua
3562 2473 3628 2522 ut
3669 2485 3732 2523 se

2088 2538 2360 2609 corrigat,
2393 2539 2474 2592 ita
2489 2540 2664 2593 etiam
2689 2539 2857 2593 Deus.
2891 2542 3010 2591 Imo
3042 2555 3155 2593 non
3191 2539 3294 2600 sic,
3358 2540 3455 2592 sed
3529 2543 3734 2595 contra

2088 2610 2298 2683 potius.
2332 2614 2516 2665 Homo
2549 2610 2725 2674 enim,
2759 2611 2857 2683 qui
2891 2609 3239 2683 exhaaredat,
3293 2613 3512 2679 majore
3573 2617 3733 2683 parte

2088 2681 2587 2754 privat,minorem
2611 2698 2742 2736 vero
2765 2682 3044 2752 relinquit
3071 2706 3085 2748 ;
3110 2681 3480 2754 Deusautem
3517 2681 3735 2754 majore

2087 2752 2310 2827 relicta.
2344 2753 2553 2825 exigua
2568 2753 2820 2827 privavit
2838 2752 3234 2827 portiuncula,
3268 2753 3444 2825 idque
3477 2755 3550 2810 ad
3603 2752 3732 2827 ejus

2087 2825 2397 2881 ulilitatem
2430 2843 2501 2880 ne
2532 2825 2641 2880 alia
2671 2825 2862 2880 omnia
2911 2825 3079 2880 facile
3120 2829 3531 2896 superarent.»
3585 2825 3726 2883 Ηλν.

2155 2898 2268 2964 (33)
2291 2899 2545 2965 [ngratis
2575 2899 2912 2964 experireris
2941 2897 3277 2953 conditionis
3300 2901 3411 2955 tum
3440 2898 3729 2966 legemln-

2085 2969 2267 3040 gratis
2294 2970 2446 3039 quod
2482 2968 2577 3023 alii
2637 2969 2839 3023 dicunt
2893 2969 3202 3040 Ingraliis,
3240 2968 3348 3024 hoc
3385 2975 3495 3038 est,
3535 2969 3725 3027 Etiam

2087 3039 2290 3095 nolens
2317 3039 2660 3112 experireris
2684 3040 3034 3096 conditionis
3057 3044 3172 3096 tuae
3192 3039 3399 3112 legem.
3437 3041 3562 3096 Rm.

2163 3112 2272 3181 (34)
2307 3111 2441 3166 Cum
2469 3129 2593 3181 ergo
2622 3113 2749 3180 ﬁnis
2777 3117 2828 3167 et
2858 3112 3023 3185 limes,
3044 3111 3276 3181 medius,
3307 3114 3404 3182 qui
3434 3112 3728 3185 interhiat,

2091 3183 2352 3254 adfuerit.
2419 3187 2545 3237 Loci
2603 3183 2950 3238 subobscuri
3015 3184 3108 3238 hic
3155 3188 3243 3238 est
3299 3199 3543 3240 sensus:
3596 3183 3729 3240 cum

2091 3257 2625 3338 ergocenstitutum
2658 3263 2892 3338 tempus
2922 3261 2978 3308 et
2996 3256 3394 3338 terminusille
3411 3261 3727 3338 extremus,

2088 3327 2183 3398 qui
2216 3328 2368 3381 inter
2393 3327 2883 3398 temporalem’et
2940 3332 3279 3398 perpetuam
3330 3332 3555 3398 salutem
3615 3327 3726 3395 est,

2091 3396 2284 3453 dictus
2334 3415 2364 3452 a
2404 3396 2582 3454 Paulo
2631 3398 2892 3470 apostolo
2936 3396 3139 3470 ἄτοξλος
3187 3397 3275 3452 καὶ
3327 3396 3457 3470 pnus
3520 3398 3729 3470 ὑφοαλ-

2093 3451 2196 3542 ι]δό
2225 3451 2576 3542 (rapam
2607 3451 2882 3531 οὸὴίηὲβιξξ
2925 3451 3052 3542 capi
3105 3451 3216 3534 iv,
3255 3451 3349 3540 52)
3398 3451 3728 3537 «aeriam

2089 3542 2266 3598 etiam
2299 3544 2486 3614 ipsius
2520 3543 2720 3598 mundi
2755 3543 2999 3616 species,
3033 3559 3163 3613 quae
3192 3559 3354 3616 aeque
3384 3543 3730 3616 temporalis

2087 3622 2176 3670 est
2205 3631 2270 3670 ac
2289 3613 2472 3687 aevum
2505 3620 2560 3670 et
2592 3619 2818 3686 tempus
2851 3614 3066 3687 ipsum,
3100 3620 3158 3670 et
3213 3613 3524 3670 hactenus'
3557 3617 3726 3687 quasi

2087 3687 2338 3744 densum
2369 3686 2560 3741 velum
2595 3691 2647 3740 et
2682 3687 2931 3741 maceria
2978 3686 3186 3757 ingens
3246 3687 3514 3758 prohibet
3569 3686 3728 3744 teter-

2086 3759 2286 3816 nitatis
2312 3775 2508 3826 usum,
2541 3763 2803 3813 transeat
2823 3761 2880 3813 et
2911 3759 3420 3828 immutetur,tunc
3452 3760 3726 3816 restitue-

2083 3834 2179 3887 tur
2202 3848 2371 3888 omne
2401 3831 2968 3903 hurnanumggenus,
3029 3835 3138 3886 etc.
3199 3831 3396 3887 Oratio
3457 3831 3725 3903 Septimii

2084 3903 2166 3958 ita
2196 3903 2480 3974 distingui
2505 3901 2713 3956 melius
2737 3902 2947 3974 forsan,
2969 3903 3176 3974 possit,
3197 3925 3224 3974 ς(
3245 3905 3388 3957 Cum
3419 3901 3556 3974 ergo
3588 3903 3722 3959 ﬁnis

2085 3981 2143 4032 et
2173 3972 2619 4041 limes,medius
2651 3972 2748 4044 qui
2783 3973 3076 4039 interhiat,
3111 3973 3383 4029 adfuerit.
3411 3996 3438 4022 »
3480 3972 3620 4030 HAv.

2155 4047 2618 4119 (35)Aul$iuiw
2647 4063 2888 4119 appensa
2931 4048 3027 4099 est.
3089 4045 3280 4119 Supra
3335 4062 3460 4115 cap.
3514 4047 3599 4112 16,
3651 4046 3724 4119 de

2081 4116 2207 4172 velo
2240 4114 2594 4173 sanctuarii:
2622 4141 2647 4166 ››
2671 4117 2853 4171 Etiam
2889 4114 3577 4188 conspectuicaaterorum
3597 4114 3722 4188 velo

2084 4205 2346 4260 oppanso
2376 4189 2853 4260 interdicebatur.
2887 4210 2911 4235 ››
2948 4187 3050 4243 Hic
3099 4189 3292 4260 forsan
3353 4187 3615 4260 respexit
3652 4187 3724 4242 ad

2081 4258 2227 4333 illud
2260 4260 2507 4333 Virgilii,
2542 4261 2758 4333 quisic
2788 4259 3117 4330 loquentem
3140 4259 3421 4315 Venerem
3443 4260 3516 4315 ad
3539 4258 3726 4314 filium

2082 4332 2319 4388 Encam
2352 4332 2575 4388 inducit
2607 4332 2705 4387 lib.
2734 4350 2793 4396 II,
2820 4333 2961 4386 60/1:

2177 4423 2384 4481 Aspice,
2417 4435 2649 4482 namque
2679 4435 2912 4478 omnem,
2962 4434 3080 4482 quae
3115 4418 3528 4482 nunerobducta
3556 4419 3727 4468 tuenti

2174 4483 2426 4534 Mortales
2460 4481 2675 4532 hebetat
2704 4485 2848 4530 visus
2879 4481 2990 4539 tibi,
3023 4486 3075 4531 et
3103 4481 3324 4531 humida
3345 4483 3544 4530 circum

2175 4547 2392 4609 Caligat,
2418 4548 2614 4596 nubem
2652 4547 2893 4607 eripiam.

2081 4635 2366 4691 Homerus
2418 4635 2499 4689 illi
2561 4635 2884 4703 prmiverat,
2943 4636 3096 4706 apud
3152 4651 3347 4706 quem,
3396 4633 3599 4688 Iliados
3659 4633 3722 4699 E,

2077 4723 2248 4762 versu
2286 4709 2407 4770 127,
2444 4707 2512 4763 ad
2553 4709 2887 4762 Diomedem
2915 4705 2994 4761 ita
3023 4705 3179 4762 fatur
3205 4705 3430 4761 Pallas:

2080 4800 2368 4879 :Ax)._")v_8'
2403 4803 2469 4879 alii
2494 4823 2546 4856 τε
2579 4801 2680 4879 διττῆ⁸
2702 4802 2998 4879 ὀφθαλμὼ
3023 4800 3156 4879 ἕλον
3252 4801 3377 4879 itin
3411 4799 3592 4872 ἐπῆεν,

2076 4871 2233 4952 ’Όξρξῗ
2264 4873 2319 4928 εὖ
2348 4875 2619 4951 γινώσκῃς
2651 4874 2685 4943 ἢ
2723 4871 2818 4946 μὲν
2851 4871 2976 4928 Θεὸν
3010 4871 3108 4941 ἡδὲ
3133 4875 3223 4926 καὶ
3255 4871 3442 4946 ἅὺδρα.

2078 4973 2117 5027 i.
2152 4989 2200 5028 e.
2236 4994 2256 5022 α
2291 4973 2604 5042 Caliginem
2637 4990 2768 5029 vero
2799 4972 2904 5028 tibi
2938 4972 3008 5026 ab
3067 4971 3254 5026 oculis
3301 4969 3540 5036 abstuli,
3591 4987 3722 5041 quis

2079 5044 2242 5118 prius
2274 5048 2493 5112 oberat,
2531 5051 2595 5101 ut
2627 5047 2771 5101 bene
2831 5043 3162 5118 dignoscas,
3185 5113 3198 5118 _
3225 5047 3348 5118 tum
3399 5043 3719 5118 hominem,

2077 5113 2203 5174 lum
2240 5123 2441 5173 Deum.
2466 5141 2492 5167 »
2517 5118 2806 5182 Quomodo
2831 5113 2947 5170 fere
2982 5113 3274 5185 Eunapius
3299 5115 3620 5185 Sardianus
3661 5117 3721 5172 in

2079 5189 2252 5245 simili
2279 5189 2472 5245 fabula
2496 5190 2563 5244 de
2604 5187 2918 5258 Jamblichi
2947 5183 3450 5258 discipulis,p.23:
3477 5185 3552 5248 ὡς
3602 5183 3718 5258 Evo-

2077 5267 2216 5334 χγοῖ
2389 5260 2482 5332 μὲν
2524 5257 2731 5335 -αὖτῷνγ
2772 5253 3313 5335 πολλάκις-,ίμαρῶ
3390 5258 3527 5335 Ῠιῖγαι
3587 5255 3726 5335 φάσ-

2076 5329 2355 5394 totum.
2380 5329 2429 5386 ἐξ.
2462 5333 2670 5395 «Quod
2712 5334 2855 5386 ferte
2879 5329 3195 5404 impeditus
3226 5329 3406 5386 esset
3446 5329 3723 5404 ipsorum

2077 5405 2237 5460 visus
2258 5404 2449 5458 minus
2482 5409 2632 5458 acc’r.
2659 5407 2770 5456 «Et
2803 5405 2859 5456 in
2902 5417 3036 5456 vera
3103 5402 3348 5458 historia
3390 5403 3456 5457 ad
3485 5402 3494 5404 ἡ
3521 5421 3721 5475 preces

2079 5477 2275 5531 Eliseie
2327 5477 2552 5548 aperuit
2606 5477 2756 5531 Deus
2822 5475 3019 5530 famuli
3075 5476 3298 5544 oculos,
3377 5480 3442 5530 ut
3505 5477 3720 5548 videret

2079 5545 2576 5618 cmlestcsbopias
2633 5550 2702 5610 (ll
2744 5553 2870 5614 Reg.
2918 5565 2990 5602 vr.
3046 5548 3152 5617 l7).
3207 5550 3553 5618 Spectatque
3603 5545 3714 5618 huc

2078 5622 2350 5675 omnibus
2385 5616 2652 5681 gentibus
2675 5618 3079 5675 desiderabilis
3099 5616 3406 5688 promissio
3442 5616 3532 5668 Dei
3559 5616 3708 5688 apud

2078 5694 2314 5759 Isaiam,
2342 5711 2467 5763 xxv,
2493 5695 2562 5745 ’ῖς
2596 5698 2656 5748 Et
2688 5697 2743 5746 in
2795 5695 2892 5749 hoc
2946 5687 3123 5746 monte
3173 5690 3404 5746 abolebit
3451 5687 3711 5740 Dominus
