4094 6186
252 343 343 402 601
1318 338 1910 401 APOLOGETIGUS
1964 338 2145 399 ADV.

2209 341 2252 400 G
2266 339 2509 400 l'lNTES
2524 384 2538 398 .
3498 339 3620 401 603

246 471 381 529 enim
431 486 539 525 non
597 471 797 525 tundis
846 470 995 541 (5i):
1030 488 1061 526 o
1093 470 1431 543 philosOphi
1464 469 1853 542 magnanimi-
1884 474 1943 539 Α
1970 471 2125 528 534
2156 476 2443 542 quantum
2475 470 2783 542 sanguinis
2815 469 3095 526 fuderint.
3129 470 3173 526 Ο
3212 469 3460 543 gloriam
3494 470 3617 529 lici-

250 560 528 631 tatern,qui
562 560 633 614 de
663 559 764 613 tali
798 576 904 614 suo
937 560 1088 614 exitu
1118 559 1292 615 etiam
1315 560 1655 630 jocabaturl
1684 560 1862 615 Omit-

249 657 297 705 to
320 666 409 705 eos
438 649 535 720 qui
568 664 698 704 cum
730 648 923 720 gladio
948 649 1177 720 proprio
1208 650 1390 705 aliove
1421 665 1631 721 genere
1653 649 1861 703 mortis

250 740 453 794 mitiore
486 739 555 793 de
586 737 757 793 laude
780 738 1148 809 pepigerunt.
1174 739 1316 794 Ecce
1338 738 1494 793 enim
1517 741 1574 794 et
1603 743 1859 793 tormen-

249 834 410 883 torum
444 826 762 882 certamina
791 833 1147 881 coronantur
1177 844 1209 883 ε.
1236 828 1420 883 vobis.
1451 829 1641 882 Attica
1676 842 1858 882 mere-

246 917 342 970 trix
370 918 495 985 (52),
530 915 799 971 carnifice
823 917 945 986 jam
978 916 1238 988 fatigato,
1272 922 1564 987 postremo
1596 916 1858 988 linguam

245 1022 391 1061 suam
424 1012 740 1060 comestam
790 1006 846 1059 in
892 1006 1098 1060 faciem
1154 1006 1383 1078 tyranni
1443 1007 1729 1061 saevientis
1761 1023 1859 1061 ex-

243 1094 471 1166 spuit,ut
502 1099 814 1165 exspueret
844 1098 901 1149 et
929 1111 1228 1161 vocem,ne
1255 1096 1591 1165 conjuratos
1622 1096 1859 1151 conﬁte-

240 1184 279 1238 ri
308 1189 516 1255 posset,
549 1184 598 1237 si
657 1183 833 1238 etiam
877 1182 1027 1237 victa
1083 1182 1384 1239 voluisset.
1438 1184 1587 1239 Zeno
1618 1183 1861 1253 Eleates,

239 1273 526 1328 consultus
558 1289 590 1327 a
622 1273 893 1344 Dionysio
926 1273 1209 1344 quidnam
1233 1273 1605 1346 philosophia
1626 1278 1862 1346 praesta-

236 1365 325 1427 ret,
351 1378 481 1416 cum
517 1362 935 1434 respondisset,
967 1366 1364 1434 contemptum
1399 1364 1626 1433 mortis,
1662 1363 1860 1433 flagel-

236 1450 296 1506 lis
322 1452 363 1486 90
392 1452 621 1523 tyranni
673 1452 972 1521 subjectus
1022 1452 1376 1507 sententiam
1408 1469 1574 1509 suam
1599 1453 1670 1508 ad
1704 1470 1860 1508 mor-

235 1544 334 1596 tem
364 1556 551 1613 usque
580 1540 874 1612 signabat.
909 1541 1071 1597 Certe
1126 1541 1419 1597 Laconum
1469 1541 1717 1614 ﬂagella,
1750 1542 1860 1598 sub

233 1629 395 1685 oculis
427 1630 605 1685 etiam
656 1629 1021 1685 hortantium
1076 1631 1535 1703 propinquorum
1569 1632 1858 1697 acerbata,

232 1723 440 1775 tantum
507 1718 787 1775 honorem
865 1718 1188 1776 tolerantia
1263 1721 1461 1777 domui
1530 1721 1857 1793 conferunt,

1971 564 2112 623 tam,
2148 560 2285 632 quia
2315 560 2659 630 humanam,
2692 560 2784 615 cui
2819 576 2923 615 nec
2957 560 3334 632 praesumptio
3366 561 3613 633 perdita,

1970 666 2075 703 nec
2107 650 2406 721 persuasio
2440 650 2747 719 desperata
2794 649 3111 720 deputatur
3165 650 3225 704 in
3275 655 3611 722 contemptu

1971 739 2173 794 mortis
2204 742 2261 793 et
2310 737 2634 793 atrocitatis
2695 737 3065 804 omnimodae,
3105 738 3201 793 cui
3249 742 3476 795 tantum
3510 756 3612 811 pro

1971 828 2180 899 patria,
2209 843 2312 899 pro
2359 843 2497 898 agro
2557 827 2687 899 (53),
2723 843 2826 898 pro
2883 827 3151 899 imperio,
3207 843 3309 899 pro
3358 828 3616 883 amicitia

1973 916 2094 987 pati
2126 916 2478 988 permissum
2521 922 2630 981 est,
2665 919 2949 987 quantum
2999 933 3102 987 pro
3141 916 3256 972 Deo
3288 933 3402 972 non
3435 914 3609 972 licet!

1970 1005 2040 1059 Et
2069 1011 2265 1060 tamen
2299 1004 2415 1060 illis
2447 1005 2721 1060 omnibus
2763 1010 2817 1059 et
2868 1010 3095 1061 statuas
3128 1006 3240 1078 (54)
3270 1004 3612 1071 defunditis,

1970 1099 2027 1150 et
2059 1094 2341 1167 imagines
2390 1094 2710 1149 inscribitis
2760 1095 2869 1166 (55)
2903 1099 2960 1150 et
3016 1093 3220 1150 titulos
3263 1094 3522 1151 inciditis
3554 1094 3612 1150 in

1970 1184 2352 1239 mternitatem
2386 1184 2537 1254 (56);
2570 1187 2857 1254 quantum
2890 1183 2962 1238 de
2993 1183 3392 1240 monumentis
3431 1188 3617 1255 potes-

1969 1274 2047 1328 tis
2077 1273 2317 1339 scilicet,
2351 1273 2641 1344 praastatis
2670 1277 2726 1327 et
2756 1272 2869 1344 ipsi
2900 1273 3333 1343 quodammodo
3366 1273 3615 1330 mortuis

1971 1362 2478 1417 resurrectionem.
2524 1362 2676 1416 Hanc
2707 1361 2807 1432 qui
2856 1377 3053 1417 veram
3106 1378 3139 1416 a
3172 1363 3283 1417 Deo
3314 1368 3530 1434 sperat,
3564 1362 3615 1419 si

1970 1467 2075 1523 pro
2106 1451 2222 1505 Deo
2254 1451 2530 1522 patiatur,
2562 1449 2809 1505 insanus
2834 1454 2943 1504 est.
2976 1450 3084 1505 Sed
3116 1450 3227 1505 hoc
3266 1451 3442 1521 agite,
3475 1451 3613 1506 boni

1971 1540 2270 1613 praesides,
2303 1538 2571 1595 meliores
2624 1538 2809 1595 multo
2857 1539 3013 1612 apud
3063 1538 3368 1612 populum,
3402 1539 3451 1595 si
3498 1539 3616 1597 illis

1970 1629 2335 1686 Christianos
2402 1629 2860 1685 immolaveritis.
2954 1628 3236 1695 Cruciate,
3328 1632 3614 1700 torquete,

1969 1719 2263 1790 damnate,
2288 1718 2513 1775 atterite
2526 1734 2632 1775 nos
2658 1735 2670 1785 ;
2697 1717 2961 1789 probatio
2978 1722 3065 1773 est
3083 1717 3237 1773 enim
3269 1716 3611 1774 innocentia:

1606 1866 1809 1927 Variae
1841 1865 2161 1928 lectiones.

284 1988 326 2019 ὀ
349 1978 433 2034 Sic
461 1978 650 2033 Geten.
683 1983 733 2051 et
763 1979 879 2047 Rig.
910 1979 1041 2051 God.
1070 1980 1227 2036 Fuld.
1260 1984 1310 2035 et
1359 1981 1442 2035 ed.
1479 1983 1609 2037 Hau.
1652 1985 1992 2051 contemptu
2051 1978 2260 2036 mortis
2317 1976 2746 2050 impassibilem
2781 1978 2925 2035 fieri.
2966 1982 3075 2035 etc.
3110 1980 3279 2036 Rhen.
3341 1983 3410 2035 et.
3469 1981 3599 2040 Her.

226 2049 679 2125 impassibilibus
709 2050 976 2123 ﬂagellis.
1010 2053 1114 2106 alii
1144 2052 1529 2124 impassibilis
1561 2053 1827 2125 ﬂagellis,
1877 2049 1985 2109 etc.
2024 2053 2140 2109 Yon.
2188 2049 2489 2122 subjectus
2547 2053 2848 2123 recepimus
2893 2066 2963 2108 ea:
3024 2052 3144 2110 cod.
3201 2052 3382 2120 Fuld.,
3438 2051 3607 2124 vulgo

224 2122 307 2187 leg.
339 2124 629 2193 objectus.

1621 2222 2144 2283 Commentarius.

221 2334 316 2413 vidi
346 2335 621 2413 exempla
647 2336 705 2413 in
737 2335 901 2413 Notis
936 2337 1345 2413 Lindenbrogii
1382 2339 1714 2413 adrVirgilii
1747 2340 1849 2394 Ca-
1885 2342 1928 2406 Β
1964 2337 2360 2413 regina_Dido,
2394 2352 2542 2413 quae,
2578 2336 2733 2413 corio
2764 2337 2929 2394 bovis
2960 2338 3307 2413 immensam
3340 2338 3601 2395 latitudi-

224 2406 431 2471 talecta.

223 2478 377 2549 Lydio
405 2478 479 2533 de
508 2483 580 2534 ne
602 2482 738 2543 ML,

223 2549 457 2625 Gregorii
496 2549 875 2625 Naznanz£de
904 2554 1043 2625 Vita:
1072 2554 1249 2624 dif/er.
1287 2576 1315 2603 «
1348 2549 1849 2625 Esto—autem,non

216 2622 322 2698 jam
354 2624 695 2698 imperatori
733 2630 793 2677 ut
826 2624 990 2698 prius
1018 2622 1453 2698 contubernalis
1494 2628 1603 2681 erit
1635 2622 1848 2698 Grego-

223 2694 345 2769 rius,
373 2694 483 2769 utri
527 2712 632 2749 suo
665 2694 928 2769 nonnihil
958 2697 1317 2769 gratificans,
1351 2705 1526 2769 atque
1555 2699 1706 2753 inter
1728 2694 1847 2753 me-

221 2766 330 2820 dios
358 2767 641 2837 epulones
672 2768 861 2823 tristis
890 2766 1205 2823 et'tacitus
1261 2766 1634 2837 accumbens,
1670 2787 1849 2837 aegre-

222 2854 316 2907 que
358 2839 687 2895 anhelitum
732 2841 974 2909 ducens,
1022 2857 1087 2895 ac
1135 2842 1401 2897 servilem
1481 2843 1537 2896 in
1612 2839 1847 2897 modum

221 2911 397 2965 edens.
435 2933 461 2958 »
497 2910 642 2965 HAV.

277 2984 385 3049 (51)
417 2982 812 3055 Anaxarchum
842 2984 992 3055 enim
1038 2999 1151 3039 non
1198 2983 1405 3037 tundis.
1442 2984 1595 3038 Idem
1631 2987 1845 3055 Grego-

220 3051 323 3125 rius
370 3058 553 3125 tlygn.
608 3054 789 3108 Carm.
845 3054 911 3107 de
968 3056 1155 3109 Animi
1204 3054 1601 3114 submissione:
1639 3079 1658 3103 ι
1699 3051 1847 3112 Num

218 3124 265 3177 in
296 3126 567 3179 mortario
596 3125 997 3180 contusionem
1016 3143 1297 3181 manuum
1322 3126 1648 3182 Anaxarchi
1672 3130 1849 3182 veluti

222 3212 321 3267 non
350 3198 680 3267 presentis,
712 3204 769 3252 et
802 3202 992 3252 tamen
1033 3199 1303 3267 jubentis
1333 3205 1518 3254 utrem
1550 3216 1725 3253 suum
1757 3217 1851 3255 ve-

222 3266 507 3324 hementer
537 3270 721 3335 tundi,
757 3266 1049 3341 tanquam
1074 3270 1198 3341 ipse
1248 3288 1361 3325 non
1410 3276 1691 3327 contusus
1724 3289 1850 3327 ma-

217 3345 377 3407 neret,
411 3358 481 3396 ne
522 3341 657 3412 quis
707 3347 862 3395 esset
910 3354 1262 3396 cerneretur.
1300 3364 1326 3391 ››
1361 3347 1435 3397 De
1465 3343 1692 3398 Zenone
1722 3343 1853 3399 Dio—

216 3426 372 3480 genes
402 3413 697 3476 Laertius,
733 3415 821 3467 cui
856 3413 965 3468 hoc
996 3414 1239 3469 ascribit
1266 3429 1278 3466 :

464 2426 528 2479 p.
739 2409 1150 2483 Elmenhorstii
1182 2411 1255 2463 ab
1307 2412 1547 2477 Arnob.,
1672 2413 1763 2472 66,
1796 2416 1853 2465 et

775 2498 840 2554 p.
862 2483 950 2535 77.
978 2482 1265 2536 Omnibus
1319 2484 1451 2537 addi
1487 2488 1677 2554 potest
1706 2483 1848 2538 illud

216 3516 441 3595 .Hgglgc’
476 3516 971 3595 5.231‘3w,,“m)35v
1003 3514 1225 3595 ᾕοελιξίζ
1256 3514 1420 3595 ᾅνὸρα
1448 3518 1706 3595 τύραννον

279 3588 500 3657 Κτείνας,
539 3588 757 3643 ἐκλῦσαι
788 3586 1118 3652 δουλοσύνας
1148 3586 1358 3646 Ἐλέανέ

219 3656 631 3737 Ἀᾏ-λιίέδάεξηςλ
655 3658 718 3727 δὴ
745 3662 852 3737 χᾴρ
886 3680 941 3714 σε
973 3657 1153 3715 λαϐὼν
1246 3661 1518 3737 τύρςχνγομς.
1539 3660 1587 3715 ἐν
1623 3660 1786 3737 ὅλμῳ
1880 3663 1922 3729 C

278 3732 431 3803 Κὸψε,
461 3730 517 3785 τί
552 3736 712 3786 τοῦτο
745 3730 890 3802 λὲκξω
917 3752 929 3800 ;
960 3737 1118 3804 σῶμα
1146 3734 1270 3808 γὰρ,
1303 3730 1433 3806 ὸύχὶ
1469 3731 1524 3787 δέ
1555 3754 1631 3788 σε.

219 3834 251 3887 i.
280 3852 387 3911 θαι
437 3838 684 3911 Egregie
734 3838 989 3911 voluisti,
1024 3856 1055 3894 o
1112 3845 1286 3905 Zeno,
1320 3840 1511 3895 occiso
1543 3844 1789 3911 tyranno
1822 3859 1854 3896 a

217 3910 473 3964 servitute
544 3910 790 3964 liberare
847 3910 1066 3965 Eleam.
1140 3912 1248 3966 Sed
1311 3910 1585 3966 domitus
1629 3918 1738 3977 est,
1798 3919 1853 3968 te

217 3993 452 4051 namque
512 3981 758 4051 capiens
810 3986 1094 4050 tyrannus
1145 3982 1395 4038 contulit
1446 3983 1501 4038 in
1553 3983 1850 4039 mortario.

216 4051 340 4126 Quid
373 4053 503 4107 dico
530 4053 559 4106 ?
591 4070 703 4126 non
757 4058 833 4126 te,
885 4054 1003 4126 sed
1044 4070 1257 4126 corpus
1304 4060 1493 4108 tuum.
1548 4076 1573 4102 η
1609 4055 1851 4111 Nonnus

213 4120 319 4177 loco
348 4141 534 4195 supra
566 4125 742 4179 citato
774 4125 844 4178 de
905 4120 1201 4196 Epicteto;
1242 4150 1260 4175 ει
1300 4126 1444 4181 Huic
1474 4144 1506 4181 a
1538 4126 1853 4182 Macedone

213 4196 438 4263 tyranno
470 4213 614 4251 crus
661 4196 912 4251 vinculis
962 4197 1310 4252 adstrictum
1368 4205 1476 4253 est.
1512 4203 1718 4254 Postea
1743 4216 1851 4253 au~

214 4268 313 4321 tem
344 4285 477 4322 cum
511 4285 651 4323 eum
712 4268 936 4323 solvere
993 4273 1277 4339 tyrannus
1324 4269 1510 4338 vellet,
1555 4287 1624 4325 ex
1666 4288 1853 4336 eoque

213 4346 515 4411 quaereret:
550 4339 750 4403 Visne,
788 4340 1067 4411 Epictete,
1118 4346 1173 4397 te
1231 4339 1449 4396 solvam
1480 4341 1502 4396 ?
1552 4342 1723 4408 Quid,
1759 4344 1850 4397 in-

212 4410 337 4477 quit,
369 4428 439 4466 an
474 4428 612 4465 sum
643 4410 919 4466 astrictus
941 4411 969 4465 ‘I
990 4412 1214 4477 Quibus
1245 4412 1514 4468 videlicet
1534 4416 1725 4470 verbis
1744 4414 1852 4470 hoc

210 4480 589 4561 significabat,
625 4484 887 4538 animam
942 4500 1110 4561 suarn
1172 4486 1850 4561 nequaquam_vinctum

212 4550 391 4627 fuisse.
428 4556 639 4627 Itaque
689 4572 802 4609 non
851 4572 1065 4627 corpus
1098 4550 1431 4613 homo-esse
1471 4558 1705 4623 dicitur,
1747 4560 1850 4613 sed

210 4624 407 4681 anima.
444 4652 469 4675 ››
518 4626 663 4681 ΗΑν.

266 4698 369 4772 (5g)
417 4699 599 4772 Attica
649 4699 937 4772 meretrix.
996 4702 1261 4772 Scortum
1304 4697 1429 4772 hoc
1482 4698 1616 4772 lyra;
1673 4705 1849 4757 cantu

208 4766 476 4841 familiare
502 4769 823 4824 Harmodio
850 4775 906 4823 et
937 4770 1337 4841 Aristogitoni,
1374 4766 1621 4825 consilia
1648 4788 1846 4829 eorum

208 4836 267 4891 de
290 4842 700 4911 tyrannicidio.
734 4842 1085 4915 adﬂmﬁorteim
1120 4836 1307 4913 usque
1339 4843 1667 4899 excruciata
1697 4861 1729 4897 a
1762 4850 1847 4915 ty-

208 4915 413 4975 rannis,
477 4930 597 4968 non
675 4913 951 4983 prodidit.
1010 4914 1392 4976 Quamobrem
1470 4913 1850 4972 Athenienses

206 4995 317 5037 eam
343 4986 399 5039 in
425 4985 652 5040 honore
696 4984 910 5039 habere
951 4985 1227 5054 volentes,
1265 5002 1333 5040 ne
1368 4993 1557 5041 tamen
1593 4994 1848 5043 scortum

206 5055 524 5129 celebrasse
556 5056 912 5129 viderentur,
946 5057 1161 5129 animal
1195 5034 1449 5112 dominis
1482 5060 1611 5128 ejus
1645 5060 1847 5129 fecere,
1886 5034 1928 5098 D

206 5128 361 5192 atque
395 5136 465 5203 ut
485 5127 919 5203 intelligeretur
944 5145 1119 5183 causa
1147 5128 1404 5203 hono_ris,
1440 5129 1495 5183 in
1530 5147 1704 5203 opere
1735 5127 1849 5186 lin;

203 5210 360 5266 guam
396 5200 536 5254 addi
572 5200 643 5253 ab
677 5200 897 5254 artifice
927 5205 1251 5255 vetuerunt.
1288 5201 1430 5256 PAM.

264 5272 373 5341 (53)
405 5274 520 5327 Pro
552 5273 754 5337 patria,
785 5288 885 5339 pro
932 5288 1083 5341 agro.
1119 5272 1261 5327 Cum
1318 5273 1378 5327 in
1431 5272 1593 5327 Fuld.
1629 5273 1851 5329 utiliter

204 5342 361 5416 nobis
382 5349 769 5416 augmentum
794 5343 944 5416 illud
980 5344 1390 5416 suppeditetur
1420 5362 1517 5416 pro
1548 5362 1700 5416 agro,
1734 5364 1847 5402 non

203 5409 387 5468 debuit
420 5409 569 5469 illud
608 5415 845 5484 rejicere
882 5409 1192 5485 Rigaltius,
1228 5434 1363 5471 nam
1396 5409 1541 5472 alios
1575 5409 1695 5472 non
1722 5434 1847 5473 mo-

204 5486 419 5561 ror,qui
445 5503 529 5561 Ane
558 5486 778 5561 dignati
804 5486 1043 5561 quidem,
1061 5493 1211 5561 sunt
1231 5487 1517 5559 inspicere
1550 5492 1667 5544 tam
1703 5506 1845 5561 prte-

202 5552 499 5632 c_lara._Sic
526 5552 951 5632 enim_singula
999 5559 1249 5632 singulis
1299 5552 1845 5630 respondentz'Mu-

199 5625 327 5704 tius,
349 5629 653 5704 Begulus,
688 5625 857 5704 Zeno,
915 5625 1149 5701 patriae;
1214 5625 1485 5698 Lacones,
1540 5638 1595 5686 et
1650 5633 1844 5689 forsan

199 5700 531 5777 ipse_Zeno,
568 5701 809 5777 imperio
838 5700 1465 5777 ;_amicitia3,meretrix
1496 5704 1672 5761 attica
1697 5706 1847 5777 ;glo-

202 5718 316 5777 ιρεθ
346 5718 531 5769 Leno,
568 5718 809 5828 lmgzerio
838 5720 851 5768 ;
884 5718 1465 5768 amisitiaa,meretrix
1496 5718 1672 5761 attica
1697 5718 1842 5777 ;glo-

202 5783 293 5825 nae
322 5770 626 5840 humanae,
705 5774 1036 5845 mpedocles
1067 5782 1124 5832 et
1151 5775 1553 5834 Anaxarchus.
1580 5780 1654 5835 At
1682 5794 1842 5850 agro,

1961 2408 2595 2484 neiu_dimensa,Afros
2616 2410 2959 2484 deceperat:
2994 2410 3123 2480 ipsa
3154 2411 3307 2465 enim
3340 2415 3465 2466 erat
3492 2413 3603 2484 Ty-

1962 2481 2187 2555 ria.Nec
2215 2482 2371 2536 enim
2402 2485 2630 2555 tantum
2682 2482 3043 2555 connubium
3084 2483 3264 2537 Iarbae
3298 2484 3467 2555 fugit,
3500 2481 3603 2540 sed

1962 2554 2333 2628 providenter
2380 2552 2631 2628 providit
2677 2552 3099 2628 _Car_thagi_nem
3145 2556 3253 2628 sub
3285 2552 3389 2610 illa
3416 2557 3611 2628 specie

1961 2623 2100 2697 peti,
2135 2629 2201 2679 ut
2228 2623 2457 2697 egregie
2488 2628 2646 2695 patet
2666 2623 2733 2697 in
2767 2623 3001 2697 Nuptiis
3032 2625 3308 2682 Arsinoes
3338 2631 3395 2683 et
3425 2623 3611 2684 P'tole-

1962 2695 2092 2752 misi
2119 2695 2632 2769 apud'JuStinum,
2664 2696 2763 2769 lib.
2797 2695 2913 2763 xxi,
2940 2714 3070 2769 cap.
3102 2699 3155 2753 3.
3188 2699 3330 2753 Ilav.

2031 2771 2145 2841 (54)
2174 2770 2422 2841 Statuas.
2456 2768 2681 2841 Quibus
2704 2768 2816 2824 sibi
2848 2769 2917 2841 ad
2943 2768 3326 2826 aeternitatem
3361 2772 3611 2841 patroci-

1960 2839 2100 2897 nata
2129 2846 2219 2895 est
2249 2839 2589 2910 antiquitas.
2626 2841 2792 2910 Unde
2823 2840 3007 2897 solers
3049 2841 3264 2896 Phidiae
3304 2839 3610 2899 inventum

1964 2917 2159 2967 narrat
2188 2909 2405 2987 ACiceno
2453 2909 2666 2987 Tuscul.
2734 2913 2931 2980 Quaest.
2996 2932 3031 2978 ι,
3064 2914 3170 2969 34ε
3202 2938 3226 2961 «ι
3260 2915 3399 2987 Sed
3462 2916 3606 2987 quid

2003 2990 2163 3038 oetas
2185 2982 2212 3036 ?
2243 2983 2482 3054 opifices
2515 2983 2701 3054 etiam
2738 2988 2866 3053 post
2898 2989 3142 3038 mortem
3176 2982 3603 3042 nobilitari'vol

1987 3061 2111 3128 unt.
2144 3053 2469 3128 Quidenim
2502 3053 2895 3128 Phidias?Sui
2949 3056 3200 3128 similem
3233 3057 3485 3128 speciem
3520 3058 3611 3114 in-

1961 3127 2137 3182 clusit
2166 3126 2226 3180 in
2257 3125 2456 3197 clypeo
2485 3124 2770 3191 Minervae,
2802 3141 2938 3180 cum
2970 3124 3289 3183 inscribere
3327 3145 3441 3185 non
3474 3129 3609 3186 lice-

1963 3206 2067 3254 ret.
2107 3221 2133 3247 ››
2168 3197 2421 3268 Insignis
2455 3197 2687 3251 Eusebii
2746 3197 2909 3269 locus
2957 3204 3045 3253 est
3089 3201 3146 3254 in
3188 3199 3287 3254 lib.
3324 3218 3361 3269 ι,
3394 3202 3461 3257 de
3493 3203 3612 3258 Vita

1960 3271 2312 3328 Constantini
2341 3270 2553 3338 Magni,
2587 3284 2636 3324 c.
2671 3270 2741 3324 2:
2775 3291 2802 3319 ‹‹
2836 3268 3119 3326 Videlicet
3166 3268 3377 3328 natura
3422 3273 3610 3329 homi-

1962 3358 2104 3397 num
2138 3341 2313 3396 sortis
2345 3339 2570 3411 fragilis
2600 3343 2657 3395 et
2687 3341 2917 3395 caducze
2950 3347 3281 3398 commenta
3312 3344 3610 3412 solatium,

1964 3413 2323 3483 imaginibus
2355 3412 2619 3478 edendis,
2643 3414 2931 3483 majorum
2966 3416 3309 3471 memoriam
3343 3416 3531 3473 colere
3553 3433 3614 3473 se

1963 3486 2190 3557 putavit
2221 3484 2439 3557 honore
2468 3500 2857 3557 permansuro
2883 3501 2895 3541 :
2922 3487 3137 3556 partim
3168 3488 3615 3545 adumbratinne

1964 3556 2204 3629 picturis
2232 3573 2363 3612 cera
2393 3556 2687 3624 delibutas,
2722 3558 2933 3625 partim
2967 3575 2998 3614 θ
3037 3560 3284 3615 materia
3314 3561 3611 3629 sculptum

1962 3628 2017 3685 et
2049 3628 2311 3683 dolatum
2344 3633 2577 3700 experte
2625 3632 2845 3696 motus,
2877 3629 3260 3687 simulacrum
3313 3628 3611 3689 machina-

1960 3705 2038 3757 ta.
2072 3722 2098 3747 ››
2134 3702 2264 3755 "AV.

2033 3772 2145 3842 (55)
2172 3773 2444 3841 Imagines
2492 3769 2820 3825 inscribitis.
2868 3772 3006 3835 Qum
3056 3774 3275 3842 passim
3328 3774 3520 3831 adhuc
3550 3774 3609 3830 in

1962 3844 2377 3918 marmoribus,
2402 3842 2665 3918 gemmis
2684 3848 2741 3895 et
2769 3844 2954 3918 sacris
2984 3849 3196 3900 veteris
3218 3846 3317 3900 εθνὶ
3346 3847 3612 3918 reliquiis

1962 3920 2270 3987 apparent.
2299 3914 2486 3987 Quare
2518 3915 2589 3968 de
2623 3916 2901 3970 Varronis
2932 3932 3106 3987 opere
3136 3917 3412 3985 [mortali,
3449 3914 3559 3974 heu
3587 3919 3601 3974 l

1962 3984 2017 4041 et
2044 3984 2420 4069 mortalitatis
2452 3985 2609 4057 leges
2640 3990 2893 4071 ex‘pertu]
2924 3984 3036 4071 quo
3059 3984 3378 4071 illustrium
3400 3990 3609 4071 Roma-

1963 4074 2170 4132 norum
2203 4056 2494 4132 imagines
2513 4056 2655 4132 ςῃιιΔ
2683 4056 3110 4132 descriptiones
3143 4062 3447 4132 amplexus
3480 4061 3611 4127 fuit,

1960 4128 2044 4202 ita
2075 4129 2478 4202 augurabatur
2509 4126 2764 4202 Plinius,
2789 4126 2911 4183 Nat.
2968 4133 3103 4185 Hist.
3148 4126 3445 4191 libfxxxv,
3479 4126 3607 4202 cap.

1959 4201 2031 4256 2:
2067 4222 2096 4251 «
2140 4201 2475 4255 Inventione
2537 4200 2801 4255 muneris
2858 4202 3031 4256 etiam
3092 4203 3203 4257 diis
3261 4200 3607 4267 invidiosus,

1962 4273 2199 4343 quando
2227 4272 2734 4339 immortalitatem
2790 4288 2906 4327 non
2964 4273 3157 4329 solum
3191 4274 3372 4341 dedit,
3406 4291 3609 4331 verum

1961 4345 2138 4418 etiam
2192 4345 2252 4399 in
2285 4360 2490 4418 omnes
2522 4349 2706 4399 terras
2767 4344 2947 4418 misit,
3007 4351 3072 4401 ut
3129 4351 3447 4418 praesentes
3478 4363 3609 4403 esse

1963 4416 2178 4487 ubique
2211 4421 2268 4472 et
2298 4415 2490 4487 claudi
2525 4418 2779 4487 possent.
2813 4416 2952 4471 Hav.

2032 4485 2145 4559 (56)
2176 4490 2238 4543 Et
2269 4486 2465 4544 titulos
2510 4485 2772 4559 inciditis
2828 4490 2885 4541 in
2942 4489 3330 4544 aeternitatem.
3384 4486 3607 4545 Callido

1962 4557 2161 4631 itaque
2192 4561 2263 4615 ad
2298 4558 2556 4631 nominis
2578 4557 2668 4613 sui
2694 4560 3169 4631 perennationem
3196 4561 3441 4617 consilio
3464 4578 3609 4616 usus

1961 4630 2435 4705 est'architectus
2466 4630 2585 4694 ille,
2636 4630 2735 4699 qui
2785 4630 2843 4685 in
2885 4632 3155 4705 superbis
3205 4634 3608 4705 Egyptiorum

1962 4703 2277 4758 structuris
2336 4718 2543 4775 nomen
2602 4716 2788 4775 suum,
2827 4707 2883 4758 et
2939 4704 3131 4775 operis
3179 4703 3607 4762 dedicationem

1964 4775 2185 4829 duriori
2216 4773 2472 4846 materiae
2505 4772 2843 4846 insculpsit,
2877 4772 3156 4831 cui—calce
3186 4777 3377 4833 oblita
3418 4782 3474 4832 et
3504 4776 3605 4846 ab-

1961 4846 2240 4901 sconditis
2276 4845 2436 4919 regis,
2461 4860 2681 4919 nomen
2707 4845 3163 4919 'superscripsit,
3216 4849 3381 4905 facile
3415 4845 3611 4919 previ-

1961 4919 2126 4979 dens,
2160 4916 2439 4990 fragiliori
2477 4917 2726 4972 materia
2773 4916 3041 4989 delapsa,
3072 4921 3228 4985 regis
3259 4916 3605 4977 memoriam

1960 4990 2328 5054 abolendam,
2389 5005 3070 5061 suamipermansuram
3130 4994 3270 5048 fore.
3316 4990 3605 5047 Eusebius

1962 5062 2177 5118 ibidem
2210 5080 2222 5117 :
2261 5084 2286 5111 ‹‹
2321 5061 2471 5116 Sunt
2502 5060 2598 5135 qui
2626 5059 2773 5135 pilas
2803 5070 2858 5116 et
2886 5062 3088 5135 cippos
3122 5064 3434 5135 inscriptos
3457 5078 3608 5118 sem-

2002 5135 2246 5189 iternam
2293 5131 2862 5187 commendationem
2921 5131 3159 5191 virtutis
3207 5131 3607 5204 eorum,quos

2002 5151 2246 5189 uernam
2293 5151 2862 5187 commendationem
2921 5151 3159 5191 vmuus
3207 5151 3607 5204 eorum,quos

1961 5151 2179 5261 habent
2226 5206 2558 5267 adnotatas,
2620 5204 2883 5259 conferre
2931 5206 3325 5263 crediderunt.
3382 5228 3408 5253 η
3443 5205 3608 5261 Unde

1958 5278 2210 5333 Pansam
2241 5283 2297 5350 et
2328 5277 2892 5350 Hirtiumconsules
2928 5296 3030 5350 pro
3082 5279 3220 5348 Rep.
3282 5293 3465 5350 ozest
3525 5278 3609 5335 ita

1958 5350 2215 5405 celebrat
2242 5349 2457 5422 Cicero,
2493 5348 2734 5419 Philipp.
2768 5366 2881 5415 xrv,
2916 5348 3043 5422 eap.
3077 5353 3181 5405 33:
3211 5373 3231 5397 ι
3269 5349 3609 5422 Ειιὶιίίκὶιιιιι

1957 5426 2254 5506 ρξεμιυοιᾳ
2286 5421 2468 5506 moles
2500 5436 2671 5506 opere
2703 5421 3035 5506 magniﬁco,
3062 5421 3606 5506 incismquelitteraa

1958 5494 2164 5549 divinr
2198 5492 2427 5546 virtutis
2451 5494 2627 5567 testes
2651 5492 3052 5567 sempiternae:
3085 5492 3509 5567 nunquamque
3533 5494 3603 5548 de

1956 5567 2142 5629 vobis,
2176 5580 2375 5620 eorum
2400 5563 2497 5634 qui
2533 5568 2631 5617 aut
2661 5563 2943 5622 videbunt
2970 5563 3601 5622 vestrum'monumen-

1961 5648 2102 5699 tum,
2140 5642 2240 5690 aut
2271 5635 2530 5696 audient.
2565 5636 2939 5704 gratissimus
2989 5656 3177 5693 sermo
3228 5636 3596 5689 conticescet.

1958 5711 2065 5773 Ita,
2101 5726 2202 5779 pro
2235 5707 2465 5780 mortali
2518 5708 2853 5780 cnnditions
2898 5711 3046 5780 vitis,
3091 5704 3596 5764 immortalitatem

1956 5778 2113 5838 estis
2132 5778 2457 5837 consecuti.
2495 5800 2515 5827 ι
2550 5779 2689 5834 ΗΑν.
