4094 6186
3554 362 3672 424 606

272 362 385 427 eos
973 364 1070 425 na
1112 364 1397 426 ZETATE
1440 366 1961 428 APOLOGETIL‘J
2006 348 2425 430 MUSHEIMII
2473 364 2971 437 DISQUISITIO.

800 647 1379 735 JOANNIS
1495 649 2273 737 LAURENTII
2383 648 3140 739 MOSHEIMII

1928 829 2019 884 DE

450 988 1021 1114 1E'I‘A'I‘E
1112 983 2233 1118 APOLOGETICI
2332 983 3465 1136 TEB'I‘ULLIANI,

1228 1215 1633 1286 INITIOQUE
1704 1216 2322 1279 PERSECUTIONIS
2397 1217 2698 1289 SEVERI,

1433 1381 2500 1520 υιερῠιειτιο.

314 1754 343 1828 §
379 1757 423 1811 Ι.
460 1756 687 1812 Summa
716 1758 1165 1830 disquisitionum
1220 1756 1489 1828 ejusmodi
1516 1757 1732 1812 utilitas
1781 1754 2022 1811 docetur.
2060 1754 2277 1811 Occasio
2335 1754 2519 1826 hujus.
2553 1785 2622 1797 —--
2650 1757 2678 1823 §
2709 1756 2777 1811 II.
2840 1756 3185 1811 Diuersarum
3233 1755 3301 1810 de
3355 1754 3456 1811 hoc
3486 1770 3667 1826 argu-

256 1854 430 1901 mento
456 1847 789 1919 opinionum
812 1849 1021 1920 duplex
1047 1850 1236 1903 classis
1255 1849 1630 1902 constituitur.
1662 1876 1728 1886 —
1750 1846 1899 1902 587
1935 1848 1963 1914 §
1992 1844 2087 1900 ΙΙΙ.
2114 1844 2197 1899 Sc.
2218 1845 2607 1917 producuntur
2634 1847 2895 1917 primum,
2928 1847 3025 1917 qui
3040 1849 3163 1917 post
3191 1862 3243 1901 a.
3271 1843 3369 1901 CC.
3406 1844 3666 1917 Apologe-

260 1937 425 1990 ticum
456 1937 724 2007 scriptum
747 1953 858 1994 esse
886 1938 1094 1993 volunt.
1123 1937 1321 1992 Contra
1352 1952 1500 2008 quos.
1534 1934 1670 2003 §IV,
1704 1936 1730 2003 ἕ
1762 1939 1829 2005 V,
1861 1935 2004 2003 §VI.
2037 1934 2222 1989 Multis
2259 1935 2582 2003 ostenditur,
2607 1937 2829 2008 coepisse
2859 1936 3194 2007 alﬂictiones
3218 1933 3670 1990 Christianorum

256 2024 346 2078 sub
374 2028 607 2091 Severo,
665 2029 960 2097 antequam
1008 2025 1313 2097 peculiaria
1343 2026 1393 2079 is
1440 2024 1653 2079 decreta
1706 2040 1823 2078 eam
1856 2024 1916 2077 in
1943 2037 2058 2078 rem
2085 2032 2326 2094 rogaret.
2358 2056 2427 2065 —
2456 2026 2484 2094 §
2512 2024 2634 2080 VII.
2671 2025 2937 2081 Dodwelli
2960 2026 3249 2096 speciatim
3278 2025 3510 2096 argutiae
3539 2040 3671 2081 exa-

257 2116 574 2169 minantur.
609 2145 677 2154 —-
707 2116 735 2188 ἓ
767 2115 911 2170 VIII.
946 2116 1053 2184 Qui
1079 2119 1196 2186 post
1226 2122 1451 2169 mortem
1483 2115 1667 2169 Severi
1695 2112 2102 2184 Apologeticum
2128 2112 2397 2183 prodiisse
2434 2114 2645 2181 dicunt,
2679 2115 3031 2186 refelluntur.
3069 2115 3178 2184 Quo
3225 2117 3394 2186 facto.
3422 2145 3486 2155 —
3518 2116 3546 2183 §
3577 2112 3666 2169 IX.

258 2202 328 2257 Ad
357 2204 618 2259 Alteram
646 2221 835 2260 eorum
864 2206 1094 2260 classem
1123 2205 1410 2261 acceditur
1439 2206 1539 2276 qui
1588 2203 1709 2258 licet
1740 2201 2037 2258 concedant
2079 2206 2209 2259 ante
2236 2220 2289 2259 a.
2326 2203 2407 2260 CC
2453 2220 2581 2260 eum
2610 2221 2721 2261 esse
2775 2206 3178 2276 consignatum,
3209 2204 3273 2261 de
3302 2219 3450 2260 anno
3480 2213 3672 2260 tamen

255 2291 551 2347 dissident.
583 2295 698 2361 —§
728 2298 798 2348 Χ,
830 2296 1047 2350 Nestrae
1092 2295 1373 2348 sententiae
1418 2291 1788 2364 proponenda:
1816 2291 2045 2346 initium
2094 2292 2174 2362 ﬁt,
2207 2309 2273 2348 ac
2307 2294 2487 2364 primo
2515 2296 2612 2350 sub
2670 2294 2860 2351 Severo
2889 2297 3159 2367 scriptum
3188 2311 3297 2351 esse
3342 2292 3665 2350 ostenditur.

256 2382 485 2448 Deinde,
522 2413 592 2422 —
650 2382 679 2455 §
710 2382 803 2438 XI.
862 2384 985 2439 Post
1014 2390 1187 2438 motus
1246 2383 1447 2437 Albini.
1486 2382 1594 2450 Quo
1650 2398 1775 2436 vero
1807 2397 1984 2436 annus
2039 2385 2184 2437 recte
2219 2384 2393 2455 possit
2449 2387 2727 2441 constitui.
2761 2415 2829 2427 —
2857 2388 2884 2454 §
2914 2386 3032 2453 XII,
3094 2385 3237 2440 XIII.
3273 2386 3371 2439 Hos
3404 2391 3579 2437 motus
3609 2398 3662 2436 a.

260 2470 445 2526 CXCVI
471 2473 715 2543 erupisse.
768 2474 830 2528 A.
892 2472 1109 2529 CXCVII
1161 2488 1493 2544 compressos
1518 2474 1690 2542 fuisse
1744 2472 1900 2526 novis
1959 2472 2268 2527 rationibus
2299 2472 2536 2545 docetur,
2595 2478 2957 2547 oppositaque
3008 2476 3255 2531 rationes
3284 2472 3558 2529 evidenter
3579 2471 3668 2526 di-

260 2560 513 2615 luuntur.
550 2563 662 2630 Quo
692 2564 859 2631 facto.
895 2594 959 2603 —
992 2564 1019 2631 §
1075 2563 1218 2618 XIV.
1254 2568 1359 2617 Pro
1390 2579 1448 2617 a.
1486 2560 1722 2617 CXCVIII
1777 2562 2198 2632 pronuntiatur,
2226 2579 2289 2619 ac
2344 2580 2415 2619 ea:
2444 2565 2657 2621 illustri
2715 2565 3040 2622 Tertulliani
3091 2567 3210 2621 loco
3258 2565 3376 2622 hac
3402 2561 3670 2620 sententia

260 2649 557 2723 diligenter
585 2650 968 2723 conﬁrmatur.
1000 2684 1067 2692 —
1098 2654 1125 2723 §
1153 2652 1267 2708 XV.
1305 2652 1607 2707 Conclusio.

324 2946 369 3019 Ξ.
408 2947 451 3001 Ι.
484 2977 559 2988 -—
616 2946 697 3014 Si,
752 2963 869 3018 qua
925 2964 987 3002 se
1019 2946 1270 3002 utilitate
1324 2944 1699 3001 commendat
1753 2941 1991 3008 certaA
2024 2942 2427 3000 vexationibus
2478 2944 2824 3017 consignata
2877 2948 3056 3011 sunt,
3117 2943 3471 3014 scriptorum
3530 2946 3670 2999 (etas

259 3038 615 3106 temporum,
651 3035 864 3106 quibus
894 3036 1076 3091 libros
1120 3053 1259 3090 suos
1301 3034 1477 3108 prisci
1523 3034 1790 3089 doctores
1818 3031 1910 3086 lit-
2024 3038 2225 3087 curate
2251 3033 2491 3087 definita
2544 3034 2771 3089 fuisset.
2823 3033 2917 3089 Sic
2964 3032 3179 3088 etenim
3231 3033 3302 3087 de
3341 3048 3533 3087 rerum
3568 3046 3672 3103 ge-

259 3124 394 3180 teris
424 3124 803 3193 mandavere,
865 3125 1130 3195 scientia,
1191 3142 1257 3181 eo
1317 3140 1549 3196 semper
1607 3122 1802 3178 studio
1846 3138 1913 3177 ac
2024 3121 2438 3188 starumserie,
2466 3122 2754 3178 malorum
2776 3120 3674 3192 illatorummagnitudine,con-

262 3214 571 3285 diligentia
598 3231 631 3269 δ,
660 3214 798 3270 viris
829 3214 1074 3269 eruditis
1107 3215 1349 3285 quaesita
1396 3214 1626 3277 fuisset,
1660 3228 1773 3267 non
1806 3211 1911 3265 du-
2027 3212 2316 3266 fessorum
2351 3228 2616 3282 numero,
2653 3212 2888 3277 invicto,
2934 3227 3049 3281 quo
3081 3210 3446 3266 sanctissimi
3479 3208 3673 3265 homi-

262 3303 375 3358 bito
408 3302 557 3373 quin
592 3302 776 3357 multo
822 3303 1198 3374 paucioribus
1246 3303 1418 3358 hodie
1467 3301 1914 3357 difﬁcultatibus
2026 3317 2126 3355 nes
2188 3300 2516 3371 valuerunt,
2575 3300 2757 3356 animi
2817 3300 3051 3367 robore,
3107 3299 3321 3354 certior
3377 3298 3549 3353 nobis
3608 3314 3674 3353 ac

262 3390 513 3446 historia
545 3408 714 3446 sacra
743 3391 1089 3459 abundaret,
1115 3391 1596 3462 concinniorique
1626 3391 1915 3445 instructa

260 3484 410 3535 esset
443 3479 672 3535 ordine.
710 3482 773 3535 At
805 3478 904 3551 qui
936 3479 1223 3535 barbariei
1247 3481 1449 3535 sordes
1483 3478 1656 3550 primi
1688 3478 1911 3534 abster-

260 3574 487 3636 serunt,
519 3569 773 3639 majores
805 3570 1011 3638 nostri,
1046 3569 1102 3623 id
1155 3570 1348 3640 potius
1398 3569 1668 3641 agebant,
1703 3572 1767 3621 ut
1798 3567 1913 3622 col-

260 3656 459 3728 lapsas
491 3658 666 3729 plane
720 3658 1045 3713 litterarum
1104 3674 1193 3712 res
1250 3658 1561 3729 erigerent,
1624 3672 1801 3728 quam
1853 3660 1917 3710 ut

258 3744 405 3813 istis,
441 3764 591 3817 quas
625 3746 929 3818 putabant,
965 3746 1236 3801 minutiis
1285 3746 1395 3800 sibi
1428 3746 1676 3817 aliisque
1710 3761 1912 3800 earum

260 3836 648 3891 conciliarent
681 3834 999 3890 fastidium.
1038 3835 1166 3889 Alia
1222 3835 1459 3907 quidem
1494 3835 1587 3905 iis,
1638 3834 1737 3905 qui
1771 3831 1915 3887 divi-

261 3941 363 3979 nos
395 3922 535 3978 illos
571 3928 991 3977 restauratores
1036 3923 1334 3979 consecuti
1377 3927 1535 3992 sunt,
1574 3939 1739 3977 mens
1785 3920 1912 3987 fuit,

256 4031 401 4085 quos
467 4014 781 4085 Scaligero,
834 4014 1099 4081 Baronio,
1150 4015 1401 4081 Petavio,
1454 4013 1719 4081 Calvisio,
1754 4014 1912 4069 aliis-

261 4120 369 4173 que
405 4104 834 4176 prmeuntibus,
870 4120 1083 4174 magna
1114 4104 1169 4157 in
1222 4103 1314 4159 his
1347 4102 1503 4157 curis
1557 4102 1748 4158 stadia
1778 4119 1913 4158 con-

261 4194 475 4251 fecisse
518 4198 768 4249 constat.
829 4195 963 4264 Sed,
1022 4199 1079 4249 et
1123 4198 1353 4266 patrum
1416 4199 1775 4259 nostrorum,
1807 4212 1914 4250 no-

259 4288 507 4354 straque
537 4287 679 4337 mtas
730 4298 998 4338 summos
1046 4282 1104 4337 in
1164 4283 1271 4339 hoc
1302 4300 1515 4357 genere
1573 4283 1725 4338 viros
1758 4283 1913 4349 tulit,
1950 4312 1994 4376 Β

260 4369 586 4434 Norisium,
630 4372 894 4443 Pagium,
950 4371 1278 4443 Lloydium,
1316 4371 1707 4438 Dodwellum,
1742 4372 1916 4428 Tille-

262 4462 579 4528 montium,
614 4461 972 4533 Nourryum,
1004 4462 1364 4532 multosque,
1399 4462 1498 4533 qui
1529 4463 1766 4517 Patrum
1794 4463 1916 4517 edi-

258 4550 388 4607 dere
420 4551 672 4623 scripta.
710 4552 1098 4608 Benedictinze
1132 4552 1365 4607 familiae
1415 4554 1625 4609 socios.
1659 4552 1915 4616 Quorum

257 4643 529 4697 omnium
563 4643 632 4697 de
663 4641 940 4697 laudibus
972 4659 1306 4714 quanquam
1340 4659 1445 4713 ego
1477 4642 1624 4697 nihil
1656 4643 1916 4713 detraho,

258 4749 369 4789 non
420 4739 624 4788 tamen
676 4733 863 4788 multa
912 4735 984 4790 ab
1032 4735 1117 4790 eis
1167 4733 1367 4789 relicta
1414 4751 1543 4790 esse
1585 4734 1917 4801 dissimulo,

256 4824 439 4881 multa
475 4824 770 4881 eruditius
801 4842 976 4897 quam
1001 4825 1231 4882 felicius
1260 4830 1525 4897 tractata,
1550 4827 1739 4881 multa
1767 4826 1919 4896 quod

256 4918 429 4970 sectis
467 4914 788 4987 ﬂagrarent
817 4932 1037 4981 amore,
1071 4921 1174 4971 aut
1199 4933 1357 4972 nom
1390 4917 1625 4974 cuidam
1668 4916 1919 4973 nimium

256 5002 517 5058 faverent
547 5004 833 5075 epiniooi,
870 5003 1171 5076 implicata
1201 5005 1418 5076 potius,
1456 5023 1630 5077 quam
1665 5006 1917 5063 evoluta.

256 5091 432 5147 Nulla
464 5092 581 5147 alia
611 5094 743 5163 ejus
775 5093 854 5148 rei
900 5093 1240 5149 testimonia
1266 5093 1316 5149 si
1367 5094 1737 5166 exsisterent,
1768 5097 1919 5167 ipsa,

256 5181 478 5249 quibus
508 5186 717 5236 mutuo
752 5197 813 5237 se
862 5188 1225 5254 oppugnant,
1259 5184 1498 5255 scripta,
1531 5183 1667 5255 ipsi,
1703 5182 1918 5255 quibus

252 5286 438 5325 novas
493 5270 744 5325 subinde
804 5272 1064 5328 rationes
1118 5273 1507 5343 constituunt,
1552 5271 1685 5328 libri
1716 5272 1917 5345 loque-

252 5367 483 5417 rentur.
519 5364 580 5418 In
614 5362 863 5420 historia
913 5364 1203 5437 praecipue
1247 5365 1649 5422 calamitatum
1699 5366 1917 5439 quibus

250 5452 644 5508 vetustissimi
705 5455 952 5509 fratrum
1042 5459 1375 5510 nostrorum
1433 5456 1693 5511 defuncti
1750 5461 1912 5526 sunt,

250 5557 476 5612 magno
523 5540 577 5595 id
638 5542 850 5597 fuisset
907 5541 1327 5610 emolumento,
1383 5544 1433 5598 si
1492 5542 1707 5599 librum
1766 5562 1915 5617 quos

2028 3389 2250 3462 plenior
2286 3395 2441 3446 esset
2473 3391 2700 3446 notitia.
2733 3393 2918 3455 Quam
2949 3390 3187 3461 quidem
3220 3388 3512 3461 egregiam
3540 3387 3672 3459 qui-

2025 3481 2372 3552 buscunque
2404 3480 2718 3536 utilitatem
2747 3485 3019 3552 praestare
3040 3495 3231 3550 posse,
3255 3476 3423 3543 nulli,
3457 3478 3672 3549 quibus

2026 3570 2314 3626 maturius
2363 3575 2452 3627 est
2494 3571 2813 3641 judicium,
2859 3571 3127 3643 ignorare
3178 3572 3447 3641 possunt.
3507 3571 3674 3624 Certe

2027 3660 2245 3725 miror,
2302 3676 2437 3715 cum
2494 3659 2582 3715 vir
2638 3660 2856 3730 alioqui
2932 3657 3325 3729 immortalis,
3386 3657 3672 3713 Henricus

2025 3749 2385 3815 Dodwellus,
2426 3750 2578 3804 bono
2632 3749 2895 3805 fortassis
2942 3747 3208 3815 consilio,
3274 3751 3426 3802 totos
3459 3752 3675 3817 marty-

2027 3856 2159 3894 rum
2210 3840 2500 3895 exercitus
2547 3838 2779 3895 civitate
2837 3854 3004 3893 sacra
3060 3836 3317 3909 ejiceret,
3378 3836 3675 3892 neminem

2025 3928 2282 3995 illorum,
2318 3929 2414 3998 qui
2475 3928 2756 3983 adversus
2786 3944 2919 3983 eum
2973 3927 3261 3999 prodiere,
3312 3926 3371 3982 in
3406 3925 3515 3981 hac
3546 3943 3676 3982 sese

2027 4020 2299 4091 palaestra
2329 4020 2479 4076 538
2512 4019 2859 4075 exercuisse.
2913 4019 3075 4073 Unde
3124 4022 3321 4072 tamen
3383 4016 3527 4071 illud
3561 4017 3676 4088 peti

2028 4115 2274 4181 poterat,
2322 4127 2433 4181 quo
2465 4111 2536 4165 ad
2588 4108 2894 4164 audaciam
2964 4107 3181 4162 hancce
3238 4106 3671 4178 infringendam

2027 4199 2109 4255 nil
2140 4200 2356 4255 certius
2387 4203 2488 4255 aut
2535 4198 2741 4253 utilius
2790 4214 2919 4254 esse
2967 4201 3181 4269 potest.
3216 4196 3451 4251 Patrum
3487 4211 3672 4266 quan-

2026 4289 2126 4344 diu
2156 4288 2331 4344 verba
2351 4304 2486 4343 cum
2518 4287 2769 4343 aliorum
2793 4290 3059 4359 pugnant
3088 4285 3255 4355 locis,
3288 4301 3521 4356 semper
3552 4285 3670 4341 fere

2027 4378 2293 4436 elabendi
2327 4377 2573 4434 facultas
2605 4378 2860 4433 dabitur.
2916 4375 3155 4432 Nullum
3188 4375 3237 4431 si
3287 4373 3445 4430 aliud
3478 4375 3673 4446 perfu-

2028 4470 2190 4540 gium
2222 4468 2400 4535 adsit,
2448 4474 2549 4523 aut
2600 4472 2739 4523 nota
2794 4467 3057 4539 quaedam
3112 4464 3362 4521 testibus
3393 4463 3673 4534 inuritur,

2028 4564 2130 4613 aut
2185 4574 2398 4614 novum
2458 4558 2755 4630 quoddam
2814 4555 3043 4613 critices
3091 4571 3275 4625 genus
3328 4554 3670 4625 advocatur,

2029 4650 2184 4719 quod
2234 4649 2562 4722 desperatis
2600 4649 2811 4721 opibus
2840 4646 3124 4704 auxilium
3157 4646 3319 4701 ferat.
3366 4642 3676 4700 Intervalla

2028 4754 2161 4792 vero
2193 4742 2522 4807 temporum
2556 4738 2605 4793 si
2656 4742 2852 4793 curate
2902 4740 3198 4805 notentur,
3230 4734 3280 4790 si
3331 4749 3527 4789 rerum
3560 4732 3672 4788 sibi

2030 4827 2473 4883 succedentium
2507 4827 2648 4881 ordo
2680 4825 2996 4898 diligenter
3020 4824 3364 4896 explicetur,
3388 4826 3492 4878 aut
3542 4837 3677 4893 per-

2032 4917 2209 4973 frictaa
2255 4916 2464 4973 frontis
2503 4915 2749 4971 infamia
2789 4914 3121 4984 subeunda,
3174 4917 3278 4970 aut
3324 4929 3459 4969 vero
3516 4925 3679 4967 error

2031 5007 2352 5079 ejurandus
2404 5006 2516 5062 est.
2564 5004 2873 5061 Enimvero
2930 5004 3245 5061 defuerunt
3292 5003 3432 5060 huic
3483 5017 3676 5059 causa:

2029 5096 2243 5152 eruditi
2273 5095 2545 5152 homines
2569 5112 2584 5164 ;
2617 5094 2737 5151 sive
2766 5095 2921 5166 quod
2955 5092 3286 5151 molestiam
3310 5092 3404 5149 his
3425 5090 3676 5163 negotiis

2028 5186 2381 5243 familiarem
2414 5188 2718 5259 fugerent;
2781 5184 2901 5240 sive
2959 5185 3116 5256 quod
3175 5182 3456 5239 eximium
3514 5180 3677 5238 illius

2028 5278 2405 5333 commodum
2460 5292 2577 5331 non
2636 5274 2946 5348 perspicue
2995 5272 3142 5329 satis
3189 5273 3522 5341 cernerent,
3557 5269 3679 5327 sive

2027 5364 2282 5438 denique
2309 5366 2463 5437 quod
2497 5381 2611 5420 non
2642 5369 2763 5421 tam
2824 5360 3432 5427 circumstantiarum,
3492 5374 3673 5431 quam

2026 5457 2290 5528 ipsarum
2322 5470 2541 5526 rerum,
2576 5454 2858 5511 rationem
2890 5453 3000 5509 sibi
3025 5452 3357 5509 habendam
3401 5466 3531 5506 esse
3557 5464 3669 5520 pu-

2026 5549 2239 5603 tarent.
2292 5545 2553 5601 Fuerunt
2593 5545 2851 5617 quidem,
2912 5545 3113 5613 fateor,
3167 5541 3386 5615 quibus
3442 5540 3665 5610 partem

250 5647 354 5701 pro
390 5629 518 5683 illis
548 5629 1005 5701 imperatoribus
1037 5649 1103 5689 ac
1153 5633 1501 5703 praesidibus
1532 5633 1759 5691 oblatos
1784 5651 1914 5692 esse
1945 5684 1984 5707 η
2026 5636 2207 5706 hujus
2237 5634 2455 5691 laberis
2488 5636 2788 5707 suscipere
2811 5633 3051 5706 placuit.
3096 5631 3296 5687 Nescio
3354 5642 3507 5691 vero,
3568 5622 3669 5695 qui

252 5684 267 5701 ι
336 5684 341 5685 κ
616 5684 1002 5701 κιηηηηηη
1040 5684 1098 5689 η
1157 5684 1499 5703 τ--ν-η-ηη
1538 5684 1757 5691 nm"
1788 5684 1912 5692 ν--ν
2028 5684 2205 5706 --—..—~
2239 5684 2453 5691 -—-~---
2488 5684 2785 5707 ~———-.—v--
2812 5684 3051 5706 r""""'
3495 5684 3505 5691 -
3583 5684 3603 5695 ο

252 5719 614 5789 accepimus,
665 5726 1147 5794 czsterorumque,
1199 5739 1324 5794 quae
1378 5723 1737 5780 ferventibus
1779 5726 1912 5782 istis
1943 5684 1985 5751 Ο
2025 5724 2241 5781 factum
2277 5724 2372 5795 sit,
2407 5729 2471 5780 ut
2502 5727 2603 5780 aut
2651 5724 2828 5780 nimis
2884 5722 3277 5793 indiligenter,
3336 5718 3437 5771 aut
3485 5711 3665 5771 nimis
