4094 6186
473 300 591 362 607

994 307 1520 368 TERTULLIANI
1567 307 1888 370 OPEltUM
1939 308 2135 368 PARS
2179 308 2226 368 Ι.
2260 340 2338 350 -
2375 306 2645 366 SERIES
2691 306 2736 381 Ι,
2787 303 3348 365 APOLOGETICA.

3703 309 3799 367 608

477 434 790 492 infeiiciter
845 453 972 494 sese
1024 438 1442 511 expediverint.
1514 440 1710 496 Fuerit
1793 441 2113 506 festinatio,
2146 440 2200 507 Α
2231 442 2641 512 congestorum
2673 437 3044 510 explicarem.
3077 438 3294 507 Teque,
3328 436 3446 491 siid
3477 437 3596 492 addi
3625 441 3802 510 pateris

478 525 656 581 fuerit
685 526 946 595 taedium,
984 528 1158 583 fuerit
1189 533 1357 584 secta:
1420 530 1706 599 studium,
1769 533 1868 586 aut
1926 530 2120 586 nescio

478 614 617 686 quid
651 619 962 685 praeterea;
999 617 1178 673 fuisse
1209 618 1457 690 aliquid,
1505 621 1682 692 quod,
1742 625 1806 674 ut
1865 620 2118 692 pessime

478 703 776 758 interdum
812 705 1067 759 rationes
1128 707 1541 777 subducerent,
1597 708 1872 774 effecerit,
1925 708 2120 780 explo—

479 799 671 848 ratum
706 798 812 848 est.
847 795 946 849 His
974 811 1078 867 ego
1113 797 1181 850 de
1213 797 1428 862 causis,
1481 798 1586 851 etsi
1649 798 1764 853 illis
1821 798 1990 869 longe
2032 797 2120 850 in-

478 883 747 938 feriorem
794 900 885 939 me
917 901 1044 940 esse
1078 886 1287 955 sentio,
1332 904 1534 941 saxum
1590 887 1767 943 hocce
1819 885 2122 944 volutandi

478 971 788 1028 consilium
825 976 955 1028 ante
987 974 1220 1045 aliquod
1256 980 1489 1047 tempus
1523 977 1690 1048 coepi,
1741 993 1807 1031 ac
1865 977 1934 1030 de
1984 993 2120 1031 nova

479 1061 733 1132 quadam
762 1063 1141 1133 a/ﬂz'otionum
1191 1064 1640 1120 Christianarum
1676 1068 1934 1131 Historia,
1995 1083 2123 1134 quae

480 1164 611 1204 cum
643 1148 774 1204 aliis
809 1151 1005 1221 rebus,
1041 1157 1165 1206 tum
1192 1154 1485 1224 praecipue
1512 1154 1869 1225 diligentiori
1899 1159 2121 1225 tempo-

477 1254 607 1293 rum
653 1238 944 1294 nolatione
976 1241 1276 1310 emineret,
1310 1242 1578 1314 cogitavi.
1612 1244 1914 1315 Specimen
1966 1243 2120 1298 haud

475 1324 559 1380 ita
584 1326 809 1398 pridem
861 1332 1061 1383 nostra
1115 1328 1180 1383 de
1215 1330 1570 1398 Athenagorw
1619 1337 1785 1388 atate
1843 1333 2121 1386 Disserta—

479 1417 554 1471 tio
625 1413 701 1487 (1)
759 1416 1042 1483 exhibuit,
1096 1435 1212 1490 qua
1260 1435 1351 1473 me
1393 1419 1753 1475 celeberrimi
1837 1419 2121 1476 Dodwelli

479 1503 808 1559 rationibus
840 1505 1158 1576 plurimum
1192 1507 1461 1563 intulisse
1493 1509 1714 1575 damni,
1743 1509 1912 1564 lectio
1948 1513 2121 1565 testa-

478 1593 656 1648 bitur.
691 1593 843 1650 Usus
875 1612 1107 1667 quoque
1128 1613 1195 1652 ea
1223 1603 1312 1652 est
1338 1597 1611 1654 felicitate
1657 1598 1932 1669 spinosus
1989 1599 2123 1655 licet

476 1680 660 1747 labor,
689 1686 753 1737 ut
775 1700 887 1738 non
922 1686 1258 1756 displiceret
1289 1687 1361 1741 iis
1393 1704 1642 1758 quorum
1679 1687 2001 1759 plurimum
2027 1705 2119 1741 va-

475 1769 559 1827 let
589 1773 740 1841 apud
769 1788 859 1827 me
891 1775 1228 1844 auctoritas,
1253 1793 1471 1847 quosve
1491 1777 1887 1849 intelligentes
1911 1779 2118 1832 harum
2151 1815 2198 1880 B

477 1875 676 1916 rerum
712 1862 1137 1919 existimatores
1186 1865 1470 1936 quidquid
1531 1866 1973 1936 prudentiorum
2034 1881 2123 1933 est

480 1950 764 2020 agnoscit.
799 1951 1162 2025 Quapropter
1185 1972 1339 2009 nunc
1371 1956 1563 2010 denuo
1595 1956 1744 2012 vires
1777 1958 2118 2029 periclitari,

480 2059 548 2100 ac
616 2059 760 2098 num
807 2046 1011 2100 eadem
1067 2047 1408 2103 dexteritate
1467 2055 1700 2119 tempus
1758 2051 2122 2109 celeberrimi

480 2132 835 2204 Apologetici,
871 2150 1044 2204 quem
1078 2136 1591 2208 ingeniosissimus
1623 2139 1858 2194 Patrum
1891 2142 2125 2197 Tertul-

479 2219 678 2277 lianus
700 2221 957 2294 reliquit,
991 2240 1274 2294 eruerem,
1309 2229 1533 2280 tentare
1566 2226 1811 2283 decrevi.
1848 2228 2126 2285 Excitavit

484 2325 599 2377 me,
663 2314 726 2366 ut
791 2310 965 2366 citius
1034 2330 1204 2382 quam
1290 2315 1707 2370 constitueram
1787 2317 1844 2372 id
1931 2319 2126 2374 oneris

485 2399 1037 2470 mihiimponerem,
1097 2402 1537 2474 elegantissima
1590 2406 1918 2476 Apologetz'ci
1965 2408 2126 2464 illius

487 2489 684 2558 editio,
718 2506 893 2560 quam
929 2491 1084 2545 curis
1114 2493 1220 2545 viri
1255 2491 1423 2562 longe
1447 2495 2126 2567 eruditissimi,mihique

487 2578 545 2631 in
574 2578 777 2650 primis
809 2581 1003 2646 amici,
1053 2581 1326 2652 Sigiberti
1389 2583 1762 2654 ﬂavercampi
1823 2585 2125 2640 debemus.

489 2665 674 2720 Tanto
705 2683 834 2721 eam
869 2667 1054 2723 ultore
1088 2685 1220 2724 cum
1273 2670 1574 2741 praeditam
1634 2687 1954 2742 cernerem,
2005 2677 2124 2728 tam

487 2755 640 2809 raria
698 2754 1067 2829 elegantique
1117 2759 1449 2814 eruditione
1509 2760 1819 2828 munitam,
1875 2767 1998 2817 tam
2053 2764 2126 2818 ab

487 2845 644 2898 omni
694 2850 857 2915 parte
914 2847 1206 2902 illustrem
1253 2865 1317 2902 ac
1375 2848 1787 2917 emaculatam,
1845 2850 1902 2905 id
1962 2852 2128 2906 unice

486 2932 684 2988 statim
720 2934 1014 3005 optabam,
1042 2939 1105 2990 ut
1135 2937 1337 2991 eodem
1372 2936 1574 2992 habitu
1604 2955 1719 2994 non
1754 2939 1935 3011 hujus
1993 2946 2128 2996 tan-

486 3025 633 3091 tum,
672 3040 872 3080 verum
933 3024 1292 3097 reliquorum
1351 3026 1524 3082 etiam
1571 3028 1829 3097 Patrum,
1873 3029 2127 3100 potiores

486 3113 786 3183 prodirent
815 3113 972 3169 libri.
1005 3115 1099 3170 Sic
1128 3116 1343 3171 etenim
1378 3118 1732 3185 statuebam,
1767 3135 1981 3190 magna
2030 3123 2128 3173 tae-

2232 530 2301 584 ad
2326 528 2440 584 alia
2463 528 2816 600 perﬁcienda
2847 527 3267 598 expeditiorem
3317 526 3478 597 paulo
3524 529 3801 584 redderem.

2230 619 2288 675 Si
2314 618 2371 671 in
2407 618 2644 673 homine
2687 634 2799 672 non
2848 615 3028 671 nimis
3087 615 3314 670 erudito
3356 615 3685 683 temerarius,
3722 617 3806 672 ho-

2232 711 2436 762 nestus
2469 710 2665 762 tamen
2698 709 2805 760 est.
2843 703 3147 759 Delitteris
3180 720 3244 758 ac
3271 701 3602 758 Tertulliano
3633 704 3673 758 si
3719 705 3807 759 mi-

2233 813 2344 851 nus
2371 796 2517 851 bene
2539 796 2825 863 merebor,
2860 794 2931 848 de
2961 797 3015 848 te
3045 799 3240 848 tamen
3275 792 3431 847 nullo
3488 793 3642 846 modo
3684 793 3810 847 male

2233 885 2478 940 meritus
2509 884 2690 939 videri
2715 899 2980 954 possum.
3021 883 3247 954 Vulgus
3288 882 3552 936 nimirum
3605 881 3810 936 consilia

2231 992 2300 1032 ex
2330 979 2560 1044 eventu,
2586 973 2722 1028 boni
2745 972 2847 1027 viri
2873 988 2941 1026 ex
2973 971 3177 1027 affectu
3213 971 3514 1026 aestimant.

2302 1065 2328 1130 §
2361 1062 2428 1116 ΙΙ.
2467 1093 2532 1100 -
2562 1058 3068 1130 Circumspicienti
3095 1058 3260 1124 mihi,
3285 1061 3347 1110 ut
3379 1057 3460 1110 fas
3490 1059 3618 1122 erat,
3647 1055 3733 1126 qui
3759 1055 3814 1108 de

2231 1151 2431 1206 eadem
2465 1167 2525 1205 re
2556 1154 2688 1206 ante
2714 1166 2807 1204 me
2850 1147 3062 1203 eruditi
3108 1146 3216 1201 viri
3259 1145 3588 1209 sensissent,
3643 1144 3703 1196 ab
3738 1142 3814 1198 bis

2231 1240 2466 1311 penitus
2499 1240 2780 1312 relictam,
2815 1240 2888 1296 ab
2918 1237 3030 1294 illis
3089 1252 3296 1308 parum
3349 1235 3538 1288 dextre
3591 1237 3814 1284 ornatam

2231 1328 2447 1384 inveni.
2482 1328 2812 1385 Generatim
2874 1324 3274 1383 dissensiones
3319 1339 3382 1377 ac
3440 1319 3817 1377 sententiarum

2229 1417 2475 1473 divortia
2505 1418 2682 1473 etiam
2715 1419 2809 1474 hic
2839 1431 3081 1490 regnare
3112 1411 3403 1469 videbam.
3443 1410 3560 1465 Dici
3615 1408 3738 1480 quid
3795 1424 3822 1462 a

2231 1506 2532 1562 nonnullis
2566 1508 2879 1563 audiebam
2907 1523 2919 1561 :
2949 1506 3029 1560 ita
3058 1519 3212 1568 vero,
3245 1506 3309 1556 ut
3367 1500 3643 1555 rationum
3694 1495 3815 1551 obli-

2232 1597 2608 1652 viscerentur.
2645 1597 2991 1668 Diligentius
3009 1593 3155 1650 alios
3203 1593 3275 1646 ad
3325 1589 3574 1646 calculos
3634 1585 3822 1642 sedisse

2233 1685 2790 1752 animadvertebam,
2853 1700 3106 1757 quorum
3159 1688 3354 1736 tamen
3400 1678 3687 1735 conatibus
3729 1691 3821 1730 non

2229 1792 2335 1847 par
2365 1776 2600 1830 fortuna
2632 1776 3030 1847 responderet.
3064 1771 3356 1827 Plurimos
3384 1767 3575 1839 magni
3603 1763 3824 1820 nominis

2229 1866 2386 1920 viros
2418 1867 2593 1922 duces
2626 1867 2820 1938 potius
2851 1864 3039 1936 sequi,
3068 1878 3243 1935 quam
3271 1861 3330 1915 in
3356 1859 3448 1913 bis
3479 1874 3537 1911 se
3573 1868 3825 1910 macerare

2231 1955 2494 2012 numeris
2525 1956 2800 2023 voluisse,
2834 1950 3275 2010 cernebam.Vel
3298 1950 3419 2004 haec
3450 1943 3825 2002 sententiarum

2231 2043 2505 2115 varietas,
2565 2061 2832 2116 quaenam
2887 2059 3020 2098 cum
3084 2040 3325 2096 veritate
3382 2037 3726 2107 congrueret,
3776 2033 3829 2084 ut

2233 2134 2651 2200 examinarem,
2685 2149 2776 2186 me
2807 2130 3140 2186 commovit.
3167 2127 3453 2200 Equidem
3497 2128 3710 2178 tantum
3756 2119 3832 2173 lu-

2235 2223 2341 2288 cis,
2377 2225 2661 2292 quantum
2694 2219 2948 2275 intricati
2983 2216 3428 2290 negotiinatura
3457 2208 3757 2285 'permittit,
3793 2204 3833 2259 ei

2236 2309 2549 2368 conciliare
2579 2310 2855 2377 conabor,
2891 2323 2956 2363 ac
3015 2307 3129 2362 duo
3189 2307 3496 2376 propterea
3531 2298 3832 2371 opinionum

2237 2402 2491 2473 primum
2521 2413 2735 2471 genera
2764 2397 3141 2453 constituam.
3193 2393 3502 2449 Saecularis
3557 2403 3731 2444 annus
3775 2385 3839 2436 CC

2236 2489 2522 2544 terminus
2555 2493 2699 2553 esto,
2734 2487 2832 2558 qui
2866 2491 3181 2552 utrumque
3233 2483 3552 2552 disjungat.
3609 2477 3835 2530 Alterum

2236 2578 2433 2648 itaque
2464 2593 2663 2631 eorum
2690 2577 2819 2644 erit,
2853 2577 2952 2645 qui
2986 2578 3119 2628 ante
3148 2573 3303 2626 hunc
3366 2585 3603 2632 annum,
3666 2569 3756 2617 aut
3789 2575 3842 2614 eo

2238 2667 2388 2738 ipso,
2423 2666 2554 2720 libri
2609 2665 2787 2721 nostri
2850 2664 3075 2719 natales
3135 2667 3422 2733 quierunt.
3485 2657 3728 2711 Alterum
3758 2651 3842 2704 ho-

2239 2774 2391 2822 rum,
2426 2756 2525 2828 qui
2549 2755 2747 2826 elapso
2781 2753 2878 2809 illo
2907 2751 3309 2807 ducentesimo
3358 2766 3508 2805 anno
3559 2762 3683 2800 eum
3731 2757 3844 2795 con-

2238 2845 2539 2915 signatum
2573 2861 2702 2899 esse
2732 2844 3078 2898 censent.De
3103 2837 3496 2909 ultimo.quod
3539 2849 3708 2906 quum
3739 2830 3845 2883 lon-

2239 2935 2371 3006 gius
2431 2951 2464 2987 a
2519 2933 2761 2988 veritate
2810 2933 2997 2997 abest,
3060 2938 3179 2984 tum
3243 2927 3474 2981 facilius
3524 2923 3847 2980 confutatur,

2240 3023 2415 3095 priori
2449 3022 2574 3078 loco
2606 3022 2818 3077 dicam.
2851 3021 3041 3090 Prius,
3072 3020 3240 3090 cujus
3287 3017 3543 3071 rationes
3599 3011 3846 3103 majorem

2242 3113 2547 3186 postulant
2578 3111 2954 3177 industriam,
2989 3126 3054 3164 ac
3075 3125 3142 3162 ex
3172 3106 3320 3178 ipsis
3355 3103 3613 3160 historiae
3649 3111 3852 3154 arcanis

485 3200 563 3256 dii
599 3201 758 3256 illius
792 3204 1134 3274 parte,quod
1172 3221 1303 3258 cum
1333 3204 1542 3260 litteris
1562 3206 1722 3261 hisce
1745 3187 2125 3277 conjimctum
2160 3187 2201 3253 ί]
2241 3201 2599 3259 excutiendae
2635 3205 2794 3266 sunt,
2827 3197 3134 3270 posteriori
3167 3196 3501 3251 reserVabo.

486 3295 596 3358 est,
629 3290 736 3345 hoc
770 3295 934 3362 pacto
968 3292 1251 3358 abstersa,
1286 3294 1407 3349 fore
1456 3299 1521 3349 ut
1567 3311 1683 3349 non
1747 3296 2001 3368 ampliu
2043 3313 2130 3351 re-

485 3378 634 3433 licta:
667 3379 782 3434 fere
823 3396 888 3435 ac
914 3381 1065 3435 orbas
1093 3398 1126 3435 a
1156 3381 1480 3438 cultoribus
1513 3383 1895 3456 antiquitates
1953 3402 2129 3441 sacrae

487 3469 904 3538 reperirentur.
939 3474 1075 3524 Erat
1123 3474 1341 3538 tamen,
1399 3473 1552 3542 quod
1613 3473 1670 3527 in
1725 3479 1846 3529 tam
1899 3475 2128 3530 exculto

490 3573 664 3627 opere
687 3557 1102 3623 desiderarem,
1138 3560 1208 3614 de
1238 3564 1408 3615 aetate
1439 3562 1720 3616 nimirum
1765 3580 1830 3617 ac
1889 3564 2133 3618 rationi-

492 3645 604 3700 bus
635 3646 764 3716 ejus
797 3645 1150 3716 disquisitio.
1175 3648 1439 3704 Polliceri
1472 3650 1707 3721 quidem
1731 3650 2130 3724 intelligebam

492 3733 962 3790 eruditissimum
999 3736 1210 3805 virum,
1233 3753 1294 3793 se
1325 3737 1384 3793 in
1418 3739 1841 3811 praeparatione
1891 3741 2134 3812 reliquis

488 3824 835 3879 Tertulliani
893 3825 1168 3882 Adversus
1235 3837 1422 3899 gente:
1501 3828 1668 3885 libris
1726 3829 2136 3902 prmmittenda

489 3915 724 3985 (Praef),
749 3914 886 3969 huic
945 3916 1124 3970 etiam
1182 3917 1473 3972 desiderio
1520 3918 1928 3973 consulturum
1983 3936 2130 3975 esse.

489 4006 606 4075 Ego
641 4019 794 4072 vero,
830 4005 982 4061 539
1017 4008 1244 4060 tantum
1282 4007 1446 4062 abest
1476 4014 1541 4061 ut
1573 4007 1628 4060 in
1691 4007 1782 4063 his
1827 4009 2135 4079 promissis

492 4092 954 4162 adquiescerem,
995 4097 1059 4148 ut
1086 4093 1174 4149 vel
1207 4093 1611 4166 iisinstigarer
1642 4097 1863 4168 potius,
1894 4113 2009 4168 quo
2027 4097 2135 4153 hoc

495 4198 669 4237 onere
699 4199 832 4242 eum
860 4182 1134 4238 levarem.
1177 4184 1270 4238 Sic
1313 4184 1470 4240 enim
1523 4186 1799 4242 continuo
1857 4203 2085 4242 mecum
2122 4205 2134 4241 :

495 4271 731 4325 Brevior
760 4272 870 4325 erit
890 4287 1093 4326 eorum
1127 4288 1253 4343 quas
1284 4279 1605 4344 comparat,
1665 4275 2038 4346 exspectatio,
2089 4278 2139 4331 si

496 4359 714 4415 laboris
743 4359 801 4414 in
844 4359 1326 4432 alium,quamvis
1365 4363 1594 4434 exigua,
1626 4363 1916 4434 particula
1946 4364 2136 4419 devol-

493 4452 677 4504 vetur.
727 4449 960 4505 Pondus
1017 4449 1110 4507 bis
1156 4452 1368 4522 adjecit
1423 4451 1876 4524 cogitationibus
1934 4452 2138 4524 optimi

2312 3293 2338 3359 §
2370 3290 2467 3343 Ill.
2493 3289 2854 3360 -—Princeps
2885 3287 2942 3341 in
2968 3286 3060 3351 iis,
3095 3302 3238 3356 quos
3262 3285 3526 3357 primum
3557 3275 3854 3335 audiendos

2243 3395 2372 3434 esse
2405 3378 2681 3445 diximus,
2741 3376 3093 3433 sententiam
3155 3375 3313 3429 dicat
3358 3370 3590 3427 Guillel.
3639 3369 3853 3423 Caveas,

2244 3469 2507 3523 maxime:
2541 3469 2708 3523 fama:
2741 3472 2796 3522 et
2827 3465 3132 3521 industriae
3166 3464 3269 3518 vir.
3305 3464 3417 3518 Pro
3474 3477 3623 3516 anno
3665 3457 3712 3511 is
3766 3469 3854 3524 pu-

2242 3565 2383 3629 gnat
2412 3558 2567 3613 CCII.
2596 3580 2622 3606 ‹‹
2647 3557 2813 3619 Mihi,
2843 3557 2923 3610 ait
2961 3557 3220 3626 (Historia
3243 3554 3420 3608 litter.
3452 3553 3649 3619 Script.
3680 3544 3856 3601 Eccles.

2241 3670 2292 3719 τ,
2333 3653 2372 3716 ῐ,
2415 3669 2470 3723 p.
2528 3651 2598 3703 42
2655 3651 2704 3716 h,
2762 3650 2854 3705 ed.
2916 3648 3173 3718 Genev.),
3223 3644 3607 3702 verisimilius
3660 3638 3861 3736 videtur

2244 3741 2527 3812 scriptum
2579 3739 2760 3795 fuisse
2812 3739 2921 3794 sub
2993 3737 3401 3810 persecutione
3478 3737 3657 3797 sexta,
3729 3739 3859 3818 circa

2245 3847 2381 3885 ann.
2409 3829 2569 3900 CCII,
2618 3845 2733 3900 quo
2778 3830 3021 3883 Severus
3075 3826 3304 3898 aliquos
3365 3821 3716 3879 christianos
3757 3813 3859 3866 ﬁeri

2245 3920 2355 3975 sub
2389 3920 2545 3990 gravi
2580 3935 2750 3988 poena
2779 3918 2984 3972 vetuit.
3008 3940 3028 3967 ι
3061 3916 3276 3986 Adjicit
3306 3915 3402 3968 his
3437 3912 3700 3983 quaedam
3755 3917 3861 3998 pri?-

2245 4008 2500 4063 bationis
2524 4008 2731 4075 instar,
2761 4023 2909 4076 quae,
2953 4006 2998 4061 si
3036 4004 3178 4058 mihi
3210 4005 3434 4058 bonum
3473 4002 3656 4054 virum
3696 4005 3858 4058 exagi-

2246 4097 2406 4152 tandi
2440 4096 2673 4152 animus
2696 4102 2867 4165 esset,
2920 4098 3260 4164 repeterem.
3315 4093 3460 4148 Pars
3531 4106 3598 4145 eo
3645 4081 3866 4157 pertint?t

2247 4190 2330 4257 ut,
2366 4202 2495 4241 vere
2528 4186 2853 4256 imperante
2884 4185 3114 4252 Severo,
3164 4197 3366 4253 pacem
3429 4176 3863 4236 Christianorum

2247 4275 2431 4331 fuisse
2465 4275 2756 4329 turbatam
2803 4278 3079 4344 appareat
3111 4288 3124 4327 :
3176 4289 3310 4343 pars
3349 4288 3469 4326 non
3533 4266 3677 4322 levia
3715 4261 3869 4316 fuisse

2249 4364 2406 4419 mala
2436 4365 2590 4420 540
2621 4363 2739 4417 illis
2772 4364 2986 4433 injecta
3015 4360 3288 4416 ostendit.
3317 4361 3455 4423 Quae
3486 4355 3682 4412 omnia
3709 4360 3865 4420 quum

2251 4472 2284 4509 a
2306 4453 2540 4508 nemine
2564 4453 2900 4522 unquamin
2925 4451 3172 4505 dubium
3205 4453 3432 4510 vocata,
3453 4453 3580 4501 tum
3615 4459 3679 4499 ea
3730 4437 3870 4500 sunt,

493 4535 604 4590 viri
637 4537 987 4604 adhortatio,
1019 4555 1170 4610 quae,
1214 4545 1276 4594 ut
1307 4557 1373 4596 ea
1431 4557 1558 4611 qua:
1614 4541 1849 4596 molirer
1900 4541 2136 4613 perﬁce-
2169 4561 2215 4624 D
2251 4547 2315 4599 ut
2345 4561 2462 4614 qua
2484 4542 2706 4598 ratione
2729 4559 2925 4605 seram,
2961 4556 3133 4611 quam
3189 4537 3480 4601 defendit,
3532 4527 3871 4624 confirment.-

495 4641 643 4687 rem,
667 4631 1039 4682 cunctantem
1072 4629 1265 4684 adhuc
1297 4631 1552 4701 impulit.
1614 4632 1758 4693 Quid
1822 4629 2064 4686 multis?
2095 4633 2137 4685 E

495 4715 746 4785 vestigio
777 4717 1130 4786 posthabitis
1155 4718 1287 4772 aliis
1314 4735 1551 4773 manum
1584 4719 1767 4774 labori
1789 4720 2134 4790 admovi,ac,

499 4805 652 4876 quod
687 4803 781 4860 hic
807 4805 1068 4872 exhibeo,
1105 4806 1162 4860 in
1195 4807 1456 4862 chartam
1489 4807 1730 4880 conjeci.

567 4894 900 4965 Tuumjam
933 4895 1043 4949 erit
1060 4894 1711 4965 dispicere,doctissime
1735 4896 2134 4970 Havercampi.

497 4999 640 5038 num
670 4983 819 5038 tanti
848 4983 924 5038 sit
954 4983 1145 5055 opella
1175 4989 1391 5053 nostra,
1453 4989 1519 5040 ut
1575 5002 1786 5041 novam
1847 4987 2137 5042 condendi

496 5072 675 5143 hujus
707 5073 938 5144 generis
967 5073 1439 5129 dissertationem
1464 5074 1734 5130 molestia
1756 5077 2139 5147 supersedere

497 5177 698 5232 queas.
733 5162 891 5226 Quod
929 5161 977 5216 si
1011 5161 1206 5217 minus
1240 5168 1442 5218 nostra
1469 5163 1576 5218 tibi
1603 5163 1949 5235 placuerint,
2013 5165 2138 5220 ani-

498 5264 683 5315 mum,
715 5249 982 5320 scio,qui
1015 5249 1234 5305 candor
1282 5256 1370 5306 est
1427 5256 1587 5322 tuus,
1639 5253 1936 5324 probabis.
1999 5255 2140 5320 Quis

497 5352 632 5393 vero
662 5337 801 5394 ille?
833 5343 895 5394 ut
927 5339 1252 5395 commodis
1285 5339 1612 5396 litterarum
1645 5342 2012 5410 inservirem,
2052 5344 2139 5398 hi-

500 5425 743 5482 storiam
779 5427 1064 5482 malorum
1095 5429 1150 5482 in
1195 5429 1560 5485 Christianos
1610 5430 1820 5485 Severo
1873 5436 2141 5503 Augusto

2246 4648 2488 4704 prorsus
2513 4629 2793 4684 nesciam.
2817 4629 3100 4693 Quocirca
3127 4625 3335 4681 melius
3391 4624 3621 4679 omissa
3674 4614 3872 4708 fuisset3

2248 4699 2423 4791 quam
2487 4718 2814 4789 subjungit,
2883 4715 3221 4771 conclusio:
3278 4712 3498 4768 «Nulli
3567 4711 3755 4804 itaque
3791 4699 3873 4755 alii

2246 4808 2475 4881 epochae
2497 4806 2678 4877 hujus
2704 4805 2910 4876 scripti
2956 4820 3175 4858 annum
3231 4801 3492 4858 natalem
3555 4797 3755 4867 majori
3795 4803 3874 4842 V6-

2246 4897 2438 4953 ritatis
2470 4896 2662 4967 specie
2683 4894 2988 4966 assignare
3007 4906 3344 4964 possumus.
3373 4909 3400 4940 ι
3429 4885 3875 4945 Fundamentum

2247 4987 2375 5057 ejus
2396 5002 2512 5040 non
2544 4984 2605 5038 in
2635 4983 2911 5039 omnibus
2943 4998 3069 5053 quae
3101 4979 3492 5053 praemiserat,
3526 4977 3629 5032 sed
3661 4973 3718 5027 in
3788 4967 3878 5021 hoc

2249 5075 2371 5131 solo
2399 5075 2656 5146 positum
2687 5077 2796 5140 est,
2831 5087 2947 5126 non
2983 5074 3116 5126 ante
3149 5086 3368 5126 annum
3431 5067 3576 5124 CCII
3631 5065 3881 5119 Severum

2250 5164 2499 5220 decretis
2549 5163 2674 5218 suis
2738 5159 3209 5216 Christianorum
3269 5157 3530 5212 fortunis
3591 5150 3880 5208 molestum

2250 5255 2450 5309 fuisse.
2481 5253 2643 5318 Quod
2675 5267 2850 5322 quam
2885 5249 3179 5304 lubricum
3213 5263 3277 5302 ac
3301 5246 3618 5300 infirmum
3668 5239 3740 5296 sit
3772 5245 3887 5329 mox

2249 5344 2490 5414 patebit.
2522 5341 2768 5412 Scripsit
2798 5343 2952 5395 certe
2974 5336 3372 5393 Tertullianus
3405 5333 3689 5402 cumjam
3737 5322 3884 5414 melis

2253 5412 2513 5501 undique
2545 5431 2751 5485 fratres
2785 5429 3012 5485 obsessi
3043 5431 3261 5483 essent.
3323 5426 3743 5482 Verumtamen
3795 5412 3887 5466 hoc

576 5645 647 5717 (1)
680 5645 881 5702 Exstat
911 5645 970 5701 in
1005 5645 1340 5703 Bibliotheca
1368 5647 1527 5704 theol.
1565 5647 1695 5703 hist.
1719 5647 1945 5719 phz'lol.,
1978 5663 2107 5721 quae
2138 5646 2356 5704 Bremze
2388 5644 2636 5719 prodiit;
2664 5649 2709 5701 t.
2741 5645 2812 5701 II.
