4094 6186
279 413 394 473 609

977 409 1077 469 DE
1124 409 1411 469 ιΕΤΑΊἙ
1455 406 1972 469 APOLOGETICI
2017 404 2430 466 MOSHEIMII
2480 406 2976 477 DISQUISITIO.

3567 415 3687 475 610

282 563 393 602 non
430 545 676 613 sufficit,
711 544 820 600 nisi
853 549 910 600 et
930 545 1040 600 hoc
1072 548 1372 611 doceatur,
1405 559 1520 598 non
1553 547 1724 598 antea
1746 556 1924 614 quam
1955 553 2010 620 Α
2038 540 2238 596 omnia
2281 540 2528 608 fiebant,
2578 540 2943 598 Christianos
3001 559 3206 601 vexare
3263 543 3600 617 incipiebat.
3661 566 3686 598 ι

280 638 478 692 edicta
503 634 1028 708 promulgarentur
1061 635 1326 704 Augusti,
1371 633 1593 690 calamo
1625 648 1758 688 eum
1805 648 1928 687 ma-

280 743 395 781 nus
453 722 808 779 admovisse.
877 725 1057 794 Cujus
1116 724 1355 795 quidem
1399 723 1446 778 si
1480 721 1706 777 ostendi
1737 724 1926 792 potest

279 816 668 881 contrarium,
703 814 896 870 omnis
927 815 1114 870 hancce
1144 813 1499 886 computatio
1532 811 1752 867 nullius
1783 810 1932 867 msti-

281 906 504 960 manda
526 910 633 960 est.
670 909 868 975 Neque
900 903 1078 959 etiam
1116 904 1221 958 hoc
1250 903 1336 957 vir
1384 903 1601 957 doctus
1661 900 1930 966 attendit,

278 1003 514 1059 etiamsi
547 1003 802 1057 rationes
834 1003 961 1070 eius
993 1001 1243 1056 multum
1273 1000 1553 1064 valerent,
1586 1003 1813 1054 aetatem
1846 1001 1932 1051 ta-

282 1109 420 1148 men
454 1091 588 1145 libri
616 1093 686 1146 ad
718 1108 854 1146 ann.
888 1091 1048 1145 CCIII
1083 1090 1276 1162 potius
1306 1088 1524 1143 diﬂ‘erri
1557 1088 1930 1142 debere.Um-

283 1181 384 1234 nia
415 1181 628 1234 etenim
661 1196 794 1234 cum
817 1180 889 1234 ab
924 1179 1259 1250 aliquojam
1291 1182 1556 1248 temporc
1587 1177 1842 1231 caedibus
1867 1191 1932 1230 ac

278 1267 590 1337 suppliciis
623 1268 1089 1323 Christianorum
1117 1268 1445 1333 fervisseut,
1505 1267 1713 1322 Noster
1762 1273 1932 1321 sectae

291 1373 418 1410 suae
451 1357 722 1411 defensor
751 1355 992 1410 exstitit.
1047 1358 1234 1418 Quare
1283 1372 1397 1410 non
1457 1355 1601 1410 satis
1660 1354 1936 1410 credibile

282 1449 399 1512 est,
425 1445 536 1499 sub
571 1446 767 1515 ipsum
793 1443 1194 1499 calamitatum
1219 1443 1544 1513 exordium,
1570 1460 1635 1498 eo
1665 1442 1936 1514 ipsc,quo

283 1539 441 1588 natas
469 1538 656 1602 erant,
690 1549 841 1588 anno
900 1534 1303 1589 defensionem
1364 1534 1536 1588 istam
1596 1533 1655 1586 in
1712 1531 1936 1586 litteras

283 1621 532 1676 relatam
567 1638 716 1676 esse.
751 1621 838 1675 Ab
860 1621 965 1676 hoc
998 1621 1227 1676 alienus
1259 1625 1454 1677 tamen
1483 1637 1596 1676 non
1634 1626 1758 1675 erat
1782 1619 1934 1675 Hen-

279 1709 446 1765 ricus
480 1709 838 1765 Dodwellus.
866 1709 1223 1777 Licet'enim,
1257 1709 1395 1780 quid
1427 1710 1497 1764 de
1528 1713 1693 1764 astate
1725 1707 1936 1779 Apolo-

278 1800 458 1874 getici
486 1801 1105 1872 sentiat,aperte,quod
1140 1798 1347 1864 sciam,
1383 1816 1686 1870 nusquam
1721 1815 1936 1870 propo-

280 1896 414 1955 nat,
444 1905 510 1944 ex
540 1889 654 1945 illis
687 1895 904 1959 tamen,
940 1905 1069 1960 quae
1101 1889 1172 1943 de
1203 1888 1604 1944 vexationibus
1654 1887 1934 1944 Christia-

281 1995 502 2034 norum
534 1979 643 2034 sub
673 1982 876 2034 Severo
909 1979 1194 2050 disputat,
1247 1978 1387 2048 quid
1449 1983 1644 2033 mente
1691 1977 1942 2033 voluerit

279 2067 418 2123 sine
449 2066 568 2122 ulla
613 2066 1005 2122 controversia
1058 2065 1375 2137 colligitur.
1421 2070 1572 2121 Ante
1623 2083 1762 2122 ann.
1805 2065 1939 2123 CCII

281 2157 570 2212 nimirum
603 2157 894 2212 neminem
918 2155 1409 2227 tranquillitatem
1435 2156 1811 2228 perturbasse
1827 2172 1940 2210 cm-

279 2252 384 2302 tus
417 2247 567 2301 sacri
599 2245 712 2300 sibi
772 2246 1104 2316 persuadet,
1167 2244 1345 2316 idque
1429 2244 1752 2312 nonnullis,
1813 2260 1940 2314 quas

288 2351 432 2388 mox
463 2335 876 2402 discutiemus,
935 2334 1298 2405 argumentis
1356 2334 1619 2389 stabilire
1675 2332 1938 2389 enititur.

287 2433 543 2501 (Dz'ssert.
579 2435 850 2503 Cyprian.
885 2449 962 2501 xx,
991 2432 1127 2504 §4t,
1161 2449 1220 2502 p.
1257 2432 1326 2486 78
1347 2436 1402 2485 S.
1432 2432 1523 2486 ed.
1556 2432 1772 2501 Brem.)
1842 2434 1942 2485 Dc-

284 2523 464 2576 cebat
494 2521 577 2576 sic
611 2538 768 2585 eum,
801 2519 894 2575 cui
929 2521 1073 2575 nihil
1131 2520 1325 2575 minu
1381 2537 1559 2591 quam
1618 2528 1941 2591 martyrum

284 2611 466 2680 copia
495 2611 732 2664 ferenda
763 2610 1092 2665 videbatur.
1135 2608 1296 2672 Quod
1325 2609 1376 2664 si
1433 2625 1593 2681 ergo,
1656 2613 1719 2663 ut
1764 2609 1942 2663 indu-

285 2699 546 2755 bitatum
577 2706 685 2765 est,
712 2716 826 2753 non
858 2702 1029 2753 antea
1060 2714 1238 2768 quam
1262 2698 1622 2753 incrementa
1651 2698 1948 2769 cepissent

287 2787 684 2854 calamitates,
732 2788 1007 2859 prasides
1059 2786 1489 2858 provinciarum
1560 2787 1946 2843 Tertullianus

288 2876 692 2947 compellavit,
725 2882 951 2932 certum
984 2893 1218 2946 quoque
1248 2893 1316 2931 ex
1362 2877 1491 2946 ejus
1522 2877 1813 2932 sententia
1858 2880 1949 2932 est

295 2970 441 3037 post
474 2982 607 3019 ann.
644 2965 777 3019 CCII
808 2970 911 3019 aut
943 2980 1008 3019 eo
1039 2963 1272 3020 labente
1314 2965 1530 3020 factum
1601 2964 1743 3020 illud
1797 2983 1946 3021 esse.

290 3056 370 3110 Et
397 3055 534 3125 quid
568 3053 917 3123 conjecturis
937 3052 1469 3125 opus?Dissertiora
1491 3055 1707 3109 adsunt
1735 3054 1950 3110 eruditi

286 3144 408 3198 viri
465 3143 637 3198 verba
672 3184 684 3196 .
753 3163 780 3192 ‹‹
839 3142 977 3196 Inde
1034 3143 1226 3213 inquit
1279 3143 1502 3213 (Dissert
1566 3146 1683 3211 αἱ,
1761 3146 1788 3212 §
1858 3145 1945 3210 42,

286 3253 353 3306 p.
400 3233 512 3301 69),
554 3231 640 3286 his
673 3231 823 3302 ipsia
854 3230 1216 3302 temporibus
1249 3232 1342 3302 (de
1369 3249 1506 3287 ann.
1567 3232 1706 3288 CCII
1766 3232 1948 3302 loqui-

1970 1935 2018 2000 B

2041 630 2280 702 Egregie
2299 647 2461 700 sane,
2496 631 2650 702 quod
2681 635 2807 687 tum
2837 631 3024 705 legem
3058 632 3283 689 nullam
3316 636 3387 690 ab
3420 640 3688 708 Augusto

2038 721 2100 776 in
2131 719 2494 776 Christianos
2526 720 2705 776 latam
2739 719 2919 777 fuisse
2939 723 3226 794 agnoscit.
3247 724 3406 788 Quod
3426 727 3494 780 de
3517 725 3689 782 Plau-

2041 809 2200 866 tiano
2231 810 2416 881 addit,
2449 810 2681 866 Baronii
2703 811 2875 866 debet
2897 812 3686 886 suspicioni(dnnal.Eccle:.

2042 904 2090 957 t.
2131 904 2203 953 II.
2235 901 2304 955 ad
2353 918 2485 955 ann.
2523 899 2603 955 CC
2635 918 2690 954 n.
2724 900 2846 970 VII,
2893 900 3040 970 VIII,
3076 919 3132 974 p.
3179 903 3303 972 198,
3351 904 3443 960 ed.
3493 904 3689 970 Colon,

2047 990 2206 1055 4624,
2239 989 2360 1058 fol,)
2385 1006 2564 1060 quam
2596 989 3047 1062 ipse,deinceps
3107 992 3435 1065 proﬂigavit
3464 993 3698 1065 (Critian

2047 1078 2116 1134 ad
2145 1084 2285 1134 Ann.
2319 1080 2574 1146 Baronii,
2610 1084 2650 1133 t.
2685 1083 2752 1148 Η,
2804 1078 2872 1134 ad
2920 1097 3054 1134 ann.
3108 1081 3308 1137 CXCIX
3360 1099 3420 1138 n.
3482 1082 3573 1151 IV,
3637 1099 3698 1154 p.

2046 1168 2156 1238 92).
2193 1167 2464 1222 Probatic
2512 1184 2653 1238 vaga
2696 1173 2786 1222 est
2833 1184 2898 1223 ac
2945 1169 3292 1241 generalior,
3344 1187 3472 1242 quis
3529 1176 3584 1226 et
3638 1171 3699 1225 in

2050 1257 2194 1312 alios
2244 1273 2429 1311 annos
2497 1257 2786 1328 quadrare
2834 1262 3051 1329 posset,
3129 1259 3346 1330 quibus
3422 1264 3697 1316 Severum

2047 1345 2221 1400 etiam
2255 1345 2405 1401 Urbe
2471 1345 2729 1401 abfuisse
2781 1346 3071 1402 novimus.
3115 1347 3312 1403 Fuerit
3359 1365 3490 1404 vero
3521 1349 3699 1405 nimis

2047 1434 2328 1490 inﬁrma:
2362 1434 2567 1490 vellem
2600 1435 2988 1491 nihilominus
3029 1437 3087 1491 in
3139 1453 3207 1492 ea
3266 1437 3557 1493 sententia
3613 1437 3702 1492 vir

2048 1524 2255 1579 doctus
2287 1524 2657 1595 perstitisset.
2691 1525 3000 1580 Enimvero
3047 1542 3181 1580 cum
3232 1527 3546 1582 Baronium
3605 1541 3701 1582 ca-

2049 1612 2313 1684 stigaret,
2347 1613 2770 1684 repudiandam
2804 1614 2916 1670 sibi
2949 1630 3077 1669 eam
3112 1630 3240 1670 esse
3260 1615 3448 1684 duxit,
3479 1632 3544 1670 ac
3562 1620 3700 1671 aeta-

2050 1705 2168 1756 tem
2197 1702 2534 1772 Apologctz'ci
2563 1704 2633 1758 ad
2667 1720 2806 1758 ann.
2858 1703 2988 1760 CCV
3036 1703 3257 1773 retulit,
3297 1702 3703 1759 «Christiano-

2050 1807 2204 1858 rum,
2236 1791 2408 1847 audis
2429 1790 2673 1863 Pagium
2706 1792 2798 1862 (ad
2827 1809 2968 1848 amt.
3015 1791 3228 1862 CXCIX,
3261 1809 3298 1848 n
3348 1792 3442 1861 VI,
3497 1810 3555 1865 p.
3585 1792 3701 1864 95),

2049 1880 2374 1950 persecutio
2403 1886 2536 1936 ante
2569 1897 2705 1936 ann.
2739 1882 2878 1938 CCII
2902 1881 3134 1938 decreta
3163 1899 3279 1938 non
3328 1883 3459 1941 fuit.
3511 1882 3703 1946 Quare

2049 1983 2184 2023 cum
2214 1967 2611 2025 Tertullianus
2643 1970 3046 2041 Apologelicum
3067 1988 3266 2040 suum,
3294 1971 3704 2043 persecutione

2051 2057 2268 2129 ubique
2290 2058 2416 2129 jam
2449 2076 2482 2114 a
2508 2057 2692 2114 multo
2724 2063 2981 2131 tempore
3001 2060 3305 2132 flagrante,
3337 2065 3402 2116 ut
3430 2077 3500 2116 ex
3537 2060 3706 2131 ipso-

2049 2151 2170 2201 met
2210 2147 2549 2218 Apolugetico
2602 2145 2919 2220 colligitur,
2985 2148 3307 2220 scripserit,
3379 2148 3554 2222 longe
3585 2153 3707 2204 tar-

2050 2233 2184 2288 dius
2216 2235 2749 2306 presstantissimun
2784 2235 2930 2292 illud
2975 2253 3122 2308 opus
3151 2237 3618 2311 promulgatum,
3649 2239 3708 2294 et

2052 2321 2311 2393 quidem,
2387 2330 2450 2379 ut
2515 2326 2802 2396 conjicere
2863 2326 3016 2393 licet,
3076 2343 3226 2382 anno
3299 2328 3704 2383 ducentesimo

2052 2410 2279 2482 quinto,
2312 2429 2427 2482 quo
2453 2415 2785 2470 Antoninus
2819 2414 3050 2485 imperii
3083 2415 3328 2471 Caesarei
3361 2416 3706 2472 decennalis

2052 2498 2387 2567 celebravit,
2423 2517 2608 2572 quove
2639 2504 2973 2574 persecutio
3009 2504 3196 2574 magis
3231 2504 3490 2560 saeviit.»
3521 2505 3702 2561 Nemo

2053 2588 2354 2659 pejoribus
2378 2607 2640 2663 unquam
2673 2591 2955 2663 auspiciis
2983 2599 3239 2648 mentem
3259 2595 3525 2651 mutavit.
3551 2594 3703 2650 Dum

2054 2676 2234 2732 alium
2266 2677 2450 2734 levius
2463 2685 2801 2750 peccantem
2837 2682 3146 2737 emendare
3167 2682 3349 2754 cupit,
3374 2682 3534 2755 gravi
3574 2698 3704 2739 sese

2055 2771 2248 2821 errato
2298 2769 2672 2824 contaminat.
2737 2769 3018 2841 Equidem
3079 2770 3221 2840 scio,
3273 2771 3528 2827 saaviisse
3575 2776 3702 2828 tum

2057 2856 2116 2910 in
2143 2856 2501 2913 Christianos
2535 2859 2804 2913 nationes
2839 2876 2872 2913 a
2903 2859 3020 2914 veri
3057 2858 3329 2914 Numinis
3360 2860 3520 2916 cultu
3572 2861 3708 2917 alie-

2058 2961 2185 3011 nas,
2211 2962 2344 3000 cum
2371 2947 2576 3003 Noster
2607 2964 2715 3002 sua
2742 2947 3134 3019 consignaret.
3169 2948 3368 3012 Qualis
3392 2966 3523 3005 vero
3566 2949 3705 3004 hinc

2058 3033 2405 3090 conclusio?
2463 3036 2610 3107 Ergo
2669 3040 2801 3108 post
2857 3037 3074 3092 emissa
3125 3054 3159 3092 a
3205 3037 3415 3094 Severo
3472 3039 3705 3094 decreta

2059 3123 2206 3179 liber
2227 3129 2495 3180 exaratus
2532 3130 2640 3180 est.
2701 3125 2876 3192 Quasi
2942 3140 3076 3182 vero
3105 3131 3226 3182 tam
3283 3143 3480 3182 rerum
3518 3126 3708 3200 impe-

2062 3213 2211 3268 ritus
2243 3213 2440 3283 fuerit,
2475 3218 2537 3268 ut
2566 3214 2621 3268 vi
2652 3213 2849 3286 legum
2880 3221 3051 3270 antea
3072 3214 3324 3270 latarum
3356 3216 3567 3271 fratres
3600 3232 3705 3270 no-

297 3298 432 3388 ὶω.)
463 3319 548 3374 νει
586 3319 754 3389 paulo
777 3319 951 3374 etiam
983 3319 1226 3374 fortassa
1266 3319 1582 3386 recentius,
1630 3337 1776 3376 nova
1826 3321 1945 3391 illa,
1979 3298 2021 3364 C
2061 3307 2216 3357 atros
2266 3319 2666 3373 saepenumero
2710 3303 3070 3357 excruciatos
3129 3303 3312 3360 fuisse
3377 3304 3705 3360 nesciverit.

311 3434 499 3489 quam
544 3415 806 3487 appellat
862 3415 1281 3482 Tertullianus,
1341 3418 1803 3474 Christianorum
1854 3417 1954 3474 Dei

296 3509 512 3576 editio,
547 3524 678 3562 cum
711 3508 1006 3577 ejuomodi
1040 3507 1439 3578 inscriptione,
1471 3508 1624 3564 Deus
1675 3510 1955 3565 Christia-

299 3615 522 3653 norum
556 3596 915 3664 onochoites,
971 3594 1214 3650 auribus
1259 3598 1507 3652 asininis
1575 3599 1754 3655 altero
1813 3600 1956 3671 pede

299 3685 592 3757 ungulato
626 3685 838 3739 librum
863 3685 1144 3757 gestantis
1177 3693 1230 3739 et
1263 3686 1464 3757 togati.
1493 3709 1512 3734 ι
1542 3687 1837 3758 Legunlur
1866 3704 1952 3752 ea,

301 3777 384 3832 ad
421 3792 546 3845 qua:
581 3779 870 3849 provocat,
905 3774 964 3828 in
1010 3776 1341 3845 Apotegz'tz'co
1381 3777 1532 3846 (cap.
1602 3777 1685 3843 16,
1727 3793 1784 3846 p.
1830 3777 1952 3830 469.

295 3868 403 3922 ed.
465 3865 645 3920 celeb.
708 3866 1111 3937 Havercampi,
1171 3883 1286 3937 qua
1343 3865 1437 3920 hic
1492 3883 1724 3938 semper
1778 3869 1956 3940 utor),

293 3956 477 4024 cujus
533 3971 624 4008 res
683 3953 775 4008 hic
834 3956 1046 4025 agitur.
1100 3955 1247 4021 Quid
1283 3955 1500 4010 clarius
1541 3955 1759 4027 itaque,
1821 3973 1955 4012 cum

289 4045 488 4100 Caveo
537 4042 809 4114 aliisque,
859 4044 1013 4099 circa
1071 4043 1204 4098 libri
1281 4047 1510 4099 aetatem
1589 4045 1956 4100 Dcdwellum

290 4129 721 4186 consensisse?
761 4131 962 4186 Latius
1007 4131 1177 4186 hodie
1209 4131 1316 4185 viri
1367 4132 1542 4202 hujus
1566 4132 1635 4186 de
1668 4133 1959 4204 paucitate

297 4229 635 4293 martyrum
662 4223 957 4277 sententia
988 4223 1225 4294 serpsit,
1259 4239 1323 4278 ac
1355 4221 1748 4294 plurimorum
1808 4228 1962 4279 inter

290 4312 569 4367 eruditos
601 4311 823 4366 animos
853 4312 1175 4382 occupavit.
1213 4311 1416 4382 Igitur,
1449 4311 1589 4383 quin
1639 4312 1958 4369 multorum

294 4397 604 4452 mentibus
643 4399 762 4453 haec
806 4401 876 4453 de
937 4405 1103 4453 aetate
1135 4400 1471 4468 Apologetz'cz'
1529 4399 1723 4470 opinio
1781 4400 1961 4456 inﬁxa

286 4489 401 4550 sit,
447 4503 561 4540 non
630 4487 876 4541 dubium
937 4493 1046 4542 est.
1099 4489 1255 4552 Quos
1328 4492 1524 4542 tamen
1585 4487 1816 4559 longius
1866 4490 1960 4546 hic

287 4591 626 4640 recensere,
678 4593 860 4646 quum
917 4577 1095 4630 duces
1125 4575 1366 4630 indicati
1399 4575 1538 4639 sint,
1599 4593 1712 4630 non
1765 4594 1958 4634 neces-

2063 3393 2190 3460 Aut,
2224 3392 2272 3446 si
2300 3391 2498 3446 minus
2529 3392 2639 3446 hoc
2670 3397 3039 3463 perspectum
3062 3392 3174 3463 ipsi
3209 3393 3438 3461 fuisset,
3460 3393 3553 3448 hic
3583 3394 3710 3464 ipse

2063 3480 2449 3550 Apologeticus
2480 3485 2605 3535 tum
2639 3482 2916 3552 temporis
2948 3482 3055 3536 hoc
3085 3482 3369 3553 evenisse,
3420 3499 3554 3537 eum
3590 3499 3710 3537 non

2065 3571 2270 3625 docere
2302 3569 2607 3640 potuisset.
2639 3571 2745 3626 Sed
2777 3571 2848 3626 de
2907 3571 3016 3625 hac
3065 3588 3124 3626 re
3165 3572 3291 3642 jam
3350 3571 3711 3627 luculentius

2064 3675 2190 3714 com
2201 3659 2522 3714 mentabor.

2135 3784 2281 3851 §1V.
2315 3784 2701 3852 —-Vidimus,
2753 3784 2847 3854 iis,
2908 3785 3005 3856 qui
3064 3790 3198 3856 post
3256 3803 3393 3841 ann.
3446 3785 3580 3842 CCII
3642 3785 3711 3840 li-

2064 3873 2237 3927 brum
2271 3873 2328 3928 in
2361 3873 2581 3928 litteras
2614 3890 2742 3928 esse
2772 3872 2998 3938 volunt,
3031 3875 3139 3929 hoc
3171 3875 3457 3946 praecipue
3489 3875 3713 3929 obfuis-

2066 3978 2149 4030 se,
2183 3962 2336 4032 quod
2371 3978 2558 4032 usque
2588 3963 2658 4016 ad
2693 3978 2830 4016 ann.
2874 3961 3012 4016 CCII
3062 3963 3471 4033 pacatissimas
3529 3963 3715 4016 fuisse

2067 4067 2160 4105 res
2201 4049 2668 4105 Christianorum
2711 4050 3081 4105 crediderint.
3142 4054 3275 4106 Haec
3330 4066 3463 4105 vero
3521 4066 3591 4105 ex
3647 4064 3714 4104 eo

2068 4144 2207 4194 nata
2236 4147 2321 4193 est
2353 4138 2678 4210 persuasio,
2712 4141 2866 4210 quod
2900 4140 3010 4194 hoc
3032 4156 3205 4206 anno,
3231 4155 3405 4211 quem
3437 4139 3580 4208 dixi,
3615 4140 3717 4193 de-

2068 4237 2222 4283 creta
2254 4245 2287 4282 a
2309 4229 2515 4284 Severo
2543 4229 2601 4282 in
2634 4229 3000 4284 Christianos
3022 4228 3322 4300 proposita
3342 4229 3544 4297 fuisse,
3564 4226 3718 4282 mul-

2067 4317 2144 4372 tis
2176 4333 2246 4372 ex
2277 4318 2629 4373 testimoniis
2659 4318 3006 4372 didicerant.
3042 4318 3166 4372 Non
3203 4317 3390 4388 patuit
3439 4316 3716 4372 videlicet

2066 4406 2186 4462 illis
2221 4407 2686 4462 ratiocinationis
2718 4408 2894 4477 hujus
2926 4405 3321 4462 imbecillitas:
3348 4406 3684 4461 Sanxitann

2069 4496 2202 4550 CCII
2237 4496 2292 4550 in
2323 4496 2687 4551 Christianos
2725 4501 2971 4550 Severus
3011 4495 3163 4565 leges
3198 4512 3211 4563 ;
3245 4495 3428 4566 igitur
3459 4511 3572 4550 non
3615 4510 3720 4549 an-

2069 4589 2154 4640 tea
2187 4586 2379 4641 vexari
2439 4590 2732 4657 poterunt.
2793 4587 3142 4656 Quanquam
3202 4585 3567 4640 Dcdwellum
3627 4583 3723 4639 hic

286 4664 527 4720 sarium
554 4681 682 4719 esse
712 4664 986 4719 arbitror.
1019 4665 1103 4719 Ad
1135 4663 1450 4719 Antonium
1487 4664 1730 4735 Pagium
1765 4667 1956 4737 potius
1989 4664 2034 4728 D
2067 4675 2253 4745 excipi
2281 4674 2447 4729 facile
2478 4678 2616 4739 fero,
2642 4675 2743 4745 qui
2777 4676 2849 4728 ad
2882 4674 3030 4728 alias
3063 4673 3239 4729 simul
3283 4674 3541 4742 argutias
3586 4689 3722 4726 con-

289 4755 540 4818 accedo,
575 4755 696 4823 qui,
726 4753 860 4808 licet
903 4771 1138 4809 omnem
1173 4755 1287 4808 fere
1320 4757 1548 4808 aitatem
1583 4754 1640 4807 in
1695 4757 1958 4810 numeris

284 4851 865 4916 contriverit,eidem
902 4857 1097 4906 tamen
1135 4867 1195 4905 se
1227 4851 1452 4905 addixit
1482 4851 1957 4907 sententiasCum

282 4942 452 4998 541
491 4941 817 5008 Ηῃραίιόαιη
846 4941 1242 4994 conscriberet
1277 4940 1744 5009 Dissertationem,
1787 4956 1959 4995 nemo

281 5048 360 5085 eo
402 5028 631 5096 melius,
665 5030 764 5100 qui
799 5047 899 5101 pro
931 5047 1067 5086 ann.
1102 5030 1361 5086 CXCVIII
1409 5029 1657 5084 dieserte
1700 5046 1958 5101 pronun-

278 5121 509 5174 tiabat.
554 5123 764 5189 Accipe
792 5122 964 5174 verba
995 5122 1164 5192 (Diss.
1203 5120 1498 5192 Hypatica,
1551 5136 1606 5188 p.
1650 5136 1711 5184 ιι,
1741 5136 1867 5191 cap.
1903 5122 1959 5190 3,

281 5213 311 5279 ξ
358 5209 540 5278 12").
596 5211 714 5272 “7’
770 5209 939 5280 δηθά.
996 5212 1132 5265 1682
1191 5210 1365 5279 ίη-4ο)
1414 5225 1426 5261 :
1485 5227 1512 5258 α
1564 5208 1959 5266 Tertullianus

282 5297 712 5366 Apologeticum
763 5300 1112 5370 conscripsit
1173 5315 1307 5352 ann.
1358 5297 1640 5363 CXCVIII,
1693 5314 1808 5367 quo
1858 5300 1957 5354 Se-

276 5401 475 5442 verus
547 5389 1016 5458 quinquennalia
1042 5387 1247 5454 edidit,
1300 5386 1602 5457 Romaque
1662 5386 1957 5456 discessit,

276 5491 482 5548 quam
515 5479 586 5529 ob
616 5493 850 5531 causam
904 5478 974 5532 ad
1015 5477 1400 5549 magistratus
1435 5479 1729 5530 Romanos
1790 5476 1957 5534 illum

277 5564 535 5620 direxit.
584 5563 727 5619 Nam
755 5564 890 5619 licet
924 5565 1151 5620 nullum
1185 5565 1376 5620 adhuc
1416 5565 1487 5618 ab
1519 5565 1723 5618 eodem
1774 5565 1958 5638 impe-

275 5660 496 5710 ratore
531 5654 813 5709 adversus
835 5653 1197 5709 Christianos
1229 5654 1487 5708 edictum
1517 5653 1958 5726 promulgatum

281 5746 537 5813 fuisset,
566 5743 912 5799 Plautianus
937 5750 1150 5812 tamen,
1183 5744 1357 5816 cujus
1388 5743 1736 5799 auctoritate
1765 5749 1957 5804 Romae

2071 4764 2238 4833 fugit,
2263 4779 2328 4818 eo
2359 4765 2511 4832 quod
2537 4763 2680 4818 nihil
2715 4766 2773 4817 in
2794 4763 2903 4817 hac
2928 4763 3151 4818 ratione
3185 4762 3440 4834 praesidii
3464 4762 3721 4832 positum

2069 4867 2198 4906 esse
2230 4853 2603 4923 perspiceret.
2639 4853 2767 4906 Hinc
2800 4869 2985 4922 quum
3019 4853 3100 4907 ita
3129 4851 3270 4917 sint,
3325 4851 3488 4906 nulla
3509 4853 3578 4906 ad
3614 4851 3722 4905 hos

2071 4941 2417 4996 refellendos
2441 4941 2653 4996 certior
2681 4942 2777 4994 via
2799 4943 2930 5010 erit,
2961 4957 3140 5012 quam
3158 4942 3208 4995 si
3233 4941 3332 4996 diu
3356 4945 3511 5008 ante,
3545 4955 3724 5012 quam

2069 5030 2319 5102 Augusti
2349 5031 2638 5085 ferrentur
2681 5029 2861 5100 leges,
2923 5029 3182 5100 plurima
3238 5031 3393 5086 mala
3451 5029 3725 5086 Christia-

2072 5137 2281 5174 norum
2316 5120 2655 5174 incubuisse
2688 5118 3018 5174 cervicibus
3051 5120 3505 5175 demonstretur.
3544 5120 3724 5174 Totus

2071 5209 2233 5264 hicce
2250 5208 2413 5264 locus
2430 5208 2832 5264 aTheoderico
2846 5210 2999 5265 542
3020 5208 3324 5275 Ruinarto,
3343 5210 3441 5281 qui
3459 5208 3725 5264 Dcdwel-

2071 5296 2195 5352 lum
2230 5297 2341 5354 sibi
2385 5298 2796 5370 castigaudum
2830 5299 3106 5370 sumpsit,
3141 5299 3573 5370 praetermissus
3615 5302 3723 5355 est.

2071 5386 2336 5442 Graviter
2369 5390 2416 5441 is
2444 5405 2508 5442 ac
2540 5387 2892 5459 permoleste
2926 5390 3055 5453 fert,
3106 5387 3485 5444 afﬂictionem
3540 5393 3724 5444 totam

2073 5479 2250 5530 unius
2305 5475 2524 5530 biennii
2579 5478 2770 5548 spatio
2838 5477 2996 5532 hunc
3032 5477 3363 5549 complecti.
3428 5479 3622 5548 (Praef.
3655 5476 3725 5530 ad

2069 5567 2197 5618 Acta
2255 5564 2481 5635 Martyr.
2543 5567 2780 5633 sincera,
2833 5571 2976 5632 sect,
3031 5583 3091 5636 ιι,
3141 5568 3286 5636 §l'2,
3365 5585 3421 5639 p.
3485 5567 3570 5633 48,
3631 5565 3720 5619 ed.

2068 5653 2404 5720 Wetsten.).
2442 5653 2815 5711 Generaliera
2853 5670 2985 5710 vero
3042 5658 3295 5725 tantum,
3347 5655 3559 5726 quibus
3590 5669 3722 5708 eum

2069 5742 2316 5815 refellat,
2346 5744 2609 5814 adducit,
2644 5761 2897 5817 quorum
2930 5743 3082 5809 alter
3111 5743 3351 5812 similia,
3410 5743 3460 5797 si
3516 5742 3724 5813 quaesi-
