4094 6186
448 335 556 399 611

969 330 1497 394 TERTULLIANI
1545 330 1871 395 OPERUM
1917 332 2119 393 PARS
2165 330 2315 391 I.—
2344 333 2618 398 SERIES
2664 335 2713 407 Ι,
2760 335 3319 398 APOLOGETICA.

3679 346 3777 406 612

446 470 645 537 visset,
675 467 943 523 fortassis
976 467 1317 523 invenisset.
1354 467 1791 539 Diligentiorem
1843 466 2091 539 inquisiai
2126 480 2182 546 Α
2215 467 2631 540 principalium
2666 472 3084 543 rescriptorum
3118 476 3175 526 et
3196 475 3497 529 edictorum
3525 480 3785 535 securibus

444 557 689 625 tionem,
725 562 1180 628 temporumque
1240 558 1626 623 notationem,
1673 573 1847 628 quam
1884 555 2097 628 negotii

443 651 652 702 natura
713 647 883 701 unice
942 644 1185 715 ﬂagitat,
1238 646 1424 700 tustra
1471 645 1914 717 exspectaveris.
1977 645 2096 700 Ma-

438 738 628 808 jorem
664 736 872 809 Pagius
922 735 1274 790 industriam
1307 736 1597 803 adhibuit,
1633 741 1695 789 ut
1724 735 1780 789 in
1815 735 1972 789 hisce
2005 751 2096 789 re-

448 827 557 881 bus
590 825 910 898 plurimum
944 823 1279 895 possidebat
1312 823 1837 896 scientia.(0ritica
1869 825 1926 877 in
1951 825 2094 879 Ann.

449 923 703 986 Baronz’i,
736 928 776 977 t.
816 922 909 989 III,
961 922 1033 976 ad
1062 938 1195 974 ann.
1256 920 1378 986 CCI,
1429 938 1485 975 n.
1532 938 1633 984 v11,
1696 937 1748 991 p.
1807 924 1862 985 2,
1920 924 1972 975 et
2031 919 2098 974 ad

446 1029 580 1068 ann.
615 1011 812 1077 CCVII,
851 1026 1017 1078 n.1u,
1072 1026 1125 1080 p.
1158 1011 1234 1081 7),
1298 1009 1495 1080 Neque
1552 1014 1745 1064 tamen
1806 1009 1916 1064 hoc
1973 1025 2097 1062 mo-

449 1105 712 1157 mentum
748 1100 1034 1171 attingere
1081 1099 1290 1169 potuit,
1355 1098 1631 1169 quoniam
1686 1100 1743 1153 in
1803 1098 1972 1153 initio
2015 1098 2096 1153 af-

448 1189 726 1247 ﬂictionis
775 1189 1137 1260 designando
1187 1188 1258 1243 ab
1311 1188 1663 1254 adversario,
1726 1194 1790 1242 ut
1847 1187 2094 1257 ostendi,

449 1297 564 1336 non
623 1277 966 1333 dissidebat.
1020 1278 1080 1331 In
1142 1277 1249 1332 hoc
1299 1277 1479 1349 igitur
1510 1283 1737 1331 tantum
1780 1283 2098 1348 occupatus

450 1374 560 1435 est,
586 1374 651 1424 ut
681 1369 752 1422 ab
776 1384 913 1422 ann.
947 1366 1080 1421 CCII
1114 1368 1184 1420 ad
1220 1371 1464 1421 mortem
1501 1383 1687 1438 usque
1736 1366 1927 1421 Severi
1991 1383 2094 1437 pa-

447 1474 573 1514 cem
611 1460 816 1512 sancto
874 1455 1048 1510 coetui
1097 1472 1210 1509 non
1276 1456 1457 1511 fuisse
1516 1456 1801 1510 redditam
1848 1455 2092 1511 evincat.

448 1548 612 1613 Quod
646 1545 729 1600 illi
751 1546 969 1616 itaque,
1002 1549 1058 1599 et
1089 1544 1423 1615 complures
1459 1545 1577 1611 alii,
1615 1544 1963 1600 intentatum
2014 1545 2097 1599 di-

447 1636 760 1700 miserunt,
795 1634 851 1689 id
884 1651 990 1706 ego
1025 1633 1165 1688 mihi
1194 1651 1347 1689 nunc
1381 1633 1796 1705 perficiendum
1839 1650 2092 1689 sumam.

449 1736 528 1791 De
558 1751 711 1790 anno
743 1732 840 1805 qui
874 1732 1044 1787 malis
1099 1732 1230 1787 istis
1278 1731 1509 1787 initium
1553 1731 1797 1799 dederit,
1858 1732 2097 1803 praecise

446 1839 604 1878 nunc
635 1839 750 1877 non
781 1820 995 1915 agitur.
1028 1820 1192 1875 Haud
1245 1820 1560 1915 difﬁculter
1615 1820 1665 1876 is
1718 1836 1791 1915 ex
1838 1819 1924 1915 iis
1969 1810 2173 1915 quae];

448 1913 520 1968 de
552 1915 720 1966 (etate
750 1909 1082 1982 Apologetici
1131 1916 1293 1964 extra
1339 1909 1588 1964 dubium
1646 1908 2088 1980 collocabimus,

448 2000 574 2058 erui
603 2001 836 2071 poterit.
886 1999 990 2053 Hic
1016 1999 1072 2052 id
1105 1998 1247 2053 mihi
1279 2003 1508 2053 tantum
1562 1999 1925 2071 propositum
1978 2003 2088 2069 est,

449 2095 517 2148 ut
545 2095 677 2145 ante
700 2106 837 2144 ann.
871 2088 1026 2154 CCII,
1061 2104 1175 2158 quo
1214 2088 1403 2143 Severi
1463 2088 1523 2142 in
1580 2087 1944 2143 Christianos
1992 2089 2089 2142 de-

449 2182 605 2236 creta
631 2178 925 2249 publicata
952 2194 1082 2233 esse
1116 2177 1389 2244 concedo,
1450 2177 1740 2233 inﬁnitam
1798 2193 2087 2232 aerumna-

449 2285 581 2325 rum
631 2268 746 2323 vim
804 2268 890 2323 eis
947 2266 1264 2322 exhibitam
1324 2283 1452 2322 esse
1506 2268 1766 2322 doceam.
1828 2266 2088 2322 Primum

450 2363 643 2415 teneat
697 2356 757 2411 in
807 2357 1059 2412 testibus
1114 2372 1312 2412 eorum
1368 2356 1494 2428 ipse
1542 2361 1740 2412 noster
1794 2355 2093 2412 Tertullia-

452 2465 583 2504 nus.
617 2446 1041 2503 Testimonium
1096 2463 1163 2501 ex
1221 2446 1347 2517 ipso
1408 2446 1573 2514 libro,
1634 2447 1803 2516 cujus
1862 2451 2089 2501 nitatem

450 2537 546 2593 hic
578 2536 1015 2602 constituimus,
1046 2536 1221 2590 dicat.
1264 2535 1503 2602 Prodiit,
1566 2536 1622 2589 id
1682 2536 1837 2607 quod
1893 2534 2091 2591 nullus

452 2630 645 2699 negat,
679 2640 811 2681 cum
843 2625 962 2695 jam
995 2623 1419 2679 crudelissimis
1447 2622 1751 2695 suppliciis
1773 2623 2093 2680 Christiani

453 2718 523 2773 de
554 2715 745 2771 medio
774 2713 1133 2770 tollerentur.
1167 2714 1325 2770 Idem
1359 2729 1487 2769 vero
1526 2713 1598 2769 de
1649 2712 1857 2769 edictis
1913 2714 2095 2786 impe-

453 2805 663 2862 ratoris
695 2803 837 2860 nihil
874 2820 1113 2875 prorsus
1135 2806 1261 2858 tum
1281 2802 1548 2858 auditum
1573 2802 1775 2870 fuisse,
1807 2820 1923 2858 non
1948 2819 2091 2858 uno-

452 2894 579 2950 loco
654 2893 866 2950 diserte
925 2893 1159 2949 indicat.
1220 2893 1622 2963 Conjecturam
1682 2909 1795 2948 nuc
1868 2892 2090 2960 omitto,

454 3000 630 3056 quam
662 2983 1054 3056 spernendam
1088 2988 1282 3038 tamen
1314 2999 1445 3039 esse
1501 2999 1646 3054 nego
1674 3007 1686 3049 ;
1721 2981 1886 3049 illud,
1938 2983 2093 3054 quod

454 3074 523 3129 ad
559 3070 834 3146 praesides
866 3072 1298 3144 provinciarum
1339 3071 1595 3127 directus
1642 3071 1738 3138 sit,
1787 3088 1885 3128 cos
1916 3071 2095 3142 solos,

458 3180 574 3219 non
608 3163 1042 3235 imperatorem,
1076 3161 1366 3216 malorum
1392 3161 1571 3217 fuisse
1603 3166 1890 3225 auctores,
1920 3178 2093 3233 argu-

2212 558 2464 613 ruscatis
2500 564 2557 614 et
2589 560 2852 616 caeditis?
2881 584 2908 611 ››
2942 561 3083 615 Vide
3115 578 3265 629 vero,
3286 562 3485 632 quibus
3515 564 3791 638 delegibus

2208 661 2402 700 sermo
2436 647 2536 702 sit.
2570 649 2648 703 De
2682 650 2964 721 antiquis,
2994 656 3057 704 ut
3089 656 3347 720 apertum
3380 654 3687 722 est,quibus
3709 674 3793 712 no-

2204 750 2304 789 vas
2337 736 2599 806 opponit.
2636 736 2827 809 Pergit
2859 742 2929 793 ad
2954 737 3166 793 latores
3195 738 3380 810 legum
3401 744 3795 798 adversusuhri-

2206 822 2430 879 stianos
2473 825 2619 896 (cap.
2644 827 2698 892 5,
2734 844 2789 898 p.
2833 827 2948 897 56),
3003 844 3148 898 quos
3209 844 3403 882 omnes
3460 830 3795 899 turpitudinis

2205 911 2612 983 scelerumque
2644 914 2886 970 infamia
2929 921 3177 982 notatos,
3229 916 3571 988 Neronisqne
3600 918 3796 973 similli-

2207 1016 2334 1054 mos
2368 1000 2547 1057 fuisse
2591 1005 2906 1059 contendit.
2951 1008 3137 1070 Quam
3173 1005 3283 1060 late
3318 1006 3428 1060 haec
3485 1007 3798 1062 adseveratio

2206 1095 2419 1160 pateat,
2455 1108 2567 1145 non
2602 1092 2860 1164 inquiro.
2895 1093 3045 1148 Satis
3079 1094 3223 1148 mihi
3281 1099 3386 1161 est,
3445 1096 3586 1165 quod
3637 1112 3695 1149 ex
3744 1112 3800 1150 ea

2203 1177 2477 1235 Severum
2510 1179 2571 1235 in
2600 1196 2801 1237 eorum
2836 1198 3099 1238 numero.
3136 1182 3233 1253 qui
3260 1183 3318 1237 in
3349 1182 3684 1239 Christianos
3726 1184 3803 1239 de-

2206 1272 2364 1323 creta
2423 1272 2744 1339 sanxerint,
2771 1272 2843 1327 ab
2876 1289 2939 1327 eo
2966 1289 3081 1327 non
3116 1272 3297 1327 fuisse
3326 1272 3598 1336 habitum,
3620 1277 3801 1343 pateat.

2205 1356 2369 1413 Ratio
2402 1357 2531 1429 ipsa
2580 1359 2758 1430 hujus
2790 1360 2872 1416 rei
2903 1361 3071 1417 testis
3103 1365 3209 1415 est.
3266 1362 3475 1433 Ecquis
3529 1361 3653 1415 enin
3705 1366 3804 1416 tam

2206 1461 2429 1513 amens,
2466 1452 2530 1503 ut
2560 1449 2882 1520 sapientem
2939 1451 3128 1505 virum
3188 1450 3299 1505 sibi
3357 1452 3680 1522 persuadeat
3721 1450 3808 1505 hoc

2206 1541 2553 1607 argumento
2584 1537 2741 1611 leges
2773 1539 3258 1611 impugnaturum
3319 1540 3517 1608 fuisse,
3562 1540 3607 1594 si
3660 1555 3808 1610 penes

2206 1638 2379 1693 quem
2413 1629 2539 1681 tum
2570 1643 2805 1683 summa
2829 1645 3023 1683 rerum
3049 1634 3172 1683 erat
3201 1630 3408 1684 eodem
3439 1645 3562 1684 sese
3600 1627 3809 1684 crimine

2206 1713 2551 1770 astrinxisse
2601 1716 3018 1773 constitisset?
3065 1718 3362 1773 Festivum
3418 1717 3659 1788 profecto
3723 1717 3810 1771 de-

2204 1800 2494 1858 fensorem
2533 1803 2545 1858 l
2582 1804 2683 1876 qui
2715 1806 3149 1877 imperatorem,
3185 1808 3356 1877 cujus
3381 1806 3633 1861 animum
3662 1804 3813 1861 emol-

2204 1889 2310 1946 lire
2340 1893 2632 1965 cupiebat,
2666 1894 2738 1949 iis
2771 1896 3205 1961 adnumeraret,
3239 1894 3338 1967 qui
3371 1894 3689 1950 mortalium
3730 1910 3812 1950 ne-

2200 1981 2495 2050 quissimi,
2518 1983 2815 2055 nullisque
2839 1984 3080 2057 ﬂagitiis
3104 1985 3350 2040 secundi
3370 1984 3819 2040 fuerant.Laudat

2199 2086 2229 2124 e
2260 2071 2549 2125 contrario
2581 2072 2891 2144 aliquoties
2923 2077 3196 2129 Severum
3231 2074 3460 2144 Noster,
3496 2090 3558 2129 ac
3588 2076 3817 2129 constan-

2198 2158 2475 2215 tiuimum
2505 2163 2777 2233 appelpat
2803 2164 3137 2234 primcz’pum
3173 2164 3322 2236 (cap.
3356 2165 3409 2231 5,
3444 2180 3499 2234 p.
3530 2164 3634 2232 52).
3681 2162 3813 2216 Adeo

2200 2253 2461 2305 remotus
2491 2256 2615 2306 erat
2648 2252 2717 2307 ab
2750 2269 2817 2307 ea
2873 2253 3168 2323 opinione,
3230 2271 3296 2309 ac
3355 2253 3405 2308 si
3465 2252 3709 2324 gladium
3763 2250 3810 2304 in

2200 2337 2410 2394 fratres
2460 2341 2672 2413 stringi
2710 2343 3013 2412 jussisset.
3074 2343 3184 2397 Sed
3246 2359 3308 2397 se
3358 2342 3551 2413 ipsum
3608 2340 3823 2412 explicet

2200 2427 2592 2484 Tertulianus.
2626 2431 2728 2501 qui
2771 2431 3063 2486 Romanos
3121 2431 3205 2486 sic
3268 2430 3588 2502 alloquitur
3616 2432 3747 2499 (cap.
3773 2429 3820 2496 5,

2201 2533 2262 2587 p.
2297 2516 2386 2587 92)
2424 2534 2436 2572 :
2475 2542 2501 2567 ‹‹
2536 2519 2816 2574 Caeterum
2852 2519 2921 2574 de
2966 2524 3050 2575 tot
3098 2521 3309 2575 exinde
3357 2518 3710 2591 principibus
3761 2517 3821 2572 ad

2200 2604 2550 2662 hodiernum
2569 2608 2835 2664 divinum
2854 2608 3305 2681 humanumque
3321 2608 3679 2681 sapientibus
3691 2606 3822 2661 edite

2201 2694 2461 2767 aliquem
2493 2697 2910 2755 debellatorem
2938 2699 3411 2756 Christianorum
3440 2698 3468 2753 ‘2
3501 2720 3528 2747 »
3558 2696 3690 2762 Quis
3725 2700 3824 2751 Ho-

2200 2784 2432 2841 diernus
2455 2785 2549 2842 ille
2572 2790 2594 2841 Ρ
2618 2791 2859 2844 Severus
2876 2793 3036 2860 puto.
3062 2790 3223 2843 Hunc
3245 2806 3383 2844 vero
3404 2788 3463 2843 in
3485 2783 3825 2842 debellatori-

2203 2874 2313 2930 bus
2351 2875 2815 2933 Christianorum
2846 2879 3281 2933 numerandum
3322 2893 3454 2933 esse
3486 2879 3672 2948 negat.
3700 2872 3828 2940 Quid

2203 2963 2419 3020 clarius
2451 2970 2473 3022 Ρ
2505 2967 2780 3023 Praetereo
2813 2967 3098 3024 celebrem
3116 2985 3185 3023 ex
3213 2969 3424 3023 eadem
3449 2964 3831 3021 dissertatione

2206 3053 2396 3111 locum
2428 3055 2579 3127 (cap.
2611 3057 2665 3124 5,
2728 3074 2785 3129 p.
2838 3058 2929 3127 63,
2987 3058 3119 3127 65):
3153 3080 3181 3107 ‹‹
3241 3056 3461 3122 Quales
3515 3071 3647 3126 ergo
3699 3052 3836 3123 leges

2203 3145 2349 3210 istae,
2384 3161 2529 3216 quas
2561 3146 2841 3201 adversus
2875 3164 2981 3202 nos
3039 3146 3150 3203 soli
3210 3151 3619 3217 exsequuntur
3673 3140 3838 3212 impii,

456 3257 653 3307 mento
686 3267 832 3306 esse.
868 3250 1337 3306 Evidentioribus
1368 3267 1459 3305 res
1489 3254 1800 3321 peragetur
1829 3251 2093 3305 testimo-

2208 3250 2355 3305 quas
2386 3234 2585 3289 nullus
2615 3236 2966 3302 Hadrianus,
2990 3235 3192 3292 nullus
3216 3236 3644 3307 Vespasianus,
3663 3229 3843 3321 uultus

463 3339 597 3395 niis.
622 3339 883 3395 Primum
916 3338 1026 3394 hoc
1073 3342 1201 3394 esto
1256 3339 1405 3410 (cap.
1460 3338 1549 3409 35,
1583 3356 1639 3411 p.
1703 3340 1865 3410 300):
1900 3361 1925 3392 α
1985 3339 2099 3395 Nec

460 3436 563 3491 ulli
610 3438 797 3509 magis
854 3434 1320 3508 depostulatores
1375 3436 1863 3503 Christianorum,
1918 3453 2098 3509 quam

458 3525 690 3598 vulgus.
723 3525 899 3581 Plane
930 3525 1119 3581 caeteri
1149 3525 1384 3581 ordines
1415 3542 1517 3597 pro
1570 3526 1913 3582 auctoritate
1968 3526 2099 3582 reli-

454 3615 602 3689 giosi
632 3632 700 3671 ex
731 3616 864 3683 fide,
895 3613 1043 3669 nihil
1087 3613 1381 3670 hosticum
1439 3616 1509 3670 de
1559 3614 1685 3686 ipso
1739 3620 1967 3682 senatu,
2027 3617 2099 3672 de

453 3704 667 3776 equite,
700 3705 772 3759 de
802 3704 1035 3769 castris,
1070 3703 1140 3758 de
1166 3703 1398 3776 palatiis
1429 3703 1575 3775 ipsis
1633 3704 1831 3776 spirat.
1872 3725 1895 3756 υ
1950 3706 2097 3770 Quid

453 3810 557 3867 pro
588 3791 758 3848 nobis
810 3792 1135 3847 evidentius
1194 3793 1382 3848 facere
1435 3793 1641 3865 possit,
1675 3794 1946 3865 equidem
1996 3810 2097 3849 ne-

452 3882 593 3939 scio.
620 3881 1018 3953 Palatiaipsa,
1056 3881 1273 3953 quibus
1305 3885 1605 3953 Augustus
1636 3898 1759 3937 cum
1789 3883 1925 3953 ﬁliis
1957 3900 2097 3939 con-

450 3970 768 4039 tinebatur,
803 3971 873 4026 de
904 3969 1164 4026 hostium
1196 3969 1663 4026 Christianorum
1700 3988 1943 4027 numero
1979 3971 2097 4027 exi-

455 4060 584 4116 mit.
620 4061 746 4116 tlaac
777 4075 891 4131 qua
922 4059 1110 4114 fronte
1142 4058 1499 4131 scripsisset,
1533 4059 1580 4115 si
1642 4059 1839 4132 legum
1900 4062 1956 4116 in
2008 4078 2096 4117 ve-

449 4152 660 4208 xandis
689 4149 1035 4206 Christianis
1058 4151 1183 4221 jam
1218 4150 1507 4205 adfuisset
1544 4152 1903 4207 auctoritas?
1930 4153 2094 4220 Tota,

450 4258 577 4313 quas
601 4257 727 4313 cap.
758 4240 812 4307 4,
843 4242 897 4307 5,
936 4241 988 4294 6.
1053 4239 1287 4310 legitur,
1339 4240 1408 4295 de
1463 4239 1691 4312 legibus
1749 4242 2095 4314 disceptatio

446 4330 600 4386 idem
633 4329 961 4386 luculenter
1009 4329 1340 4385 confirmat.
1375 4328 1847 4385 Christianorum
1898 4333 2096 4388 adver-

451 4419 593 4475 sarii
623 4419 781 4491 leges
812 4418 1225 4491 pretexebant,
1258 4433 1405 4489 quae,
1441 4422 1506 4473 ut
1538 4418 1593 4472 in
1622 4435 1719 4474 eos
1773 4419 2091 4488 saeviretur,

449 4509 852 4582 praeciperent.
886 4508 1182 4572 Quasnam
1209 4523 1341 4563 vero
1373 4510 1395 4563 Ρ
1425 4507 1642 4563 Recens
1699 4508 1928 4565 editas?
1988 4510 2093 4565 Mi-

447 4598 625 4654 nime.
650 4598 853 4653 Edicta
882 4598 1199 4668 crepabant
1228 4614 1261 4652 a
1292 4596 1539 4653 mortuis
1563 4598 1689 4669 jam
1730 4603 1931 4670 rogata
1979 4599 2089 4655 im-
2119 4594 2167 4659 D

450 4686 843 4759 peratoribus,
873 4703 995 4756 qua:
1018 4685 1175 4741 haud
1208 4685 1318 4740 sibi
1351 4685 1563 4742 violare
1595 4686 1767 4743 licere
1799 4687 2091 4744 dicebant.

450 4784 731 4841 Praeclare
761 4785 989 4857 frigidis
1021 4784 1180 4840 hisce
1210 4784 1555 4841 ratiunculis
1583 4786 1671 4840 vir
1729 4791 1938 4843 acutus
1995 4805 2093 4844 oc-

451 4874 656 4930 currit.
684 4872 1030 4930 Rationibus
1088 4878 1221 4929 ante
1296 4874 1495 4929 omnia
1550 4875 1924 4935 demonstrat
1968 4881 2091 4933 tam

453 4964 741 5022 sancitam
774 4963 995 5018 nullam
1026 4980 1155 5019 esse
1180 4963 1525 5035 legem,qua3
1558 4982 1694 5036 non,
1728 4966 1778 5021 si
1812 4966 1951 5037 quid
1983 4966 2091 5022 tni-

448 5053 692 5126 quitatis
722 5054 1040 5119 contineat,
1063 5053 1339 5107 continuo
1371 5054 1617 5108 delenda
1632 5055 1727 5109 sit.
1761 5055 1875 5110 Nec
1903 5072 2094 5112 exem-

449 5142 563 5215 plis
585 5141 643 5197 id
676 5157 871 5199 carere
903 5146 1107 5215 postea
1135 5141 1322 5210 docet,
1351 5157 1483 5196 cum
1518 5142 1783 5213 Romani,
1814 5147 2092 5201 vetustis-

448 5232 617 5289 simis
648 5232 783 5288 licet
812 5230 1082 5295 decretis,
1107 5245 1355 5300 quorum
1412 5228 1763 5300 injustitiam
1814 5249 2091 5305 cognove-

450 5321 586 5389 riut,
610 5338 843 5377 omnem
877 5319 1230 5375 detraxerint
1259 5318 1685 5389 auctoritatem,
1721 5338 1788 5377 ac
1845 5323 2091 5379 Severus

452 5414 577 5484 ipse
635 5411 789 5468 543
851 5410 1020 5480 legem
1076 5408 1318 5479 Papiam
1382 5408 1827 5481 abrogaverit.»
1890 5413 2092 5469 Nonne

453 5506 511 5557 et
540 5517 664 5567 vos,
695 5499 891 5571 inquit
930 5501 1078 5571 (cap.
1114 5514 1173 5569 p.
1242 5497 1328 5563 15,
1389 5498 1498 5567 49),
1557 5501 1819 5570 quotidie
1875 5503 2093 5574 experi-

452 5591 668 5645 mentis
699 5586 1174 5644 illuminantibus
1203 5585 1474 5643 tenebras
1490 5589 1876 5660 antiquitatis,
1909 5596 2089 5648 totam

444 5679 613 5737 illam
670 5684 924 5739 veterem
954 5682 1011 5735 et
1038 5675 1405 5751 squalentem
1438 5676 1652 5752 sylvam
1686 5678 1882 5754 legum
1928 5681 2091 5741 novis

2208 3322 2395 3379 Verus
2423 3324 2743 3395 impressit.
2776 3347 2803 3375 »
2837 3329 2986 3379 Sunt
3024 3326 3257 3381 codices
3290 3326 3398 3397 qui
3453 3326 3715 3380 Severum
3768 3317 3847 3372 hic

2208 3412 2431 3486 legunt.
2465 3414 2581 3484 Ege
2610 3430 2746 3470 vero
2777 3414 2908 3482 tibi,
2940 3416 3329 3487 Havercampi
3384 3412 3739 3479 doctissime,
3769 3423 3848 3463 as-

2210 3501 2450 3568 sentior,
2482 3502 2740 3574 virisque
2773 3505 3046 3575 egregiis,
3078 3504 3178 3576 qui
3210 3509 3416 3560 tecum
3450 3502 3751 3559 meliorum
3788 3495 3848 3550 li-

2209 3590 2448 3646 brorum
2482 3591 2763 3649 beneficio
2824 3595 3017 3650 Verum
3060 3593 3231 3649 nobis
3290 3593 3626 3650 restituere.
3684 3589 3846 3651 Quam

2207 3679 2517 3737 lectionem
2563 3682 2673 3738 etsi
2727 3683 2924 3739 minus
2970 3684 3180 3754 probat
3230 3682 3579 3739 Dodwellus
3627 3677 3850 3749 (Dissert.

2212 3769 2481 3842 Cyprian.
2508 3773 2580 3826 II.
2612 3773 2639 3839 §
2679 3772 2766 3841 44,
2802 3789 2858 3843 p.
2892 3772 3004 3843 69),
3040 3771 3283 3827 difﬁteri
3336 3778 3542 3827 tamen
3597 3785 3706 3824 non
3762 3780 3852 3836 p0-

2206 3860 2337 3929 tuit,
2374 3859 2588 3931 saepius
2620 3861 2676 3914 in
2712 3860 2967 3932 antiquis
2992 3862 3407 3918 monumentis
3441 3858 3638 3918 Severi
3668 3851 3854 3914 etVeri

2207 3949 2448 4006 nomina
2478 3950 2776 4006 confundi.

2276 4075 2402 4143 §V.
2443 4106 2511 4114 —
2540 4075 2671 4130 Haec
2701 4079 2860 4143 sunt,
2895 4092 3019 4147 quas
3053 4092 3156 4146 pro
3199 4080 3415 4131 nostra
3446 4068 3859 4139 sententiaipse

2207 4165 2378 4221 nobis
2408 4164 2822 4219 subministrat
2852 4166 3250 4237 Apotogeticus,
3287 4165 3523 4236 quibus
3582 4160 3718 4234 quid
3774 4171 3850 4209 re-

2206 4254 2341 4327 poni
2374 4253 2579 4325 possit,
2606 4270 2721 4309 non
2752 4253 2940 4310 video.
2992 4253 3154 4309 Alius
3199 4254 3334 4325 jam
3400 4253 3683 4310 succedat
3734 4247 3859 4301 Ter-

2204 4341 2437 4397 tulliani
2472 4340 2656 4409 locus,
2689 4358 2757 4396 ex
2783 4341 2895 4397 alio
2926 4342 3054 4413 ejus
3087 4341 3257 4409 libro,
3296 4359 3368 4399 eo
3400 4341 3674 4399 videlicet
3703 4348 3855 4408 quem

2204 4436 2277 4487 ad
2308 4436 2579 4503 Martyres
2608 4431 2666 4487 in
2698 4446 2926 4486 carcere
2957 4431 3315 4487 constitutos
3377 4430 3572 4497 misit,
3638 4426 3858 4502 petitus.

2205 4522 2314 4577 Eos
2345 4520 2589 4591 intelligi
2624 4519 2719 4576 hic
2750 4525 3038 4593 martyres
3075 4519 3308 4589 debere,
3347 4522 3458 4592 qui
3513 4524 3718 4574 Severo
3772 4512 3860 4564 im-

2200 4614 2438 4682 perante
2493 4609 2743 4681 correpti
2798 4614 2984 4679 erant,
3039 4614 3203 4665 extra
3279 4610 3548 4666 dubium
3628 4607 3732 4662 est.
3792 4596 3863 4655 Ad

2202 4699 2310 4755 hos
2367 4716 2500 4755 vero
2557 4699 3024 4754 corroborandos
3085 4697 3281 4753 ultimi
3347 4695 3698 4772 argumenti
3756 4690 3863 4744 loco

2200 4788 2322 4844 haec
2355 4788 2517 4861 ponit
2549 4787 2743 4857 (Libro
2773 4787 2844 4842 ad
2874 4787 3157 4859 Martyres,
3191 4805 3240 4843 c.
3280 4789 3337 4843 4.
3376 4806 3438 4861 p.
3478 4787 3610 4858 468,
3642 4788 3790 4854 Opp.
3814 4778 3862 4841 l1

2201 4899 2230 4929 «
2261 4882 2443 4935 Nemo
2474 4894 2588 4933 non
2621 4876 2797 4932 etiam
2830 4876 3067 4933 homnis
3097 4894 3279 4933 causa
3314 4878 3445 4949 pati
3480 4878 3699 4949 potest,
3726 4865 3863 4941 quod

2201 4967 2259 5022 in
2294 4985 2471 5024 causa
2502 4966 2599 5023 Dei
2630 4966 2750 5039 pati
2771 4966 3016 5022 dubitat.
3052 4967 3134 5021 Ad
3170 4967 3278 5023 hoc
3312 4967 3572 5039 quidem
3604 4962 3695 5021 vel
3729 4972 3864 5032 prae-

2200 5057 2389 5112 sentia
2410 5057 2579 5113 nobis
2609 5061 2874 5128 tempora
2898 5055 3251 5111 documenta
3277 5055 3432 5122 sint,
3476 5059 3713 5129 quantae
3738 5062 3864 5119 qua-

2199 5145 2398 5216 lesque
2430 5163 2686 5218 personae
2718 5143 3052 5216 inopinatos
3086 5144 3393 5199 natalibus
3447 5150 3511 5200 et
3573 5134 3865 5213 dignitati-

2200 5236 2335 5304 bus,
2367 5240 2423 5291 et
2444 5234 2787 5307 corporibus
2809 5238 2866 5288 et
2890 5233 3165 5289 aetatibus
3196 5233 3323 5289 suis
3359 5234 3575 5288 exitus
3610 5231 3869 5285 referant.

2199 5324 2461 5380 hominis
2482 5339 2690 5379 causa:
2712 5326 2813 5377 aut
2839 5323 2910 5377 ab
2930 5324 3080 5394 ipso,
3105 5323 3154 5377 si
3188 5326 3401 5378 contra
3438 5338 3587 5378 eum
3622 5314 3869 5377 iecerint,

2200 5418 2303 5470 aut
2331 5414 2403 5468 ab
2435 5411 2783 5467 adversariis
2814 5411 2966 5482 ejus,
3001 5410 3051 5465 si
3083 5427 3185 5482 pro
3217 5428 3283 5466 eo
3334 5410 3655 5467 steterint.
3693 5429 3721 5457 ››
3754 5405 3875 5458 Sta-

2199 5503 2305 5558 tim
2352 5502 2446 5557 hic
2505 5517 2742 5557 monere
2798 5517 3055 5573 possem,
3118 5517 3410 5573 apparere
3476 5500 3655 5567 satis,
3740 5491 3878 5549 5M

2202 5592 2357 5665 quod
2389 5592 2823 5664 imperatorem,
2855 5607 3030 5663 quem
3062 5593 3341 5646 hominem
3396 5590 3505 5646 hic
3541 5588 3709 5655 dicit,
3768 5597 3883 5637 ma-

2199 5681 2393 5739 lorum
2428 5681 2786 5757 martyribus
2830 5680 2949 5737 illis
3007 5679 3301 5737 illatorum
3375 5684 3700 5735 auctorem
3759 5677 3880 5725 Ter-
