4094 6186
231 385 340 444 613

933 380 1031 441 DE
1079 379 1360 442 [ΕΤΑΤΕ
1406 381 1918 443 APOLOGE’I‘ICI
1967 381 2379 442 MOSHEIMII
2430 379 2927 452 DlSQUlSl'l‘IO.

3512 388 3630 446 614

230 516 510 572 tullianus
543 531 672 571 esse
731 513 1003 570 noluerit.
1054 514 1287 586 Alioqui
1345 515 1499 570 enim
1539 515 1879 586 scripsisset
1907 516 1962 582 Α
1989 513 2091 568 lib.
2123 530 2199 579 vr,
2234 530 2361 585 cap.
2397 514 2479 581 ll,
2514 514 2727 586 p.212,
2773 515 2899 586 213)
2951 514 3057 570 viri
3107 516 3260 572 docti
3320 516 3467 573 bene
3524 518 3630 573 ob-

235 627 258 655 α
290 603 550 660 hominis
581 603 774 671 istius,
809 603 1012 674 quivos
1060 602 1372 672 excruciat,
1401 621 1596 659 causa.
1635 626 1662 653 »
1708 603 1872 659 Mitto

222 711 349 750 vero
382 694 535 748 hanc
567 692 1091 762 ratiocinationem,
1119 710 1184 748 ac
1221 710 1342 748 rem
1368 693 1557 764 ipsam
1588 694 1659 748 ad
1696 709 1872 764 quam

226 783 396 839 verba
456 783 578 837 hac
632 781 959 853 respiciunt
1003 781 1252 837 intueor.
1287 783 1481 837 Gades
1551 781 1872 837 multorum

228 873 536 928 hominum
587 870 871 943 dignitate
921 888 987 926 ac
1046 871 1272 926 meritis
1343 872 1664 927 illustrium
1715 888 1875 927 com-

228 966 569 1018 memorant.
626 962 840 1031 Expers
901 960 1155 1015 historiaa
1218 962 1410 1017 Severi
1461 962 1557 1029 sit,
1595 961 1693 1032 qui
1757 961 1876 1016 haec

227 1052 357 1116 alio,
393 1066 573 1122 quam
606 1050 675 1104 ad
709 1066 906 1104 necem
940 1066 1163 1118 eorum,
1198 1067 1344 1121 quos
1393 1051 1698 1106 occasione
1741 1051 1876 1106 belli

225 1141 416 1215 gallici
453 1141 527 1195 ab
550 1139 752 1195 Albino
779 1139 916 1194 moti
949 1139 1303 1207 trucidabat,
1325 1140 1477 1196 trahi
1503 1157 1671 1212 posse
1695 1146 1874 1212 putet.

228 1233 334 1286 Hoc
370 1228 768 1301 tempusillud
795 1237 936 1293 erat,
961 1244 1076 1299 quo
1108 1228 1424 1296 innumeri,
1450 1230 1879 1302 iiquepreeclari

226 1321 524 1387 homines,
554 1323 761 1390 praeter
806 1335 1040 1373 omnem
1092 1334 1280 1389 spem,
1333 1320 1488 1390 quod
1538 1320 1747 1375 Albino
1798 1321 1881 1375 fa-

222 1411 379 1464 visse
432 1412 803 1479 putarentur,
860 1407 929 1462 ad
985 1413 1231 1462 mortem
1283 1409 1679 1480 rapiebantur.
1731 1410 1882 1465 Audi

222 1498 597 1571 Spartianum
647 1498 794 1567 (Vita
838 1496 1044 1564 Severi,
1088 1513 1215 1568 cap.
1273 1498 1358 1564 13,
1396 1515 1450 1569 p.
1491 1499 1614 1567 177,
1653 1499 1754 1554 178
1788 1500 1878 1555 ed.

225 1596 524 1666 Obrechti)
558 1613 570 1650 :
604 1618 631 1644 ‹‹
667 1594 993 1650 Interl‘ectis
1037 1595 1366 1651 innumeris
1397 1596 1590 1652 Albini
1624 1597 1879 1670 partium

227 1685 388 1752 viris,
423 1684 578 1739 inter
618 1700 766 1755 quos
799 1682 968 1738 multi
1007 1683 1304 1756 principes
1360 1685 1632 1753 civitatis,
1687 1687 1884 1742 multis

228 1774 460 1830 femina:
494 1771 752 1827 illustres
784 1773 1022 1827 luerunt
1071 1774 1286 1844 (nonne
1342 1773 1446 1830 hoc
1505 1776 1683 1841 idem,
1730 1777 1884 1848 quod

225 1861 628 1918 Tertullianus
661 1861 844 1932 dicit),
877 1861 1142 1916 omnium
1177 1863 1329 1918 bona
1374 1863 1674 1935 publicata
1723 1869 1864 1922 sunt

1983 606 2308 658 servarunt.
2343 603 2464 667 Quo
2508 603 2745 675 quidem
2793 604 3126 660 turbulento
3177 623 3241 662 ac
3291 606 3631 663 calamitose

1984 697 2246 764 tempore
2275 697 2393 748 tam
2427 692 2715 749 laborioso
2747 694 2906 766 operi
2937 711 3070 750 eum
3102 712 3307 752 vacare
3346 697 3633 768 potuisse,

1986 781 2186 837 nullus
2219 782 2385 837 facile
2415 783 2642 837 dixerit.
2671 785 2797 853 Ipse
2827 783 3241 840 celeberrimus
3272 785 3627 856 Dodwellus,

1987 870 2084 942 qui
2118 887 2399 942 suasaepe
2443 873 2636 927 vineta
2694 873 2882 940 caedit,
2945 873 3053 929 hoc
3111 873 3364 946 agnovit,
3423 892 3489 931 ac
3532 877 3631 931 diu

1989 964 2127 1014 ante
2157 977 2292 1015 ann.
2328 960 2458 1016 CCII
2493 961 2773 1016 Slromata
2806 962 2919 1018 ista
2948 968 3182 1018 exarata
3215 963 3398 1020 fuisse
3447 964 3631 1035 pluri—

1988 1051 2099 1104 bus
2132 1051 2458 1106 rationibus
2489 1051 2645 1106 binis
2676 1051 2820 1107 locis
2851 1052 3048 1107 docuit
3081 1054 3242 1124 (Diss.
3276 1055 3351 1109 Ill
3399 1055 3461 1109 in
3515 1055 3633 1109 Ire-

1987 1156 2193 1208 naeum,
2228 1140 2374 1212 §27,
2412 1157 2467 1212 p.
2496 1141 2602 1194 276
2630 1157 2654 1195 ,ς
2674 1156 2695 1203 ;
2719 1145 2777 1196 et
2810 1143 2958 1197 Dies.
3019 1142 3083 1197 de
3137 1144 3361 1198 Roman.
3423 1144 3632 1215 Pontif.

1988 1231 2261 1301 primaeva
2286 1233 2646 1297 successione,
2680 1247 2805 1302 cap.
2863 1231 3002 1298 15,§
3047 1232 3099 1298 4,
3159 1249 3215 1303 p.
3261 1233 3411 1301 209).
3473 1235 3635 1298 Quod

1989 1316 2190 1389 itaque
2221 1319 2509 1389 praecipue
2541 1319 2710 1374 nobis
2736 1319 3062 1390 optandum
3115 1325 3258 1389 erat,
3307 1321 3366 1375 id
3427 1337 3636 1377 conse-

1993 1406 2110 1461 c'uti
2144 1424 2370 1465 sumus.
2406 1407 2591 1462 Reum
2621 1407 2910 1464 habemus
2941 1408 3334 1464 conﬁtentem.
3366 1409 3523 1473 Quod
3590 1411 3639 1465 si

1992 1512 2108 1551 non
2168 1495 2424 1552 multum
2482 1501 2753 1568 provecto
2810 1498 3002 1553 Severi
3063 1498 3310 1570 imperio
3375 1498 3642 1554 Clemens

1994 1585 2250 1657 scripsit,
2286 1587 2499 1642 erroris
2532 1603 2660 1643 esse
2687 1603 2834 1655 reos,
2862 1587 2961 1659 qui
2987 1593 3122 1643 ante
3152 1605 3290 1644 ann.
3310 1589 3447 1644 CCII
3477 1605 3643 1644 vexa-

1995 1674 2211 1731 tionem
2256 1676 2503 1748 cmpisse
2521 1676 2988 1732 Christianorum
3014 1681 3250 1749 negant,
3270 1677 3640 1749 exploratum

1995 1767 2102 1820 est.
2136 1764 2332 1820 Caedes
2362 1765 2520 1820 enim
2551 1780 2617 1820 ac
2651 1763 2942 1836 supplicia
2972 1765 3220 1822 fratrum
3248 1766 3529 1823 scribenti
3569 1767 3643 1822 ob

1999 1853 2198 1910 oculos
2228 1854 2488 1925 quotidie
2518 1855 2921 1910 versabantur.
2957 1855 3038 1910 En
3061 1871 3184 1926 quis
3216 1856 3371 1912 dicat
3397 1872 3411 1912 :
3482 1854 3646 1928 Ἡμῖν

233 1907 315 1918 ινι
335 1907 628 1918 -υ--υν-κνιν
663 1907 844 1932 νυν-*Η
879 1907 1142 1916 νει-η’·νηθ·
1177 1907 1329 1918 υνυ*
1374 1907 1674 1935 τὐιυυνυιυ*
1723 1907 1883 1932 υυυνν

228 1952 624 2022 aerariumque
645 1955 952 2006 auxerunt.
981 1951 1128 2006 Tum
1173 1951 1567 2024 Hispanorum
1618 1958 1675 2009 et
1722 1954 1892 2010 Sual-

2011 1907 2090 1997 ἐξ
2122 1907 2390 2020 aes..."
2405 1907 2716 2017 ῥοῖρέιέῥζιζέἶ
2733 1907 2933 2018 "alii
2958 1907 3640 2019 ‘i.;.;;,.“'i,1i...7‘t.

229 2041 421 2096 lorum
461 2056 732 2110 proceres
765 2039 934 2094 multi
966 2040 1141 2096 occisi
1172 2046 1331 2096 sunt.
1364 2061 1390 2092 ιι
1439 2045 1564 2098 Mox
1595 2043 1749 2098 idem
1792 2059 1893 2098 no-

230 2129 668 2186 bilissimorum
693 2129 948 2184 virorum
966 2130 1024 2183 in
1047 2129 1178 2185 istis
1199 2130 1386 2185 turbis
1405 2132 1521 2187 vita
1537 2133 1895 2203 privatorum

231 2219 488 2301 longum
524 2227 665 2283 satis
700 2228 948 2282 indicem
983 2228 1292 2300 subjungit
1322 2230 1471 2301 (cap.
1529 2232 1612 2301 13,
1664 2249 1719 2303 p.
1778 2234 1898 2303 178,

241 2320 386 2390 179).
426 2316 791 2389 Capitolinus
822 2318 980 2388 (Vita
1013 2316 1090 2371 Cl.
1142 2317 1354 2386 Albini,
1406 2336 1454 2376 c.
1506 2320 1590 2389 12,
1644 2338 1700 2393 p.
1748 2323 1898 2394 217),

245 2410 383 2464 huic
421 2413 478 2463 et
510 2407 874 2463 Herodianus
908 2408 1244 2478 (Historiar.
1294 2408 1394 2464 lib.
1445 2427 1532 2477 ιιι,
1576 2415 1632 2465 et
1670 2429 1790 2479 vm,
1843 2429 1899 2485 p.

251 2499 378 2566 147,
414 2498 505 2552 ed.
544 2496 824 2566 Boacleri),
868 2497 1036 2567 jungi
1096 2500 1306 2568 potest.
1356 2498 1576 2570 Ecquid
1620 2517 1751 2556 vero
1792 2507 1903 2570 est,

248 2587 411 2660 quod
471 2585 830 2641 luculentius
873 2585 1292 2642 Tertullianum
1359 2588 1660 2660 explicet?
1705 2594 1904 2664 Neque

247 2678 356 2733 hoc
421 2676 668 2731 dubium
718 2692 786 2730 ex
826 2676 1007 2731 altera
1054 2680 1215 2748 parte
1254 2677 1555 2744 Albinum,
1603 2680 1759 2751 quod
1810 2680 1904 2737 hic

246 2765 685 2832 subindicatur,
720 2766 926 2819 eadem
963 2764 1182 2820 saevitia
1213 2783 1388 2822 usum
1419 2767 1620 2839 fuisse,
1661 2787 1904 2841 praeser-

243 2855 350 2910 tim
383 2858 772 2926 posteaquam
805 2870 838 2908 a
867 2854 1072 2910 Severo
1122 2855 1388 2921 insidias,
1446 2873 1591 2927 quas
1637 2859 1906 2930 Capitoli-

247 2961 361 2998 nus
410 2945 572 3013 (Vita
622 2943 832 3011 Albini,
883 2960 1008 3014 cap.
1058 2945 1113 3010 7,
1160 2945 1214 3013 8,
1272 2962 1331 3016 p.
1381 2946 1481 3000 211
1536 2947 1593 3012 f.)
1647 2949 1902 3018 exponit,

247 3035 363 3088 sibi
396 3034 550 3088 strui
581 3038 865 3088 senserat.
905 3033 1006 3088 Cui
1039 3032 1147 3089 hoc
1189 3035 1535 3106 expendenti
1571 3053 1744 3109 grave
1790 3055 1902 3094 non

245 3123 498 3189 accidat,
534 3122 582 3176 si
615 3123 749 3193 quis
783 3122 1167 3178 nihilominus
1227 3140 1340 3179 non
1396 3133 1529 3180 ante
1578 3143 1714 3181 ann.
1766 3130 1906 3184 CCII

243 3217 490 3267 vexatos
521 3213 631 3266 sub
681 3212 887 3266 Severo
933 3212 1297 3293 Christianos
1345 3213 1528 3270 fuisse
1587 3222 1902 3273 asseveret.

245 3310 574 3366 Tumultus
617 3309 828 3379 Albini,
866 3315 929 3364 ut
959 3326 1092 3365 mox
1122 3312 1360 3380 docebo,
1389 3311 1446 3366 in
1509 3329 1647 3369 ann.
1696 3314 1902 3370 CXCVI

247 3399 483 3462 incidit,
520 3398 714 3453 clades
748 3398 807 3452 in
839 3416 978 3452 ann.
1033 3399 1287 3454 CXCVII.
1343 3401 1582 3457 Perinde
1628 3409 1717 3459 est
1768 3422 1906 3460 num

247 3487 318 3542 de
368 3489 482 3542 hoc
534 3493 636 3541 aut
683 3487 784 3542 illo
827 3504 978 3542 anno
1029 3487 1192 3543 locus
1235 3488 1617 3561 intelligatur.
1670 3495 1912 3564 Semper

247 3575 436 3642 enim,
473 3573 646 3646 longe
669 3579 980 3646 antequam
1015 3577 1247 3632 decreta
1275 3580 1468 3633 Severi
1513 3597 1907 3652 proponeren-

247 3670 361 3726 tur,
399 3663 668 3718 illustres
703 3664 1168 3721 Christianorum
1200 3669 1309 3722 sub
1331 3667 1578 3740 imperio
1601 3671 1728 3741 ejus
1752 3688 1911 3726 mar-

244 3756 409 3824 tyres
473 3753 786 3822 exstitisse,
846 3756 1135 3826 probabit.
1190 3757 1513 3828 Scorpiacus
1569 3760 1910 3816 Tertulliani

246 3840 362 3895 alia
398 3841 675 3912 quaedam
710 3842 853 3896 mihi
888 3845 1262 3915 suppeditare
1313 3852 1530 3917 posset.
1573 3849 1678 3903 Sed
1727 3849 1909 3904 alium

245 3946 409 3984 nunc
453 3934 664 3985 testem
691 3930 970 4002 appellari
994 3933 1227 3989 animus
1249 3939 1356 4002 est,
1391 3935 1746 3992 Clementem
1783 3938 1911 3993 Ale-

244 4020 637 4074 xandrinum.
674 4019 961 4077 Stromata
992 4022 1148 4078 hunc
1180 4040 1307 4091 sua,
1342 4039 1468 4094 quae
1502 4025 1674 4081 hodie
1718 4028 1911 4082 adhuc

244 4107 561 4181 leguntur,
594 4114 802 4164 Severo
837 4117 1112 4182 regnante
1158 4115 1583 4184 composuisse,
1627 4117 1910 4173 Eusebius

247 4197 393 4252 olim
432 4197 693 4270 prodidit
724 4201 886 4266 (Ilist.
921 4201 1124 4256 Eccles.
1155 4201 1255 4256 lib.
1291 4220 1366 4268 v1,
1402 4220 1528 4275 cap.
1560 4206 1614 4259 6.
1661 4223 1717 4277 p.
1761 4207 1908 4272 208).

249 4287 491 4342 Priores
541 4289 845 4358 speciatim
902 4288 1035 4344 libri
1083 4291 1255 4362 paulo
1313 4298 1443 4362 post
1497 4294 1725 4363 imperii
1783 4296 1913 4366 ejus

247 4377 524 4442 initium,
557 4379 874 4434 Commodo
903 4379 1058 4433 haud
1092 4380 1172 4434 ita
1205 4382 1426 4450 pridem
1447 4385 1910 4451 exstincto,con-

248 4466 474 4538 signati
510 4466 798 4521 videnlur.
838 4468 1025 4523 Primo
1047 4470 1202 4524 enim
1238 4470 1406 4536 libro,
1440 4489 1555 4542 quo
1579 4478 1910 4544 temporum

245 4555 520 4610 instituit
547 4557 1066 4626 computationem,
1100 4557 1254 4613 ultra
1310 4559 1614 4616 Commodi
1665 4569 1911 4619 mortem

2006 2031 2320 2108 ὀφθαλμοῖς
2395 2034 2556 2104 ἡμῶν
2636 2032 3060 2107 θεωρούμενοι,
3147 2032 3644 2106 παροπτωμὲνων,

2008 2121 2575 2193 ἀνασκινυΛευομὲνων
2640 2170 2655 2196 ,
2707 2122 2801 2184 τὰς
2859 2122 3098 2200 κεφαλὰς
3156 2122 3503 2197 ἀποτεμνομὲ
3541 2142 3645 2179 νων

2006 2210 2369 2282 (Stromatum
2433 2212 2537 2274 lib,
2598 2231 2660 2282 11,
2721 2231 2775 2285 p.
2852 2214 3033 2285 191):
3095 2237 3124 2264 ‹‹
3187 2215 3366 2270 Nobis
3450 2219 3647 2271 autem

2010 2305 2150 2355 sunt
2173 2301 2432 2372 quotidie
2477 2303 2872 2358 redundantes
2919 2308 3241 2375 martyrum
3292 2305 3501 2371 fontes,
3548 2304 3648 2377 qui

2013 2389 2230 2445 nostris
2261 2395 2603 2462 spectantur
2631 2390 2836 2459 oculis,
2869 2391 2967 2462 qui
3006 2396 3317 2461 torrentur,
3370 2398 3650 2466 torquen-

2013 2483 2111 2535 tur
2139 2484 2195 2536 et
2223 2481 2414 2552 capite
2444 2484 2812 2536 truncantur.
2850 2502 2879 2530 ››
2906 2483 3316 2553 Respondeant
3353 2483 3469 2554 hic,
3522 2484 3654 2555 qui-

2013 2568 2124 2623 bus
2156 2568 2433 2626 Dodwelli
2463 2573 2750 2641 praecepta
2778 2569 2944 2641 sequi
2976 2569 3299 2641 gloriosum
3322 2572 3650 2643 ducitur,ac

2015 2661 2149 2712 ante
2180 2659 2378 2715 omnia
2408 2658 2596 2714 virum
2627 2675 2760 2714 cum
2811 2675 2873 2715 se
2929 2658 3058 2731 ipso
3110 2659 3420 2716 concilient
3475 2661 3655 2730 Fatis,

2015 2748 2170 2817 quod
2204 2748 2367 2820 pueri
2401 2753 2635 2816 norunt,
2669 2764 2736 2804 ea
2765 2753 2954 2816 nocte,
2989 2765 3117 2820 quae
3150 2766 3335 2806 annos
3364 2750 3547 2806 CXCII
3602 2754 3659 2807 et

2013 2836 2229 2891 CXCIII
2305 2838 2666 2909 sejungebat,
2727 2838 3012 2894 satisfecit
3065 2839 3442 2896 Commodus.
3507 2840 3658 2895 Scri-

2015 2929 2196 2996 pserit
2223 2927 2489 2983 Clemens
2517 2928 2772 2998 primum
2804 2944 2978 2984 suum
3031 2927 3248 2984 librum
3289 2929 3478 2985 tribus
3526 2933 3659 3001 post

2016 3019 2263 3070 mortem
2322 3016 2450 3086 ejus
2502 3017 2692 3086 annis,
2751 3034 2888 3073 ann.
2949 3016 3156 3073 CXCV.
3215 3017 3660 3074 Intercesserint

2014 3105 2249 3170 iterum,
2281 3105 2340 3160 id
2362 3107 2512 3176 quod
2546 3111 2742 3161 tamen
2784 3107 2940 3161 haud
2998 3106 3316 3163 verisimile
3373 3112 3481 3173 est,
3540 3107 3656 3162 duo

2015 3210 2192 3266 prope
2223 3194 2360 3249 anni
2395 3195 2544 3250 inter
2573 3195 2830 3266 primum
2862 3200 2920 3251 et
2949 3197 3276 3252 secundum
3325 3197 3664 3253 Stromatum

1937 3271 1978 3336 C
2017 3283 2310 3340 volumen.
2343 3283 2759 3350 Nihilominus,
2784 3286 2910 3355 jam
2935 3304 3071 3343 ann.
3096 3286 3336 3343 CXCVII
3362 3286 3668 3358 pulchram

2019 3374 2382 3429 Alexandriae
2411 3391 2612 3429 eorum
2645 3375 2942 3432 cohortem
2974 3376 3367 3445 inveniemus,
3399 3393 3525 3448 qua:
3557 3376 3667 3432 hoc

2017 3465 2378 3535 inspectante
2406 3467 2707 3519 cruentam
2739 3481 2842 3536 pro
2875 3466 3176 3522 Servatore
3197 3470 3444 3522 mortem
3494 3483 3671 3539 oppe-

2018 3553 2234 3608 ticrint.
2268 3553 2369 3608 Hic
2399 3569 2531 3609 vero
2566 3570 2810 3610 acumen
2843 3555 3077 3611 Baronii
3111 3555 3310 3612 mirari
3341 3556 3530 3624 liceat,
3566 3555 3669 3629 qui

2019 3644 2090 3698 ob
2122 3643 2243 3698 haec
2275 3643 2587 3698 Clementis
2616 3645 2791 3699 verba
2816 3644 2995 3701 libros
3026 3648 3154 3716 ejus
3186 3651 3315 3718 post
3373 3647 3667 3702 decimum

2018 3732 2211 3788 Severi
2243 3749 2463 3787 annum
2496 3733 2862 3805 conscriptos
2894 3734 3074 3791 fuisse
3106 3740 3398 3792 asseverat
3427 3754 3438 3792 :
3474 3759 3500 3786 (ι
3554 3739 3671 3790 Θω-

2018 3826 2235 3888 terunt,
2267 3821 2460 3892 inquit
2516 3821 2751 3893 (Annal.
2811 3827 2954 3879 tom.
3014 3825 3081 3894 II,
3141 3824 3210 3879 ad
3257 3843 3391 3880 ann.
3447 3826 3661 3895 CXCVI,

2018 3930 2080 3967 ιι.
2114 3911 2271 3976 XXII,
2307 3911 2514 3982 p.278,
2547 3912 2699 3983 279),
2731 3929 2865 3968 cum
2898 3917 3126 3968 constet
3179 3915 3236 3968 in
3303 3914 3449 3985 ipsis
3509 3916 3672 3970 Stro-

2019 4005 2245 4057 matum
2275 3999 2443 4055 libris
2470 4001 2540 4056 de
2575 4000 3040 4058 Christianorum
3072 4003 3476 4074 persecutione
3531 4008 3671 4058 tunc

2018 4091 2250 4161 vigente
2299 4089 2654 4144 mentionem
2712 4091 2859 4159 fieri,
2937 4091 3230 4147 afﬁrmare
3289 4106 3527 4146 necesse
3583 4093 3673 4146 est

2020 4181 2215 4252 ipsum
2248 4184 2380 4250 post
2409 4196 2628 4234 annum
2678 4181 2972 4236 decimum
3018 4182 3213 4237 Severi
3273 4180 3603 4253 scripsisse.
3639 4200 3668 4230 ››

2023 4271 2336 4341 Indignum
2371 4271 2674 4325 Annalium
2703 4272 2984 4343 scriptore
3009 4273 3302 4344 judicium
3329 4273 3340 4327 l
3369 4272 3669 4328 Oblivisci-

2020 4363 2116 4415 tur
2144 4359 2230 4413 vir
2260 4359 2702 4415 illustrissimus
2733 4377 2957 4429 eorum,
3005 4380 3130 4434 quas
3189 4380 3323 4418 mox
3381 4364 3506 4434 ipse
3566 4363 3669 4418 de-

2022 4448 2295 4504 fensurus
2329 4453 2470 4518 erat,
2496 4449 2623 4520 jam
2655 4467 2791 4505 ann.
2827 4452 3109 4508 CXCVIII.
3159 4453 3458 4509 Plautiano
3507 4451 3675 4508 insti-

2023 4542 2216 4609 gante,
2250 4537 2596 4594 Christianis
2626 4539 2879 4608 injurias
2913 4542 3093 4598 fuisse
3125 4541 3341 4613 illatas,
3400 4559 3515 4615 quo
3575 4559 3673 4598 no-

247 4660 366 4698 non
413 4645 810 4714 progreditur.
850 4645 987 4698 Ἀπὸ
1049 4642 1104 4698 δὲ
1132 4650 1229 4698 τοῦ
1285 4647 1506 4722 πρώτου
1563 4650 1770 4724 ἀγῶνος
1827 4650 1899 4706 ἐπλ

2025 4628 2182 4682 mine
2242 4626 2536 4697 duplicem
2595 4628 2912 4684 committit
2969 4648 3244 4688 errorem.
3303 4632 3675 4688 Recentiores

237 4730 342 4797 τήν
440 4728 698 4802 Κομᾶδου
756 4731 1040 4804 τελευτὴν,
1099 4732 1190 4804 ἔτη
1255 4735 1440 4789 ἑκατὸν
1501 4734 1705 4792 ἓνδὲκα¹
1765 4764 1791 4790 ‹‹
1860 4746 1909 4795 Α

239 4822 447 4891 primo
482 4827 678 4877 autem
723 4825 1048 4879 certamine
1101 4842 1289 4897 usque
1333 4827 1404 4881 ad
1452 4833 1698 4884 mortem
1739 4830 1907 4886 Com-

239 4911 414 4964 modi
450 4911 587 4964 anni
621 4917 854 4967 centum
890 4914 1182 4969 undecim.
1223 4937 1249 4963 »
1299 4916 1656 4986 (Stromatum
1703 4917 1804 4974 lib.
1867 4937 1908 4988 ι,

240 5000 466 5067 ρ.402,
519 5000 608 5054 ed.
675 5000 933 5072 Potteri).
989 5003 1089 5059 Hic
1147 5004 1398 5073 desinit;
1454 5006 1764 5063 manifesto
1826 5009 1912 5065 in-

235 5089 427 5154 dicio,
465 5104 580 5143 non
617 5090 801 5145 multo
836 5096 967 5146 ante
1000 5109 1176 5164 quam
1239 5094 1360 5149 haec
1417 5097 1714 5167 scriberet,
1777 5099 1911 5156 fatis

239 5177 612 5232 occubuisse
643 5181 1050 5236 Commodum.
1085 5183 1224 5237 Mihi
1269 5183 1507 5254 quidem
1532 5186 1678 5241 satis
1695 5192 1783 5242 est
1803 5187 1912 5244 hoc

238 5265 402 5331 loco,
442 5267 837 5323 indubitatum
871 5286 1020 5336 esse,
1056 5277 1338 5327 anteann.
1361 5272 1497 5328 CCII
1520 5273 1639 5329 hinc
1661 5275 1914 5334 edidisse

233 5363 639 5418 Clementem.
674 5367 875 5422 Auctis
909 5384 1010 5438 per
1040 5369 1659 5442 decretaimperatoris
1679 5373 1914 5430 Alexan-

233 5452 568 5507 drinorum
604 5454 797 5526 malis,
832 5457 1135 5514 exsulabat
1174 5459 1260 5513 vir
1297 5460 1587 5531 egregius,
1615 5479 1679 5516 ac
1722 5463 1779 5517 in
1811 5464 1914 5519 Pa-

234 5542 492 5596 laestina
531 5545 813 5616 Syriaque
874 5548 1249 5618 potissimum
1307 5551 1695 5619 versabatur;
1758 5557 1913 5625 quod

232 5637 382 5702 post
428 5630 853 5705 Hieronymum
887 5637 1094 5707 (Catal.
1128 5638 1332 5712 Script.
1386 5640 1526 5693 Eccl.
1573 5657 1700 5712 cap.
1734 5644 1824 5710 38,
1856 5662 1914 5717 p.

231 5737 326 5794 ιιι,
403 5719 506 5775 ed.
533 5722 782 5779 Fabricii
817 5725 966 5783 545
1004 5728 1142 5801 rec.)
1172 5745 1240 5784 ex
1279 5728 1529 5785 Eusebio
1562 5731 1732 5802 (Hist.
1767 5735 1912 5792 Eccl.

2024 4714 2161 4771 facit
2190 4719 2246 4770 et
2267 4715 2732 4772 Christianorum
2786 4719 3079 4787 miserias,
3142 4738 3318 4793 quam
3375 4722 3502 4794 ipse
3560 4738 3668 4792 pu-

2017 4804 2196 4869 tabat,
2222 4808 2279 4858 et
2304 4803 2619 4860 Clementis
2651 4805 2854 4879 libros,
2890 4826 3068 4880 quam
3129 4827 3321 4867 rerum
3383 4808 3673 4882 permittit

2020 4892 2299 4949 conditio.

2091 5019 2118 5085 §
2147 5018 2239 5073 VI.
2274 5049 2341 5058 —
2371 5017 2576 5074 Nescio
2603 5036 2675 5074 an
2708 5020 2799 5076 his
2832 5023 2966 5078 addi
3019 5029 3330 5095 mereatur,
3382 5027 3462 5081 ita
3520 5025 3672 5080 anti-

2023 5109 2227 5181 quitus
2248 5109 2374 5179 jam
2409 5109 2586 5164 fuisse
2617 5110 2925 5179 creditum,
2960 5115 3185 5170 dudum
3218 5120 3350 5171 ante
3373 5133 3508 5170 ann.
3535 5115 3673 5170 CCII

2021 5199 2380 5254 Christianos
2413 5199 2520 5252 sub
2551 5203 2756 5254 Severo
2789 5201 3108 5274 exagitatos
3145 5205 3325 5260 fuisse
3347 5205 3374 5260 ‘I
3405 5205 3511 5269 Qui
3546 5222 3672 5260 ma-

2016 5291 2215 5360 jorum
2231 5287 2646 5342 traditionibus
2663 5306 2775 5344 non
2792 5308 3023 5348 omnem
3041 5295 3286 5349 demunt
3303 5295 3498 5363 ﬁdem,
3520 5295 3671 5350 hanc

2025 5395 2139 5433 non
2173 5377 2410 5447 penitus
2442 5377 2909 5434 observationem
2939 5389 3237 5453 spernent.
3272 5384 3520 5440 Paulum
3561 5386 3670 5457 igi-

2024 5473 2121 5522 tur
2149 5466 2439 5526 Orosium,
2479 5464 2669 5536 quinti
2698 5469 2893 5523 saeculi
2917 5473 3285 5544 scriptorem,
3323 5475 3665 5547 producam,

2026 5557 2150 5628 qui,
2183 5559 2497 5626 antequam
2530 5554 2776 5612 Albinus
2810 5576 2900 5614 res
2934 5578 3113 5618 novas
3147 5563 3469 5630 moliretur,
3529 5577 3665 5616 ann.

2028 5645 2340 5700 minimum
2392 5644 2598 5699 CXCVI
2656 5661 2890 5717 gravem
2981 5651 3250 5708 Severum
3323 5649 3669 5706 Christianis

2029 5736 2208 5793 fuisse
2242 5733 2423 5791 tradit
2453 5734 2765 5806 (Historiar.
2801 5736 2902 5792 lib.
2934 5755 3035 5808 vn,
3068 5758 3118 5797 c.
3156 5743 3241 5809 17,
3275 5759 3332 5814 p.
3362 5740 3490 5811 542,
3541 5739 3666 5799 M0-
