4094 6186
517 354 637 414 615

1040 352 1565 415 'I‘l'lltTULLIANI
1613 347 1935 413 OPERUM
1981 347 2181 412 PARS
2225 351 2383 411 1.-
2414 348 2689 411 SERIES
2736 350 2780 425 Ι,
2829 350 3390 414 APOLOGETICA.

3754 357 3852 416 615

518 490 690 560 gunt.
736 488 891 557 1615,
925 487 984 542 in
1016 488 1095 558 8.)
1124 487 1311 542 Verba
1343 485 1462 540 haec
1483 489 1785 556 sunt,quaa
1806 485 2167 556 Freculphus
2198 490 2251 555 Α
2283 485 2604 554 contendit,
2636 500 2703 538 eo
2726 483 2879 553 quod
2922 483 3051 537 latae
3113 483 3184 538 ab
3244 484 3579 555 imperatore
3623 488 3758 559 leges
3801 491 3859 543 ad

523 574 893 633 Lexoviensis
925 574 1343 646 (Chronicorum
1372 578 1514 629 tom.
1547 578 1619 639 Il,
1653 572 1754 627 lib.
1790 589 1851 643 ιι,
1882 589 1930 627 c.
1969 572 2060 639 24,
2106 590 2163 644 p.

521 666 646 735 488,
673 665 767 721 ed.
799 664 1013 721 Genev.
1048 665 1207 730 1597,
1239 663 1297 717 in
1330 662 1407 733 8),
1439 661 1636 717 saeculi
1674 662 1829 718 546
1889 662 2025 717 noni
2075 661 2163 716 hi-

520 756 793 823 storicus,
828 753 991 810 nulla
1020 753 1226 809 vocula
1255 759 1502 823 mutata,
1544 751 1811 823 repetiit:
1864 774 1891 801 ‹‹
1950 752 2167 814 Quinta

522 850 654 918 post
682 845 969 900 Neronem
1001 843 1403 915 persecutione
1459 840 1820 895 Christianos
1876 839 2165 895 excrucia-

518 933 630 988 vit:
669 931 1023 1005 plurimique
1055 936 1396 987 sanctorum
1424 947 1523 1001 per
1548 930 1810 984 diversas
1834 928 2164 1000 provincias

522 1023 797 1093 martyrio
829 1021 1089 1076 coronati
1106 1027 1266 1075 sunt.
1288 1019 1447 1074 Hanc
1465 1019 1768 1090 profanam
1795 1017 1854 1072 in
1879 1016 2163 1073 Christia-

517 1127 623 1166 nos
653 1115 710 1167 et
741 1109 1058 1165 Ecclesium
1091 1109 1190 1164 Dei
1225 1108 1742 1181 praesumptionem
1777 1107 1991 1174 Severi,
2049 1122 2162 1161 cm-

515 1199 679 1256 lestis
712 1198 854 1254 ultio
885 1216 915 1254 e
938 1198 1178 1269 vestigio
1201 1201 1330 1252 acta
1361 1196 1764 1268 subsequitur.
1797 1196 1943 1251 Nam
1975 1194 2163 1251 conti-

517 1302 634 1342 nuo
667 1285 911 1357 rapitur,
945 1284 1031 1340 vel
1061 1285 1254 1355 potius
1302 1284 1619 1339 retrahitur
1650 1284 1707 1337 in
1766 1282 2013 1338 Galliam
2072 1289 2168 1339 Se-

515 1391 688 1431 verus
716 1392 746 1430 e
775 1373 939 1446 Syria
970 1374 1037 1428 ad
1073 1374 1313 1428 tertium
1346 1373 1511 1427 civile
1535 1373 1775 1428 bellum.
1811 1371 1999 1427 Unum
2036 1373 2163 1443 jam‘

517 1462 671 1519 enim
705 1469 901 1520 Romae
951 1463 1229 1517 adversus
1286 1462 1613 1531 Julianum,
1673 1460 1833 1516 aliud
1892 1461 1949 1515 in
2003 1462 2167 1534 Syria

516 1558 719 1610 contra
750 1550 1130 1608 Pescennium
1162 1556 1464 1623 gesserat:
1500 1550 1735 1606 tertium
1772 1550 2010 1606 Clodius
2071 1550 2165 1605 Al-

516 1642 690 1698 binus
718 1641 936 1697 Juliani
977 1640 1035 1696 in
1067 1640 1384 1696 occidendo
1416 1640 1775 1696 Pertinacem
1809 1639 2031 1710 socius,
2063 1640 2163 1712 qui

514 1746 577 1786 se
608 1731 666 1785 in
698 1729 891 1787 Gallia
919 1729 1207 1786 Caesarem
1244 1729 1475 1796 fecerat,
1509 1728 1853 1785 suscitabat.
1893 1749 1920 1777 »
1942 1728 2163 1784 Idcirco

514 1819 743 1875 Numen
775 1819 1054 1890 voluisse,
1082 1823 1145 1873 ut
1173 1817 1673 1889 quietemimperii
1697 1817 1946 1873 Albinus
1966 1818 2163 1874 turba-

515 1913 623 1977 ret,
657 1908 759 1979 ait,
791 1909 944 1980 quod
978 1907 1035 1961 in
1063 1906 1425 1963 Christianos
1454 1910 1698 1962 Severus
1750 1906 1958 1962 fuisset
2007 1906 2161 1977 inju-

517 1997 662 2053 rius.
697 1996 981 2068 Equidem
1015 2012 1128 2052 non
1163 1996 1212 2052 is
1253 2012 1411 2065 sum,
1456 1996 1555 2067 qui
1614 1995 1885 2052 Orosium
1929 2012 2167 2051 summa

517 2086 631 2141 ﬁde
661 2085 1006 2157 scriptorem
1038 2100 1168 2141 esse
1194 2089 1419 2157 putem,
1451 2090 1650 2156 Neque
1708 2085 1886 2141 etiam
1942 2085 2163 2156 omnia,

517 2191 646 2247 quas
677 2175 771 2230 hic
804 2178 1023 2242 narrat,
1060 2190 1189 2230 mea
1220 2174 1391 2229 facio.
1453 2175 1683 2230 Testem
1741 2176 1870 2246 ejus
1934 2179 2163 2230 tantum

516 2280 645 2320 esse
675 2263 867 2335 cupio,
903 2263 1055 2333 quod
1089 2280 1196 2318 suo
1228 2269 1488 2333 tempore
1518 2263 1732 2335 Opinio,
1768 2279 1942 2334 quam
1976 2267 2163 2329 tueor,

518 2353 910 2409 communiter
940 2357 1171 2424 recepta
1211 2352 1401 2407 fuerit.
1435 2352 1489 2406 Si
1525 2369 1641 2424 qua
1672 2353 1818 2408 fides
1876 2352 2162 2407 narratio-

518 2442 692 2498 nibus
714 2459 860 2515 quas
892 2459 920 2496 a
954 2442 1277 2512 majoribus
1309 2442 1554 2496 traditas
1611 2442 1967 2513 accepimus,
2028 2440 2164 2497 huic

518 2531 715 2598 etiam,
764 2529 906 2602 quin
938 2530 1136 2603 aliqua
1166 2546 1293 2585 esse
1326 2531 1554 2595 debeat,
1600 2530 1797 2585 nullus
1846 2529 2158 2585 dubitabit.

522 2620 882 2691 Abjecissem
946 2619 1214 2691 protinus
1273 2619 1568 2675 hominem
1631 2620 1798 2690 cujus
1853 2619 2164 2675 manifesta

520 2708 697 2765 nimis
730 2708 935 2764 fuisset
976 2707 1312 2780 supersitio,
1340 2707 1389 2763 si
1430 2707 1695 2763 omnium
1744 2708 1984 2763 omnino
2032 2706 2160 2763 bel-

516 2798 730 2867 lorum,
753 2797 924 2853 etiam
958 2814 1087 2853 cum
1118 2797 1354 2853 Juliano
1383 2803 1439 2852 et
1469 2797 1641 2869 Nigro
1671 2801 1990 2869 gestorum,
2023 2813 2162 2852 cau-

518 2904 644 2944 sam
676 2888 957 2943 saevitiam
983 2887 1041 2941 in
1103 2886 1471 2943 Christianos
1524 2887 1789 2943 dixisset.
1851 2885 1981 2941 Jam
2044 2903 2159 2942 non

515 2991 757 3047 prorsus
788 2974 1073 3047 despicio,
1107 2974 1386 3046 quoniam
1406 2973 1735 3045 religiosius
1756 2973 2037 3042 instituit,
2057 2988 2161 3028 nec

515 3065 586 3120 de
619 3064 930 3137 suppliciis
965 3064 1207 3119 fratrum
1241 3080 1474 3135 semper
1506 3062 1779 3129 somniat,
1814 3078 1947 3117 cum
2008 3060 2160 3117 bello

516 3154 715 3210 orbem
748 3159 1034 3209 terrarum
1068 3154 1343 3225 ﬂagrasse
1374 3152 1667 3224 intelligit.

591 3280 621 3351 ξ
648 3278 767 3333 VII.
801 3308 869 3317 —
901 3280 1034 3344 Qua)
1065 3278 1367 3348 hucusque
1396 3278 1671 3339 disserui,
1706 3281 1868 3331 tanta
1916 3275 2161 3347 praedita

518 3382 648 3424 esse
678 3368 927 3423 arbitror
955 3368 1341 3438 perspicuitat
1371 3382 1438 3421 ac
1493 3365 1801 3434 evidentia,
1864 3370 1923 3419 ut
1981 3365 2040 3419 in
2098 3379 2160 3419 se

516 3456 718 3528 ipsum
755 3457 994 3527 iniquus
1056 3457 1286 3510 futurus
1308 3457 1405 3521 sit,
1429 3455 1527 3527 qui
1553 3454 1861 3509 contrariis
1886 3454 1943 3508 in
1964 3460 2157 3525 poste-

520 3562 650 3601 rum
687 3546 953 3617 partibus
986 3561 1048 3599 se
1080 3545 1445 3615 adjungeret.
1479 3544 1536 3598 Si
1565 3560 1657 3599 res
1688 3543 1769 3598 ita
1816 3543 2155 3614 postularet,

514 3634 689 3706 longe
721 3634 887 3705 plura
918 3634 1243 3705 potuissem
1292 3635 1550 3705 proferre
1579 3651 1593 3701 ;
1631 3650 1779 3704 quas,
1811 3649 1943 3687 cum
1998 3633 2157 3687 nullo

516 3724 689 3780 modo
722 3722 962 3794 flagitet,
995 3722 1140 3777 mihi
1169 3723 1228 3776 in
1260 3723 1438 3777 alliud
1465 3727 1697 3793 tempus
1728 3737 1975 3776 reservo.
2023 3719 2157 3775 Om-

517 3812 617 3870 nia
648 3813 732 3867 sic
763 3812 1003 3879 cadunt,
1039 3829 1164 3882 quae
1198 3828 1310 3867 non
1338 3811 1466 3866 sine
1497 3812 1712 3865 sudore
1754 3808 2009 3865 forsitan
2055 3825 2157 3881 pro

516 3901 845 3959 rationibus
867 3901 992 3956 suis
1014 3900 1258 3957 celebris
1284 3900 1617 3956 Dodwellus
1644 3900 2003 3971 excogitavit.
2020 3900 2158 3953 Ter-

516 3990 829 4048 tullianum
859 3991 1049 4062 primo
1084 3989 1251 4045 nobis
1285 3989 1381 4045 ille
1412 3992 1636 4061 eripere
1667 3996 1931 4045 conatur.
1992 3986 2162 4043 Intel-

516 4079 654 4136 lexit
683 4080 841 4136 enim
873 4081 1288 4152 Apologeticum
1318 4080 1589 4134 Severum
1623 4094 1823 4133 eorum
1855 4077 2161 4132 excludere

518 4185 784 4234 numero,
817 4169 917 4240 qui
951 4169 1233 4224 violentas
1264 4168 1613 4224 Christianis
1658 4184 1869 4222 manus
1928 4165 2160 4222 intulis-

513 4263 677 4326 sent;
713 4259 873 4329 etsi,
906 4275 1035 4330 quas
1064 4275 1172 4314 nos
1221 4259 1619 4327 excussimus,
1678 4258 1935 4312 illustria
1993 4257 2161 4322 plane

514 4345 643 4403 loca
692 4365 762 4404 ne
782 4352 982 4419 tangat
1013 4348 1271 4418 quidem.
1317 4347 1464 4410 Quid
1495 4362 1631 4401 vero
1659 4346 1867 4400 exinde
1888 4362 2020 4400 eum
2045 4344 2162 4400 col-

515 4436 699 4507 ligere
729 4437 1027 4492 existimas
1050 4436 1077 4491 ?
1110 4436 1243 4491 Vide
1272 4443 1331 4491 et
1356 4436 1585 4491 mirare.
1619 4436 1858 4490 Decreta
1912 4435 2163 4505 impera-

516 4525 664 4581 toris
694 4530 820 4580 tum
854 4526 1090 4597 quidem
1119 4528 1239 4596 jam
1276 4531 1500 4596 rogata,
1534 4526 1634 4581 sed
1683 4524 1742 4579 in
1792 4541 1892 4579 eas
1945 4529 2159 4594 partes,

2276 591 2479 630 omnes
2512 591 2625 629 non
2655 573 3074 645 pervenissent.
3108 574 3162 626 Si
3205 571 3343 644 quid
3368 574 3538 642 video,
3567 576 3758 631 certius
3802 577 3863 631 ab

2276 663 2385 719 hac
2416 664 2749 719 detorsione
2780 660 3209 718 Tertullianum
3254 662 3552 719 vindicavi.
3610 669 3717 719 Duo
3772 664 3867 720 alia

2274 752 2553 824 deinceps
2586 750 2926 808 testimonia
2955 750 3144 816 attuli,
3180 767 3329 821 quae,
3363 752 3410 806 si
3437 753 3636 821 omnia,
3659 753 3710 807 id
3732 755 3865 823 quod

2275 843 2401 898 ficri
2428 841 2600 913 plane
2634 842 2854 911 nequit,
2913 841 3060 897 547
3133 841 3461 911 Apologelici
3502 841 3621 897 loca
3664 847 3871 913 possent

2275 931 2434 1001 elidi,
2469 931 2856 987 nihilominus
2892 934 3024 985 ante
3056 930 3243 997 illum,
3284 947 3456 1002 quem
3488 929 3750 1001 designat,
3781 945 3867 986 an'

2276 1038 2416 1076 num
2449 1020 2808 1076 Christianos
2839 1021 3198 1076 excruciatos
3230 1022 3409 1077 fuisse
3438 1021 3710 1075 docerent.
3762 1020 3871 1074 lna-

2275 1111 2367 1166 nis
2394 1115 2483 1166 est
2508 1110 2787 1182 suspicio,
2813 1110 2905 1165 cui
2943 1108 3154 1166 militat
3189 1111 3274 1165 vir
3320 1110 3540 1165 doctus.
3577 1107 3761 1164 Valeat
3796 1113 3873 1163 ta-

2275 1215 2430 1270 men,
2465 1200 2514 1254 si
2546 1199 2647 1271 qui
2677 1199 2876 1254 velint.
2907 1198 3035 1253 Alia
3058 1199 3251 1255 adhuc
3270 1203 3596 1271 supersunt,
3620 1215 3735 1268 quis
3756 1196 3875 1252 huic

2277 1305 2390 1342 non
2426 1292 2626 1359 patent
2654 1288 2917 1344 artiﬁcio.
2958 1287 3059 1343 His
3090 1288 3352 1344 immotis
3382 1304 3449 1343 ea
3485 1302 3702 1358 quoque
3742 1288 3874 1356 jace-

2274 1376 2438 1448 bunt,
2473 1393 2603 1448 quae
2623 1377 2801 1446 idem,
2834 1382 2899 1431 ut
2930 1378 3000 1432 ad
3019 1394 3071 1433 a.
3097 1377 3229 1432 CCII
3249 1377 3509 1431 omnium
3534 1374 3877 1430 afﬂictionum

2274 1465 2508 1521 initium
2536 1466 2767 1535 referat,
2802 1467 2860 1521 in
2877 1466 3139 1521 medium
3161 1465 3407 1522 adduxit
3429 1465 3552 1537 (loc.
3575 1465 3661 1518 cit.
3684 1461 3709 1535 Ξ
3730 1464 3809 1529 41,
3830 1479 3877 1534 p.

2273 1555 2365 1625 68)
2391 1573 2403 1623 ;
2428 1555 2500 1611 ad
2532 1556 2647 1611 duo
2680 1555 2925 1611 redeunt
2954 1554 3056 1611 illa
3086 1555 3295 1627 capita.
3329 1553 3522 1611 Otium
3554 1553 3632 1608 ait
3659 1557 3711 1608 et
3739 1568 3880 1606 ceca-

2275 1643 2500 1700 sionem
2534 1643 2892 1700 Christianos
2944 1645 3256 1700 invadendi
3309 1644 3581 1715 gentibus
3636 1642 3879 1697 defuisse.

2272 1741 2592 1812 Utriusque
2621 1740 2787 1797 facile
2804 1748 3045 1813 apparet
3066 1741 3519 1813 imbecillitas,si
3544 1756 3672 1797 cum
3690 1739 3754 1794 iis
3774 1754 3883 1810 qua

2273 1831 2484 1902 scripsi
2515 1832 2966 1886 contendantur.
3002 1831 3221 1887 Demus
3261 1836 3458 1887 tamen
3514 1831 3632 1885 viro
3679 1827 3883 1884 erudito

2274 1919 2550 1991 loquendi
2584 1921 2810 1975 veniam
2836 1938 2848 1975 :
2890 1942 2914 1972 α
2946 1920 3059 1975 Nec
3090 1920 3275 1976 otium
3306 1926 3433 1976 erat
3460 1923 3647 1985 antea,
3694 1915 3881 1988 inquit,

2274 2010 2393 2064 sive
2425 2008 2537 2080 ipsi
2578 2009 2937 2079 imperatori,
2970 2009 3090 2064 cive
3122 2009 3557 2080 provinciarum
3607 2004 3883 2078 praefectis,

2275 2114 2381 2153 nec
2401 2097 2546 2169 ipsis
2574 2097 2807 2153 urbium
2844 2096 3117 2168 plebibus
3150 2098 3728 2168 magistratibusque,
3759 2108 3886 2164 quos

2273 2191 2509 2242 externa
2538 2187 2742 2242 saltem
2776 2187 2847 2241 ab
2880 2186 3148 2242 hostibus
3172 2203 3282 2257 pax
3306 2187 3363 2241 in
3389 2205 3520 2243 eam
3542 2184 3800 2241 saeviendi
3820 2181 3890 2237 la-

2274 2273 2511 2329 sciviain
2557 2272 2902 2345 plerumque
2952 2274 3253 2329 convertit.
3300 2296 3327 2324 »
3381 2274 3483 2331 Vix
3530 2272 3726 2328 dubito
3767 2269 3889 2342 quin

2273 2363 2389 2418 alia
2409 2362 2771 2433 cogitaverit,
2804 2380 2939 2417 cum
2991 2363 3074 2418 sic
3112 2363 3409 2419 scriberet.
3464 2362 3646 2429 Quod,
3696 2376 3892 2431 quaeso,

2273 2460 2571 2516 vinculum
2622 2460 2830 2516 harum
2885 2462 3351 2532 propositionum
3399 2479 3412 2516 :
3468 2460 3623 2516 Bello
3671 2455 3893 2514 Romani

2273 2550 2508 2605 fuerunt
2529 2550 2837 2620 implicati,
2856 2555 2913 2605 et
2932 2566 2943 2605 :
2969 2550 3283 2606 Christiani
3304 2550 3451 2605 nihil
3473 2549 3753 2606 malorum
3775 2562 3895 2601 sen-

2273 2638 2447 2693 sere?
2477 2643 2595 2693 Aut
2627 2638 2769 2693 nihil
2800 2655 2905 2710 ego
2935 2638 3219 2711 intelligo,
3254 2643 3355 2694 aut
3398 2638 3647 2695 nullum.
3698 2635 3894 2690 Medios

2271 2728 2424 2783 inter
2476 2728 2719 2783 maximi
2753 2727 2887 2782 belli
2937 2727 3197 2799 fragores
3248 2727 3602 2783 Valerianus
3656 2723 3895 2779 inﬁnitas

2268 2816 2618 2872 Christianis
2639 2816 2939 2872 molestias
2959 2816 3289 2872 exhibebat.
3322 2816 3585 2872 Clariora
3604 2816 3720 2870 haec
3741 2814 3896 2867 erunt

2271 2907 2319 2962 si
2352 2898 2687 2960 distinctius
2718 2907 2847 2976 ejus
2884 2906 3163 2976 temporis
3222 2905 3377 2961 bella
3435 2906 3785 2960 intueamur.
3842 2900 3897 2955 In

2271 2996 2525 3052 Orientis
2558 2994 2893 3066 regionibus
2923 3000 2980 3049 et
3019 2994 3207 3050 Gallia
3253 2994 3483 3051 militia
3540 2994 3783 3049 vacabat
3837 2988 3897 3043 iis

2246 3086 2440 3141 .annis
2465 3083 2799 3155 imperator.
2831 3083 3026 3138 Fuerit
3054 3083 3194 3153 illic,
3229 3084 3385 3155 quod
3436 3084 3722 3153 tantisper
3774 3095 3901 3135 con-

2271 3174 2495 3241 cedam,
2527 3172 2588 3227 in
2620 3172 2900 3226 diviniore
2929 3175 3080 3226 ccetu
3114 3188 3257 3243 pax:
3295 3173 3457 3243 quod
3481 3189 3613 3227 vero
3645 3170 3775 3225 hinc
3797 3182 3906 3237 pro-

2273 3261 2595 3317 vinciarum
2628 3259 2875 3315 aliarum
2910 3260 3219 3331 praefectis,
3249 3261 3404 3331 quod
3445 3260 3607 3333 plebi
3645 3263 3763 3314 erat
3816 3256 3906 3310 im-

2270 3352 2691 3423 pedimentum,
2706 3365 2821 3420 quo
2836 3349 2954 3403 min
2966 3349 3405 3404 usChristianos
3422 3350 3518 3421 inj
3530 3367 3599 3405 us
3613 3344 3907 3404 vocarent?

2268 3450 2414 3514 Quid
2448 3446 2663 3516 notius,
2696 3463 3000 3517 nunquam
3035 3448 3315 3517 majorem
3339 3447 3637 3503 scelerum
3666 3442 3905 3515 impuni-

2267 3543 2444 3593 tatem
2479 3552 2625 3604 esse,
2660 3552 2835 3603 quam
2873 3534 3039 3590 bellis
3071 3534 3271 3590 omnia
3299 3537 3678 3590 vastantibus
3706 3533 3733 3588 ?
3775 3530 3906 3595 Quid

2266 3627 2566 3695 vulgarius
2596 3625 2849 3695 denique
2875 3625 3133 3694 gentium
3168 3623 3268 3678 illa
3298 3624 3753 3687 consuetudine,
3793 3635 3904 3692 quas

2269 3715 2519 3781 majores
2550 3727 2852 3782 nunquam
2885 3710 3154 3765 miserias
3185 3710 3401 3766 Christi
3437 3711 3722 3767 creabant
3749 3706 3908 3762 disci-

2269 3801 2499 3873 cipulis,
2534 3815 2710 3871 quam
2743 3815 2877 3854 cum
2908 3800 3069 3853 orbis
3109 3799 3409 3854 Romanus
3444 3799 3621 3855 bellis
3678 3797 3907 3865 aliisque

2268 3891 2703 3949 calamitatibus
2724 3889 3121 3960 premeretur?
3134 3890 3352 3958 Rogati,
3377 3891 3530 3961 quid
3555 3906 3745 3946 causae
3770 3889 3912 3943 esset

2269 3980 2603 4049 sacriﬁculi,
2637 3996 2870 4035 omnem
2901 3978 2960 4034 in
2992 3978 3339 4035 Christianis
3380 3980 3650 4036 residere
3698 3976 3914 4047 culpam

2269 4070 2629 4127 confidenter
2647 4068 2980 4125 clamabant
2998 4086 3010 4124 :
3033 4091 3060 4118 ‹‹
3085 4067 3481 4141 Negliguntur
3503 4070 3585 4126 dii
3602 4068 3815 4139 »,hanc
3833 4080 3916 4118 vo-

2271 4176 2395 4215 cem
2428 4175 2629 4214 eorum
2657 4158 2947 4212 Arnobius
2979 4157 3153 4213 refert
3183 4156 3307 4225 (lib.
3343 4175 3382 4223 ι,
3435 4160 3567 4215 adv.
3622 4160 3828 4221 Gentes,
3867 4169 3917 4223 ρ.

2273 4250 2361 4316 16,
2395 4248 2476 4303 ed.
2520 4246 2802 4318 Heraldi),
2844 4270 2871 4297 ‹‹
2923 4250 3097 4318 atque
3143 4246 3202 4301 in
3250 4248 3496 4318 templis
3546 4249 3678 4320 jam
3725 4244 3923 4302 raritas

2272 4354 2509 4395 summa
2538 4340 2627 4392 est
2652 4336 2882 4406 :jacent
2907 4336 3159 4408 antiquae
3192 4335 3415 4392 derisui
3450 4336 3823 4402 caerimonias,
3875 4334 3925 4385 et

2272 4445 2574 4485 sacrorum
2610 4426 2905 4498 quondam
2938 4425 3213 4481 veterrini
3245 4425 3395 4481 ritus
3438 4427 3797 4499 religionum
3830 4436 3925 4476 nco

2273 4534 2475 4573 varum
2516 4514 3036 4587 superstitionibus
3068 4515 3430 4571 occiderunt.
3474 4538 3501 4565 υ
3528 4516 3679 4571 Hinc
3706 4513 3812 4569 illa:
3850 4509 3928 4564 la-

522 4612 621 4666 ubi
652 4613 1050 4669 Tertullianus
1072 4615 1319 4682 degebat
1340 4613 1560 4684 perlata
1575 4631 1688 4668 non
1715 4613 2162 4683 fuisse(Disserl.
2196 4600 2241 4666 D
2274 4622 2481 4677 crymas
2510 4622 2523 4673 ;
2559 4604 2697 4660 hinc
2726 4603 2857 4658 novi
2888 4603 3052 4658 novis
3082 4603 3408 4659 orientibus
3437 4605 3641 4660 turbis
3693 4604 3926 4658 furores.

518 4700 781 4773 Cyprian.
814 4720 891 4770 χι,
926 4706 953 4772 §
983 4704 1070 4770 44,
1106 4722 1161 4774 p.
1210 4705 1321 4771 69).
1382 4704 1845 4775 Magnitudinem
1901 4701 2167 4758 videlicet

518 4790 891 4846 miseriarum
928 4793 1258 4849 diminuere
1314 4794 1593 4848 omnibus
1638 4793 1859 4847 viribus
1898 4797 2161 4847 conatur.

516 4879 810 4951 Frigidum
846 4899 977 4937 vero
1011 4882 1305 4937 somnium
1332 4884 1341 4937 l
1373 4883 1528 4955 quod
1554 4882 1820 4937 fortassis
1844 4898 1914 4937 ne
1936 4882 2010 4936 iis
2032 4879 2162 4952 qui-

516 4968 649 5025 dem
683 4969 984 5037 arridebit,
1018 4972 1116 5041 qui
1145 4973 1389 5025 Romani
1444 4970 1675 5043 imperii
1706 4975 1928 5025 statum
1994 4969 2164 5041 igno-

517 5064 671 5114 rant.
703 5063 775 5113 At
806 5076 920 5115 non
955 5060 1150 5115 minus
1181 5060 1240 5114 in
1271 5060 1632 5131 eXplodenuo
1663 5076 1728 5113 eo
1752 5058 1997 5128 frigidus
2024 5055 2163 5112 Rui-

519 5153 724 5203 nartus
745 5154 853 5214 est,
887 5149 1010 5220 qui,
1044 5148 1241 5220 siquo
1297 5147 1443 5219 loco,
1497 5148 1591 5202 hic
1636 5153 1761 5202 tum
1799 5148 1950 5202 inter
2002 5146 2164 5201 nives

519 5235 772 5293 Gallicas
802 5244 1072 5293 versatus
1121 5238 1306 5294 fuisse
1365 5237 1596 5294 videtur
1653 5237 1846 5309 (Praei.
1906 5238 1978 5292 ad
2036 5236 2165 5291 Acta

516 5324 697 5393 Μανιη
731 5332 873 5383 sect.
909 5344 970 5396 ιι,
1001 5326 1032 5401 §
1064 5328 1150 5393 44,
1185 5329 1273 5394 45,
1326 5345 1383 5400 p.
1434 5328 1503 5382 46
1558 5329 1642 5397 Ο).
1704 5326 1869 5381 Locis
1917 5326 2164 5396 quibus-

516 5414 651 5470 dam
684 5415 1067 5471 tumultuarie
1098 5416 1451 5472 coacervatis
1484 5417 1654 5487 longe
1693 5414 1924 5487 lateque
1966 5421 2164 5471 exten-

517 5519 643 5559 sam
677 5504 860 5560 fuisse
881 5505 1345 5576 persecutionem
1375 5505 1559 5560 docet.
1591 5504 1738 5567 Quid
1769 5520 1900 5559 vero
1940 5504 2049 5560 hoc
2092 5506 2163 5561 ad

518 5591 802 5648 Dodwelli
838 5593 1096 5665 argutias
1117 5593 1144 5648 ?
1174 5594 1276 5665 qui
1308 5611 1421 5649 non
1454 5592 1561 5648 hoc
1594 5592 1863 5666 negabat,
1897 5595 1997 5650 sed
2048 5609 2166 5650 non

517 5683 638 5743 tam
663 5680 953 5740 immanes
987 5682 1046 5739 in
1068 5682 1346 5740 omnibus
1392 5682 1705 5758 provinciis
1750 5682 1930 5738 fuisse
1985 5700 2165 5740 ausus

2275 4695 2400 4753 Non
2441 4698 2565 4750 erat
2593 4693 2811 4764 itaque,
2837 4708 2941 4746 cur
2972 4692 3119 4748 hanc
3170 4693 3457 4749 rationem
3512 4693 3751 4749 clariss.
3786 4688 3932 4745 Dodo

2273 4782 2433 4840 welli
2464 4782 2549 4837 vir
2577 4780 2798 4852 alioqui
2830 4780 3032 4851 paucis
3059 4780 3116 4835 in
3141 4780 3248 4835 hoc
3278 4797 3495 4853 genere
3522 4778 3930 4841 conferendus,

2273 4873 2402 4928 Seb.
2452 4869 2879 4937 Tillemontius,
2928 4868 3037 4925 sibi
3097 4873 3159 4923 ut
3207 4870 3496 4940 optimam
3554 4867 3931 4942 repetendam

2274 4977 2404 5017 esse
2436 4961 2674 5015 duceret
2704 4959 2961 5024 (Histoire
2989 4959 3085 5013 de:
3112 4959 3330 5029 Empcr.
3367 4964 3517 5015 tom.
3559 4959 3663 5026 III,
3718 4960 3863 5028 part.
3896 4967 3932 5014 ι,

2274 5067 2333 5121 ρ.
2368 5050 2488 5104 146.
2550 5048 2632 5104 ed.
2666 5046 2963 5119 Bruxell.).
2995 5049 3128 5113 Quae
3159 5047 3420 5119 quidem,
3469 5052 3723 5103 tantum
3776 5042 3934 5098 abest

2275 5142 2337 5193 ut
2366 5136 2587 5208 aliquid
2620 5134 2916 5207 probet,ut
2936 5133 3245 5189 contrariis
3277 5134 3477 5205 potius
3522 5134 3803 5205 partibus
3831 5126 3929 5182 ali-

2275 5226 2415 5298 quid
2449 5223 2647 5281 auxilii
2679 5223 2898 5279 aﬂ'erat.
2935 5222 3045 5278 Sed
3075 5222 3281 5278 exilior
3327 5223 3526 5278 adhuc
3582 5223 3797 5291 altera,
3850 5231 3936 5271 oc-

2275 5316 2571 5371 casionem
2603 5311 2753 5368 male
2784 5311 3133 5367 Christianis
3166 5311 3412 5367 faciendi
3455 5328 3585 5367 non
3643 5309 3935 5366 abfuisse:

2274 5435 2304 5464 «
2337 5416 2451 5467 Nec
2472 5408 2812 5466 occurrebat
2840 5407 3046 5465 saltem
3076 5409 3303 5464 occasio
3334 5408 3564 5479 aliqua,
3602 5425 3739 5480 qua:
3767 5406 3939 5474 impe-

2275 5500 2486 5558 ratoris
2516 5499 2665 5553 iram
2698 5499 2757 5553 in
2788 5498 3153 5555 Christianos
3185 5499 3482 5567 excitaret,
3521 5515 3669 5553 cum
3708 5512 3815 5551 nec
3844 5490 3939 5546 Nl-

2273 5590 2527 5665 griniani
2559 5587 2919 5658 fuissentilli,
2955 5605 3058 5644 nec
3090 5587 3399 5653 Albiniani,
3434 5593 3506 5642 ut
3531 5584 3943 5644 Tertullianus

2275 5684 2376 5739 ait.
2411 5702 2439 5730 »
2470 5677 2679 5735 Verbis
2711 5677 2806 5733 hic
2866 5694 3061 5752 parco,
3111 5694 3177 5733 eo
3231 5678 3381 5750 quod
3436 5670 3946 5732 inconsideratius
