4094 6186
301 328 416 387 617

1021 323 1123 386 DE
1166 323 1450 385 ETATE
1492 319 2009 382 APOLOGETICI
2056 320 2439 383 MOSHEMII
2485 318 2986 392 DISQUISITIO.

3592 318 3711 378 618

300 459 383 515 nil
415 458 531 513 dici
563 456 827 529 potuisse
859 456 1321 529 putem.Adeone
1349 471 1653 528 nunquam
1675 453 1949 509 Cbristia—
1983 457 2037 521 Α
2068 453 2234 509 derit.
2264 453 2343 508 De
2370 458 2540 509 astate
2569 453 2703 509 libri
2735 452 2800 507 de
2828 452 3343 523 Praescriptionibus
3401 450 3497 507 hic
3556 466 3714 507 com-

301 564 509 605 norum
542 548 717 603 rebus
751 545 1355 619 imperatoresinfesti
1404 548 1595 611 erant,
1658 543 1773 598 nisi
1825 559 1959 598 cum

298 636 483 709 aliqui
536 652 742 691 eorum
806 635 903 707 iis,
934 635 1037 707 qui
1068 634 1259 691 civilia
1285 634 1596 690 movebant
1624 631 1797 700 bella,
1832 648 1961 688 sese

298 724 711 781 addixissent?
761 728 843 779 Ne
894 724 1058 796 pueri
1110 722 1348 795 quidem
1395 722 1453 777 id
1488 722 1726 777 ferrent.
1759 724 1958 792 Neque

298 833 432 871 vero
465 816 537 869 de
566 815 777 869 Severo
829 813 923 869 hic
979 813 1354 885 potissimum
1413 811 1714 882 quaeritur,
1775 826 1846 865 an
1908 809 1957 864 is

300 911 438 960 ante
499 921 551 959 a.
609 903 747 960 CCII
805 902 866 958 in
912 901 1271 957 Christianos
1305 900 1575 957 sasvierit.
1608 904 1955 970 Quanquam

301 1000 355 1049 et
388 992 525 1048 huic
562 997 619 1048 et
649 991 779 1047 aliis
812 992 1005 1063 ipsum
1035 990 1504 1047 Christianorum
1539 1005 1749 1044 nomen
1801 987 1953 1045 548

301 1080 631 1138 occasionis
660 1081 803 1136 satis
834 1084 958 1134 erat
990 1096 1002 1134 :
1036 1102 1063 1129 «
1099 1079 1233 1134 Ideo
1262 1083 1625 1150 torquemur,
1648 1083 1845 1132 noster
1875 1078 1956 1132 ait

299 1169 702 1226 Tertullianus
733 1168 1088 1240 (Apoloaetiri
1118 1184 1167 1223 ο.
1197 1168 1252 1235 2,
1285 1184 1342 1240 p.
1377 1167 1489 1238 35),
1524 1168 1866 1222 conﬁtentes
1898 1171 1954 1222 et

296 1259 586 1330 punimur
614 1261 1080 1329 perseverantes,
1132 1261 1190 1312 et
1238 1256 1600 1313 absolvimur
1647 1259 1951 1328 negantes,

296 1347 436 1420 quia
470 1364 705 1404 nomms
736 1362 1007 1402 PRELIUM
1036 1362 1152 1400 ss'r.
1189 1368 1217 1392 υ

363 1476 392 1542 §
422 1472 572 1528 VIII.
611 1471 778 1527 Plura
810 1487 985 1541 quam
1018 1470 1351 1541 cogitabam
1380 1471 1438 1525 in
1472 1486 1571 1526 eos
1602 1469 1758 1525 dicta
1810 1474 1952 1525 sunt

295 1563 399 1635 qui
446 1566 581 1617 ante
613 1578 746 1615 ann.
776 1559 913 1615 CCII
944 1562 1350 1631 Apotogetzcum
1379 1576 1492 1614 non
1531 1558 1709 1613 fuisse
1744 1565 1945 1614 natum

294 1650 683 1705 contendunt.
720 1649 832 1705 Nec
863 1654 1059 1703 tamen
1095 1648 1292 1715 nimis,
1329 1649 1481 1715 quod
1515 1648 1599 1702 sic
1650 1649 1797 1703 lucis
1849 1648 1948 1702 ali-

292 1740 441 1811 quid
474 1739 729 1794 historiaa
760 1754 939 1792 sacras
965 1736 1229 1792 additum
1263 1753 1327 1790 ac
1360 1741 1595 1806 tempus
1629 1737 1947 1792 vexationis

286 1827 759 1884 Christianorum
792 1828 902 1880 sub
927 1830 1132 1881 Severo
1158 1824 1416 1881 curatius
1441 1825 1827 1879 constitutum
1853 1827 1949 1880 sit.
1984 1832 2029 1895 Β

298 1918 485 1988 Pergo
510 1916 637 1987 jam
668 1917 738 1969 ad
773 1932 893 1981 eos,
928 1915 1143 1985 quibus
1176 1914 1407 1986 longius
1437 1913 1628 1969 adhuc
1680 1916 1954 1984 procede-

291 2023 379 2071 re,
442 2022 530 2074 ac,
581 2009 788 2060 Severo
850 2004 1123 2066 extincto,
1184 2008 1316 2068 post
1372 2020 1510 2057 ann.
1575 2004 1699 2057 CCX
1736 2001 1953 2057 librum

294 2094 597 2167 prodiisse
627 2092 938 2178 defendere
973 2090 1179 2162 placet.
1210 2090 1460 2146 Facilius
1491 2091 1549 2145 hi
1601 2097 1957 2147 excusantur

297 2200 559 2256 quorum
608 2199 722 2237 non
774 2188 891 2237 tam
941 2179 1095 2235 mala
1125 2181 1590 2256 Christianorum
1621 2186 1953 2247 extenuare,

294 2254 482 2345 quam
518 2272 590 2326 ad
638 2270 942 2327 Caracalla:
975 2285 1204 2339 quoque
1253 2269 1421 2323 initia
1469 2254 1795 2337 extendere,
1829 2269 1955 2324 ani-

294 2379 440 2417 mus
488 2366 593 2415 est.
630 2361 817 2429 Longe
849 2364 1043 2413 tamen
1078 2357 1196 2412 illis
1228 2362 1708 2429 argumentorum
1742 2358 1958 2413 cedunt

294 2448 663 2521 praestantia,
697 2463 951 2517 quorum
984 2445 1069 2500 vis
1104 2444 1198 2499 hic
1227 2461 1405 2517 prope
1436 2444 1598 2499 nulla
1627 2450 1735 2500 est.
1770 2446 1954 2500 Fami-

292 2539 446 2593 liam
476 2537 566 2591 vir
596 2552 868 2590 summus
901 2534 1062 2589 ducit
1090 2534 1213 2588 Jos.
1247 2534 1524 2605 Scaliger,
1560 2535 1731 2604 cujus
1763 2539 1957 2589 aucto-

293 2628 539 2683 ritatem
572 2624 763 2679 fraudi
798 2621 1095 2679 nonnullis
1127 2622 1605 2694 fuisse,equidem
1640 2622 1721 2676 nil
1756 2624 1953 2691 miror,

291 2715 739 2786 Apologeticum,
772 2712 854 2767 ait
881 2711 932 2766 is
963 2712 1139 2783 (Notis
1169 2712 1238 2765 ad
1269 2711 1573 2766 Chronicon
1605 2712 1846 2779 Eusebii,
1896 2712 1953 2765 in

290 2804 452 2859 Thes.
505 2802 742 2872 Tqmpor.
794 2817 851 2870 p.
900 2802 1025 2869 229,
1080 2799 1171 2853 ed.
1202 2798 1362 2853 Alex.
1398 2800 1535 2853 Mori
1570 2800 1814 2867 ultimae)
1848 2802 1955 2855 du-

293 2893 453 2957 bito,
506 2908 578 2946 an
607 2891 717 2946 sub
750 2891 959 2945 Severo
995 2889 1317 2960 scripserit,
1350 2905 1480 2943 cum
1513 2888 1667 2943 dicat
1701 2905 1713 2943 :
1750 2889 1956 2960 Papias

286 2982 465 3052 leges
493 2980 618 3035 heri
655 2980 901 3035 Severus
930 2978 1446 3034 constantissimus
1482 2977 1814 3050 principum
1861 2995 1956 3032 ex-

292 3069 504 3125 clusit.
542 3093 562 3118 »
594 3068 841 3123 Videtur
870 3068 941 3122 de
974 3071 1204 3122 mortuo
1252 3066 1433 3136 loqui.
1482 3067 1600 3139 Ego
1649 3084 1784 3122 vero
1834 3072 1957 3122 tam

290 3163 515 3215 acutus
562 3175 675 3212 non
726 3173 882 3226 sum,
932 3160 1016 3221 ut,
1070 3155 1208 3227 quid
1258 3155 1378 3210 haec
1406 3155 1749 3212 Tertulliani
1780 3156 1957 3211 verba

289 3250 377 3304 de
410 3256 640 3301 mortuo
666 3245 874 3302 Severo
927 3260 1212 3316 exponere
1260 3248 1448 3316 cogat,
1498 3244 1749 3299 videam.
1806 3250 1955 3299 Lau-

292 3339 489 3392 datur
538 3334 655 3389 ille.
706 3338 775 3389 At
823 3337 956 3406 quis
992 3334 1148 3389 vivos
1178 3331 1452 3389 laudibus
1482 3333 1666 3389 solere
1697 3334 1952 3389 decorari

290 3430 482 3495 neget
503 3423 530 3477 *ἶ
558 3423 678 3478 Vox
712 3423 835 3476 heri
867 3421 1593 3487 adhibetur.Quamobrem
1630 3428 1824 3477 autem
1856 3423 1956 3477 illa

280 3516 370 3571 de
401 3512 696 3584 praeterito
726 3510 916 3567 Severi
949 3511 1375 3582 imperio,quod
1412 3528 1544 3566 cum
1579 3512 1670 3567 die
1696 3512 1776 3567 sic
1805 3513 1951 3568 Ter-

284 3602 590 3657 tullianus
622 3599 1242 3672 contulisset,intelligi
1277 3600 1478 3655 debet?
1507 3602 1591 3655 Tn
1619 3602 1746 3671 jam
1779 3606 1951 3667 recte,

286 3689 688 3761 Havercampi
720 3689 1213 3755 doctissime,eam
1248 3690 1315 3742 de
1347 3693 1607 3759 tempore
1637 3707 1751 3745 non
1786 3689 1956 3761 longe

283 3781 502 3850 elapso
533 3780 659 3850 capi
690 3795 861 3850 posse
896 3777 1175 3833 monuisti
1207 3778 1387 3847 (Notis
1429 3778 1497 3832 ad
1551 3780 1847 3848 Apologet.,
1895 3796 1951 3850 p.

284 3870 455 3939 287).
509 3869 671 3923 Addo
705 3884 833 3939 ego,
867 3868 995 3937 capi
1025 3866 1109 3920 ita
1140 3866 1367 3932 debere,
1402 3867 1514 3920 nisi
1549 3867 1782 3921 Patrum
1819 3884 1953 3922 eru-

288 3955 672 4013 ditissimum
704 3955 1007 4026 ineptiisse
1044 3953 1317 4010 velimus.
1371 3958 1446 4009 Ex
1495 3955 1771 4027 Scaligeri
1823 3972 1954 4010 son-

283 4045 490 4101 tentia
531 4044 649 4099 haec
681 4044 962 4099 voluisset
996 4061 1008 4098 :
1042 4044 1311 4110 Severus,
1341 4060 1470 4099 cum
1505 4044 1695 4100 adhuc
1724 4046 1954 4115 viveret,

287 4136 465 4205 leges
504 4132 705 4205 Papias
737 4132 1059 4203 abrogavit.
1095 4133 1298 4187 Facete
1330 4134 1586 4203 profecto
1618 4134 1628 4188 l
1667 4135 1956 4189 Edocendi

286 4221 574 4280 fortassis
605 4221 849 4277 Romani
881 4224 1066 4286 erant,
1103 4237 1217 4276 non
1251 4222 1401 4292 apud
1454 4224 1672 4277 inferos
1726 4224 1797 4277 ab
1845 4223 1954 4277 im-

289 4314 573 4384 peratore
600 4309 709 4363 hoc
741 4310 1087 4364 beneﬁcium
1121 4325 1249 4364 esse
1279 4310 1728 4381 priestitumSic
1761 4313 1957 4383 itaque

288 4402 429 4457 heri
460 4398 555 4454 hic
588 4398 666 4452 nil
696 4397 876 4467 aliud,
911 4414 1088 4469 quam
1122 4398 1271 4453 haud
1302 4400 1379 4453 ita
1408 4400 1841 4469 pridem.Nihilo
1873 4407 1956 4455 ta-

290 4504 441 4545 men
478 4488 673 4542 minus
704 4488 791 4541 vir
821 4486 1470 4553 celeberrimus,Petrus
1501 4488 1958 4555 Allixius,Scali-

2072 544 2370 597 mentandi
2424 541 2587 597 locus
2641 558 2755 598 non
2814 546 2922 597 est.
2975 540 3273 612 Adoptabo
3306 540 3527 595 interea
3555 540 3722 596 Cavei

2069 631 2293 704 (Hlstor.
2348 632 2588 687 litterar.
2638 633 2887 702 scriptor.
2946 631 3143 685 eoales.
3202 645 3256 700 p.
3318 629 3407 700 43)
3438 628 3719 685 aliorum-

2069 737 2181 793 que
2213 721 2590 791 sententiam,
2623 720 2778 777 circa
2809 719 3137 775 ann.CCVlI
3168 717 3532 791 publicatum
3567 734 3717 775 esse.

2066 811 2572 875 Quemadmodum
2621 809 2846 865 clariss.
2910 808 3153 863 Allixius
3217 808 3441 879 probet,
3502 808 3718 864 librum

2067 900 2223 955 hunc
2256 900 2312 954 in
2346 898 2721 971 Apologetico
2748 897 3219 962 commemorari,
3254 901 3483 952 tantum
3516 898 3717 952 viden-

2066 987 2205 1041 dum
2238 991 2346 1042 est.
2386 991 2590 1055 Locus,
2626 1001 2799 1056 quem
2836 984 3124 1057 producit,
3160 984 3252 1038 hic
3284 989 3372 1039 est
3400 984 3715 1057 (cap.«’t7,p.

2062 1076 2190 1146 5l9)
2225 1093 2237 1129 :
2275 1098 2301 1123 ‹‹
2362 1075 2642 1145 Expedite
2701 1078 2898 1129 autem
2942 1072 3375 1143 praescribimus
3433 1072 3720 1127 adulteris

2066 1163 2285 1219 nostris
2320 1164 2469 1220 549
2505 1162 2666 1217 illam
2699 1178 2827 1217 esse
2858 1160 3119 1233 regulam
3156 1161 3440 1228 veritatis,
3462 1178 3589 1233 quae
3622 1178 3717 1217 ve-

2063 1254 2187 1308 niat
2218 1270 2250 1308 a
2283 1252 2514 1309 Christo
2547 1251 2900 1306 transmissa
2928 1266 3030 1322 per
3059 1251 3301 1305 comites
3332 1250 3540 1321 ipsius,
3589 1251 3720 1322 qui-

2061 1343 2171 1397 bus
2221 1340 2535 1412 aliquando
2585 1340 2936 1412 posteriores
2983 1338 3195 1394 diversi
3231 1338 3325 1393 isti
3359 1345 3720 1395 commenta—

2058 1436 2215 1487 tores
2248 1430 2671 1501 probabuntur.
2707 1454 2728 1481 ι
2794 1426 3121 1483 erabilem
3180 1427 3371 1483 cernis
3404 1427 3515 1482 viri
3565 1426 3724 1483 docti

2052 1517 2565 1575 ratiocinationem
2602 1534 2613 1571 :
2680 1518 2993 1588 Usurpavit
3028 1517 3426 1588 prwscribendi
3457 1517 3715 1573 vocabu-

2057 1611 2180 1664 lum
2212 1607 2631 1675 Tertullianus;
2663 1624 2799 1679 ergo
2834 1607 2901 1661 ad
2938 1605 3154 1661 librum
3185 1607 3251 1662 de
3279 1608 3719 1678 prazscriptioni-

2056 1699 2154 1752 bu:
2188 1698 2464 1769 respexit.
2502 1698 2653 1751 Tum
2690 1696 2930 1751 demum
2962 1694 3162 1766 aliqua
3191 1698 3316 1765 ejus
3347 1695 3433 1751 vis
3464 1695 3592 1764 erit,
3644 1695 3719 1765 si,

2061 1792 2380 1858 antequam
2413 1786 2483 1839 de
2518 1784 3060 1856 praescriptionibus
3094 1788 3590 1840 commentaretur
3621 1801 3719 1840 nc-

2064 1886 2407 1941 ster,vocem
2440 1873 2849 1946 prmscribendi
2878 1873 3159 1929 Romanis
3183 1873 3510 1929 inauditam
3533 1873 3718 1930 fuisse

2066 1963 2405 2021 ostenderit.
2439 1964 2632 2036 Pergit
2654 1979 2808 2031 vero,
2840 1962 2999 2032 tangi
3059 1979 3093 2017 a
3152 1961 3516 2017 Tertulliano
3577 1962 3719 2019 solis

2066 2054 2360 2110 defectum
2418 2052 2597 2107 Uticaa
2655 2069 2791 2107 ann.
2842 2052 2970 2107 CCX
3024 2051 3419 2108 observatum.
3467 2051 3637 2124 Perii,
3672 2051 3722 2108 si

2063 2160 2198 2199 vera
2230 2141 2393 2197 dicit.
2434 2140 2624 2196 Nimis
2654 2158 2787 2197 vero
2818 2141 3211 2213 ingeniosum,
3248 2140 3349 2212 qui
3380 2156 3447 2195 ex
3480 2141 3573 2209 iis,
3594 2157 3721 2212 quae

2066 2236 2310 2304 spectat,
2346 2230 2537 2286 verbis
2569 2230 2687 2284 haec
2744 2229 2871 2285 elici
2931 2247 3105 2301 posse
3162 2236 3345 2301 putet.
3407 2230 3557 2285 Audi
3616 2230 3718 2286 illa

2066 2322 2338 2394 (Apolog.,
2397 2336 2445 2374 ο.
2503 2322 2592 2387 20,
2650 2335 2706 2391 p.
2768 2319 2893 2389 390)
2953 2335 2967 2373 :
3029 2339 3054 2370 α
3115 2319 3276 2385 Quod
3323 2317 3499 2374 etiam
3530 2317 3722 2374 ofﬁcia

2066 2417 2400 2482 temporum
2457 2413 2513 2465 et
2581 2408 3001 2464 elementorum
3057 2409 3262 2464 munia
3320 2408 3650 2465 exorbitant
3703 2426 3716 2465 :

2066 2500 2221 2572 quod
2252 2504 2307 2555 et
2336 2500 2617 2554 monstris
2664 2503 2720 2553 et
2779 2497 3067 2568 portentis
3124 2497 3485 2554 naturalium
3517 2498 3715 2554 forma

2066 2591 2360 2645 turbatur.
2413 2609 2434 2638 ι
2488 2587 2598 2642 Ubi
2630 2585 2771 2642 solis
2802 2585 2897 2641 hic
2929 2586 3238 2642 defectus?
3272 2588 3368 2642 ubi
3402 2585 3613 2644 Utica?
3641 2588 3721 2645 De

2068 2678 2204 2732 anni
2236 2676 2603 2748 temporibus
2634 2676 2831 2747 fruges
2862 2691 2966 2730 nec
2998 2679 3227 2731 mature
3259 2677 3424 2745 satis,
3455 2693 3562 2733 nec
3617 2694 3720 2749 op-

2064 2768 2208 2822 time
2268 2765 2727 2837 producentibus
2779 2780 3101 2819 sermonem
3130 2781 3258 2820 esse
3289 2781 3437 2821 reor.
3471 2770 3545 2821 At
3574 2783 3720 2822 con-

2068 2858 2365 2925 cedamus,
2395 2855 2547 2925 quod
2582 2854 2816 2922 falsum,
2850 2855 2920 2908 de
2948 2854 3246 2910 obfuscato
3278 2856 3398 2910 sole
3456 2855 3551 2910 hic
3608 2854 3716 2910 ali-

2069 2945 2204 3016 quid
2240 2944 2352 2999 dici
2388 2961 2401 2998 :
2437 2959 2554 3014 quo
2586 2946 2754 3015 pacto
2785 2959 2944 3010 eum,
2977 2943 3075 3014 qui
3110 2960 3246 2998 ann.
3280 2944 3409 3001 CCX
3442 2944 3717 3015 obtigerit

2069 3035 2359 3089 defectum
2395 3032 2491 3086 hic
2523 3031 2710 3087 notari
2744 3032 3291 3088 demonstrabitur?

2137 3160 2164 3225 §
2194 3157 2290 3212 IX.
2323 3156 2581 3212 Tandem
2615 3154 2928 3227 aliquando
2959 3156 3043 3212 sic
3075 3157 3145 3212 ad
3174 3168 3287 3212 'cos
3339 3166 3572 3213 ventum
3633 3162 3723 3214 est

2072 3246 2171 3318 qui
2216 3252 2319 3301 aut
2368 3252 2500 3300 ante
2532 3262 2666 3300 ann.
2702 3244 2804 3311 CC,
2839 3250 2940 3300 aut
2970 3262 3035 3300 eo
3069 3245 3195 3317 ipso
3227 3263 3380 3302 anno
3409 3247 3720 3318 Apologeti-

2064 3352 2183 3391 cum
2236 3339 2539 3390 exaratum
2599 3350 2728 3389 esse
2781 3335 3157 3404 conﬁtentur,
3213 3352 3432 3407 quosve
3489 3336 3719 3391 veritati

2066 3424 2372 3479 amiciores
2403 3438 2531 3477 esse
2564 3438 2743 3493 supra
2775 3422 3144 3494 agnovimus.
3170 3423 3295 3479 Non
3330 3425 3602 3479 eumdem
3631 3423 3717 3479 illi

2066 3530 2304 3567 cursum
2337 3514 2559 3577 tenent,
2595 3512 2695 3565 sed
2728 3511 2788 3565 in
2819 3511 2977 3565 varia
3009 3510 3337 3566 discedunt.
3386 3516 3535 3567 Sunt
3586 3514 3717 3585 qui-

2065 3602 2174 3656 bus
2231 3617 2369 3654 ann.
2430 3598 2641 3653 CXCVI
2701 3598 2889 3669 placet
2938 3600 3120 3669 (Cave.
3156 3601 3301 3655 llisl.
3337 3601 3484 3656 litter
3512 3600 3713 3674 Scripl.

2064 3690 2205 3744 Eccl.
2242 3706 2296 3761 p.
2331 3688 2440 3755 42).
2467 3688 2721 3751 Quorum
2756 3703 2861 3759 ego
2894 3686 3129 3758 quidem
3183 3690 3438 3745 rationes
3482 3690 3708 3763 ignoro.

2063 3780 2212 3834 Ann.
2248 3777 2521 3833 CXCVIII
2575 3776 2817 3848 Pagium
2866 3778 3163 3847 quondam
3222 3778 3488 3850 elegisse,
3544 3786 3714 3836 antea

2065 3867 2257 3921 docui.
2309 3870 2498 3920 Caesar
2543 3864 2826 3920 Baronius
2876 3882 3013 3921 ann.
3059 3870 3185 3935 CCI,
3221 3873 3286 3921 ut
3315 3866 3441 3939 ipse
3472 3867 3710 3939 quidem

2066 3962 2408 4027 computare
2438 3954 2716 4020 assuevit,
2752 3953 2860 4009 hoc
2891 3960 3001 4020 est,
3032 3972 3156 4009 aeris
3205 3956 3480 4027 vulgaris,
3535 3974 3713 4028 quam

2063 4045 2121 4098 in
2156 4043 2671 4114 disquisitionibus
2700 4043 2991 4112 ejusmodi
3023 4044 3285 4099 obtinere
3314 4045 3716 4113 notissimum,

2066 4138 2174 4189 est.
2236 4150 2375 4201 ann,
2430 4131 2629 4187 CXICX
2688 4130 2900 4186 librum
2963 4133 3251 4203 prodiisse
3303 4133 3430 4188 vult
3492 4136 3715 4206 (Annal.

2065 4224 2273 4288 coclea,
2333 4225 2373 4275 t.
2437 4221 2508 4290 ll,
2565 4235 2696 4274 ann.
2762 4221 2869 4290 CC,
2920 4238 2977 4275 n.
3011 4223 3066 4287 7,
3099 4223 3307 4293 p.198,
3341 4223 3415 4278 ad
3446 4239 3576 4278 ann.
3616 4223 3725 4280 CCI

2069 4329 2126 4365 n.
2158 4312 2249 4379 27,
2284 4327 2335 4379 ρ.
2371 4309 2497 4374 307,
2533 4326 2589 4363 n.
2622 4310 2711 4375 36,
2746 4325 2801 4379 p.
2835 4308 2984 4380 3l0),
3037 4310 3304 4367 videlicet
3361 4328 3495 4366 cum
3553 4316 3719 4368 Seve-

2069 4416 2170 4454 rus
2203 4399 2260 4452 in
2296 4398 2559 4461 Parthos,
2593 4399 2747 4467 quod
2780 4397 2888 4453 hoc
2921 4416 3073 4453 anno
3127 4400 3348 4455 factum
3408 4417 3537 4456 esse
3598 4402 3725 4457 sine

2070 4488 2401 4542 rationibus
2449 4491 2668 4551 censet,
2720 4491 2998 4551 moveret,
3050 4486 3419 4543 Plautianum
3455 4490 3726 4560 praetorio

288 4576 432 4649 geri
465 4574 573 4629 hoc
605 4581 1017 4645 argumentum
1052 4576 1473 4646 comprobavit,
1508 4575 1710 4647 illique
1759 4579 1962 4649 praeci-
1995 4566 2039 4629 Ι)
2074 4579 2404 4648 praefectum
2439 4578 2632 4629 Romae
2666 4573 2934 4629 relictum
2986 4592 3187 4647 pacem
3247 4577 3498 4633 violasse
3557 4579 3723 4634 Chri-

288 4679 427 4738 pue
456 4663 787 4732 opinionem
823 4663 1337 4732 suam,minimum
1361 4681 1477 4719 non
1503 4668 1635 4720 ante
1658 4668 1961 4723 ann.CCXI

284 4751 715 4824 Apologeticum
743 4750 957 4807 litteris
989 4769 1118 4807 esse
1151 4753 1519 4819 mandatum,
1571 4757 1967 4825 superstruxit

288 4842 559 4913 (Dissert.
618 4839 683 4895 de
733 4841 1061 4895 Tertulliani
1111 4843 1226 4896 vita
1276 4848 1327 4895 et
1359 4844 1598 4912 scriptis,
1634 4860 1757 4899 cum
1786 4845 1963 4910 aliis;

289 4929 453 4986 edit.
490 4928 671 4983 Paris.
707 4929 862 4996 1680,
899 4929 1093 5000 ἰη-4ο).
1130 4930 1290 4995 Quod
1321 4947 1495 5001 quam
1534 4934 1857 5003 improvide
1888 4940 1972 4990 ta-

291 5024 475 5075 ctum
511 5017 607 5085 sit,
641 5017 878 5072 evidens
909 5033 1034 5073 esse
1061 5018 1286 5088 opinor.
1325 5020 1607 5089 Adjunxit
1635 5022 1788 5077 idem
1822 5024 1970 5080 duas

292 5106 463 5165 alias
496 5122 597 5175 pro
630 5106 738 5160 hac
768 5107 1201 5176 computatione
1236 5107 1511 5175 rationes,
1548 5126 1713 5179 quas,
1740 5112 1973 5167 etiamsi

292 5216 333 5253 ει
374 5194 563 5249 celeb.
601 5193 853 5265 Dupinio
878 5196 1001 5263 jam
1049 5194 1331 5249 brevibus
1387 5196 1582 5251 dilutas
1637 5206 1777 5253 sunt
1826 5204 1969 5261 (Nov.

289 5283 463 5341 Bibl.
522 5284 613 5337 de:
670 5288 894 5337 auteur:
946 5284 1133 5338 coclea.
1192 5288 1335 5338 tom.
1382 5285 1421 5351 l,
1473 5287 1847 5356 ρ.107,108,
1881 5290 1972 5356 ed.

292 5371 863 5439 secundae),uthuic
894 5371 1087 5426 denuo
1120 5373 1471 5443 expendam,
1497 5374 1833 5432 institutum
1871 5396 1975 5449 po-

296 5459 525 5519 stulat.
557 5460 818 5514 Primum
873 5466 1002 5531 post
1059 5459 1277 5515 librum
1338 5462 1403 5516 de
1450 5465 1978 5537 Praescriptionihus

301 5554 597 5608 nostrum
631 5564 761 5604 esse
792 5550 1281 5620 compositum,ex
1312 5569 1378 5607 eo
1411 5562 1681 5610 constare
1715 5557 1977 5626 ait,quod

301 5643 370 5698 in
412 5639 526 5695 hoc
558 5638 629 5693 ad
662 5636 832 5693 illum
864 5638 1264 5696 Tertullianus
1289 5641 1539 5715 digitum
1573 5644 1740 5717 quasi
1792 5646 1981 5702 inten-

621 5764 887 5829 ΡΑτιοι.
932 5763 983 5826 Ῑ.

2072 4665 2393 4721 stianorum
2428 4663 2877 4733 conjicit.Quam
2909 4665 2981 4719 ob
3014 4682 3251 4720 causam
3272 4666 3727 4740 Tertullianum,

2074 4755 2130 4809 in
2162 4754 2324 4823 urbe,
2360 4758 2422 4808 ut
2454 4752 2596 4819 vult,
2630 4757 2755 4806 tum
2788 4759 3157 4823 praesentem,
3192 4755 3452 4826 pericula
3482 4757 3595 4813 ista
3620 4757 3731 4814 hoc

2075 4844 2223 4898 libro
2284 4840 2563 4914 repellere
2620 4841 2876 4896 voluisse
2935 4848 3139 4913 putat,
3200 4843 3604 4915 Suspicionem
3661 4848 3733 4901 de

2079 4932 2384 4987 Plautiano
2437 4934 2647 4984 Anton.
2698 4930 2910 5001 Pagius
2932 4932 3057 5001 jam
3092 4932 3353 5003 sustulit,
3374 4934 3473 5004 qui
3504 4952 3637 4989 eum
3670 4935 3731 4990 in

2081 5023 2275 5077 Asiam
2311 5036 2441 5075 cum
2472 5022 2677 5075 Severo
2710 5019 2992 5090 migrasse
3024 5020 3194 5075 evicit
3224 5021 3384 5092 (Crit.
3418 5025 3479 5078 in
3526 5026 3729 5081 Baron.

2082 5116 2124 5163 t.
2162 5111 2228 5173 ll,
2261 5109 2331 5164 ad
2360 5127 2493 5162 ann.
2526 5109 2738 5177 CXCIX,
2765 5125 2821 5163 n.
2858 5111 2909 5177 4,
2946 5126 2998 5179 p.
3029 5109 3119 5175 92,
3178 5111 3291 5182 93).
3355 5112 3539 5180 Quod,
3598 5130 3731 5169 cum

2084 5198 2485 5252 Tertullianus
2517 5197 2817 5260 scriberet,
2854 5215 2969 5252 non
3002 5199 3115 5252 nisi
3148 5200 3511 5257 Christianos
3543 5204 3734 5258 Romae

2088 5288 2367 5358 degentes
2394 5286 2753 5341 excruciatos
2786 5286 2965 5341 fuisse
2998 5289 3316 5357 contendit,
3348 5290 3473 5362 ipse
3528 5291 3741 5347 refellit

2086 5376 2479 5448 Apologeticus,
2523 5391 2699 5447 quem
2759 5376 3189 5446 provinciarum
3249 5381 3599 5450 praesidibus
3653 5381 3739 5436 in-

2089 5468 2373 5537 scriptum
2435 5484 2562 5521 esse
2621 5472 2845 5522 certum
2881 5472 2990 5523 est.
3035 5470 3107 5523 De
3140 5475 3401 5541 tempore
3434 5473 3565 5527 belli
3602 5474 3738 5526 Par-

2089 5556 2232 5611 thici
2258 5557 2502 5611 inferius
2534 5556 2846 5628 diligenter
2874 5565 3096 5629 agetur.
3131 5562 3333 5615 Annus
3365 5563 3446 5616 CC
3477 5578 3509 5614 a
3556 5558 3737 5629 pluri-

2095 5646 2207 5703 mis
2264 5645 2482 5703 electus
2541 5650 2649 5715 est,
2685 5647 2874 5720 iisque
2901 5646 3325 5704 eruditissimis
3355 5648 3517 5705 viris.
3549 5648 3651 5703 Est
3680 5646 3738 5702 iu

3388 5775 3469 5835 20
