  <div class='ocr_page' id='page_1' title='image "/cluster/home/n/w/nwhite01/storage/ocr_20150623/1/hvd.32044096580337/317.png"; bbox 0 0 4094 6186; ppageno 0'>
   <div class='ocr_carea' id='block_1_1' title="bbox 410 269 528 330">
    <p class='ocr_par' dir='ltr' id='par_1_1' title="bbox 410 269 528 330">
     <span class='ocr_line' id='line_1_1' title="bbox 410 269 528 330; baseline 0.017 -2"><span class='ocrx_word' id='word_1_1' title='bbox 410 269 528 330; x_wconf 83' lang='grc'>619</span> 
     </span>
    </p>
   </div>
   <div class='ocr_carea' id='block_1_2' title="bbox 928 265 3294 341">
    <p class='ocr_par' dir='ltr' id='par_1_2' title="bbox 928 265 3294 341">
     <span class='ocr_line' id='line_1_2' title="bbox 928 265 3294 341; baseline -0.001 -11"><span class='ocrx_word' id='word_1_2' title='bbox 928 268 1455 331; x_wconf 80' lang='lat' dir='ltr'>TERTULLIANI</span> <span class='ocrx_word' id='word_1_3' title='bbox 1501 265 1829 328; x_wconf 84' lang='lat' dir='ltr'>OPERUM</span> <span class='ocrx_word' id='word_1_4' title='bbox 1874 265 2073 325; x_wconf 78' lang='lat' dir='ltr'>PARS</span> <span class='ocrx_word' id='word_1_5' title='bbox 2118 265 2164 325; x_wconf 87' lang='grc' dir='ltr'>Ι.</span> <span class='ocrx_word' id='word_1_6' title='bbox 2194 299 2273 309; x_wconf 95' lang='grc'><strong>-</strong></span> <span class='ocrx_word' id='word_1_7' title='bbox 2305 266 2581 329; x_wconf 82' lang='lat' dir='ltr'>SERIES</span> <span class='ocrx_word' id='word_1_8' title='bbox 2627 269 2674 341; x_wconf 88' lang='grc'>1,</span> <span class='ocrx_word' id='word_1_9' title='bbox 2722 267 3294 330; x_wconf 79' lang='lat' dir='ltr'>APOLOGE&#39;I‘ICA.</span> 
     </span>
    </p>
   </div>
   <div class='ocr_carea' id='block_1_3' title="bbox 3651 274 3753 334">
    <p class='ocr_par' dir='ltr' id='par_1_3' title="bbox 3651 274 3753 334">
     <span class='ocr_line' id='line_1_3' title="bbox 3651 274 3753 334; baseline 0.01 -1"><span class='ocrx_word' id='word_1_10' title='bbox 3651 274 3753 334; x_wconf 82' lang='lat'>620</span> 
     </span>
    </p>
   </div>
   <div class='ocr_carea' id='block_1_4' title="bbox 410 395 2050 473">
    <p class='ocr_par' dir='ltr' id='par_1_4' title="bbox 410 398 2050 471">
     <span class='ocr_line' id='line_1_4' title="bbox 410 398 2050 471; baseline -0.004 -16"><span class='ocrx_word' id='word_1_11' title='bbox 410 400 528 456; x_wconf 82' lang='lat' dir='ltr'>illis</span> <span class='ocrx_word' id='word_1_12' title='bbox 558 401 679 456; x_wconf 91' lang='lat' dir='ltr'>Jac.</span> <span class='ocrx_word' id='word_1_13' title='bbox 713 399 1007 455; x_wconf 89' lang='lat' dir='ltr'>Pamelius</span> <span class='ocrx_word' id='word_1_14' title='bbox 1036 401 1195 471; x_wconf 80' lang='lat' dir='ltr'>(Vita</span> <span class='ocrx_word' id='word_1_15' title='bbox 1225 400 1568 463; x_wconf 75' lang='lat' dir='ltr'>Tertulliani,</span> <span class='ocrx_word' id='word_1_16' title='bbox 1603 398 1882 469; x_wconf 81' lang='lat' dir='ltr'>Opp.e.jus</span> <span class='ocrx_word' id='word_1_17' title='bbox 1918 414 2050 468; x_wconf 65' lang='lat' dir='ltr'>prie-</span> 
     </span>
    </p>
   </div>
   <div class='ocr_carea' id='block_1_5' title="bbox 2164 395 3755 473">
    <p class='ocr_par' dir='ltr' id='par_1_5' title="bbox 2172 395 3755 473">
     <span class='ocr_line' id='line_1_5' title="bbox 2172 395 3755 473; baseline 0.008 -26"><span class='ocrx_word' id='word_1_18' title='bbox 2172 395 2427 471; x_wconf 78' lang='grc' dir='ltr'>τύγχανε,</span> <span class='ocrx_word' id='word_1_19' title='bbox 2479 398 2568 451; x_wconf 79' lang='grc' dir='ltr'>καὶ</span> <span class='ocrx_word' id='word_1_20' title='bbox 2615 395 2704 451; x_wconf 72' lang='grc' dir='ltr'>διὰ</span> <span class='ocrx_word' id='word_1_21' title='bbox 2751 402 2910 453; x_wconf 82' lang='grc' dir='ltr'>τοῦτο</span> <span class='ocrx_word' id='word_1_22' title='bbox 2958 398 3045 452; x_wconf 70' lang='grc' dir='ltr'>καὶ</span> <span class='ocrx_word' id='word_1_23' title='bbox 3091 398 3461 473; x_wconf 80' lang='grc' dir='ltr'>πολυγνώμων</span> <span class='ocrx_word' id='word_1_24' title='bbox 3512 400 3755 473; x_wconf 68' lang='grc' dir='ltr'>μᾶλλονῆ</span> 
     </span>
    </p>
   </div>
   <div class='ocr_carea' id='block_1_6' title="bbox 413 487 2058 561">
    <p class='ocr_par' dir='ltr' id='par_1_6' title="bbox 413 487 2058 561">
     <span class='ocr_line' id='line_1_6' title="bbox 413 487 2058 561; baseline -0.004 -17"><span class='ocrx_word' id='word_1_25' title='bbox 413 491 571 561; x_wconf 85' lang='lat' dir='ltr'>ﬁxa),</span> <span class='ocrx_word' id='word_1_26' title='bbox 616 489 666 545; x_wconf 87' lang='lat' dir='ltr'>sl</span> <span class='ocrx_word' id='word_1_27' title='bbox 717 490 807 545; x_wconf 88' lang='lat' dir='ltr'>J0.</span> <span class='ocrx_word' id='word_1_28' title='bbox 871 488 1143 544; x_wconf 89' lang='lat' dir='ltr'>Forbesio</span> <span class='ocrx_word' id='word_1_29' title='bbox 1196 506 1229 543; x_wconf 91' lang='lat' dir='ltr'>a</span> <span class='ocrx_word' id='word_1_30' title='bbox 1286 492 1459 543; x_wconf 87' lang='lat' dir='ltr'>Corse</span> <span class='ocrx_word' id='word_1_31' title='bbox 1516 488 1793 559; x_wconf 71' lang='lat' dir='ltr'>(Instruat.</span> <span class='ocrx_word' id='word_1_32' title='bbox 1856 487 2058 550; x_wconf 66' lang='lat' dir='ltr'>Histor,</span> 
     </span>
    </p>
   </div>
   <div class='ocr_carea' id='block_1_7' title="bbox 414 577 2054 649">
    <p class='ocr_par' dir='ltr' id='par_1_7' title="bbox 414 577 2054 649">
     <span class='ocr_line' id='line_1_7' title="bbox 414 577 2054 649; baseline -0.005 -14"><span class='ocrx_word' id='word_1_33' title='bbox 414 580 597 635; x_wconf 84' lang='lat' dir='ltr'>Theol.</span> <span class='ocrx_word' id='word_1_34' title='bbox 667 577 771 634; x_wconf 89' lang='lat' dir='ltr'>lib.</span> <span class='ocrx_word' id='word_1_35' title='bbox 829 577 952 645; x_wconf 93' lang='lat' dir='ltr'>VII,</span> <span class='ocrx_word' id='word_1_36' title='bbox 1013 594 1139 649; x_wconf 91' lang='lat' dir='ltr'>cap.</span> <span class='ocrx_word' id='word_1_37' title='bbox 1197 580 1253 641; x_wconf 85' lang='lat'>7,</span> <span class='ocrx_word' id='word_1_38' title='bbox 1303 580 1329 645; x_wconf 57' lang='grc' dir='ltr'><strong>θ</strong></span> <span class='ocrx_word' id='word_1_39' title='bbox 1379 579 1465 643; x_wconf 87' lang='lat'>16,</span> <span class='ocrx_word' id='word_1_40' title='bbox 1498 595 1551 649; x_wconf 89' lang='lat' dir='ltr'>p.</span> <span class='ocrx_word' id='word_1_41' title='bbox 1580 577 1703 642; x_wconf 87' lang='lat'>320,</span> <span class='ocrx_word' id='word_1_42' title='bbox 1738 580 1782 629; x_wconf 93' lang='lat' dir='ltr'>t.</span> <span class='ocrx_word' id='word_1_43' title='bbox 1820 577 1888 637; x_wconf 77' lang='grc' dir='ltr'>ιι.</span> <span class='ocrx_word' id='word_1_44' title='bbox 1917 578 2054 644; x_wconf 87' lang='lat' dir='ltr'>Opp.</span> 
     </span>
    </p>
   </div>
   <div class='ocr_carea' id='block_1_8' title="bbox 412 664 2057 738">
    <p class='ocr_par' dir='ltr' id='par_1_8' title="bbox 412 664 2057 738">
     <span class='ocr_line' id='line_1_8' title="bbox 412 664 2057 738; baseline -0.004 -15"><span class='ocrx_word' id='word_1_45' title='bbox 412 667 638 738; x_wconf 90' lang='lat' dir='ltr'>Theol.)</span> <span class='ocrx_word' id='word_1_46' title='bbox 694 666 794 738; x_wconf 89' lang='lat' dir='ltr'>qui</span> <span class='ocrx_word' id='word_1_47' title='bbox 855 682 917 721; x_wconf 88' lang='lat' dir='ltr'>se</span> <span class='ocrx_word' id='word_1_48' title='bbox 973 683 1108 723; x_wconf 91' lang='lat' dir='ltr'>eum</span> <span class='ocrx_word' id='word_1_49' title='bbox 1168 666 1334 737; x_wconf 86' lang='lat' dir='ltr'>sequi</span> <span class='ocrx_word' id='word_1_50' title='bbox 1390 666 1666 731; x_wconf 76' lang='lat' dir='ltr'>affirmat,</span> <span class='ocrx_word' id='word_1_51' title='bbox 1726 664 2057 729; x_wconf 81' lang='lat' dir='ltr'>credimus;</span> 
     </span>
    </p>
   </div>
   <div class='ocr_carea' id='block_1_9' title="bbox 409 752 2064 824">
    <p class='ocr_par' dir='ltr' id='par_1_9' title="bbox 409 752 2064 824">
     <span class='ocr_line' id='line_1_9' title="bbox 409 752 2064 824; baseline -0.004 -13"><span class='ocrx_word' id='word_1_52' title='bbox 409 755 695 812; x_wconf 89' lang='lat' dir='ltr'>Baronius</span> <span class='ocrx_word' id='word_1_53' title='bbox 751 755 905 810; x_wconf 91' lang='lat' dir='ltr'>enim</span> <span class='ocrx_word' id='word_1_54' title='bbox 969 755 1027 809; x_wconf 90' lang='lat' dir='ltr'>in</span> <span class='ocrx_word' id='word_1_55' title='bbox 1091 772 1198 810; x_wconf 90' lang='lat' dir='ltr'>sua</span> <span class='ocrx_word' id='word_1_56' title='bbox 1247 771 1377 809; x_wconf 90' lang='lat' dir='ltr'>eum</span> <span class='ocrx_word' id='word_1_57' title='bbox 1413 760 1603 808; x_wconf 88' lang='lat' dir='ltr'>castra</span> <span class='ocrx_word' id='word_1_58' title='bbox 1634 752 1934 824; x_wconf 78' lang='lat' dir='ltr'>per-trahit.</span> <span class='ocrx_word' id='word_1_59' title='bbox 1965 752 2064 806; x_wconf 85' lang='lat' dir='ltr'>Est</span> 
     </span>
    </p>
   </div>
   <div class='ocr_carea' id='block_1_10' title="bbox 408 843 2056 915">
    <p class='ocr_par' dir='ltr' id='par_1_10' title="bbox 408 843 2056 915">
     <span class='ocr_line' id='line_1_10' title="bbox 408 843 2056 915; baseline -0.003 -15"><span class='ocrx_word' id='word_1_60' title='bbox 408 844 911 915; x_wconf 81' lang='lat' dir='ltr'>diligentissimus</span> <span class='ocrx_word' id='word_1_61' title='bbox 940 844 1350 898; x_wconf 89' lang='lat' dir='ltr'>Tillemontius</span> <span class='ocrx_word' id='word_1_62' title='bbox 1386 845 1543 913; x_wconf 82' lang='lat' dir='ltr'>(Hist.</span> <span class='ocrx_word' id='word_1_63' title='bbox 1570 843 1661 896; x_wconf 80' lang='lat' dir='ltr'>des</span> <span class='ocrx_word' id='word_1_64' title='bbox 1717 846 2056 911; x_wconf 76' lang='lat' dir='ltr'>Empereurs,</span> 
     </span>
    </p>
   </div>
   <div class='ocr_carea' id='block_1_11' title="bbox 405 929 2057 1004">
    <p class='ocr_par' dir='ltr' id='par_1_11' title="bbox 405 929 2057 1004">
     <span class='ocr_line' id='line_1_11' title="bbox 405 929 2057 1004; baseline -0.004 -15"><span class='ocrx_word' id='word_1_65' title='bbox 405 938 553 989; x_wconf 84' lang='lat' dir='ltr'>tom.</span> <span class='ocrx_word' id='word_1_66' title='bbox 614 933 710 1000; x_wconf 90' lang='lat' dir='ltr'>III,</span> <span class='ocrx_word' id='word_1_67' title='bbox 774 937 922 1004; x_wconf 85' lang='lat' dir='ltr'>part.</span> <span class='ocrx_word' id='word_1_68' title='bbox 986 933 1028 1000; x_wconf 92' lang='grc' dir='ltr'>Ι,</span> <span class='ocrx_word' id='word_1_69' title='bbox 1062 950 1117 1004; x_wconf 91' lang='lat' dir='ltr'>p.</span> <span class='ocrx_word' id='word_1_70' title='bbox 1150 933 1239 1003; x_wconf 73' lang='lat'>9-1)</span> <span class='ocrx_word' id='word_1_71' title='bbox 1274 948 1285 986; x_wconf 92' lang='lat'><strong>:</strong></span> <span class='ocrx_word' id='word_1_72' title='bbox 1322 948 1667 1003; x_wconf 88' lang='lat' dir='ltr'>quanquam</span> <span class='ocrx_word' id='word_1_73' title='bbox 1703 932 1753 984; x_wconf 91' lang='lat' dir='ltr'>is</span> <span class='ocrx_word' id='word_1_74' title='bbox 1788 929 1901 984; x_wconf 92' lang='lat' dir='ltr'>alio</span> <span class='ocrx_word' id='word_1_75' title='bbox 1933 929 2057 984; x_wconf 86' lang='lat' dir='ltr'>loco</span> 
     </span>
    </p>
   </div>
   <div class='ocr_carea' id='block_1_12' title="bbox 406 1018 2057 1093">
    <p class='ocr_par' dir='ltr' id='par_1_12' title="bbox 406 1018 2057 1093">
     <span class='ocr_line' id='line_1_12' title="bbox 406 1018 2057 1093; baseline -0.003 -17"><span class='ocrx_word' id='word_1_76' title='bbox 406 1022 489 1091; x_wconf 90' lang='lat' dir='ltr'>(in</span> <span class='ocrx_word' id='word_1_77' title='bbox 521 1039 627 1078; x_wconf 91' lang='lat' dir='ltr'>sua</span> <span class='ocrx_word' id='word_1_78' title='bbox 659 1022 1049 1093; x_wconf 82' lang='lat' dir='ltr'>Chronologia,</span> <span class='ocrx_word' id='word_1_79' title='bbox 1083 1022 1150 1077; x_wconf 88' lang='lat' dir='ltr'>ad</span> <span class='ocrx_word' id='word_1_80' title='bbox 1187 1021 1401 1077; x_wconf 86' lang='lat' dir='ltr'>calcem</span> <span class='ocrx_word' id='word_1_81' title='bbox 1434 1024 1475 1074; x_wconf 88' lang='lat' dir='ltr'>t.</span> <span class='ocrx_word' id='word_1_82' title='bbox 1512 1020 1587 1075; x_wconf 93' lang='lat' dir='ltr'>III</span> <span class='ocrx_word' id='word_1_83' title='bbox 1618 1020 1756 1074; x_wconf 71' lang='lat' dir='ltr'>Hist.</span> <span class='ocrx_word' id='word_1_84' title='bbox 1790 1035 1845 1090; x_wconf 91' lang='lat' dir='ltr'>p.</span> <span class='ocrx_word' id='word_1_85' title='bbox 1899 1018 2057 1087; x_wconf 85' lang='lat'>1221)</span> 
     </span>
    </p>
   </div>
   <div class='ocr_carea' id='block_1_13' title="bbox 408 1106 2057 1180">
    <p class='ocr_par' dir='ltr' id='par_1_13' title="bbox 408 1106 2057 1180">
     <span class='ocr_line' id='line_1_13' title="bbox 408 1106 2057 1180; baseline -0.003 -15"><span class='ocrx_word' id='word_1_86' title='bbox 408 1110 624 1166; x_wconf 89' lang='lat' dir='ltr'>dubius</span> <span class='ocrx_word' id='word_1_87' title='bbox 656 1115 766 1177; x_wconf 89' lang='lat' dir='ltr'>est,</span> <span class='ocrx_word' id='word_1_88' title='bbox 795 1127 988 1165; x_wconf 84' lang='lat' dir='ltr'>annon</span> <span class='ocrx_word' id='word_1_89' title='bbox 1025 1110 1235 1166; x_wconf 88' lang='lat' dir='ltr'>melius</span> <span class='ocrx_word' id='word_1_90' title='bbox 1264 1126 1401 1164; x_wconf 90' lang='lat' dir='ltr'>ann.</span> <span class='ocrx_word' id='word_1_91' title='bbox 1432 1110 1559 1175; x_wconf 87' lang='lat' dir='ltr'>CCI,</span> <span class='ocrx_word' id='word_1_92' title='bbox 1593 1108 1903 1180; x_wconf 88' lang='lat' dir='ltr'>ponendus</span> <span class='ocrx_word' id='word_1_93' title='bbox 1934 1106 2057 1162; x_wconf 84' lang='lat' dir='ltr'>sit?</span> 
     </span>
    </p>
   </div>
   <div class='ocr_carea' id='block_1_14' title="bbox 407 1197 2053 1271">
    <p class='ocr_par' dir='ltr' id='par_1_14' title="bbox 407 1197 2053 1271">
     <span class='ocr_line' id='line_1_14' title="bbox 407 1197 2053 1271; baseline -0.002 -18"><span class='ocrx_word' id='word_1_94' title='bbox 407 1202 507 1255; x_wconf 87' lang='lat' dir='ltr'>Est</span> <span class='ocrx_word' id='word_1_95' title='bbox 536 1204 595 1253; x_wconf 93' lang='lat' dir='ltr'>L.</span> <span class='ocrx_word' id='word_1_96' title='bbox 628 1199 691 1254; x_wconf 87' lang='lat' dir='ltr'>E.</span> <span class='ocrx_word' id='word_1_97' title='bbox 725 1199 916 1271; x_wconf 91' lang='lat' dir='ltr'>Dupin</span> <span class='ocrx_word' id='word_1_98' title='bbox 951 1199 1121 1271; x_wconf 86' lang='lat' dir='ltr'>(Bibl.</span> <span class='ocrx_word' id='word_1_99' title='bbox 1153 1199 1246 1253; x_wconf 74' lang='lat' dir='ltr'>de:</span> <span class='ocrx_word' id='word_1_100' title='bbox 1274 1200 1516 1269; x_wconf 65' lang='grc' dir='ltr'>Λαερτινῖ</span> <span class='ocrx_word' id='word_1_101' title='bbox 1555 1199 1740 1253; x_wconf 77' lang='lat' dir='ltr'>ecclés.</span> <span class='ocrx_word' id='word_1_102' title='bbox 1805 1202 1951 1252; x_wconf 92' lang='lat' dir='ltr'>tom.</span> <span class='ocrx_word' id='word_1_103' title='bbox 2012 1197 2053 1263; x_wconf 94' lang='lat' dir='ltr'>I,</span> 
     </span>
    </p>
   </div>
   <div class='ocr_carea' id='block_1_15' title="bbox 407 1285 2056 1361">
    <p class='ocr_par' dir='ltr' id='par_1_15' title="bbox 407 1285 2056 1361">
     <span class='ocr_line' id='line_1_15' title="bbox 407 1285 2056 1361; baseline -0.002 -18"><span class='ocrx_word' id='word_1_104' title='bbox 407 1304 465 1361; x_wconf 91' lang='lat' dir='ltr'>p.</span> <span class='ocrx_word' id='word_1_105' title='bbox 523 1288 636 1359; x_wconf 81' lang='grc'>91),</span> <span class='ocrx_word' id='word_1_106' title='bbox 696 1288 913 1359; x_wconf 85' lang='lat' dir='ltr'>aliique</span> <span class='ocrx_word' id='word_1_107' title='bbox 970 1288 1325 1357; x_wconf 83' lang='lat' dir='ltr'>complures,</span> <span class='ocrx_word' id='word_1_108' title='bbox 1384 1303 1632 1358; x_wconf 90' lang='lat' dir='ltr'>quorum</span> <span class='ocrx_word' id='word_1_109' title='bbox 1695 1285 1933 1340; x_wconf 89' lang='lat' dir='ltr'>nomina</span> <span class='ocrx_word' id='word_1_110' title='bbox 1965 1285 2056 1339; x_wconf 87' lang='lat' dir='ltr'>hic</span> 
     </span>
    </p>
   </div>
   <div class='ocr_carea' id='block_1_16' title="bbox 406 1373 2055 1447">
    <p class='ocr_par' dir='ltr' id='par_1_16' title="bbox 406 1373 2055 1447">
     <span class='ocr_line' id='line_1_16' title="bbox 406 1373 2055 1447; baseline -0.002 -16"><span class='ocrx_word' id='word_1_111' title='bbox 406 1392 709 1432; x_wconf 89' lang='lat' dir='ltr'>recensere</span> <span class='ocrx_word' id='word_1_112' title='bbox 739 1392 948 1447; x_wconf 91' lang='lat' dir='ltr'>parum</span> <span class='ocrx_word' id='word_1_113' title='bbox 977 1376 1229 1431; x_wconf 80' lang='lat' dir='ltr'>arbitror</span> <span class='ocrx_word' id='word_1_114' title='bbox 1267 1377 1421 1432; x_wconf 81' lang='lat'>550</span> <span class='ocrx_word' id='word_1_115' title='bbox 1454 1376 1614 1429; x_wconf 87' lang='lat' dir='ltr'>utile.</span> <span class='ocrx_word' id='word_1_116' title='bbox 1649 1373 1925 1429; x_wconf 89' lang='lat' dir='ltr'>Nonnulli</span> <span class='ocrx_word' id='word_1_117' title='bbox 1988 1389 2055 1427; x_wconf 89' lang='lat' dir='ltr'>ex</span> 
     </span>
    </p>
   </div>
   <div class='ocr_carea' id='block_1_17' title="bbox 408 1462 2056 1536">
    <p class='ocr_par' dir='ltr' id='par_1_17' title="bbox 408 1462 2056 1536">
     <span class='ocr_line' id='line_1_17' title="bbox 408 1462 2056 1536; baseline -0.003 -16"><span class='ocrx_word' id='word_1_118' title='bbox 408 1465 504 1520; x_wconf 89' lang='lat' dir='ltr'>his</span> <span class='ocrx_word' id='word_1_119' title='bbox 552 1464 905 1536; x_wconf 88' lang='lat' dir='ltr'>simpliciter</span> <span class='ocrx_word' id='word_1_120' title='bbox 952 1465 1302 1520; x_wconf 89' lang='lat' dir='ltr'>sententiam</span> <span class='ocrx_word' id='word_1_121' title='bbox 1337 1465 1564 1526; x_wconf 83' lang='lat' dir='ltr'>dicunt,</span> <span class='ocrx_word' id='word_1_122' title='bbox 1597 1463 1848 1518; x_wconf 81' lang='lat' dir='ltr'>rationes</span> <span class='ocrx_word' id='word_1_123' title='bbox 1878 1462 2056 1517; x_wconf 89' lang='lat' dir='ltr'>omit-</span> 
     </span>
    </p>
   </div>
   <div class='ocr_carea' id='block_1_18' title="bbox 406 1552 2053 1622">
    <p class='ocr_par' dir='ltr' id='par_1_18' title="bbox 406 1552 2053 1622">
     <span class='ocr_line' id='line_1_18' title="bbox 406 1552 2053 1622; baseline -0.002 -13"><span class='ocrx_word' id='word_1_124' title='bbox 406 1557 564 1609; x_wconf 89' lang='lat' dir='ltr'>tunt.</span> <span class='ocrx_word' id='word_1_125' title='bbox 598 1554 792 1609; x_wconf 87' lang='lat' dir='ltr'>Manet</span> <span class='ocrx_word' id='word_1_126' title='bbox 823 1555 979 1609; x_wconf 86' lang='lat' dir='ltr'>enim</span> <span class='ocrx_word' id='word_1_127' title='bbox 1012 1554 1133 1608; x_wconf 61' lang='lat' dir='ltr'>haec</span> <span class='ocrx_word' id='word_1_128' title='bbox 1184 1559 1383 1608; x_wconf 90' lang='lat' dir='ltr'>nostra</span> <span class='ocrx_word' id='word_1_129' title='bbox 1428 1554 1484 1606; x_wconf 90' lang='lat' dir='ltr'>id</span> <span class='ocrx_word' id='word_1_130' title='bbox 1547 1553 1647 1607; x_wconf 90' lang='lat' dir='ltr'>fati</span> <span class='ocrx_word' id='word_1_131' title='bbox 1708 1552 2053 1622; x_wconf 89' lang='lat' dir='ltr'>plerumque</span> 
     </span>
    </p>
   </div>
   <div class='ocr_carea' id='block_1_19' title="bbox 405 1638 2054 1714">
    <p class='ocr_par' dir='ltr' id='par_1_19' title="bbox 405 1638 2054 1714">
     <span class='ocr_line' id='line_1_19' title="bbox 405 1638 2054 1714; baseline -0.004 -17"><span class='ocrx_word' id='word_1_132' title='bbox 405 1658 616 1714; x_wconf 90' lang='lat' dir='ltr'>genus,</span> <span class='ocrx_word' id='word_1_133' title='bbox 649 1646 713 1696; x_wconf 92' lang='lat' dir='ltr'>ut</span> <span class='ocrx_word' id='word_1_134' title='bbox 742 1646 1080 1713; x_wconf 88' lang='lat' dir='ltr'>contempta</span> <span class='ocrx_word' id='word_1_135' title='bbox 1100 1643 1335 1713; x_wconf 86' lang='lat' dir='ltr'>jaceant</span> <span class='ocrx_word' id='word_1_136' title='bbox 1364 1658 1428 1695; x_wconf 91' lang='lat' dir='ltr'>ac</span> <span class='ocrx_word' id='word_1_137' title='bbox 1460 1640 1752 1695; x_wconf 88' lang='lat' dir='ltr'>derelicta.</span> <span class='ocrx_word' id='word_1_138' title='bbox 1786 1639 1893 1703; x_wconf 85' lang='lat' dir='ltr'>Qui</span> <span class='ocrx_word' id='word_1_139' title='bbox 1927 1638 2054 1692; x_wconf 90' lang='lat' dir='ltr'>dili-</span> 
     </span>
    </p>
   </div>
   <div class='ocr_carea' id='block_1_20' title="bbox 2171 482 3759 560">
    <p class='ocr_par' dir='ltr' id='par_1_20' title="bbox 2171 482 3759 560">
     <span class='ocr_line' id='line_1_20' title="bbox 2171 482 3759 560; baseline 0.009 -23"><span class='ocrx_word' id='word_1_140' title='bbox 2171 482 2486 560; x_wconf 83' lang='grc' dir='ltr'>πολυλὸγος</span> <span class='ocrx_word' id='word_1_141' title='bbox 2514 492 2600 555; x_wconf 81' lang='grc' dir='ltr'>ῆν.</span> <span class='ocrx_word' id='word_1_142' title='bbox 2633 488 2765 544; x_wconf 72' lang='lat' dir='ltr'>‘Nec</span> <span class='ocrx_word' id='word_1_143' title='bbox 2820 489 2975 544; x_wconf 88' lang='lat' dir='ltr'>enim</span> <span class='ocrx_word' id='word_1_144' title='bbox 3031 489 3247 544; x_wconf 86' lang='lat' dir='ltr'>Valesii</span> <span class='ocrx_word' id='word_1_145' title='bbox 3307 489 3442 544; x_wconf 89' lang='lat' dir='ltr'>mihi</span> <span class='ocrx_word' id='word_1_146' title='bbox 3495 493 3658 549; x_wconf 90' lang='lat' dir='ltr'>versio</span> <span class='ocrx_word' id='word_1_147' title='bbox 3702 512 3759 551; x_wconf 81' lang='lat' dir='ltr'>ex</span> 
     </span>
    </p>
   </div>
   <div class='ocr_carea' id='block_1_21' title="bbox 2172 576 3760 653">
    <p class='ocr_par' dir='ltr' id='par_1_21' title="bbox 2172 576 3760 653">
     <span class='ocr_line' id='line_1_21' title="bbox 2172 576 3760 653; baseline 0.006 -24"><span class='ocrx_word' id='word_1_148' title='bbox 2172 576 2332 630; x_wconf 90' lang='lat' dir='ltr'>omni</span> <span class='ocrx_word' id='word_1_149' title='bbox 2365 581 2527 647; x_wconf 87' lang='lat' dir='ltr'>parte</span> <span class='ocrx_word' id='word_1_150' title='bbox 2560 577 2747 649; x_wconf 87' lang='lat' dir='ltr'>placet</span> <span class='ocrx_word' id='word_1_151' title='bbox 2778 594 2790 631; x_wconf 92' lang='lat'>:</span> <span class='ocrx_word' id='word_1_152' title='bbox 2827 600 2852 627; x_wconf 86' lang='lat'>«</span> <span class='ocrx_word' id='word_1_153' title='bbox 2890 578 3344 650; x_wconf 86' lang='lat' dir='ltr'>Disciplinarum</span> <span class='ocrx_word' id='word_1_154' title='bbox 3376 580 3646 637; x_wconf 87' lang='lat' dir='ltr'>studiosus</span> <span class='ocrx_word' id='word_1_155' title='bbox 3673 600 3760 653; x_wconf 87' lang='lat' dir='ltr'>po-</span> 
     </span>
    </p>
   </div>
   <div class='ocr_carea' id='block_1_22' title="bbox 2171 664 3763 743">
    <p class='ocr_par' dir='ltr' id='par_1_22' title="bbox 2171 664 3763 743">
     <span class='ocr_line' id='line_1_22' title="bbox 2171 664 3763 743; baseline 0.006 -26"><span class='ocrx_word' id='word_1_156' title='bbox 2171 664 2288 719; x_wconf 91' lang='lat' dir='ltr'>tius</span> <span class='ocrx_word' id='word_1_157' title='bbox 2321 682 2496 736; x_wconf 87' lang='lat' dir='ltr'>quam</span> <span class='ocrx_word' id='word_1_158' title='bbox 2524 668 2767 737; x_wconf 89' lang='lat' dir='ltr'>peritus,</span> <span class='ocrx_word' id='word_1_159' title='bbox 2830 687 2855 719; x_wconf 75' lang='grc' dir='ltr'><strong>σ</strong></span> <span class='ocrx_word' id='word_1_160' title='bbox 2918 673 2973 721; x_wconf 88' lang='lat' dir='ltr'>et</span> <span class='ocrx_word' id='word_1_161' title='bbox 3028 666 3275 738; x_wconf 88' lang='lat' dir='ltr'>reliqua.</span> <span class='ocrx_word' id='word_1_162' title='bbox 3334 668 3478 721; x_wconf 89' lang='lat' dir='ltr'>Talis</span> <span class='ocrx_word' id='word_1_163' title='bbox 3528 672 3763 743; x_wconf 87' lang='lat' dir='ltr'>princeps</span> 
     </span>
    </p>
   </div>
   <div class='ocr_carea' id='block_1_23' title="bbox 2173 754 3767 830">
    <p class='ocr_par' dir='ltr' id='par_1_23' title="bbox 2173 754 3767 830">
     <span class='ocr_line' id='line_1_23' title="bbox 2173 754 3767 830; baseline 0.008 -25"><span class='ocrx_word' id='word_1_164' title='bbox 2173 754 2312 823; x_wconf 91' lang='lat' dir='ltr'>quin</span> <span class='ocrx_word' id='word_1_165' title='bbox 2372 771 2477 809; x_wconf 90' lang='lat' dir='ltr'>suo</span> <span class='ocrx_word' id='word_1_166' title='bbox 2502 755 2637 824; x_wconf 85' lang='lat' dir='ltr'>jure</span> <span class='ocrx_word' id='word_1_167' title='bbox 2668 754 2914 810; x_wconf 87' lang='lat' dir='ltr'>eruditis</span> <span class='ocrx_word' id='word_1_168' title='bbox 2944 755 3354 810; x_wconf 85' lang='lat' dir='ltr'>connumerari</span> <span class='ocrx_word' id='word_1_169' title='bbox 3381 759 3629 827; x_wconf 81' lang='lat' dir='ltr'>potuerit.</span> <span class='ocrx_word' id='word_1_170' title='bbox 3652 762 3767 830; x_wconf 87' lang='lat' dir='ltr'>quis</span> 
     </span>
    </p>
   </div>
   <div class='ocr_carea' id='block_1_24' title="bbox 2170 843 3766 918">
    <p class='ocr_par' dir='ltr' id='par_1_24' title="bbox 2170 843 3766 918">
     <span class='ocr_line' id='line_1_24' title="bbox 2170 843 3766 918; baseline 0.003 -21"><span class='ocrx_word' id='word_1_171' title='bbox 2170 843 2440 898; x_wconf 86' lang='lat' dir='ltr'>dubitet?</span> <span class='ocrx_word' id='word_1_172' title='bbox 2472 845 2578 899; x_wconf 86' lang='lat' dir='ltr'>Sed</span> <span class='ocrx_word' id='word_1_173' title='bbox 2612 844 2858 917; x_wconf 85' lang='lat' dir='ltr'>longiori</span> <span class='ocrx_word' id='word_1_174' title='bbox 2891 845 3236 917; x_wconf 88' lang='lat' dir='ltr'>probatione</span> <span class='ocrx_word' id='word_1_175' title='bbox 3283 846 3434 900; x_wconf 88' lang='lat' dir='ltr'>haud</span> <span class='ocrx_word' id='word_1_176' title='bbox 3490 864 3624 918; x_wconf 89' lang='lat' dir='ltr'>opus</span> <span class='ocrx_word' id='word_1_177' title='bbox 3675 855 3766 904; x_wconf 88' lang='lat' dir='ltr'>est.</span> 
     </span>
    </p>
   </div>
   <div class='ocr_carea' id='block_1_25' title="bbox 2170 930 3769 1009">
    <p class='ocr_par' dir='ltr' id='par_1_25' title="bbox 2170 930 3769 1009">
     <span class='ocr_line' id='line_1_25' title="bbox 2170 930 3769 1009; baseline 0.004 -24"><span class='ocrx_word' id='word_1_178' title='bbox 2170 930 2303 1002; x_wconf 90' lang='lat' dir='ltr'>Ipsa</span> <span class='ocrx_word' id='word_1_179' title='bbox 2354 948 2447 986; x_wconf 88' lang='lat' dir='ltr'>res</span> <span class='ocrx_word' id='word_1_180' title='bbox 2507 937 2669 987; x_wconf 81' lang='lat' dir='ltr'>extra</span> <span class='ocrx_word' id='word_1_181' title='bbox 2716 948 2887 987; x_wconf 88' lang='lat' dir='ltr'>omne</span> <span class='ocrx_word' id='word_1_182' title='bbox 2916 932 3159 988; x_wconf 89' lang='lat' dir='ltr'>collocat</span> <span class='ocrx_word' id='word_1_183' title='bbox 3186 934 3447 1002; x_wconf 90' lang='lat' dir='ltr'>dubium,</span> <span class='ocrx_word' id='word_1_184' title='bbox 3480 936 3579 990; x_wconf 87' lang='lat' dir='ltr'>sub</span> <span class='ocrx_word' id='word_1_185' title='bbox 3609 937 3769 1009; x_wconf 83' lang='lat' dir='ltr'>nullo,</span> 
     </span>
    </p>
   </div>
   <div class='ocr_carea' id='block_1_26' title="bbox 2168 1021 3772 1093">
    <p class='ocr_par' dir='ltr' id='par_1_26' title="bbox 2168 1021 3772 1093">
     <span class='ocr_line' id='line_1_26' title="bbox 2168 1021 3772 1093; baseline 0.005 -19"><span class='ocrx_word' id='word_1_186' title='bbox 2168 1036 2343 1090; x_wconf 92' lang='lat' dir='ltr'>quam</span> <span class='ocrx_word' id='word_1_187' title='bbox 2379 1021 2606 1087; x_wconf 82' lang='lat' dir='ltr'>Severo,</span> <span class='ocrx_word' id='word_1_188' title='bbox 2656 1021 2764 1076; x_wconf 88' lang='lat' dir='ltr'>hoc</span> <span class='ocrx_word' id='word_1_189' title='bbox 2821 1022 3106 1093; x_wconf 89' lang='lat' dir='ltr'>scriptum</span> <span class='ocrx_word' id='word_1_190' title='bbox 3164 1021 3224 1076; x_wconf 90' lang='lat' dir='ltr'>in</span> <span class='ocrx_word' id='word_1_191' title='bbox 3268 1021 3500 1080; x_wconf 82' lang='lat' dir='ltr'>litteras</span> <span class='ocrx_word' id='word_1_192' title='bbox 3554 1024 3772 1082; x_wconf 89' lang='lat' dir='ltr'>relatum</span> 
     </span>
    </p>
   </div>
   <div class='ocr_carea' id='block_1_27' title="bbox 2167 1124 2316 1164">
    <p class='ocr_par' dir='ltr' id='par_1_27' title="bbox 2167 1124 2316 1164">
     <span class='ocr_line' id='line_1_27' title="bbox 2167 1124 2316 1164; baseline 0.007 -1"><span class='ocrx_word' id='word_1_193' title='bbox 2167 1124 2316 1164; x_wconf 76' lang='lat'>8886.</span> 
     </span>
    </p>
   </div>
   <div class='ocr_carea' id='block_1_28' title="bbox 2237 1217 3777 1288">
    <p class='ocr_par' dir='ltr' id='par_1_28' title="bbox 2237 1217 3777 1288">
     <span class='ocr_line' id='line_1_28' title="bbox 2237 1217 3777 1288; baseline 0.005 -20"><span class='ocrx_word' id='word_1_194' title='bbox 2237 1217 2264 1284; x_wconf 88' lang='lat'><strong>§</strong></span> <span class='ocrx_word' id='word_1_195' title='bbox 2296 1217 2390 1271; x_wconf 84' lang='lat' dir='ltr'>XI.</span> <span class='ocrx_word' id='word_1_196' title='bbox 2426 1220 2837 1288; x_wconf 88' lang='lat' dir='ltr'>Imperatorem</span> <span class='ocrx_word' id='word_1_197' title='bbox 2867 1217 3173 1274; x_wconf 87' lang='lat' dir='ltr'>habemus.</span> <span class='ocrx_word' id='word_1_198' title='bbox 3206 1217 3329 1274; x_wconf 91' lang='lat' dir='ltr'>Non</span> <span class='ocrx_word' id='word_1_199' title='bbox 3366 1234 3561 1274; x_wconf 88' lang='lat' dir='ltr'>omnes</span> <span class='ocrx_word' id='word_1_200' title='bbox 3590 1218 3777 1275; x_wconf 85' lang='lat' dir='ltr'>deinde</span> 
     </span>
    </p>
   </div>
   <div class='ocr_carea' id='block_1_29' title="bbox 2165 1303 3774 1379">
    <p class='ocr_par' dir='ltr' id='par_1_29' title="bbox 2165 1303 3774 1379">
     <span class='ocr_line' id='line_1_29' title="bbox 2165 1303 3774 1379; baseline 0.003 -22"><span class='ocrx_word' id='word_1_201' title='bbox 2165 1303 2393 1374; x_wconf 89' lang='lat' dir='ltr'>imperii</span> <span class='ocrx_word' id='word_1_202' title='bbox 2428 1306 2553 1375; x_wconf 90' lang='lat' dir='ltr'>ejus</span> <span class='ocrx_word' id='word_1_203' title='bbox 2587 1321 2794 1373; x_wconf 89' lang='lat' dir='ltr'>annos,</span> <span class='ocrx_word' id='word_1_204' title='bbox 2826 1307 2925 1361; x_wconf 89' lang='lat' dir='ltr'>sed</span> <span class='ocrx_word' id='word_1_205' title='bbox 2958 1322 3057 1361; x_wconf 92' lang='lat' dir='ltr'>eos</span> <span class='ocrx_word' id='word_1_206' title='bbox 3081 1310 3334 1373; x_wconf 87' lang='lat' dir='ltr'>tantum,</span> <span class='ocrx_word' id='word_1_207' title='bbox 3382 1306 3480 1379; x_wconf 88' lang='lat' dir='ltr'>qui</span> <span class='ocrx_word' id='word_1_208' title='bbox 3534 1308 3601 1362; x_wconf 89' lang='lat' dir='ltr'>ab</span> <span class='ocrx_word' id='word_1_209' title='bbox 3653 1324 3774 1363; x_wconf 90' lang='lat' dir='ltr'>ann.</span> 
     </span>
    </p>
   </div>
   <div class='ocr_carea' id='block_1_30' title="bbox 2166 1391 3783 1465">
    <p class='ocr_par' dir='ltr' id='par_1_30' title="bbox 2166 1391 3783 1465">
     <span class='ocr_line' id='line_1_30' title="bbox 2166 1391 3783 1465; baseline 0.002 -19"><span class='ocrx_word' id='word_1_210' title='bbox 2166 1391 2397 1457; x_wconf 84' lang='lat' dir='ltr'>CXCIII,</span> <span class='ocrx_word' id='word_1_211' title='bbox 2456 1408 2570 1463; x_wconf 90' lang='lat' dir='ltr'>quo</span> <span class='ocrx_word' id='word_1_212' title='bbox 2611 1392 2759 1447; x_wconf 89' lang='lat' dir='ltr'>illud</span> <span class='ocrx_word' id='word_1_213' title='bbox 2809 1394 3090 1465; x_wconf 82' lang='lat' dir='ltr'>suscepit,</span> <span class='ocrx_word' id='word_1_214' title='bbox 3124 1395 3194 1449; x_wconf 89' lang='lat' dir='ltr'>ad</span> <span class='ocrx_word' id='word_1_215' title='bbox 3222 1412 3361 1450; x_wconf 86' lang='lat' dir='ltr'>ann.</span> <span class='ocrx_word' id='word_1_216' title='bbox 3397 1397 3476 1451; x_wconf 82' lang='lat' dir='ltr'>CC</span> <span class='ocrx_word' id='word_1_217' title='bbox 3505 1412 3783 1451; x_wconf 84' lang='lat' dir='ltr'>numcran-</span> 
     </span>
    </p>
   </div>
   <div class='ocr_carea' id='block_1_31' title="bbox 2163 1481 3775 1553">
    <p class='ocr_par' dir='ltr' id='par_1_31' title="bbox 2163 1481 3775 1553">
     <span class='ocr_line' id='line_1_31' title="bbox 2163 1481 3775 1553; baseline 0.004 -20"><span class='ocrx_word' id='word_1_218' title='bbox 2163 1483 2278 1545; x_wconf 89' lang='lat' dir='ltr'>tur,</span> <span class='ocrx_word' id='word_1_219' title='bbox 2313 1481 2661 1551; x_wconf 89' lang='lat' dir='ltr'>spectandos</span> <span class='ocrx_word' id='word_1_220' title='bbox 2694 1497 2821 1537; x_wconf 91' lang='lat' dir='ltr'>esse</span> <span class='ocrx_word' id='word_1_221' title='bbox 2853 1498 2921 1537; x_wconf 84' lang='lat' dir='ltr'>ex</span> <span class='ocrx_word' id='word_1_222' title='bbox 2950 1486 3122 1537; x_wconf 88' lang='lat' dir='ltr'>antea</span> <span class='ocrx_word' id='word_1_223' title='bbox 3152 1481 3322 1553; x_wconf 68' lang='lat' dir='ltr'>dictis</span> <span class='ocrx_word' id='word_1_224' title='bbox 3354 1483 3631 1539; x_wconf 90' lang='lat' dir='ltr'>novimus.</span> <span class='ocrx_word' id='word_1_225' title='bbox 3654 1484 3775 1539; x_wconf 86' lang='lat' dir='ltr'>Octo</span> 
     </span>
    </p>
   </div>
   <div class='ocr_carea' id='block_1_32' title="bbox 2165 1568 3779 1642">
    <p class='ocr_par' dir='ltr' id='par_1_32' title="bbox 2165 1568 3779 1642">
     <span class='ocr_line' id='line_1_32' title="bbox 2165 1568 3779 1642; baseline 0.003 -21"><span class='ocrx_word' id='word_1_226' title='bbox 2165 1568 2341 1637; x_wconf 77' lang='lat' dir='ltr'>igitur</span> <span class='ocrx_word' id='word_1_227' title='bbox 2372 1570 2480 1623; x_wconf 90' lang='lat' dir='ltr'>iste</span> <span class='ocrx_word' id='word_1_228' title='bbox 2513 1586 2796 1624; x_wconf 89' lang='lat' dir='ltr'>annorum</span> <span class='ocrx_word' id='word_1_229' title='bbox 2833 1570 3088 1627; x_wconf 88' lang='lat' dir='ltr'>circulus</span> <span class='ocrx_word' id='word_1_230' title='bbox 3121 1573 3365 1642; x_wconf 88' lang='lat' dir='ltr'>nosjam</span> <span class='ocrx_word' id='word_1_231' title='bbox 3390 1572 3779 1628; x_wconf 83' lang='lat' dir='ltr'>exercebit.Cui</span> 
     </span>
    </p>
   </div>
   <div class='ocr_carea' id='block_1_33' title="bbox 2160 1658 3780 1732">
    <p class='ocr_par' dir='ltr' id='par_1_33' title="bbox 2160 1658 3780 1732">
     <span class='ocr_line' id='line_1_33' title="bbox 2160 1658 3780 1732; baseline 0.001 -20"><span class='ocrx_word' id='word_1_232' title='bbox 2160 1674 2293 1712; x_wconf 88' lang='lat' dir='ltr'>vero</span> <span class='ocrx_word' id='word_1_233' title='bbox 2325 1675 2438 1712; x_wconf 90' lang='lat' dir='ltr'>non</span> <span class='ocrx_word' id='word_1_234' title='bbox 2474 1658 2749 1730; x_wconf 84' lang='lat' dir='ltr'>exiguum</span> <span class='ocrx_word' id='word_1_235' title='bbox 2792 1661 2987 1713; x_wconf 84' lang='lat' dir='ltr'>statim</span> <span class='ocrx_word' id='word_1_236' title='bbox 3048 1661 3389 1715; x_wconf 70' lang='lat' dir='ltr'>detrahetur</span> <span class='ocrx_word' id='word_1_237' title='bbox 3436 1662 3696 1732; x_wconf 86' lang='lat' dir='ltr'>spatium,</span> <span class='ocrx_word' id='word_1_238' title='bbox 3739 1661 3780 1716; x_wconf 88' lang='lat' dir='ltr'>ei</span> 
     </span>
    </p>
   </div>
   <div class='ocr_carea' id='block_1_34' title="bbox 405 1729 2050 1835">
    <p class='ocr_par' dir='ltr' id='par_1_34' title="bbox 405 1729 2049 1835">
     <span class='ocr_line' id='line_1_34' title="bbox 405 1729 2049 1804; baseline -0.003 -18"><span class='ocrx_word' id='word_1_239' title='bbox 405 1731 737 1804; x_wconf 82' lang='lat' dir='ltr'>gentissimi</span> <span class='ocrx_word' id='word_1_240' title='bbox 769 1736 926 1799; x_wconf 88' lang='lat' dir='ltr'>sunt,</span> <span class='ocrx_word' id='word_1_241' title='bbox 960 1748 1029 1786; x_wconf 82' lang='lat' dir='ltr'>ex</span> <span class='ocrx_word' id='word_1_242' title='bbox 1052 1732 1253 1786; x_wconf 90' lang='lat' dir='ltr'>eodem</span> <span class='ocrx_word' id='word_1_243' title='bbox 1288 1747 1394 1785; x_wconf 88' lang='lat' dir='ltr'>sua</span> <span class='ocrx_word' id='word_1_244' title='bbox 1425 1729 1550 1783; x_wconf 84' lang='lat' dir='ltr'>loco</span> <span class='ocrx_word' id='word_1_245' title='bbox 1602 1733 1824 1799; x_wconf 90' lang='lat' dir='ltr'>petunt,</span> <span class='ocrx_word' id='word_1_246' title='bbox 1878 1744 2049 1799; x_wconf 89' lang='lat' dir='ltr'>quem</span> 
     </span>
     <span class='ocr_line' id='line_1_35' title="bbox 572 1815 2030 1835; baseline -0.003 -3"><span class='ocrx_word' id='word_1_247' title='bbox 572 1819 584 1832; x_wconf 94' lang='lat'>.</span> <span class='ocrx_word' id='word_1_248' title='bbox 765 1822 775 1835; x_wconf 90' lang='lat'>.</span> <span class='ocrx_word' id='word_1_249' title='bbox 1207 1820 1256 1835; x_wconf 85' lang='lat'>..</span> <span class='ocrx_word' id='word_1_250' title='bbox 1458 1818 1739 1835; x_wconf 40' lang='grc' dir='ltr'>,μημηηι</span> <span class='ocrx_word' id='word_1_251' title='bbox 1775 1816 1823 1835; x_wconf 18' lang='grc' dir='ltr'>,ᾗ</span> <span class='ocrx_word' id='word_1_252' title='bbox 1867 1815 2030 1835; x_wconf 34' lang='grc' dir='ltr'>ρηιμ</span> 
     </span>
    </p>
   </div>
   <div class='ocr_carea' id='block_1_35' title="bbox 2164 1729 3781 1835">
    <p class='ocr_par' dir='ltr' id='par_1_35' title="bbox 2166 1729 3781 1816">
     <span class='ocr_line' id='line_1_36' title="bbox 2166 1729 3781 1816; baseline 0.003 -17"><span class='ocrx_word' id='word_1_253' title='bbox 2166 1750 2296 1816; x_wconf 91' lang='lat' dir='ltr'>post</span> <span class='ocrx_word' id='word_1_254' title='bbox 2346 1746 2510 1801; x_wconf 88' lang='lat' dir='ltr'>civile</span> <span class='ocrx_word' id='word_1_255' title='bbox 2556 1729 2749 1802; x_wconf 80' lang='lat' dir='ltr'>Albini</span> <span class='ocrx_word' id='word_1_256' title='bbox 2806 1748 2952 1804; x_wconf 76' lang='grc'>551</span> <span class='ocrx_word' id='word_1_257' title='bbox 2993 1748 3208 1803; x_wconf 90' lang='lat' dir='ltr'>bellum</span> <span class='ocrx_word' id='word_1_258' title='bbox 3244 1748 3301 1803; x_wconf 91' lang='lat' dir='ltr'>iu</span> <span class='ocrx_word' id='word_1_259' title='bbox 3338 1729 3519 1805; x_wconf 85' lang='lat' dir='ltr'>Gallia</span> <span class='ocrx_word' id='word_1_260' title='bbox 3546 1729 3781 1804; x_wconf 86' lang='lat' dir='ltr'>commo-</span> 
     </span>
    </p>
   </div>
   <div class='ocr_carea' id='block_1_36' title="bbox 405 1815 2053 1883">
    <p class='ocr_par' dir='ltr' id='par_1_36' title="bbox 405 1815 2053 1883">
     <span class='ocr_line' id='line_1_37' title="bbox 405 1815 2053 1883; baseline -0.004 -8"><span class='ocrx_word' id='word_1_261' title='bbox 405 1837 513 1876; x_wconf 90' lang='lat' dir='ltr'>nos</span> <span class='ocrx_word' id='word_1_262' title='bbox 569 1819 630 1875; x_wconf 91' lang='lat' dir='ltr'>in</span> <span class='ocrx_word' id='word_1_263' title='bbox 689 1819 1022 1876; x_wconf 87' lang='lat' dir='ltr'>subsidium</span> <span class='ocrx_word' id='word_1_264' title='bbox 1061 1820 1422 1875; x_wconf 88' lang='lat' dir='ltr'>vocabimus.</span> <span class='ocrx_word' id='word_1_265' title='bbox 1458 1818 1744 1873; x_wconf 79' lang='lat' dir='ltr'>Diﬂ‘erunt</span> <span class='ocrx_word' id='word_1_266' title='bbox 1774 1816 1831 1869; x_wconf 93' lang='lat' dir='ltr'>in</span> <span class='ocrx_word' id='word_1_267' title='bbox 1866 1815 2053 1883; x_wconf 89' lang='lat' dir='ltr'>factis,</span> 
     </span>
    </p>
   </div>
   <div class='ocr_carea' id='block_1_37' title="bbox 404 1904 2054 1980">
    <p class='ocr_par' dir='ltr' id='par_1_37' title="bbox 404 1904 2054 1980">
     <span class='ocr_line' id='line_1_38' title="bbox 404 1904 2054 1980; baseline -0.005 -16"><span class='ocrx_word' id='word_1_268' title='bbox 404 1910 477 1964; x_wconf 90' lang='lat' dir='ltr'>de</span> <span class='ocrx_word' id='word_1_269' title='bbox 509 1909 723 1980; x_wconf 89' lang='lat' dir='ltr'>quibus</span> <span class='ocrx_word' id='word_1_270' title='bbox 782 1909 1087 1979; x_wconf 70' lang='lat' dir='ltr'>quaeritur,</span> <span class='ocrx_word' id='word_1_271' title='bbox 1142 1909 1212 1962; x_wconf 91' lang='lat' dir='ltr'>ad</span> <span class='ocrx_word' id='word_1_272' title='bbox 1274 1923 1457 1962; x_wconf 89' lang='lat' dir='ltr'>annos</span> <span class='ocrx_word' id='word_1_273' title='bbox 1514 1923 1655 1960; x_wconf 89' lang='lat' dir='ltr'>suos</span> <span class='ocrx_word' id='word_1_274' title='bbox 1714 1904 2054 1971; x_wconf 87' lang='lat' dir='ltr'>referendis,</span> 
     </span>
    </p>
   </div>
   <div class='ocr_carea' id='block_1_38' title="bbox 402 1992 2057 2060">
    <p class='ocr_par' dir='ltr' id='par_1_38' title="bbox 402 1992 2057 2060">
     <span class='ocr_line' id='line_1_39' title="bbox 402 1992 2057 2060; baseline -0.003 -9"><span class='ocrx_word' id='word_1_275' title='bbox 402 1996 555 2052; x_wconf 90' lang='lat' dir='ltr'>bello</span> <span class='ocrx_word' id='word_1_276' title='bbox 614 1996 893 2050; x_wconf 88' lang='lat' dir='ltr'>nimirum</span> <span class='ocrx_word' id='word_1_277' title='bbox 956 1994 1239 2060; x_wconf 89' lang='lat' dir='ltr'>Parthico,</span> <span class='ocrx_word' id='word_1_278' title='bbox 1272 2011 1337 2050; x_wconf 89' lang='lat' dir='ltr'>ao</span> <span class='ocrx_word' id='word_1_279' title='bbox 1370 1994 1560 2049; x_wconf 88' lang='lat' dir='ltr'>Albini</span> <span class='ocrx_word' id='word_1_280' title='bbox 1593 1993 1871 2049; x_wconf 88' lang='lat' dir='ltr'>motibus.</span> <span class='ocrx_word' id='word_1_281' title='bbox 1906 1992 2057 2054; x_wconf 90' lang='lat' dir='ltr'>Qua-</span> 
     </span>
    </p>
   </div>
   <div class='ocr_carea' id='block_1_39' title="bbox 406 2082 2058 2157">
    <p class='ocr_par' dir='ltr' id='par_1_39' title="bbox 406 2082 2058 2157">
     <span class='ocr_line' id='line_1_40' title="bbox 406 2082 2058 2157; baseline -0.003 -18"><span class='ocrx_word' id='word_1_282' title='bbox 406 2089 645 2157; x_wconf 91' lang='lat' dir='ltr'>propter</span> <span class='ocrx_word' id='word_1_283' title='bbox 671 2083 816 2138; x_wconf 87' lang='lat' dir='ltr'>nihil</span> <span class='ocrx_word' id='word_1_284' title='bbox 852 2084 987 2140; x_wconf 87' lang='lat' dir='ltr'>huic</span> <span class='ocrx_word' id='word_1_285' title='bbox 1016 2085 1249 2155; x_wconf 88' lang='lat' dir='ltr'>negotio</span> <span class='ocrx_word' id='word_1_286' title='bbox 1294 2082 1644 2155; x_wconf 87' lang='lat' dir='ltr'>perﬁciendo</span> <span class='ocrx_word' id='word_1_287' title='bbox 1693 2082 1879 2151; x_wconf 79' lang='lat' dir='ltr'>magis</span> <span class='ocrx_word' id='word_1_288' title='bbox 1927 2097 2058 2135; x_wconf 87' lang='lat' dir='ltr'>con-</span> 
     </span>
    </p>
   </div>
   <div class='ocr_carea' id='block_1_40' title="bbox 407 2170 2053 2244">
    <p class='ocr_par' dir='ltr' id='par_1_40' title="bbox 407 2170 2053 2244">
     <span class='ocr_line' id='line_1_41' title="bbox 407 2170 2053 2244; baseline -0.002 -17"><span class='ocrx_word' id='word_1_289' title='bbox 407 2174 603 2240; x_wconf 86' lang='lat' dir='ltr'>ducet,</span> <span class='ocrx_word' id='word_1_290' title='bbox 658 2188 837 2243; x_wconf 86' lang='lat' dir='ltr'>quam</span> <span class='ocrx_word' id='word_1_291' title='bbox 896 2175 944 2228; x_wconf 86' lang='lat' dir='ltr'>si</span> <span class='ocrx_word' id='word_1_292' title='bbox 1003 2189 1217 2238; x_wconf 85' lang='lat' dir='ltr'>meam,</span> <span class='ocrx_word' id='word_1_293' title='bbox 1263 2177 1319 2228; x_wconf 92' lang='lat' dir='ltr'>et</span> <span class='ocrx_word' id='word_1_294' title='bbox 1348 2188 1636 2244; x_wconf 89' lang='lat' dir='ltr'>promam,</span> <span class='ocrx_word' id='word_1_295' title='bbox 1670 2176 1728 2226; x_wconf 90' lang='lat' dir='ltr'>et</span> <span class='ocrx_word' id='word_1_296' title='bbox 1758 2170 2053 2226; x_wconf 90' lang='lat' dir='ltr'>stabiliam</span> 
     </span>
    </p>
   </div>
   <div class='ocr_carea' id='block_1_41' title="bbox 408 2258 2053 2333">
    <p class='ocr_par' dir='ltr' id='par_1_41' title="bbox 408 2258 2053 2333">
     <span class='ocr_line' id='line_1_42' title="bbox 408 2258 2053 2333; baseline -0.002 -16"><span class='ocrx_word' id='word_1_297' title='bbox 408 2261 784 2317; x_wconf 89' lang='lat' dir='ltr'>sententiam.</span> <span class='ocrx_word' id='word_1_298' title='bbox 818 2262 941 2326; x_wconf 88' lang='lat' dir='ltr'>Quo</span> <span class='ocrx_word' id='word_1_299' title='bbox 999 2263 1171 2329; x_wconf 87' lang='lat' dir='ltr'>facto,</span> <span class='ocrx_word' id='word_1_300' title='bbox 1227 2262 1361 2333; x_wconf 91' lang='lat' dir='ltr'>quis</span> <span class='ocrx_word' id='word_1_301' title='bbox 1417 2260 1663 2316; x_wconf 92' lang='lat' dir='ltr'>aliorum</span> <span class='ocrx_word' id='word_1_302' title='bbox 1725 2258 2053 2315; x_wconf 87' lang='lat' dir='ltr'>rationibus</span> 
     </span>
    </p>
   </div>
   <div class='ocr_carea' id='block_1_42' title="bbox 405 2347 2051 2421">
    <p class='ocr_par' dir='ltr' id='par_1_42' title="bbox 405 2347 2051 2421">
     <span class='ocr_line' id='line_1_43' title="bbox 405 2347 2051 2421; baseline -0.001 -17"><span class='ocrx_word' id='word_1_303' title='bbox 405 2348 567 2405; x_wconf 90' lang='lat' dir='ltr'>locus</span> <span class='ocrx_word' id='word_1_304' title='bbox 597 2366 726 2405; x_wconf 90' lang='lat' dir='ltr'>esse</span> <span class='ocrx_word' id='word_1_305' title='bbox 757 2354 953 2421; x_wconf 84' lang='lat' dir='ltr'>queat,</span> <span class='ocrx_word' id='word_1_306' title='bbox 987 2350 1302 2405; x_wconf 91' lang='lat' dir='ltr'>obscurum</span> <span class='ocrx_word' id='word_1_307' title='bbox 1339 2348 1594 2421; x_wconf 89' lang='lat' dir='ltr'>amplius</span> <span class='ocrx_word' id='word_1_308' title='bbox 1642 2365 1771 2404; x_wconf 86' lang='lat' dir='ltr'>esse</span> <span class='ocrx_word' id='word_1_309' title='bbox 1829 2347 2051 2420; x_wconf 91' lang='lat' dir='ltr'>nequit.</span> 
     </span>
    </p>
   </div>
   <div class='ocr_carea' id='block_1_43' title="bbox 408 2437 2049 2511">
    <p class='ocr_par' dir='ltr' id='par_1_43' title="bbox 408 2437 2049 2511">
     <span class='ocr_line' id='line_1_44' title="bbox 408 2437 2049 2511; baseline -0.003 -17"><span class='ocrx_word' id='word_1_310' title='bbox 408 2437 625 2494; x_wconf 90' lang='lat' dir='ltr'>Ordine</span> <span class='ocrx_word' id='word_1_311' title='bbox 681 2456 814 2495; x_wconf 90' lang='lat' dir='ltr'>vero</span> <span class='ocrx_word' id='word_1_312' title='bbox 866 2456 932 2494; x_wconf 89' lang='lat' dir='ltr'>ac</span> <span class='ocrx_word' id='word_1_313' title='bbox 978 2456 1081 2510; x_wconf 92' lang='lat' dir='ltr'>per</span> <span class='ocrx_word' id='word_1_314' title='bbox 1110 2440 1329 2511; x_wconf 84' lang='lat' dir='ltr'>gradus</span> <span class='ocrx_word' id='word_1_315' title='bbox 1358 2439 1627 2493; x_wconf 89' lang='lat' dir='ltr'>incedere</span> <span class='ocrx_word' id='word_1_316' title='bbox 1660 2437 1893 2493; x_wconf 89' lang='lat' dir='ltr'>animus</span> <span class='ocrx_word' id='word_1_317' title='bbox 1924 2441 2049 2504; x_wconf 89' lang='lat' dir='ltr'>est;</span> 
     </span>
    </p>
   </div>
   <div class='ocr_carea' id='block_1_44' title="bbox 406 2526 2056 2598">
    <p class='ocr_par' dir='ltr' id='par_1_44' title="bbox 406 2526 2056 2598">
     <span class='ocr_line' id='line_1_45' title="bbox 406 2526 2056 2598; baseline -0.001 -17"><span class='ocrx_word' id='word_1_318' title='bbox 406 2526 770 2598; x_wconf 86' lang='lat' dir='ltr'>generaliora</span> <span class='ocrx_word' id='word_1_319' title='bbox 800 2528 1144 2598; x_wconf 73' lang='lat' dir='ltr'>praacedent,</span> <span class='ocrx_word' id='word_1_320' title='bbox 1179 2544 1242 2582; x_wconf 87' lang='lat' dir='ltr'>ac</span> <span class='ocrx_word' id='word_1_321' title='bbox 1274 2544 1477 2582; x_wconf 85' lang='lat' dir='ltr'>eorum</span> <span class='ocrx_word' id='word_1_322' title='bbox 1510 2542 1707 2590; x_wconf 87' lang='lat' dir='ltr'>causa,</span> <span class='ocrx_word' id='word_1_323' title='bbox 1765 2526 1865 2597; x_wconf 90' lang='lat' dir='ltr'>qui</span> <span class='ocrx_word' id='word_1_324' title='bbox 1924 2530 2056 2595; x_wconf 86' lang='lat' dir='ltr'>post</span> 
     </span>
    </p>
   </div>
   <div class='ocr_carea' id='block_1_45' title="bbox 411 2614 2058 2686">
    <p class='ocr_par' dir='ltr' id='par_1_45' title="bbox 411 2614 2058 2686">
     <span class='ocr_line' id='line_1_46' title="bbox 411 2614 2058 2686; baseline 0 -17"><span class='ocrx_word' id='word_1_325' title='bbox 411 2620 685 2670; x_wconf 88' lang='lat' dir='ltr'>Severum</span> <span class='ocrx_word' id='word_1_326' title='bbox 720 2620 949 2671; x_wconf 64' lang='lat' dir='ltr'>aetatem</span> <span class='ocrx_word' id='word_1_327' title='bbox 983 2614 1116 2670; x_wconf 87' lang='lat' dir='ltr'>libri</span> <span class='ocrx_word' id='word_1_328' title='bbox 1168 2615 1476 2685; x_wconf 88' lang='lat' dir='ltr'>collocant,</span> <span class='ocrx_word' id='word_1_329' title='bbox 1504 2631 1569 2670; x_wconf 93' lang='lat' dir='ltr'>eo</span> <span class='ocrx_word' id='word_1_330' title='bbox 1601 2620 1880 2686; x_wconf 79' lang='lat' dir='ltr'>regnante</span> <span class='ocrx_word' id='word_1_331' title='bbox 1924 2631 2058 2669; x_wconf 89' lang='lat' dir='ltr'>con-</span> 
     </span>
    </p>
   </div>
   <div class='ocr_carea' id='block_1_46' title="bbox 405 2702 2051 2776">
    <p class='ocr_par' dir='ltr' id='par_1_46' title="bbox 405 2702 2051 2776">
     <span class='ocr_line' id='line_1_47' title="bbox 405 2702 2051 2776; baseline -0.001 -16"><span class='ocrx_word' id='word_1_332' title='bbox 405 2704 699 2775; x_wconf 81' lang='lat' dir='ltr'>signatum</span> <span class='ocrx_word' id='word_1_333' title='bbox 731 2720 860 2760; x_wconf 87' lang='lat' dir='ltr'>esse</span> <span class='ocrx_word' id='word_1_334' title='bbox 890 2705 1409 2759; x_wconf 84' lang='lat' dir='ltr'>demonstrabitur.</span> <span class='ocrx_word' id='word_1_335' title='bbox 1473 2702 1791 2776; x_wconf 89' lang='lat' dir='ltr'>Specialior</span> <span class='ocrx_word' id='word_1_336' title='bbox 1843 2719 2051 2775; x_wconf 89' lang='lat' dir='ltr'>seque-</span> 
     </span>
    </p>
   </div>
   <div class='ocr_carea' id='block_1_47' title="bbox 403 2792 2055 2865">
    <p class='ocr_par' dir='ltr' id='par_1_47' title="bbox 403 2792 2055 2865">
     <span class='ocr_line' id='line_1_48' title="bbox 403 2792 2055 2865; baseline -0.001 -17"><span class='ocrx_word' id='word_1_337' title='bbox 403 2797 506 2848; x_wconf 87' lang='lat' dir='ltr'>tur</span> <span class='ocrx_word' id='word_1_338' title='bbox 533 2792 889 2864; x_wconf 88' lang='lat' dir='ltr'>disquisitio,</span> <span class='ocrx_word' id='word_1_339' title='bbox 914 2810 980 2848; x_wconf 90' lang='lat' dir='ltr'>ao</span> <span class='ocrx_word' id='word_1_340' title='bbox 1010 2793 1433 2865; x_wconf 89' lang='lat' dir='ltr'>impedimenta</span> <span class='ocrx_word' id='word_1_341' title='bbox 1463 2797 1673 2848; x_wconf 85' lang='lat' dir='ltr'>cuncta</span> <span class='ocrx_word' id='word_1_342' title='bbox 1703 2792 2055 2847; x_wconf 87' lang='lat' dir='ltr'>indubitatis</span> 
     </span>
    </p>
   </div>
   <div class='ocr_carea' id='block_1_48' title="bbox 407 2882 2053 2954">
    <p class='ocr_par' dir='ltr' id='par_1_48' title="bbox 407 2882 2053 2954">
     <span class='ocr_line' id='line_1_49' title="bbox 407 2882 2053 2954; baseline -0.001 -15"><span class='ocrx_word' id='word_1_343' title='bbox 407 2882 773 2954; x_wconf 87' lang='lat' dir='ltr'>argumcntis</span> <span class='ocrx_word' id='word_1_344' title='bbox 805 2882 1276 2937; x_wconf 89' lang='lat' dir='ltr'>removebuntur.</span> <span class='ocrx_word' id='word_1_345' title='bbox 1338 2882 1554 2939; x_wconf 89' lang='lat' dir='ltr'>Ultimo</span> <span class='ocrx_word' id='word_1_346' title='bbox 1610 2882 1738 2939; x_wconf 90' lang='lat' dir='ltr'>loco</span> <span class='ocrx_word' id='word_1_347' title='bbox 1796 2882 1867 2937; x_wconf 88' lang='lat' dir='ltr'>de</span> <span class='ocrx_word' id='word_1_348' title='bbox 1926 2882 2053 2953; x_wconf 89' lang='lat' dir='ltr'>ipso</span> 
     </span>
    </p>
   </div>
   <div class='ocr_carea' id='block_1_49' title="bbox 410 2970 1039 3027">
    <p class='ocr_par' dir='ltr' id='par_1_49' title="bbox 410 2970 1039 3027">
     <span class='ocr_line' id='line_1_50' title="bbox 410 2970 1039 3027; baseline -0.002 -1"><span class='ocrx_word' id='word_1_349' title='bbox 410 2987 563 3027; x_wconf 87' lang='lat' dir='ltr'>anno</span> <span class='ocrx_word' id='word_1_350' title='bbox 594 2970 1039 3027; x_wconf 86' lang='lat' dir='ltr'>deliberabitur.</span> 
     </span>
    </p>
   </div>
   <div class='ocr_carea' id='block_1_50' title="bbox 482 3094 2052 3167">
    <p class='ocr_par' dir='ltr' id='par_1_50' title="bbox 482 3094 2052 3167">
     <span class='ocr_line' id='line_1_51' title="bbox 482 3094 2052 3167; baseline 0.001 -19"><span class='ocrx_word' id='word_1_351' title='bbox 482 3097 608 3164; x_wconf 82' lang='lat' dir='ltr'>§X.</span> <span class='ocrx_word' id='word_1_352' title='bbox 642 3096 969 3167; x_wconf 89' lang='lat' dir='ltr'>Imperante</span> <span class='ocrx_word' id='word_1_353' title='bbox 996 3099 1200 3151; x_wconf 85' lang='lat' dir='ltr'>Severo</span> <span class='ocrx_word' id='word_1_354' title='bbox 1256 3112 1402 3167; x_wconf 88' lang='lat' dir='ltr'>opus</span> <span class='ocrx_word' id='word_1_355' title='bbox 1464 3096 1573 3151; x_wconf 83' lang='lat' dir='ltr'>hoc</span> <span class='ocrx_word' id='word_1_356' title='bbox 1629 3094 2052 3151; x_wconf 88' lang='lat' dir='ltr'>Tertullianum</span> 
     </span>
    </p>
   </div>
   <div class='ocr_carea' id='block_1_51' title="bbox 412 3182 2055 3255">
    <p class='ocr_par' dir='ltr' id='par_1_51' title="bbox 412 3182 2055 3255">
     <span class='ocr_line' id='line_1_52' title="bbox 412 3182 2055 3255; baseline -0.001 -16"><span class='ocrx_word' id='word_1_357' title='bbox 412 3183 836 3255; x_wconf 86' lang='lat' dir='ltr'>composuisse,</span> <span class='ocrx_word' id='word_1_358' title='bbox 895 3200 1031 3245; x_wconf 89' lang='lat' dir='ltr'>cum</span> <span class='ocrx_word' id='word_1_359' title='bbox 1088 3182 1199 3238; x_wconf 87' lang='lat' dir='ltr'>loci</span> <span class='ocrx_word' id='word_1_360' title='bbox 1267 3183 1506 3255; x_wconf 88' lang='lat' dir='ltr'>quidam</span> <span class='ocrx_word' id='word_1_361' title='bbox 1540 3183 1656 3253; x_wconf 81' lang='lat' dir='ltr'>iam</span> <span class='ocrx_word' id='word_1_362' title='bbox 1689 3200 1867 3255; x_wconf 86' lang='lat' dir='ltr'>supra</span> <span class='ocrx_word' id='word_1_363' title='bbox 1899 3200 1932 3237; x_wconf 87' lang='lat' dir='ltr'>a</span> <span class='ocrx_word' id='word_1_364' title='bbox 1962 3200 2055 3238; x_wconf 89' lang='lat' dir='ltr'>me</span> 
     </span>
    </p>
   </div>
   <div class='ocr_carea' id='block_1_52' title="bbox 412 3270 2051 3343">
    <p class='ocr_par' dir='ltr' id='par_1_52' title="bbox 412 3270 2051 3343">
     <span class='ocr_line' id='line_1_53' title="bbox 412 3270 2051 3343; baseline -0.002 -15"><span class='ocrx_word' id='word_1_365' title='bbox 412 3272 675 3343; x_wconf 86' lang='lat' dir='ltr'>iudicati,</span> <span class='ocrx_word' id='word_1_366' title='bbox 726 3276 853 3327; x_wconf 88' lang='lat' dir='ltr'>tum</span> <span class='ocrx_word' id='word_1_367' title='bbox 912 3272 961 3327; x_wconf 87' lang='lat' dir='ltr'>is</span> <span class='ocrx_word' id='word_1_368' title='bbox 1023 3287 1193 3342; x_wconf 85' lang='lat' dir='ltr'>quem</span> <span class='ocrx_word' id='word_1_369' title='bbox 1254 3288 1410 3326; x_wconf 90' lang='lat' dir='ltr'>nunc</span> <span class='ocrx_word' id='word_1_370' title='bbox 1467 3270 1717 3326; x_wconf 84' lang='lat' dir='ltr'>recitabo</span> <span class='ocrx_word' id='word_1_371' title='bbox 1775 3270 2051 3326; x_wconf 87' lang='lat' dir='ltr'>declarat.</span> 
     </span>
    </p>
   </div>
   <div class='ocr_carea' id='block_1_53' title="bbox 414 3360 2055 3433">
    <p class='ocr_par' dir='ltr' id='par_1_53' title="bbox 414 3360 2055 3433">
     <span class='ocr_line' id='line_1_54' title="bbox 414 3360 2055 3433; baseline 0.003 -22"><span class='ocrx_word' id='word_1_372' title='bbox 414 3383 442 3411; x_wconf 88' lang='grc'><em>‹‹</em></span> <span class='ocrx_word' id='word_1_373' title='bbox 476 3364 781 3428; x_wconf 68' lang='lat' dir='ltr'>Caeterum,</span> <span class='ocrx_word' id='word_1_374' title='bbox 816 3360 1008 3432; x_wconf 90' lang='lat' dir='ltr'>inquit</span> <span class='ocrx_word' id='word_1_375' title='bbox 1040 3364 1188 3433; x_wconf 88' lang='lat' dir='ltr'>(cap.</span> <span class='ocrx_word' id='word_1_376' title='bbox 1220 3362 1276 3425; x_wconf 87' lang='lat'>5,</span> <span class='ocrx_word' id='word_1_377' title='bbox 1308 3378 1364 3432; x_wconf 93' lang='lat' dir='ltr'>p.</span> <span class='ocrx_word' id='word_1_378' title='bbox 1397 3361 1545 3431; x_wconf 82' lang='grc'>294),</span> <span class='ocrx_word' id='word_1_379' title='bbox 1579 3361 1651 3415; x_wconf 91' lang='lat' dir='ltr'>de</span> <span class='ocrx_word' id='word_1_380' title='bbox 1708 3363 1793 3415; x_wconf 87' lang='lat' dir='ltr'>tot</span> <span class='ocrx_word' id='word_1_381' title='bbox 1848 3360 2055 3416; x_wconf 82' lang='lat' dir='ltr'>exinde</span> 
     </span>
    </p>
   </div>
   <div class='ocr_carea' id='block_1_54' title="bbox 412 3449 2053 3522">
    <p class='ocr_par' dir='ltr' id='par_1_54' title="bbox 412 3449 2053 3522">
     <span class='ocr_line' id='line_1_55' title="bbox 412 3449 2053 3522; baseline 0.001 -18"><span class='ocrx_word' id='word_1_382' title='bbox 412 3450 780 3522; x_wconf 86' lang='lat' dir='ltr'>principibus</span> <span class='ocrx_word' id='word_1_383' title='bbox 808 3451 879 3505; x_wconf 83' lang='lat' dir='ltr'>ad</span> <span class='ocrx_word' id='word_1_384' title='bbox 910 3449 1283 3517; x_wconf 91' lang='lat' dir='ltr'>hodiernum,</span> <span class='ocrx_word' id='word_1_385' title='bbox 1312 3449 1572 3504; x_wconf 88' lang='lat' dir='ltr'>divinum</span> <span class='ocrx_word' id='word_1_386' title='bbox 1605 3449 2053 3520; x_wconf 84' lang='lat' dir='ltr'>humanumque</span> 
     </span>
    </p>
   </div>
   <div class='ocr_carea' id='block_1_55' title="bbox 413 3536 2053 3611">
    <p class='ocr_par' dir='ltr' id='par_1_55' title="bbox 413 3536 2053 3611">
     <span class='ocr_line' id='line_1_56' title="bbox 413 3536 2053 3611; baseline -0.001 -18"><span class='ocrx_word' id='word_1_387' title='bbox 413 3538 796 3611; x_wconf 85' lang='lat' dir='ltr'>sapientibus,</span> <span class='ocrx_word' id='word_1_388' title='bbox 828 3537 979 3594; x_wconf 89' lang='lat' dir='ltr'>edite</span> <span class='ocrx_word' id='word_1_389' title='bbox 1010 3539 1266 3610; x_wconf 89' lang='lat' dir='ltr'>aliquem</span> <span class='ocrx_word' id='word_1_390' title='bbox 1297 3536 1712 3593; x_wconf 86' lang='lat' dir='ltr'>debellatorem</span> <span class='ocrx_word' id='word_1_391' title='bbox 1770 3537 2053 3593; x_wconf 88' lang='lat' dir='ltr'>Christia-</span> 
     </span>
    </p>
   </div>
   <div class='ocr_carea' id='block_1_56' title="bbox 412 3626 2054 3699">
    <p class='ocr_par' dir='ltr' id='par_1_56' title="bbox 412 3626 2054 3699">
     <span class='ocr_line' id='line_1_57' title="bbox 412 3626 2054 3699; baseline -0.001 -18"><span class='ocrx_word' id='word_1_392' title='bbox 412 3644 644 3683; x_wconf 89' lang='lat' dir='ltr'>norum.</span> <span class='ocrx_word' id='word_1_393' title='bbox 683 3648 711 3677; x_wconf 90' lang='grc'>‹‹</span> <span class='ocrx_word' id='word_1_394' title='bbox 742 3626 1019 3699; x_wconf 87' lang='lat' dir='ltr'>Eum,qui</span> <span class='ocrx_word' id='word_1_395' title='bbox 1049 3632 1176 3682; x_wconf 89' lang='lat' dir='ltr'>tum</span> <span class='ocrx_word' id='word_1_396' title='bbox 1208 3643 1298 3682; x_wconf 90' lang='lat' dir='ltr'>res</span> <span class='ocrx_word' id='word_1_397' title='bbox 1329 3626 1558 3698; x_wconf 90' lang='lat' dir='ltr'>imperii</span> <span class='ocrx_word' id='word_1_398' title='bbox 1584 3626 2054 3696; x_wconf 85' lang='lat' dir='ltr'>administrabat,</span> 
     </span>
    </p>
   </div>
   <div class='ocr_carea' id='block_1_57' title="bbox 413 3715 2053 3788">
    <p class='ocr_par' dir='ltr' id='par_1_57' title="bbox 413 3715 2053 3788">
     <span class='ocr_line' id='line_1_58' title="bbox 413 3715 2053 3788; baseline 0.001 -18"><span class='ocrx_word' id='word_1_399' title='bbox 413 3715 472 3770; x_wconf 88' lang='lat' dir='ltr'>in</span> <span class='ocrx_word' id='word_1_400' title='bbox 500 3716 866 3788; x_wconf 87' lang='lat' dir='ltr'>principibus</span> <span class='ocrx_word' id='word_1_401' title='bbox 900 3716 1161 3772; x_wconf 91' lang='lat' dir='ltr'>divinum</span> <span class='ocrx_word' id='word_1_402' title='bbox 1194 3716 1641 3787; x_wconf 88' lang='lat' dir='ltr'>humanumque</span> <span class='ocrx_word' id='word_1_403' title='bbox 1667 3716 2053 3787; x_wconf 86' lang='lat' dir='ltr'>sapientibus,</span> 
     </span>
    </p>
   </div>
   <div class='ocr_carea' id='block_1_58' title="bbox 414 3805 2053 3877">
    <p class='ocr_par' dir='ltr' id='par_1_58' title="bbox 414 3805 2053 3877">
     <span class='ocr_line' id='line_1_59' title="bbox 414 3805 2053 3877; baseline 0 -16"><span class='ocrx_word' id='word_1_404' title='bbox 414 3821 517 3861; x_wconf 87' lang='lat' dir='ltr'>seu</span> <span class='ocrx_word' id='word_1_405' title='bbox 552 3806 856 3877; x_wconf 88' lang='lat' dir='ltr'>utriusque</span> <span class='ocrx_word' id='word_1_406' title='bbox 878 3805 1032 3877; x_wconf 89' lang='lat' dir='ltr'>juris</span> <span class='ocrx_word' id='word_1_407' title='bbox 1063 3823 1128 3860; x_wconf 90' lang='lat' dir='ltr'>ac</span> <span class='ocrx_word' id='word_1_408' title='bbox 1158 3805 1483 3861; x_wconf 88' lang='lat' dir='ltr'>litterarum</span> <span class='ocrx_word' id='word_1_409' title='bbox 1510 3806 1711 3877; x_wconf 88' lang='lat' dir='ltr'>peritis</span> <span class='ocrx_word' id='word_1_410' title='bbox 1759 3811 2053 3861; x_wconf 89' lang='lat' dir='ltr'>numerat.</span> 
     </span>
    </p>
   </div>
   <div class='ocr_carea' id='block_1_59' title="bbox 413 3894 2055 3967">
    <p class='ocr_par' dir='ltr' id='par_1_59' title="bbox 413 3894 2055 3967">
     <span class='ocr_line' id='line_1_60' title="bbox 413 3894 2055 3967; baseline 0.001 -18"><span class='ocrx_word' id='word_1_411' title='bbox 413 3894 621 3966; x_wconf 85' lang='lat' dir='ltr'>Excipe</span> <span class='ocrx_word' id='word_1_412' title='bbox 678 3895 995 3962; x_wconf 88' lang='lat' dir='ltr'>Severum;</span> <span class='ocrx_word' id='word_1_413' title='bbox 1050 3899 1105 3951; x_wconf 92' lang='lat' dir='ltr'>et</span> <span class='ocrx_word' id='word_1_414' title='bbox 1153 3894 1346 3950; x_wconf 89' lang='lat' dir='ltr'>nullus</span> <span class='ocrx_word' id='word_1_415' title='bbox 1380 3896 1489 3950; x_wconf 88' lang='lat' dir='ltr'>erit</span> <span class='ocrx_word' id='word_1_416' title='bbox 1520 3895 1965 3967; x_wconf 87' lang='lat' dir='ltr'>imperatorum,</span> <span class='ocrx_word' id='word_1_417' title='bbox 1996 3895 2055 3950; x_wconf 90' lang='lat' dir='ltr'>in</span> 
     </span>
    </p>
   </div>
   <div class='ocr_carea' id='block_1_60' title="bbox 413 3983 2054 4055">
    <p class='ocr_par' dir='ltr' id='par_1_60' title="bbox 413 3983 2054 4055">
     <span class='ocr_line' id='line_1_61' title="bbox 413 3983 2054 4055; baseline 0 -16"><span class='ocrx_word' id='word_1_418' title='bbox 413 4000 588 4055; x_wconf 90' lang='lat' dir='ltr'>quem</span> <span class='ocrx_word' id='word_1_419' title='bbox 620 3983 741 4039; x_wconf 80' lang='lat' dir='ltr'>haec</span> <span class='ocrx_word' id='word_1_420' title='bbox 772 3985 1139 4040; x_wconf 84' lang='lat' dir='ltr'>conveniant.</span> <span class='ocrx_word' id='word_1_421' title='bbox 1174 3988 1287 4040; x_wconf 82' lang='lat' dir='ltr'>Aut</span> <span class='ocrx_word' id='word_1_422' title='bbox 1317 3985 1697 4052; x_wconf 90' lang='lat' dir='ltr'>Commodus,</span> <span class='ocrx_word' id='word_1_423' title='bbox 1730 3989 1830 4039; x_wconf 91' lang='lat' dir='ltr'>aut</span> <span class='ocrx_word' id='word_1_424' title='bbox 1877 3985 2054 4039; x_wconf 89' lang='lat' dir='ltr'>Cara-</span> 
     </span>
    </p>
   </div>
   <div class='ocr_carea' id='block_1_61' title="bbox 410 4073 2053 4147">
    <p class='ocr_par' dir='ltr' id='par_1_61' title="bbox 410 4073 2053 4147">
     <span class='ocr_line' id='line_1_62' title="bbox 410 4073 2053 4147; baseline 0 -18"><span class='ocrx_word' id='word_1_425' title='bbox 410 4073 580 4143; x_wconf 88' lang='lat' dir='ltr'>calla,</span> <span class='ocrx_word' id='word_1_426' title='bbox 638 4090 889 4144; x_wconf 91' lang='lat' dir='ltr'>quorum</span> <span class='ocrx_word' id='word_1_427' title='bbox 938 4073 1035 4130; x_wconf 90' lang='lat' dir='ltr'>ille</span> <span class='ocrx_word' id='word_1_428' title='bbox 1077 4079 1230 4142; x_wconf 88' lang='lat' dir='ltr'>ante,</span> <span class='ocrx_word' id='word_1_429' title='bbox 1265 4074 1359 4131; x_wconf 92' lang='lat' dir='ltr'>hic</span> <span class='ocrx_word' id='word_1_430' title='bbox 1392 4078 1525 4147; x_wconf 90' lang='lat' dir='ltr'>post</span> <span class='ocrx_word' id='word_1_431' title='bbox 1554 4090 1688 4129; x_wconf 91' lang='lat' dir='ltr'>eum</span> <span class='ocrx_word' id='word_1_432' title='bbox 1717 4073 1840 4129; x_wconf 91' lang='lat' dir='ltr'>orbi</span> <span class='ocrx_word' id='word_1_433' title='bbox 1872 4078 2053 4129; x_wconf 87' lang='lat' dir='ltr'>terra-</span> 
     </span>
    </p>
   </div>
   <div class='ocr_carea' id='block_1_62' title="bbox 410 4162 2057 4235">
    <p class='ocr_par' dir='ltr' id='par_1_62' title="bbox 410 4162 2057 4235">
     <span class='ocr_line' id='line_1_63' title="bbox 410 4162 2057 4235; baseline -0.001 -17"><span class='ocrx_word' id='word_1_434' title='bbox 410 4179 543 4218; x_wconf 87' lang='lat' dir='ltr'>rum</span> <span class='ocrx_word' id='word_1_435' title='bbox 572 4163 823 4235; x_wconf 72' lang='lat' dir='ltr'>praafuit,</span> <span class='ocrx_word' id='word_1_436' title='bbox 857 4163 1252 4219; x_wconf 85' lang='lat' dir='ltr'>nominandus</span> <span class='ocrx_word' id='word_1_437' title='bbox 1293 4167 1400 4219; x_wconf 87' lang='lat' dir='ltr'>est.</span> <span class='ocrx_word' id='word_1_438' title='bbox 1460 4163 1730 4219; x_wconf 88' lang='lat' dir='ltr'>Pertinax</span> <span class='ocrx_word' id='word_1_439' title='bbox 1786 4162 1941 4219; x_wconf 90' lang='lat' dir='ltr'>enim</span> <span class='ocrx_word' id='word_1_440' title='bbox 1999 4167 2057 4217; x_wconf 89' lang='lat' dir='ltr'>et</span> 
     </span>
    </p>
   </div>
   <div class='ocr_carea' id='block_1_63' title="bbox 407 4250 2054 4325">
    <p class='ocr_par' dir='ltr' id='par_1_63' title="bbox 407 4250 2054 4325">
     <span class='ocr_line' id='line_1_64' title="bbox 407 4250 2054 4325; baseline -0.001 -16"><span class='ocrx_word' id='word_1_441' title='bbox 407 4250 809 4324; x_wconf 89' lang='lat' dir='ltr'>Julianus,qui</span> <span class='ocrx_word' id='word_1_442' title='bbox 835 4253 1038 4325; x_wconf 86' lang='lat' dir='ltr'>paucis</span> <span class='ocrx_word' id='word_1_443' title='bbox 1070 4257 1295 4309; x_wconf 89' lang='lat' dir='ltr'>tantum</span> <span class='ocrx_word' id='word_1_444' title='bbox 1328 4253 1538 4309; x_wconf 90' lang='lat' dir='ltr'>diebus</span> <span class='ocrx_word' id='word_1_445' title='bbox 1570 4253 1843 4308; x_wconf 89' lang='lat' dir='ltr'>defuncto</span> <span class='ocrx_word' id='word_1_446' title='bbox 1881 4252 2054 4307; x_wconf 89' lang='lat' dir='ltr'>Com-</span> 
     </span>
    </p>
   </div>
   <div class='ocr_carea' id='block_1_64' title="bbox 409 4342 2054 4416">
    <p class='ocr_par' dir='ltr' id='par_1_64' title="bbox 409 4342 2054 4416">
     <span class='ocr_line' id='line_1_65' title="bbox 409 4342 2054 4416; baseline -0.001 -18"><span class='ocrx_word' id='word_1_447' title='bbox 409 4344 584 4399; x_wconf 91' lang='lat' dir='ltr'>modo</span> <span class='ocrx_word' id='word_1_448' title='bbox 613 4343 917 4416; x_wconf 83' lang='lat' dir='ltr'>fastigium</span> <span class='ocrx_word' id='word_1_449' title='bbox 940 4343 1050 4400; x_wconf 89' lang='lat' dir='ltr'>hoc</span> <span class='ocrx_word' id='word_1_450' title='bbox 1068 4343 1471 4409; x_wconf 89' lang='lat' dir='ltr'>tenuerunt,in</span> <span class='ocrx_word' id='word_1_451' title='bbox 1492 4342 1645 4398; x_wconf 91' lang='lat' dir='ltr'>hunc</span> <span class='ocrx_word' id='word_1_452' title='bbox 1668 4359 1909 4399; x_wconf 88' lang='lat' dir='ltr'>censum</span> <span class='ocrx_word' id='word_1_453' title='bbox 1938 4360 2054 4399; x_wconf 91' lang='lat' dir='ltr'>non</span> 
     </span>
    </p>
   </div>
   <div class='ocr_carea' id='block_1_65' title="bbox 399 4431 2051 4504">
    <p class='ocr_par' dir='ltr' id='par_1_65' title="bbox 399 4431 2051 4504">
     <span class='ocr_line' id='line_1_66' title="bbox 399 4431 2051 4504; baseline 0 -17"><span class='ocrx_word' id='word_1_454' title='bbox 399 4432 664 4487; x_wconf 84' lang='lat' dir='ltr'>veniunt.</span> <span class='ocrx_word' id='word_1_455' title='bbox 700 4438 768 4487; x_wconf 84' lang='lat' dir='ltr'>At</span> <span class='ocrx_word' id='word_1_456' title='bbox 799 4431 1022 4503; x_wconf 79' lang='lat' dir='ltr'>quales,</span> <span class='ocrx_word' id='word_1_457' title='bbox 1057 4450 1274 4504; x_wconf 81' lang='lat' dir='ltr'>quaeso,</span> <span class='ocrx_word' id='word_1_458' title='bbox 1307 4432 1393 4487; x_wconf 89' lang='lat' dir='ltr'>illi</span> <span class='ocrx_word' id='word_1_459' title='bbox 1426 4448 1575 4503; x_wconf 91' lang='lat' dir='ltr'>quos</span> <span class='ocrx_word' id='word_1_460' title='bbox 1604 4431 1771 4487; x_wconf 85' lang='lat' dir='ltr'>dixi?</span> <span class='ocrx_word' id='word_1_461' title='bbox 1814 4435 1931 4487; x_wconf 89' lang='lat' dir='ltr'>Nec</span> <span class='ocrx_word' id='word_1_462' title='bbox 1961 4432 2051 4487; x_wconf 91' lang='lat' dir='ltr'>di-</span> 
     </span>
    </p>
   </div>
   <div class='ocr_carea' id='block_1_66' title="bbox 2166 1836 3784 1907">
    <p class='ocr_par' dir='ltr' id='par_1_66' title="bbox 2166 1836 3784 1907">
     <span class='ocr_line' id='line_1_67' title="bbox 2166 1836 3784 1907; baseline 0.001 -18"><span class='ocrx_word' id='word_1_463' title='bbox 2166 1838 2291 1889; x_wconf 89' lang='lat' dir='ltr'>tum</span> <span class='ocrx_word' id='word_1_464' title='bbox 2326 1836 2607 1907; x_wconf 88' lang='lat' dir='ltr'>scriptum</span> <span class='ocrx_word' id='word_1_465' title='bbox 2640 1852 2767 1891; x_wconf 90' lang='lat' dir='ltr'>esse</span> <span class='ocrx_word' id='word_1_466' title='bbox 2798 1836 3012 1891; x_wconf 85' lang='lat' dir='ltr'>librum</span> <span class='ocrx_word' id='word_1_467' title='bbox 3039 1837 3711 1893; x_wconf 88' lang='lat' dir='ltr'>demonstrabimus.Fiet</span> <span class='ocrx_word' id='word_1_468' title='bbox 3735 1838 3784 1891; x_wconf 92' lang='lat' dir='ltr'>id</span> 
     </span>
    </p>
   </div>
   <div class='ocr_carea' id='block_1_67' title="bbox 2166 1923 3786 1999">
    <p class='ocr_par' dir='ltr' id='par_1_67' title="bbox 2166 1923 3786 1999">
     <span class='ocr_line' id='line_1_68' title="bbox 2166 1923 3786 1999; baseline 0.002 -21"><span class='ocrx_word' id='word_1_469' title='bbox 2166 1940 2274 1994; x_wconf 91' lang='lat' dir='ltr'>ope</span> <span class='ocrx_word' id='word_1_470' title='bbox 2306 1923 2414 1979; x_wconf 90' lang='lat' dir='ltr'>loci</span> <span class='ocrx_word' id='word_1_471' title='bbox 2448 1924 2646 1995; x_wconf 87' lang='lat' dir='ltr'>hujus,</span> <span class='ocrx_word' id='word_1_472' title='bbox 2701 1941 2874 1997; x_wconf 83' lang='lat' dir='ltr'>quem</span> <span class='ocrx_word' id='word_1_473' title='bbox 2928 1926 3188 1982; x_wconf 86' lang='lat' dir='ltr'>exhibeo.</span> <span class='ocrx_word' id='word_1_474' title='bbox 3242 1927 3399 1981; x_wconf 88' lang='lat' dir='ltr'>Nihil</span> <span class='ocrx_word' id='word_1_475' title='bbox 3449 1942 3693 1999; x_wconf 88' lang='lat' dir='ltr'>unquam</span> <span class='ocrx_word' id='word_1_476' title='bbox 3733 1926 3786 1981; x_wconf 89' lang='lat' dir='ltr'>in</span> 
     </span>
    </p>
   </div>
   <div class='ocr_carea' id='block_1_68' title="bbox 2168 2012 3790 2085">
    <p class='ocr_par' dir='ltr' id='par_1_68' title="bbox 2168 2012 3790 2085">
     <span class='ocr_line' id='line_1_69' title="bbox 2168 2012 3790 2085; baseline 0.002 -21"><span class='ocrx_word' id='word_1_477' title='bbox 2168 2012 2499 2084; x_wconf 87' lang='lat' dir='ltr'>principum</span> <span class='ocrx_word' id='word_1_478' title='bbox 2550 2015 2741 2085; x_wconf 89' lang='lat' dir='ltr'>capita</span> <span class='ocrx_word' id='word_1_479' title='bbox 2790 2014 3022 2070; x_wconf 88' lang='lat' dir='ltr'>molitos</span> <span class='ocrx_word' id='word_1_480' title='bbox 3066 2032 3194 2071; x_wconf 90' lang='lat' dir='ltr'>esse</span> <span class='ocrx_word' id='word_1_481' title='bbox 3246 2021 3416 2071; x_wconf 83' lang='lat' dir='ltr'>sectae</span> <span class='ocrx_word' id='word_1_482' title='bbox 3475 2015 3790 2070; x_wconf 63' lang='lat' dir='ltr'>Christianae</span> 
     </span>
    </p>
   </div>
   <div class='ocr_carea' id='block_1_69' title="bbox 2168 2102 3793 2175">
    <p class='ocr_par' dir='ltr' id='par_1_69' title="bbox 2168 2102 3793 2175">
     <span class='ocr_line' id='line_1_70' title="bbox 2168 2102 3793 2175; baseline 0.002 -21"><span class='ocrx_word' id='word_1_483' title='bbox 2168 2102 2357 2156; x_wconf 90' lang='lat' dir='ltr'>socios</span> <span class='ocrx_word' id='word_1_484' title='bbox 2389 2103 2529 2157; x_wconf 91' lang='lat' dir='ltr'>dum</span> <span class='ocrx_word' id='word_1_485' title='bbox 2562 2103 2650 2156; x_wconf 89' lang='lat' dir='ltr'>vir</span> <span class='ocrx_word' id='word_1_486' title='bbox 2678 2103 3021 2175; x_wconf 88' lang='lat' dir='ltr'>ingeniosus</span> <span class='ocrx_word' id='word_1_487' title='bbox 3052 2106 3373 2173; x_wconf 82' lang='lat' dir='ltr'>contendit,</span> <span class='ocrx_word' id='word_1_488' title='bbox 3408 2105 3489 2160; x_wconf 90' lang='lat' dir='ltr'>sic</span> <span class='ocrx_word' id='word_1_489' title='bbox 3523 2105 3666 2159; x_wconf 89' lang='lat' dir='ltr'>inter</span> <span class='ocrx_word' id='word_1_490' title='bbox 3693 2103 3793 2157; x_wconf 85' lang='lat' dir='ltr'>alia</span> 
     </span>
    </p>
   </div>
   <div class='ocr_carea' id='block_1_70' title="bbox 2167 2189 3792 2263">
    <p class='ocr_par' dir='ltr' id='par_1_70' title="bbox 2167 2189 3792 2263">
     <span class='ocr_line' id='line_1_71' title="bbox 2167 2189 3792 2263; baseline 0.001 -20"><span class='ocrx_word' id='word_1_491' title='bbox 2167 2189 2453 2245; x_wconf 81' lang='lat' dir='ltr'>exclamat</span> <span class='ocrx_word' id='word_1_492' title='bbox 2485 2194 2631 2263; x_wconf 89' lang='lat' dir='ltr'>(cap.</span> <span class='ocrx_word' id='word_1_493' title='bbox 2666 2192 2757 2259; x_wconf 88' lang='lat'>35,</span> <span class='ocrx_word' id='word_1_494' title='bbox 2789 2193 3013 2263; x_wconf 87' lang='lat' dir='ltr'>p.3000)</span> <span class='ocrx_word' id='word_1_495' title='bbox 3049 2209 3060 2247; x_wconf 92' lang='lat'><strong>:</strong></span> <span class='ocrx_word' id='word_1_496' title='bbox 3096 2216 3121 2243; x_wconf 80' lang='grc' dir='ltr'>α</span> <span class='ocrx_word' id='word_1_497' title='bbox 3158 2192 3321 2248; x_wconf 89' lang='lat' dir='ltr'>Unde</span> <span class='ocrx_word' id='word_1_498' title='bbox 3353 2192 3538 2249; x_wconf 85' lang='lat' dir='ltr'>Cassii</span> <span class='ocrx_word' id='word_1_499' title='bbox 3568 2198 3620 2248; x_wconf 90' lang='lat' dir='ltr'>et</span> <span class='ocrx_word' id='word_1_500' title='bbox 3648 2192 3792 2263; x_wconf 81' lang='lat' dir='ltr'>Nigri</span> 
     </span>
    </p>
   </div>
   <div class='ocr_carea' id='block_1_71' title="bbox 2166 2278 3793 2351">
    <p class='ocr_par' dir='ltr' id='par_1_71' title="bbox 2166 2278 3793 2351">
     <span class='ocr_line' id='line_1_72' title="bbox 2166 2278 3793 2351; baseline -0.001 -17"><span class='ocrx_word' id='word_1_501' title='bbox 2166 2284 2223 2334; x_wconf 90' lang='lat' dir='ltr'>et</span> <span class='ocrx_word' id='word_1_502' title='bbox 2253 2278 2493 2335; x_wconf 83' lang='lat' dir='ltr'>Albini?</span> <span class='ocrx_word' id='word_1_503' title='bbox 2525 2280 2688 2335; x_wconf 91' lang='lat' dir='ltr'>Unde</span> <span class='ocrx_word' id='word_1_504' title='bbox 2717 2280 2815 2351; x_wconf 92' lang='lat' dir='ltr'>qui</span> <span class='ocrx_word' id='word_1_505' title='bbox 2875 2281 3029 2336; x_wconf 88' lang='lat' dir='ltr'>inter</span> <span class='ocrx_word' id='word_1_506' title='bbox 3082 2283 3228 2336; x_wconf 89' lang='lat' dir='ltr'>duas</span> <span class='ocrx_word' id='word_1_507' title='bbox 3280 2282 3484 2337; x_wconf 88' lang='lat' dir='ltr'>lauros</span> <span class='ocrx_word' id='word_1_508' title='bbox 3542 2281 3793 2336; x_wconf 84' lang='lat' dir='ltr'>obsident</span> 
     </span>
    </p>
   </div>
   <div class='ocr_carea' id='block_1_72' title="bbox 2164 2370 3795 2439">
    <p class='ocr_par' dir='ltr' id='par_1_72' title="bbox 2164 2370 3795 2439">
     <span class='ocr_line' id='line_1_73' title="bbox 2164 2370 3795 2439; baseline -0.001 -15"><span class='ocrx_word' id='word_1_509' title='bbox 2164 2370 2491 2424; x_wconf 66' lang='lat' dir='ltr'>Cmsarem?</span> <span class='ocrx_word' id='word_1_510' title='bbox 2542 2372 2615 2424; x_wconf 91' lang='lat' dir='ltr'>De</span> <span class='ocrx_word' id='word_1_511' title='bbox 2664 2370 2961 2439; x_wconf 74' lang='lat' dir='ltr'>Romanis,</span> <span class='ocrx_word' id='word_1_512' title='bbox 2994 2371 3105 2426; x_wconf 88' lang='lat' dir='ltr'>nisi</span> <span class='ocrx_word' id='word_1_513' title='bbox 3142 2371 3330 2437; x_wconf 85' lang='lat' dir='ltr'>fallor,</span> <span class='ocrx_word' id='word_1_514' title='bbox 3363 2371 3422 2426; x_wconf 90' lang='lat' dir='ltr'>id</span> <span class='ocrx_word' id='word_1_515' title='bbox 3456 2375 3566 2435; x_wconf 90' lang='lat' dir='ltr'>est,</span> <span class='ocrx_word' id='word_1_516' title='bbox 3598 2372 3664 2425; x_wconf 84' lang='lat' dir='ltr'>de</span> <span class='ocrx_word' id='word_1_517' title='bbox 3693 2386 3795 2423; x_wconf 91' lang='lat' dir='ltr'>non</span> 
     </span>
    </p>
   </div>
   <div class='ocr_carea' id='block_1_73' title="bbox 2164 2458 3796 2532">
    <p class='ocr_par' dir='ltr' id='par_1_73' title="bbox 2164 2458 3796 2532">
     <span class='ocr_line' id='line_1_74' title="bbox 2164 2458 3796 2532; baseline -0.002 -18"><span class='ocrx_word' id='word_1_518' title='bbox 2164 2458 2532 2514; x_wconf 83' lang='lat' dir='ltr'>Christianis.</span> <span class='ocrx_word' id='word_1_519' title='bbox 2567 2480 2593 2508; x_wconf 87' lang='grc'><strong>››</strong></span> <span class='ocrx_word' id='word_1_520' title='bbox 2625 2459 2919 2514; x_wconf 66' lang='lat' dir='ltr'>Prasterita</span> <span class='ocrx_word' id='word_1_521' title='bbox 2957 2460 3189 2531; x_wconf 91' lang='lat' dir='ltr'>imperii</span> <span class='ocrx_word' id='word_1_522' title='bbox 3248 2461 3408 2515; x_wconf 88' lang='lat' dir='ltr'>mala</span> <span class='ocrx_word' id='word_1_523' title='bbox 3466 2458 3796 2532; x_wconf 61' lang='lat' dir='ltr'>praesidibus</span> 
     </span>
    </p>
   </div>
   <div class='ocr_carea' id='block_1_74' title="bbox 2164 2546 3801 2620">
    <p class='ocr_par' dir='ltr' id='par_1_74' title="bbox 2164 2546 3801 2620">
     <span class='ocr_line' id='line_1_75' title="bbox 2164 2546 3801 2620; baseline 0.001 -21"><span class='ocrx_word' id='word_1_524' title='bbox 2164 2546 2223 2600; x_wconf 89' lang='lat' dir='ltr'>in</span> <span class='ocrx_word' id='word_1_525' title='bbox 2258 2547 2597 2602; x_wconf 89' lang='lat' dir='ltr'>memoriam</span> <span class='ocrx_word' id='word_1_526' title='bbox 2632 2547 2739 2602; x_wconf 92' lang='lat' dir='ltr'>hoc</span> <span class='ocrx_word' id='word_1_527' title='bbox 2768 2547 2893 2603; x_wconf 90' lang='lat' dir='ltr'>loco</span> <span class='ocrx_word' id='word_1_528' title='bbox 2921 2552 3167 2615; x_wconf 88' lang='lat' dir='ltr'>revocat,</span> <span class='ocrx_word' id='word_1_529' title='bbox 3185 2547 3801 2620; x_wconf 88' lang='lat' dir='ltr'>periculaque,quibus</span> 
     </span>
    </p>
   </div>
   <div class='ocr_carea' id='block_1_75' title="bbox 2163 2635 3800 2706">
    <p class='ocr_par' dir='ltr' id='par_1_75' title="bbox 2163 2635 3800 2706">
     <span class='ocr_line' id='line_1_76' title="bbox 2163 2635 3800 2706; baseline -0.001 -17"><span class='ocrx_word' id='word_1_530' title='bbox 2163 2635 2544 2706; x_wconf 89' lang='lat' dir='ltr'>imperatores</span> <span class='ocrx_word' id='word_1_531' title='bbox 2579 2636 2819 2691; x_wconf 88' lang='lat' dir='ltr'>feliciter</span> <span class='ocrx_word' id='word_1_532' title='bbox 2849 2637 3107 2693; x_wconf 87' lang='lat' dir='ltr'>defuncti</span> <span class='ocrx_word' id='word_1_533' title='bbox 3138 2638 3279 2705; x_wconf 88' lang='lat' dir='ltr'>sint,</span> <span class='ocrx_word' id='word_1_534' title='bbox 3315 2642 3597 2694; x_wconf 88' lang='lat' dir='ltr'>recenset.</span> <span class='ocrx_word' id='word_1_535' title='bbox 3630 2636 3689 2691; x_wconf 91' lang='lat' dir='ltr'>In</span> <span class='ocrx_word' id='word_1_536' title='bbox 3718 2635 3800 2689; x_wconf 90' lang='lat' dir='ltr'>his</span> 
     </span>
    </p>
   </div>
   <div class='ocr_carea' id='block_1_76' title="bbox 2166 2724 3799 2796">
    <p class='ocr_par' dir='ltr' id='par_1_76' title="bbox 2166 2724 3799 2796">
     <span class='ocr_line' id='line_1_77' title="bbox 2166 2724 3799 2796; baseline 0.001 -18"><span class='ocrx_word' id='word_1_537' title='bbox 2166 2724 2453 2796; x_wconf 84' lang='lat' dir='ltr'>praecipue</span> <span class='ocrx_word' id='word_1_538' title='bbox 2481 2725 2801 2781; x_wconf 90' lang='lat' dir='ltr'>tumultum</span> <span class='ocrx_word' id='word_1_539' title='bbox 2827 2727 2898 2782; x_wconf 91' lang='lat' dir='ltr'>ab</span> <span class='ocrx_word' id='word_1_540' title='bbox 2924 2726 3123 2782; x_wconf 85' lang='lat' dir='ltr'>Albino</span> <span class='ocrx_word' id='word_1_541' title='bbox 3154 2727 3474 2783; x_wconf 80' lang='lat' dir='ltr'>excitatum</span> <span class='ocrx_word' id='word_1_542' title='bbox 3508 2728 3799 2782; x_wconf 86' lang='lat' dir='ltr'>memorat.</span> 
     </span>
    </p>
   </div>
   <div class='ocr_carea' id='block_1_77' title="bbox 2164 2810 3804 2885">
    <p class='ocr_par' dir='ltr' id='par_1_77' title="bbox 2164 2810 3804 2885">
     <span class='ocr_line' id='line_1_78' title="bbox 2164 2810 3804 2885; baseline -0.001 -20"><span class='ocrx_word' id='word_1_543' title='bbox 2164 2816 2249 2867; x_wconf 85' lang='lat' dir='ltr'>Ad</span> <span class='ocrx_word' id='word_1_544' title='bbox 2281 2812 2587 2867; x_wconf 84' lang='lat' dir='ltr'>certiorem</span> <span class='ocrx_word' id='word_1_545' title='bbox 2621 2813 2817 2884; x_wconf 90' lang='lat' dir='ltr'>itaque</span> <span class='ocrx_word' id='word_1_546' title='bbox 2849 2813 3159 2868; x_wconf 90' lang='lat' dir='ltr'>scientiam</span> <span class='ocrx_word' id='word_1_547' title='bbox 3193 2814 3274 2868; x_wconf 86' lang='lat' dir='ltr'>nil</span> <span class='ocrx_word' id='word_1_548' title='bbox 3309 2812 3572 2885; x_wconf 88' lang='lat' dir='ltr'>amplius</span> <span class='ocrx_word' id='word_1_549' title='bbox 3629 2810 3804 2882; x_wconf 81' lang='lat' dir='ltr'>requi-</span> 
     </span>
    </p>
   </div>
   <div class='ocr_carea' id='block_1_78' title="bbox 2165 2901 3803 2973">
    <p class='ocr_par' dir='ltr' id='par_1_78' title="bbox 2165 2901 3803 2973">
     <span class='ocr_line' id='line_1_79' title="bbox 2165 2901 3803 2973; baseline -0.001 -18"><span class='ocrx_word' id='word_1_550' title='bbox 2165 2901 2332 2967; x_wconf 89' lang='lat' dir='ltr'>ritur,</span> <span class='ocrx_word' id='word_1_551' title='bbox 2387 2918 2564 2971; x_wconf 89' lang='lat' dir='ltr'>quam</span> <span class='ocrx_word' id='word_1_552' title='bbox 2624 2907 2708 2972; x_wconf 89' lang='lat' dir='ltr'>ut,</span> <span class='ocrx_word' id='word_1_553' title='bbox 2764 2918 2878 2973; x_wconf 89' lang='lat' dir='ltr'>quo</span> <span class='ocrx_word' id='word_1_554' title='bbox 2940 2919 3092 2957; x_wconf 89' lang='lat' dir='ltr'>anno</span> <span class='ocrx_word' id='word_1_555' title='bbox 3152 2902 3803 2959; x_wconf 83' lang='lat' dir='ltr'>Albinianibiconatus</span> 
     </span>
    </p>
   </div>
   <div class='ocr_carea' id='block_1_79' title="bbox 2164 2990 3103 3063">
    <p class='ocr_par' dir='ltr' id='par_1_79' title="bbox 2164 2990 3103 3063">
     <span class='ocr_line' id='line_1_80' title="bbox 2164 2990 3103 3063; baseline 0.001 -18"><span class='ocrx_word' id='word_1_556' title='bbox 2164 2992 2483 3061; x_wconf 89' lang='lat' dir='ltr'>compressi</span> <span class='ocrx_word' id='word_1_557' title='bbox 2508 2990 2646 3059; x_wconf 88' lang='lat' dir='ltr'>sint,</span> <span class='ocrx_word' id='word_1_558' title='bbox 2680 2991 3103 3063; x_wconf 90' lang='lat' dir='ltr'>disquiramus.</span> 
     </span>
    </p>
   </div>
   <div class='ocr_carea' id='block_1_80' title="bbox 2235 3094 3809 3170">
    <p class='ocr_par' dir='ltr' id='par_1_80' title="bbox 2235 3094 3809 3170">
     <span class='ocr_line' id='line_1_81' title="bbox 2235 3094 3809 3170; baseline -0.004 -17"><span class='ocrx_word' id='word_1_559' title='bbox 2235 3097 2417 3170; x_wconf 85' lang='lat' dir='ltr'>§XII.</span> <span class='ocrx_word' id='word_1_560' title='bbox 2455 3097 2759 3151; x_wconf 87' lang='lat' dir='ltr'>Enimvero</span> <span class='ocrx_word' id='word_1_561' title='bbox 2817 3096 2947 3153; x_wconf 90' lang='lat' dir='ltr'>novi</span> <span class='ocrx_word' id='word_1_562' title='bbox 3008 3096 3101 3151; x_wconf 92' lang='lat' dir='ltr'>hic</span> <span class='ocrx_word' id='word_1_563' title='bbox 3154 3096 3465 3153; x_wconf 81' lang='lat' dir='ltr'>circuitus.</span> <span class='ocrx_word' id='word_1_564' title='bbox 3528 3094 3809 3151; x_wconf 86' lang='lat' dir='ltr'>Dissident</span> 
     </span>
    </p>
   </div>
   <div class='ocr_carea' id='block_1_81' title="bbox 2166 3185 3806 3258">
    <p class='ocr_par' dir='ltr' id='par_1_81' title="bbox 2166 3185 3806 3258">
     <span class='ocr_line' id='line_1_82' title="bbox 2166 3185 3806 3258; baseline -0.002 -17"><span class='ocrx_word' id='word_1_565' title='bbox 2166 3186 2480 3258; x_wconf 89' lang='lat' dir='ltr'>ii,quorum</span> <span class='ocrx_word' id='word_1_566' title='bbox 2515 3203 2789 3257; x_wconf 87' lang='lat' dir='ltr'>magnam</span> <span class='ocrx_word' id='word_1_567' title='bbox 2823 3185 2881 3241; x_wconf 92' lang='lat' dir='ltr'>in</span> <span class='ocrx_word' id='word_1_568' title='bbox 2913 3186 3003 3240; x_wconf 85' lang='lat' dir='ltr'>his</span> <span class='ocrx_word' id='word_1_569' title='bbox 3035 3186 3209 3241; x_wconf 87' lang='lat' dir='ltr'>rebus</span> <span class='ocrx_word' id='word_1_570' title='bbox 3238 3187 3657 3242; x_wconf 88' lang='lat' dir='ltr'>auctoritatem</span> <span class='ocrx_word' id='word_1_571' title='bbox 3688 3198 3806 3238; x_wconf 87' lang='lat' dir='ltr'>esse</span> 
     </span>
    </p>
   </div>
   <div class='ocr_carea' id='block_1_82' title="bbox 2164 3274 3806 3348">
    <p class='ocr_par' dir='ltr' id='par_1_82' title="bbox 2164 3274 3806 3348">
     <span class='ocr_line' id='line_1_83' title="bbox 2164 3274 3806 3348; baseline -0.002 -19"><span class='ocrx_word' id='word_1_572' title='bbox 2164 3274 2505 3348; x_wconf 88' lang='lat' dir='ltr'>paucissimi</span> <span class='ocrx_word' id='word_1_573' title='bbox 2538 3275 2821 3345; x_wconf 84' lang='lat' dir='ltr'>ignorant.</span> <span class='ocrx_word' id='word_1_574' title='bbox 2857 3274 3076 3330; x_wconf 88' lang='lat' dir='ltr'>Unicus</span> <span class='ocrx_word' id='word_1_575' title='bbox 3108 3281 3304 3330; x_wconf 90' lang='lat' dir='ltr'>tamen</span> <span class='ocrx_word' id='word_1_576' title='bbox 3339 3292 3540 3330; x_wconf 87' lang='lat' dir='ltr'>annus</span> <span class='ocrx_word' id='word_1_577' title='bbox 3588 3277 3806 3329; x_wconf 83' lang='lat' dir='ltr'>tantum</span> 
     </span>
    </p>
   </div>
   <div class='ocr_carea' id='block_1_83' title="bbox 2163 3360 3808 3433">
    <p class='ocr_par' dir='ltr' id='par_1_83' title="bbox 2163 3360 3808 3433">
     <span class='ocr_line' id='line_1_84' title="bbox 2163 3360 3808 3433; baseline -0.005 -13"><span class='ocrx_word' id='word_1_578' title='bbox 2163 3380 2261 3420; x_wconf 86' lang='lat' dir='ltr'>eos</span> <span class='ocrx_word' id='word_1_579' title='bbox 2316 3361 2594 3433; x_wconf 78' lang='lat' dir='ltr'>seiungit.</span> <span class='ocrx_word' id='word_1_580' title='bbox 2655 3360 2847 3417; x_wconf 89' lang='lat' dir='ltr'>Placet</span> <span class='ocrx_word' id='word_1_581' title='bbox 2902 3361 2995 3417; x_wconf 88' lang='lat' dir='ltr'>his</span> <span class='ocrx_word' id='word_1_582' title='bbox 3041 3379 3177 3417; x_wconf 87' lang='lat' dir='ltr'>ann.</span> <span class='ocrx_word' id='word_1_583' title='bbox 3212 3361 3483 3431; x_wconf 84' lang='lat' dir='ltr'>CXCVII,</span> <span class='ocrx_word' id='word_1_584' title='bbox 3516 3360 3649 3417; x_wconf 88' lang='lat' dir='ltr'>aliis</span> <span class='ocrx_word' id='word_1_585' title='bbox 3680 3375 3808 3412; x_wconf 81' lang='lat' dir='ltr'>ann.</span> 
     </span>
    </p>
   </div>
   <div class='ocr_carea' id='block_1_84' title="bbox 2164 3450 3808 3523">
    <p class='ocr_par' dir='ltr' id='par_1_84' title="bbox 2164 3450 3808 3523">
     <span class='ocr_line' id='line_1_85' title="bbox 2164 3450 3808 3523; baseline -0.006 -12"><span class='ocrx_word' id='word_1_586' title='bbox 2164 3451 2451 3511; x_wconf 84' lang='lat' dir='ltr'>CXCVIII.</span> <span class='ocrx_word' id='word_1_587' title='bbox 2488 3452 2622 3519; x_wconf 86' lang='lat' dir='ltr'>Nos,</span> <span class='ocrx_word' id='word_1_588' title='bbox 2656 3451 2871 3523; x_wconf 90' lang='lat' dir='ltr'>quibus</span> <span class='ocrx_word' id='word_1_589' title='bbox 2919 3450 3164 3523; x_wconf 90' lang='lat' dir='ltr'>aliquid,</span> <span class='ocrx_word' id='word_1_590' title='bbox 3218 3452 3383 3523; x_wconf 90' lang='lat' dir='ltr'>quod</span> <span class='ocrx_word' id='word_1_591' title='bbox 3447 3452 3519 3506; x_wconf 89' lang='lat' dir='ltr'>ad</span> <span class='ocrx_word' id='word_1_592' title='bbox 3585 3463 3808 3504; x_wconf 82' lang='lat' dir='ltr'>causam</span> 
     </span>
    </p>
   </div>
   <div class='ocr_carea' id='block_1_85' title="bbox 2165 3531 3815 3610">
    <p class='ocr_par' dir='ltr' id='par_1_85' title="bbox 2165 3531 3815 3610">
     <span class='ocr_line' id='line_1_86' title="bbox 2165 3531 3815 3610; baseline -0.007 -13"><span class='ocrx_word' id='word_1_593' title='bbox 2165 3557 2398 3597; x_wconf 87' lang='lat' dir='ltr'>omnem</span> <span class='ocrx_word' id='word_1_594' title='bbox 2431 3539 2862 3594; x_wconf 88' lang='lat' dir='ltr'>discutiendam</span> <span class='ocrx_word' id='word_1_595' title='bbox 2892 3539 3161 3609; x_wconf 89' lang='lat' dir='ltr'>pertinet,</span> <span class='ocrx_word' id='word_1_596' title='bbox 3198 3537 3657 3610; x_wconf 63' lang='lat' dir='ltr'>pretermittere</span> <span class='ocrx_word' id='word_1_597' title='bbox 3687 3531 3815 3589; x_wconf 85' lang='lat' dir='ltr'>reli-</span> 
     </span>
    </p>
   </div>
   <div class='ocr_carea' id='block_1_86' title="bbox 2165 3624 3818 3701">
    <p class='ocr_par' dir='ltr' id='par_1_86' title="bbox 2165 3624 3818 3701">
     <span class='ocr_line' id='line_1_87' title="bbox 2165 3624 3818 3701; baseline -0.007 -16"><span class='ocrx_word' id='word_1_598' title='bbox 2165 3632 2259 3701; x_wconf 89' lang='lat' dir='ltr'>gio</span> <span class='ocrx_word' id='word_1_599' title='bbox 2293 3634 2402 3697; x_wconf 89' lang='lat' dir='ltr'>est,</span> <span class='ocrx_word' id='word_1_600' title='bbox 2436 3627 2782 3683; x_wconf 83' lang='lat' dir='ltr'>indubitatis</span> <span class='ocrx_word' id='word_1_601' title='bbox 2814 3627 3163 3697; x_wconf 84' lang='lat' dir='ltr'>rationibus,</span> <span class='ocrx_word' id='word_1_602' title='bbox 3195 3626 3337 3697; x_wconf 88' lang='lat' dir='ltr'>quid</span> <span class='ocrx_word' id='word_1_603' title='bbox 3393 3624 3614 3681; x_wconf 89' lang='lat' dir='ltr'>sentire</span> <span class='ocrx_word' id='word_1_604' title='bbox 3661 3637 3818 3693; x_wconf 87' lang='lat' dir='ltr'>opor-</span> 
     </span>
    </p>
   </div>
   <div class='ocr_carea' id='block_1_87' title="bbox 2164 3710 3824 3787">
    <p class='ocr_par' dir='ltr' id='par_1_87' title="bbox 2164 3710 3824 3787">
     <span class='ocr_line' id='line_1_88' title="bbox 2164 3710 3824 3787; baseline -0.007 -12"><span class='ocrx_word' id='word_1_605' title='bbox 2164 3724 2303 3787; x_wconf 85' lang='lat' dir='ltr'>teat,</span> <span class='ocrx_word' id='word_1_606' title='bbox 2364 3717 2724 3773; x_wconf 87' lang='lat' dir='ltr'>docebimus.</span> <span class='ocrx_word' id='word_1_607' title='bbox 2785 3717 2948 3782; x_wconf 88' lang='lat' dir='ltr'>Quod</span> <span class='ocrx_word' id='word_1_608' title='bbox 3001 3733 3066 3772; x_wconf 93' lang='lat' dir='ltr'>eo</span> <span class='ocrx_word' id='word_1_609' title='bbox 3123 3715 3365 3787; x_wconf 90' lang='lat' dir='ltr'>quidem</span> <span class='ocrx_word' id='word_1_610' title='bbox 3394 3713 3683 3770; x_wconf 88' lang='lat' dir='ltr'>libentius</span> <span class='ocrx_word' id='word_1_611' title='bbox 3715 3710 3824 3778; x_wconf 86' lang='lat' dir='ltr'>ﬁet,</span> 
     </span>
    </p>
   </div>
   <div class='ocr_carea' id='block_1_88' title="bbox 2167 3802 3825 3880">
    <p class='ocr_par' dir='ltr' id='par_1_88' title="bbox 2167 3802 3825 3880">
     <span class='ocr_line' id='line_1_89' title="bbox 2167 3802 3825 3880; baseline -0.008 -17"><span class='ocrx_word' id='word_1_612' title='bbox 2167 3806 2447 3880; x_wconf 89' lang='lat' dir='ltr'>quoniam</span> <span class='ocrx_word' id='word_1_613' title='bbox 2474 3806 2666 3862; x_wconf 90' lang='lat' dir='ltr'>omnis</span> <span class='ocrx_word' id='word_1_614' title='bbox 2690 3806 2811 3861; x_wconf 69' lang='lat' dir='ltr'>haec</span> <span class='ocrx_word' id='word_1_615' title='bbox 2834 3804 3181 3877; x_wconf 89' lang='lat' dir='ltr'>disceptatio</span> <span class='ocrx_word' id='word_1_616' title='bbox 3204 3805 3277 3860; x_wconf 91' lang='lat' dir='ltr'>de</span> <span class='ocrx_word' id='word_1_617' title='bbox 3297 3802 3665 3877; x_wconf 80' lang='lat' dir='ltr'>Apologelici</span> <span class='ocrx_word' id='word_1_618' title='bbox 3684 3812 3825 3854; x_wconf 88' lang='lat' dir='ltr'>anno</span> 
     </span>
    </p>
   </div>
   <div class='ocr_carea' id='block_1_89' title="bbox 2166 3886 3824 3967">
    <p class='ocr_par' dir='ltr' id='par_1_89' title="bbox 2166 3886 3824 3967">
     <span class='ocr_line' id='line_1_90' title="bbox 2166 3886 3824 3967; baseline -0.008 -14"><span class='ocrx_word' id='word_1_619' title='bbox 2166 3915 2233 3953; x_wconf 84' lang='lat' dir='ltr'>ex</span> <span class='ocrx_word' id='word_1_620' title='bbox 2262 3897 2370 3953; x_wconf 91' lang='lat' dir='ltr'>hoc</span> <span class='ocrx_word' id='word_1_621' title='bbox 2402 3894 2632 3967; x_wconf 90' lang='lat' dir='ltr'>negotio</span> <span class='ocrx_word' id='word_1_622' title='bbox 2665 3894 3455 3966; x_wconf 72' lang='lat' dir='ltr'>pendet.Pervulgata.prior</span> <span class='ocrx_word' id='word_1_623' title='bbox 3487 3895 3581 3948; x_wconf 89' lang='lat' dir='ltr'>est</span> <span class='ocrx_word' id='word_1_624' title='bbox 3613 3886 3824 3961; x_wconf 88' lang='lat' dir='ltr'>opinio,</span> 
     </span>
    </p>
   </div>
   <div class='ocr_carea' id='block_1_90' title="bbox 2165 3976 3817 4058">
    <p class='ocr_par' dir='ltr' id='par_1_90' title="bbox 2165 3976 3817 4058">
     <span class='ocr_line' id='line_1_91' title="bbox 2165 3976 3817 4058; baseline -0.008 -17"><span class='ocrx_word' id='word_1_625' title='bbox 2165 4004 2341 4058; x_wconf 87' lang='lat' dir='ltr'>quam</span> <span class='ocrx_word' id='word_1_626' title='bbox 2376 3985 2669 4058; x_wconf 84' lang='lat' dir='ltr'>plerisque</span> <span class='ocrx_word' id='word_1_627' title='bbox 2692 3985 2973 4041; x_wconf 85' lang='lat' dir='ltr'>fastorum</span> <span class='ocrx_word' id='word_1_628' title='bbox 3002 3985 3337 4040; x_wconf 87' lang='lat' dir='ltr'>conditores</span> <span class='ocrx_word' id='word_1_629' title='bbox 3375 3983 3531 4055; x_wconf 88' lang='lat' dir='ltr'>(Vid.</span> <span class='ocrx_word' id='word_1_630' title='bbox 3559 3976 3817 4048; x_wconf 89' lang='lat' dir='ltr'>Onuphr.</span> 
     </span>
    </p>
   </div>
   <div class='ocr_carea' id='block_1_91' title="bbox 2166 4067 3822 4145">
    <p class='ocr_par' dir='ltr' id='par_1_91' title="bbox 2166 4067 3822 4145">
     <span class='ocr_line' id='line_1_92' title="bbox 2166 4067 3822 4145; baseline -0.006 -15"><span class='ocrx_word' id='word_1_631' title='bbox 2166 4074 2501 4144; x_wconf 89' lang='lat' dir='ltr'>Panvinius,</span> <span class='ocrx_word' id='word_1_632' title='bbox 2533 4076 2742 4130; x_wconf 82' lang='lat' dir='ltr'>Faster.</span> <span class='ocrx_word' id='word_1_633' title='bbox 2775 4075 2984 4130; x_wconf 79' lang='lat' dir='ltr'>eumut.</span> <span class='ocrx_word' id='word_1_634' title='bbox 3020 4091 3075 4145; x_wconf 92' lang='lat' dir='ltr'>p.</span> <span class='ocrx_word' id='word_1_635' title='bbox 3130 4074 3256 4143; x_wconf 80' lang='grc'>241,</span> <span class='ocrx_word' id='word_1_636' title='bbox 3324 4070 3601 4129; x_wconf 81' lang='lat' dir='ltr'>Heidelb.</span> <span class='ocrx_word' id='word_1_637' title='bbox 3653 4067 3822 4133; x_wconf 85' lang='lat'>1588),</span> 
     </span>
    </p>
   </div>
   <div class='ocr_carea' id='block_1_92' title="bbox 2164 4154 3818 4234">
    <p class='ocr_par' dir='ltr' id='par_1_92' title="bbox 2164 4154 3818 4234">
     <span class='ocr_line' id='line_1_93' title="bbox 2164 4154 3818 4234; baseline -0.007 -14"><span class='ocrx_word' id='word_1_638' title='bbox 2164 4166 2352 4221; x_wconf 64' lang='lat' dir='ltr'>Caesar</span> <span class='ocrx_word' id='word_1_639' title='bbox 2382 4164 2665 4219; x_wconf 89' lang='lat' dir='ltr'>Baronius</span> <span class='ocrx_word' id='word_1_640' title='bbox 2690 4163 3007 4234; x_wconf 77' lang='lat' dir='ltr'>(Annalium</span> <span class='ocrx_word' id='word_1_641' title='bbox 3038 4168 3179 4219; x_wconf 87' lang='lat' dir='ltr'>tom.</span> <span class='ocrx_word' id='word_1_642' title='bbox 3215 4163 3287 4229; x_wconf 86' lang='lat' dir='ltr'>ll,</span> <span class='ocrx_word' id='word_1_643' title='bbox 3318 4162 3395 4218; x_wconf 86' lang='lat' dir='ltr'>ad</span> <span class='ocrx_word' id='word_1_644' title='bbox 3426 4179 3568 4217; x_wconf 83' lang='lat' dir='ltr'>ann.</span> <span class='ocrx_word' id='word_1_645' title='bbox 3623 4154 3818 4220; x_wconf 75' lang='lat' dir='ltr'>CXCIX,</span> 
     </span>
    </p>
   </div>
   <div class='ocr_carea' id='block_1_93' title="bbox 2164 4245 3822 4323">
    <p class='ocr_par' dir='ltr' id='par_1_93' title="bbox 2164 4245 3822 4323">
     <span class='ocr_line' id='line_1_94' title="bbox 2164 4245 3822 4323; baseline -0.005 -17"><span class='ocrx_word' id='word_1_646' title='bbox 2164 4269 2228 4319; x_wconf 77' lang='grc' dir='ltr'>ιι,</span> <span class='ocrx_word' id='word_1_647' title='bbox 2289 4270 2330 4321; x_wconf 82' lang='lat'>1,</span> <span class='ocrx_word' id='word_1_648' title='bbox 2388 4268 2445 4323; x_wconf 90' lang='lat' dir='ltr'>p.</span> <span class='ocrx_word' id='word_1_649' title='bbox 2506 4252 2673 4320; x_wconf 81' lang='lat'>293(;</span> <span class='ocrx_word' id='word_1_650' title='bbox 2736 4251 2935 4306; x_wconf 86' lang='lat' dir='ltr'>Franc.</span> <span class='ocrx_word' id='word_1_651' title='bbox 2973 4250 3400 4307; x_wconf 89' lang='lat' dir='ltr'>Mediobarbus</span> <span class='ocrx_word' id='word_1_652' title='bbox 3436 4249 3522 4321; x_wconf 83' lang='lat' dir='ltr'>(in</span> <span class='ocrx_word' id='word_1_653' title='bbox 3553 4245 3822 4304; x_wconf 79' lang='lat' dir='ltr'>Numism.</span> 
     </span>
    </p>
   </div>
   <div class='ocr_carea' id='block_1_94' title="bbox 2164 4331 3823 4412">
    <p class='ocr_par' dir='ltr' id='par_1_94' title="bbox 2164 4331 3823 4412">
     <span class='ocr_line' id='line_1_95' title="bbox 2164 4331 3823 4412; baseline -0.007 -16"><span class='ocrx_word' id='word_1_654' title='bbox 2164 4343 2355 4412; x_wconf 80' lang='lat' dir='ltr'>imper.</span> <span class='ocrx_word' id='word_1_655' title='bbox 2389 4357 2443 4412; x_wconf 93' lang='lat' dir='ltr'>p.</span> <span class='ocrx_word' id='word_1_656' title='bbox 2467 4340 2593 4411; x_wconf 86' lang='lat'>271,</span> <span class='ocrx_word' id='word_1_657' title='bbox 2626 4340 2876 4395; x_wconf 79' lang='lat' dir='ltr'>Mediub.</span> <span class='ocrx_word' id='word_1_658' title='bbox 2914 4341 3071 4412; x_wconf 86' lang='lat'>1683)</span> <span class='ocrx_word' id='word_1_659' title='bbox 3100 4358 3113 4409; x_wconf 88' lang='lat'><strong>;</strong></span> <span class='ocrx_word' id='word_1_660' title='bbox 3164 4339 3606 4396; x_wconf 87' lang='lat' dir='ltr'>celeberrimus</span> <span class='ocrx_word' id='word_1_661' title='bbox 3660 4331 3823 4389; x_wconf 84' lang='lat' dir='ltr'>Tille-</span> 
     </span>
    </p>
   </div>
   <div class='ocr_carea' id='block_1_95' title="bbox 2164 4426 3823 4501">
    <p class='ocr_par' dir='ltr' id='par_1_95' title="bbox 2164 4426 3823 4501">
     <span class='ocr_line' id='line_1_96' title="bbox 2164 4426 3823 4501; baseline -0.002 -15"><span class='ocrx_word' id='word_1_662' title='bbox 2164 4430 2425 4486; x_wconf 89' lang='lat' dir='ltr'>montius</span> <span class='ocrx_word' id='word_1_663' title='bbox 2483 4430 2751 4499; x_wconf 77' lang='lat' dir='ltr'>(Histoire</span> <span class='ocrx_word' id='word_1_664' title='bbox 2805 4430 2896 4485; x_wconf 75' lang='lat' dir='ltr'>de:</span> <span class='ocrx_word' id='word_1_665' title='bbox 2954 4432 3173 4501; x_wconf 82' lang='lat' dir='ltr'>Emper.</span> <span class='ocrx_word' id='word_1_666' title='bbox 3235 4434 3388 4484; x_wconf 92' lang='lat' dir='ltr'>tom.</span> <span class='ocrx_word' id='word_1_667' title='bbox 3466 4427 3573 4494; x_wconf 86' lang='lat' dir='ltr'>III,</span> <span class='ocrx_word' id='word_1_668' title='bbox 3606 4426 3755 4499; x_wconf 85' lang='lat' dir='ltr'>part.</span> <span class='ocrx_word' id='word_1_669' title='bbox 3786 4435 3823 4483; x_wconf 76' lang='grc' dir='ltr'>ι,</span> 
     </span>
    </p>
   </div>
   <div class='ocr_carea' id='block_1_96' title="bbox 396 4507 3826 4593">
    <p class='ocr_par' dir='ltr' id='par_1_96' title="bbox 396 4507 3826 4593">
     <span class='ocr_line' id='line_1_97' title="bbox 396 4507 3826 4593; baseline -0.003 -17"><span class='ocrx_word' id='word_1_670' title='bbox 396 4519 622 4587; x_wconf 86' lang='lat' dir='ltr'>vinum,</span> <span class='ocrx_word' id='word_1_671' title='bbox 655 4538 759 4576; x_wconf 90' lang='lat' dir='ltr'>nec</span> <span class='ocrx_word' id='word_1_672' title='bbox 786 4522 1114 4577; x_wconf 89' lang='lat' dir='ltr'>humanum</span> <span class='ocrx_word' id='word_1_673' title='bbox 1160 4521 1474 4593; x_wconf 89' lang='lat' dir='ltr'>sapientes,</span> <span class='ocrx_word' id='word_1_674' title='bbox 1527 4519 1803 4576; x_wconf 90' lang='lat' dir='ltr'>belluinis</span> <span class='ocrx_word' id='word_1_675' title='bbox 1844 4521 2042 4575; x_wconf 91' lang='lat' dir='ltr'>verius</span> <span class='ocrx_word' id='word_1_676' title='bbox 2083 4507 2127 4570; x_wconf 89' lang='lat' dir='ltr'><strong>D</strong></span> <span class='ocrx_word' id='word_1_677' title='bbox 2162 4537 2215 4591; x_wconf 91' lang='lat' dir='ltr'>p.</span> <span class='ocrx_word' id='word_1_678' title='bbox 2248 4519 2317 4572; x_wconf 79' lang='lat'>72-</span> <span class='ocrx_word' id='word_1_679' title='bbox 2349 4522 2403 4573; x_wconf 92' lang='lat' dir='ltr'>et</span> <span class='ocrx_word' id='word_1_680' title='bbox 2433 4536 2490 4589; x_wconf 93' lang='lat' dir='ltr'>p.</span> <span class='ocrx_word' id='word_1_681' title='bbox 2524 4518 2648 4588; x_wconf 78' lang='grc'>404)</span> <span class='ocrx_word' id='word_1_682' title='bbox 2681 4517 3131 4590; x_wconf 89' lang='lat' dir='ltr'>compluresque</span> <span class='ocrx_word' id='word_1_683' title='bbox 3163 4518 3263 4574; x_wconf 90' lang='lat' dir='ltr'>alii</span> <span class='ocrx_word' id='word_1_684' title='bbox 3314 4523 3599 4574; x_wconf 89' lang='lat' dir='ltr'>tuentur.</span> <span class='ocrx_word' id='word_1_685' title='bbox 3664 4512 3729 4569; x_wconf 87' lang='lat' dir='ltr'>Hi</span> <span class='ocrx_word' id='word_1_686' title='bbox 3783 4507 3826 4563; x_wconf 86' lang='lat' dir='ltr'>si</span> 
     </span>
    </p>
   </div>
   <div class='ocr_carea' id='block_1_97' title="bbox 397 4610 2045 4684">
    <p class='ocr_par' dir='ltr' id='par_1_97' title="bbox 397 4610 2045 4684">
     <span class='ocr_line' id='line_1_98' title="bbox 397 4610 2045 4684; baseline 0.001 -20"><span class='ocrx_word' id='word_1_687' title='bbox 397 4626 575 4681; x_wconf 90' lang='lat' dir='ltr'>quam</span> <span class='ocrx_word' id='word_1_688' title='bbox 625 4610 903 4667; x_wconf 89' lang='lat' dir='ltr'>humanis</span> <span class='ocrx_word' id='word_1_689' title='bbox 950 4613 1213 4668; x_wconf 89' lang='lat' dir='ltr'>moribus</span> <span class='ocrx_word' id='word_1_690' title='bbox 1236 4610 1483 4684; x_wconf 68' lang='lat' dir='ltr'>praediti,</span> <span class='ocrx_word' id='word_1_691' title='bbox 1518 4610 1897 4683; x_wconf 85' lang='lat' dir='ltr'>flagitiorum,</span> <span class='ocrx_word' id='word_1_692' title='bbox 1932 4628 2045 4666; x_wconf 89' lang='lat' dir='ltr'>non</span> 
     </span>
    </p>
   </div>
   <div class='ocr_carea' id='block_1_98' title="bbox 394 4698 2044 4757">
    <p class='ocr_par' dir='ltr' id='par_1_98' title="bbox 394 4698 2044 4757">
     <span class='ocr_line' id='line_1_99' title="bbox 394 4698 2044 4757; baseline 0.001 -4"><span class='ocrx_word' id='word_1_693' title='bbox 394 4698 727 4755; x_wconf 89' lang='lat' dir='ltr'>litterarum</span> <span class='ocrx_word' id='word_1_694' title='bbox 762 4700 1163 4757; x_wconf 88' lang='lat' dir='ltr'>scientissimi.</span> <span class='ocrx_word' id='word_1_695' title='bbox 1191 4700 1441 4756; x_wconf 90' lang='lat' dir='ltr'>Multum</span> <span class='ocrx_word' id='word_1_696' title='bbox 1475 4717 1505 4755; x_wconf 92' lang='lat' dir='ltr'>e</span> <span class='ocrx_word' id='word_1_697' title='bbox 1555 4701 1847 4756; x_wconf 88' lang='lat' dir='ltr'>contrario</span> <span class='ocrx_word' id='word_1_698' title='bbox 1897 4705 2044 4755; x_wconf 86' lang='lat' dir='ltr'>tem-</span> 
     </span>
    </p>
   </div>
   <div class='ocr_carea' id='block_1_99' title="bbox 391 4787 2039 4859">
    <p class='ocr_par' dir='ltr' id='par_1_99' title="bbox 391 4787 2039 4859">
     <span class='ocr_line' id='line_1_100' title="bbox 391 4787 2039 4859; baseline 0.001 -16"><span class='ocrx_word' id='word_1_699' title='bbox 391 4787 551 4859; x_wconf 89' lang='lat' dir='ltr'>poris</span> <span class='ocrx_word' id='word_1_700' title='bbox 584 4789 642 4843; x_wconf 90' lang='lat' dir='ltr'>in</span> <span class='ocrx_word' id='word_1_701' title='bbox 678 4790 1050 4846; x_wconf 89' lang='lat' dir='ltr'>addiscendis</span> <span class='ocrx_word' id='word_1_702' title='bbox 1081 4790 1308 4844; x_wconf 90' lang='lat' dir='ltr'>artibus</span> <span class='ocrx_word' id='word_1_703' title='bbox 1337 4794 1583 4844; x_wconf 85' lang='lat' dir='ltr'>Severus</span> <span class='ocrx_word' id='word_1_704' title='bbox 1610 4788 1995 4844; x_wconf 83' lang='lat' dir='ltr'>collocaverat</span> <span class='ocrx_word' id='word_1_705' title='bbox 2026 4807 2039 4845; x_wconf 89' lang='lat'>:</span> 
     </span>
    </p>
   </div>
   <div class='ocr_carea' id='block_1_100' title="bbox 393 4876 2040 4949">
    <p class='ocr_par' dir='ltr' id='par_1_100' title="bbox 393 4876 2040 4949">
     <span class='ocr_line' id='line_1_101' title="bbox 393 4876 2040 4949; baseline 0.003 -22"><span class='ocrx_word' id='word_1_706' title='bbox 393 4899 422 4927; x_wconf 88' lang='grc'><em>‹‹</em></span> <span class='ocrx_word' id='word_1_707' title='bbox 454 4876 846 4949; x_wconf 70' lang='lat' dir='ltr'>Philosophiae</span> <span class='ocrx_word' id='word_1_708' title='bbox 895 4896 959 4933; x_wconf 88' lang='lat' dir='ltr'>ac</span> <span class='ocrx_word' id='word_1_709' title='bbox 1003 4878 1233 4934; x_wconf 87' lang='lat' dir='ltr'>dicendi</span> <span class='ocrx_word' id='word_1_710' title='bbox 1287 4877 1501 4932; x_wconf 89' lang='lat' dir='ltr'>studiis</span> <span class='ocrx_word' id='word_1_711' title='bbox 1554 4877 1699 4933; x_wconf 88' lang='lat' dir='ltr'>satis</span> <span class='ocrx_word' id='word_1_712' title='bbox 1750 4878 2040 4945; x_wconf 87' lang='lat' dir='ltr'>deditum,</span> 
     </span>
    </p>
   </div>
   <div class='ocr_carea' id='block_1_101' title="bbox 390 4966 2041 5038">
    <p class='ocr_par' dir='ltr' id='par_1_101' title="bbox 390 4966 2041 5038">
     <span class='ocr_line' id='line_1_102' title="bbox 390 4966 2041 5038; baseline 0.001 -17"><span class='ocrx_word' id='word_1_713' title='bbox 390 4966 669 5021; x_wconf 81' lang='lat' dir='ltr'>doctrinae</span> <span class='ocrx_word' id='word_1_714' title='bbox 725 4983 957 5038; x_wconf 91' lang='lat' dir='ltr'>quoque</span> <span class='ocrx_word' id='word_1_715' title='bbox 1016 4967 1194 5022; x_wconf 90' lang='lat' dir='ltr'>nimis</span> <span class='ocrx_word' id='word_1_716' title='bbox 1252 4966 1555 5038; x_wconf 90' lang='lat' dir='ltr'>cupidum,</span> <span class='ocrx_word' id='word_1_717' title='bbox 1603 4988 1631 5017; x_wconf 85' lang='lat'>»</span> <span class='ocrx_word' id='word_1_718' title='bbox 1694 4966 2041 5038; x_wconf 86' lang='lat' dir='ltr'>Spartianus</span> 
     </span>
    </p>
   </div>
   <div class='ocr_carea' id='block_1_102' title="bbox 391 5054 2038 5127">
    <p class='ocr_par' dir='ltr' id='par_1_102' title="bbox 391 5054 2038 5127">
     <span class='ocr_line' id='line_1_103' title="bbox 391 5054 2038 5127; baseline -0.002 -16"><span class='ocrx_word' id='word_1_719' title='bbox 391 5056 533 5125; x_wconf 79' lang='lat' dir='ltr'>(Vita</span> <span class='ocrx_word' id='word_1_720' title='bbox 582 5054 789 5126; x_wconf 79' lang='lat' dir='ltr'>Severi,</span> <span class='ocrx_word' id='word_1_721' title='bbox 834 5072 961 5126; x_wconf 88' lang='lat' dir='ltr'>cap.</span> <span class='ocrx_word' id='word_1_722' title='bbox 1000 5056 1085 5125; x_wconf 88' lang='grc'>18,</span> <span class='ocrx_word' id='word_1_723' title='bbox 1122 5073 1177 5125; x_wconf 93' lang='lat' dir='ltr'>p.</span> <span class='ocrx_word' id='word_1_724' title='bbox 1212 5055 1335 5127; x_wconf 84' lang='grc'>154)</span> <span class='ocrx_word' id='word_1_725' title='bbox 1366 5059 1576 5111; x_wconf 87' lang='lat' dir='ltr'>vocat:</span> <span class='ocrx_word' id='word_1_726' title='bbox 1612 5056 1877 5109; x_wconf 82' lang='lat' dir='ltr'>ardorem</span> <span class='ocrx_word' id='word_1_727' title='bbox 1912 5055 2038 5123; x_wconf 83' lang='lat' dir='ltr'>ejus</span> 
     </span>
    </p>
   </div>
   <div class='ocr_carea' id='block_1_103' title="bbox 387 5142 2036 5215">
    <p class='ocr_par' dir='ltr' id='par_1_103' title="bbox 387 5142 2036 5215">
     <span class='ocr_line' id='line_1_104' title="bbox 387 5142 2036 5215; baseline 0 -18"><span class='ocrx_word' id='word_1_728' title='bbox 387 5147 443 5197; x_wconf 91' lang='lat' dir='ltr'>et</span> <span class='ocrx_word' id='word_1_729' title='bbox 498 5142 852 5199; x_wconf 90' lang='lat' dir='ltr'>industriam</span> <span class='ocrx_word' id='word_1_730' title='bbox 917 5143 1017 5199; x_wconf 92' lang='lat' dir='ltr'>Dio</span> <span class='ocrx_word' id='word_1_731' title='bbox 1076 5145 1471 5215; x_wconf 88' lang='lat' dir='ltr'>commendat,</span> <span class='ocrx_word' id='word_1_732' title='bbox 1519 5143 1655 5198; x_wconf 90' lang='lat' dir='ltr'>licet</span> <span class='ocrx_word' id='word_1_733' title='bbox 1687 5143 1757 5197; x_wconf 89' lang='lat' dir='ltr'>ad</span> <span class='ocrx_word' id='word_1_734' title='bbox 1791 5159 1877 5209; x_wconf 91' lang='lat' dir='ltr'>ea,</span> <span class='ocrx_word' id='word_1_735' title='bbox 1910 5158 2036 5213; x_wconf 67' lang='lat' dir='ltr'>quae</span> 
     </span>
    </p>
   </div>
   <div class='ocr_carea' id='block_1_104' title="bbox 388 5232 2035 5304">
    <p class='ocr_par' dir='ltr' id='par_1_104' title="bbox 388 5232 2035 5304">
     <span class='ocr_line' id='line_1_105' title="bbox 388 5232 2035 5304; baseline 0.001 -18"><span class='ocrx_word' id='word_1_736' title='bbox 388 5235 582 5287; x_wconf 90' lang='lat' dir='ltr'>mente</span> <span class='ocrx_word' id='word_1_737' title='bbox 612 5232 1060 5304; x_wconf 88' lang='lat' dir='ltr'>conceperat,in</span> <span class='ocrx_word' id='word_1_738' title='bbox 1113 5248 1286 5287; x_wconf 89' lang='lat' dir='ltr'>usum</span> <span class='ocrx_word' id='word_1_739' title='bbox 1338 5232 1681 5287; x_wconf 87' lang='lat' dir='ltr'>deducenda</span> <span class='ocrx_word' id='word_1_740' title='bbox 1728 5249 1841 5286; x_wconf 89' lang='lat' dir='ltr'>non</span> <span class='ocrx_word' id='word_1_741' title='bbox 1894 5232 2035 5287; x_wconf 90' lang='lat' dir='ltr'>adeo</span> 
     </span>
    </p>
   </div>
   <div class='ocr_carea' id='block_1_105' title="bbox 384 5320 2034 5392">
    <p class='ocr_par' dir='ltr' id='par_1_105' title="bbox 384 5320 2034 5392">
     <span class='ocr_line' id='line_1_106' title="bbox 384 5320 2034 5392; baseline 0 -17"><span class='ocrx_word' id='word_1_742' title='bbox 384 5325 561 5392; x_wconf 86' lang='lat' dir='ltr'>aptus</span> <span class='ocrx_word' id='word_1_743' title='bbox 588 5321 781 5377; x_wconf 87' lang='lat' dir='ltr'>fuerit.</span> <span class='ocrx_word' id='word_1_744' title='bbox 816 5322 980 5376; x_wconf 90' lang='lat' dir='ltr'>Hunc</span> <span class='ocrx_word' id='word_1_745' title='bbox 1013 5320 1289 5377; x_wconf 87' lang='lat' dir='ltr'>nimirum</span> <span class='ocrx_word' id='word_1_746' title='bbox 1322 5322 1791 5391; x_wconf 69' lang='lat' dir='ltr'>verborum,quaa</span> <span class='ocrx_word' id='word_1_747' title='bbox 1824 5322 2034 5377; x_wconf 88' lang='lat' dir='ltr'>exscri-</span> 
     </span>
    </p>
   </div>
   <div class='ocr_carea' id='block_1_106' title="bbox 383 5409 2029 5481">
    <p class='ocr_par' dir='ltr' id='par_1_106' title="bbox 383 5409 2029 5481">
     <span class='ocr_line' id='line_1_107' title="bbox 383 5409 2029 5481; baseline 0.002 -18"><span class='ocrx_word' id='word_1_748' title='bbox 383 5410 540 5464; x_wconf 91' lang='lat' dir='ltr'>bam.</span> <span class='ocrx_word' id='word_1_749' title='bbox 575 5425 814 5466; x_wconf 89' lang='lat' dir='ltr'>sensum</span> <span class='ocrx_word' id='word_1_750' title='bbox 858 5426 983 5465; x_wconf 79' lang='lat' dir='ltr'>esse</span> <span class='ocrx_word' id='word_1_751' title='bbox 1033 5409 1240 5480; x_wconf 89' lang='lat' dir='ltr'>opinor</span> <span class='ocrx_word' id='word_1_752' title='bbox 1289 5409 1413 5481; x_wconf 88' lang='lat' dir='ltr'>(lib.</span> <span class='ocrx_word' id='word_1_753' title='bbox 1476 5426 1627 5477; x_wconf 75' lang='lat' dir='ltr'>xxvx,</span> <span class='ocrx_word' id='word_1_754' title='bbox 1686 5412 1749 5466; x_wconf 83' lang='lat' dir='ltr'>in</span> <span class='ocrx_word' id='word_1_755' title='bbox 1778 5410 2029 5481; x_wconf 72' lang='lat' dir='ltr'>Excerpt.</span> 
     </span>
    </p>
   </div>
   <div class='ocr_carea' id='block_1_107' title="bbox 380 5497 2028 5571">
    <p class='ocr_par' dir='ltr' id='par_1_107' title="bbox 380 5497 2028 5571">
     <span class='ocr_line' id='line_1_108' title="bbox 380 5497 2028 5571; baseline 0.001 -19"><span class='ocrx_word' id='word_1_756' title='bbox 380 5500 611 5553; x_wconf 86' lang='lat' dir='ltr'>Peiresc</span> <span class='ocrx_word' id='word_1_757' title='bbox 661 5499 732 5552; x_wconf 88' lang='lat' dir='ltr'>ab</span> <span class='ocrx_word' id='word_1_758' title='bbox 774 5497 945 5551; x_wconf 84' lang='lat' dir='ltr'>Henr.</span> <span class='ocrx_word' id='word_1_759' title='bbox 978 5497 1208 5554; x_wconf 88' lang='lat' dir='ltr'>Valesio</span> <span class='ocrx_word' id='word_1_760' title='bbox 1232 5499 1368 5555; x_wconf 89' lang='lat' dir='ltr'>cdit.</span> <span class='ocrx_word' id='word_1_761' title='bbox 1404 5518 1459 5570; x_wconf 87' lang='lat' dir='ltr'>p.</span> <span class='ocrx_word' id='word_1_762' title='bbox 1498 5500 1618 5565; x_wconf 88' lang='grc'>110,</span> <span class='ocrx_word' id='word_1_763' title='bbox 1650 5499 1835 5567; x_wconf 86' lang='lat' dir='ltr'>Paris,</span> <span class='ocrx_word' id='word_1_764' title='bbox 1870 5501 2028 5571; x_wconf 72' lang='lat'>1634,</span> 
     </span>
    </p>
   </div>
   <div class='ocr_carea' id='block_1_108' title="bbox 383 5580 2033 5662">
    <p class='ocr_par' dir='ltr' id='par_1_108' title="bbox 383 5580 2033 5662">
     <span class='ocr_line' id='line_1_109' title="bbox 383 5580 2033 5662; baseline 0.002 -23"><span class='ocrx_word' id='word_1_765' title='bbox 383 5585 554 5657; x_wconf 68' lang='lat' dir='ltr'>in-li&#39;)</span> <span class='ocrx_word' id='word_1_766' title='bbox 590 5602 602 5640; x_wconf 91' lang='lat'>:</span> <span class='ocrx_word' id='word_1_767' title='bbox 638 5580 889 5647; x_wconf 77' lang='grc' dir='ltr'>Παιδείας</span> <span class='ocrx_word' id='word_1_768' title='bbox 943 5585 1037 5657; x_wconf 71' lang='grc' dir='ltr'>μὲν</span> <span class='ocrx_word' id='word_1_769' title='bbox 1096 5584 1196 5662; x_wconf 72' lang='grc' dir='ltr'>γὰρ</span> <span class='ocrx_word' id='word_1_770' title='bbox 1258 5585 1511 5660; x_wconf 70' lang='grc' dir='ltr'>ἐπεθύμει</span> <span class='ocrx_word' id='word_1_771' title='bbox 1574 5584 1786 5660; x_wconf 78' lang='grc' dir='ltr'>μᾶλλον</span> <span class='ocrx_word' id='word_1_772' title='bbox 1825 5587 1858 5655; x_wconf 71' lang='grc' dir='ltr'><strong>ἢ</strong></span> <span class='ocrx_word' id='word_1_773' title='bbox 1913 5586 2033 5642; x_wconf 73' lang='grc' dir='ltr'><strong>ἐπε-</strong></span> 
     </span>
    </p>
   </div>
   <div class='ocr_carea' id='block_1_109' title="bbox 2160 4598 3829 4678">
    <p class='ocr_par' dir='ltr' id='par_1_109' title="bbox 2160 4598 3829 4678">
     <span class='ocr_line' id='line_1_110' title="bbox 2160 4598 3829 4678; baseline -0.005 -16"><span class='ocrx_word' id='word_1_774' title='bbox 2160 4608 2368 4678; x_wconf 86' lang='lat' dir='ltr'>majori</span> <span class='ocrx_word' id='word_1_775' title='bbox 2401 4607 2656 4664; x_wconf 87' lang='lat' dir='ltr'>rationes</span> <span class='ocrx_word' id='word_1_776' title='bbox 2680 4624 2818 4663; x_wconf 91' lang='lat' dir='ltr'>suas</span> <span class='ocrx_word' id='word_1_777' title='bbox 2851 4607 3142 4663; x_wconf 90' lang='lat' dir='ltr'>industria</span> <span class='ocrx_word' id='word_1_778' title='bbox 3174 4608 3616 4672; x_wconf 87' lang='lat' dir='ltr'>munivissent,</span> <span class='ocrx_word' id='word_1_779' title='bbox 3651 4598 3829 4656; x_wconf 84' lang='lat' dir='ltr'>invio-</span> 
     </span>
    </p>
   </div>
   <div class='ocr_carea' id='block_1_110' title="bbox 2155 4690 3832 4753">
    <p class='ocr_par' dir='ltr' id='par_1_110' title="bbox 2155 4690 3832 4753">
     <span class='ocr_line' id='line_1_111' title="bbox 2155 4690 3832 4753; baseline -0.006 -2"><span class='ocrx_word' id='word_1_780' title='bbox 2155 4697 2303 4753; x_wconf 84' lang='lat' dir='ltr'>latae</span> <span class='ocrx_word' id='word_1_781' title='bbox 2332 4696 2457 4753; x_wconf 90' lang='lat' dir='ltr'>sine</span> <span class='ocrx_word' id='word_1_782' title='bbox 2487 4697 2663 4751; x_wconf 91' lang='lat' dir='ltr'>dubio</span> <span class='ocrx_word' id='word_1_783' title='bbox 2696 4714 2760 4751; x_wconf 89' lang='lat' dir='ltr'>ac</span> <span class='ocrx_word' id='word_1_784' title='bbox 2790 4701 2973 4753; x_wconf 85' lang='lat' dir='ltr'>tectas</span> <span class='ocrx_word' id='word_1_785' title='bbox 3019 4703 3504 4753; x_wconf 84' lang='lat' dir='ltr'>conservassent.</span> <span class='ocrx_word' id='word_1_786' title='bbox 3556 4690 3832 4750; x_wconf 87' lang='lat' dir='ltr'>Munivis-</span> 
     </span>
    </p>
   </div>
   <div class='ocr_carea' id='block_1_111' title="bbox 2154 4783 3828 4858">
    <p class='ocr_par' dir='ltr' id='par_1_111' title="bbox 2154 4783 3828 4858">
     <span class='ocr_line' id='line_1_112' title="bbox 2154 4783 3828 4858; baseline -0.007 -16"><span class='ocrx_word' id='word_1_787' title='bbox 2154 4793 2285 4843; x_wconf 89' lang='lat' dir='ltr'>sent</span> <span class='ocrx_word' id='word_1_788' title='bbox 2345 4803 2497 4849; x_wconf 85' lang='lat' dir='ltr'>vero,</span> <span class='ocrx_word' id='word_1_789' title='bbox 2552 4791 2615 4840; x_wconf 90' lang='lat' dir='ltr'>ut</span> <span class='ocrx_word' id='word_1_790' title='bbox 2644 4786 2870 4856; x_wconf 89' lang='lat' dir='ltr'>opinor,</span> <span class='ocrx_word' id='word_1_791' title='bbox 2905 4787 2953 4840; x_wconf 91' lang='lat' dir='ltr'>si</span> <span class='ocrx_word' id='word_1_792' title='bbox 2986 4803 3342 4858; x_wconf 90' lang='lat' dir='ltr'>quemquam</span> <span class='ocrx_word' id='word_1_793' title='bbox 3382 4791 3513 4840; x_wconf 87' lang='lat' dir='ltr'>tam</span> <span class='ocrx_word' id='word_1_794' title='bbox 3549 4783 3828 4839; x_wconf 87' lang='lat' dir='ltr'>audacem</span> 
     </span>
    </p>
   </div>
   <div class='ocr_carea' id='block_1_112' title="bbox 2152 4876 3830 4946">
    <p class='ocr_par' dir='ltr' id='par_1_112' title="bbox 2152 4876 3830 4946">
     <span class='ocr_line' id='line_1_113' title="bbox 2152 4876 3830 4946; baseline -0.005 -17"><span class='ocrx_word' id='word_1_795' title='bbox 2152 4877 2274 4929; x_wconf 91' lang='lat' dir='ltr'>fore</span> <span class='ocrx_word' id='word_1_796' title='bbox 2307 4880 2637 4946; x_wconf 90' lang='lat' dir='ltr'>putassent,</span> <span class='ocrx_word' id='word_1_797' title='bbox 2672 4880 2734 4928; x_wconf 87' lang='lat' dir='ltr'>ut</span> <span class='ocrx_word' id='word_1_798' title='bbox 2765 4891 2862 4929; x_wconf 89' lang='lat' dir='ltr'>eas</span> <span class='ocrx_word' id='word_1_799' title='bbox 2886 4881 3213 4946; x_wconf 83' lang='lat' dir='ltr'>pervertere</span> <span class='ocrx_word' id='word_1_800' title='bbox 3244 4892 3309 4930; x_wconf 89' lang='lat' dir='ltr'>ac</span> <span class='ocrx_word' id='word_1_801' title='bbox 3351 4876 3615 4945; x_wconf 86' lang='lat' dir='ltr'>rejicere</span> <span class='ocrx_word' id='word_1_802' title='bbox 3665 4885 3830 4926; x_wconf 89' lang='lat' dir='ltr'>cona-</span> 
     </span>
    </p>
   </div>
   <div class='ocr_carea' id='block_1_113' title="bbox 2154 4963 3830 5035">
    <p class='ocr_par' dir='ltr' id='par_1_113' title="bbox 2154 4963 3830 5035">
     <span class='ocr_line' id='line_1_114' title="bbox 2154 4963 3830 5035; baseline -0.005 -16"><span class='ocrx_word' id='word_1_803' title='bbox 2154 4970 2332 5019; x_wconf 85' lang='lat' dir='ltr'>retur.</span> <span class='ocrx_word' id='word_1_804' title='bbox 2392 4966 2507 5035; x_wconf 88' lang='lat' dir='ltr'>Ego</span> <span class='ocrx_word' id='word_1_805' title='bbox 2568 4963 2694 5019; x_wconf 92' lang='lat' dir='ltr'>sine</span> <span class='ocrx_word' id='word_1_806' title='bbox 2735 4964 2895 5019; x_wconf 87' lang='lat' dir='ltr'>omni</span> <span class='ocrx_word' id='word_1_807' title='bbox 2926 4980 3089 5019; x_wconf 90' lang='lat' dir='ltr'>mora</span> <span class='ocrx_word' id='word_1_808' title='bbox 3120 4964 3189 5019; x_wconf 89' lang='lat' dir='ltr'>iis</span> <span class='ocrx_word' id='word_1_809' title='bbox 3222 4981 3313 5019; x_wconf 92' lang='lat' dir='ltr'>me</span> <span class='ocrx_word' id='word_1_810' title='bbox 3347 4965 3675 5019; x_wconf 86' lang='lat' dir='ltr'>addictum</span> <span class='ocrx_word' id='word_1_811' title='bbox 3707 4972 3830 5013; x_wconf 86' lang='lat' dir='ltr'>esse</span> 
     </span>
    </p>
   </div>
   <div class='ocr_carea' id='block_1_114' title="bbox 2152 5052 3829 5125">
    <p class='ocr_par' dir='ltr' id='par_1_114' title="bbox 2152 5052 3829 5125">
     <span class='ocr_line' id='line_1_115' title="bbox 2152 5052 3829 5125; baseline -0.003 -19"><span class='ocrx_word' id='word_1_812' title='bbox 2152 5054 2442 5123; x_wconf 82' lang='lat' dir='ltr'>profiteor.</span> <span class='ocrx_word' id='word_1_813' title='bbox 2468 5052 2647 5120; x_wconf 86' lang='lat' dir='ltr'>Cujus</span> <span class='ocrx_word' id='word_1_814' title='bbox 2677 5052 2905 5107; x_wconf 90' lang='lat' dir='ltr'>consilii</span> <span class='ocrx_word' id='word_1_815' title='bbox 2940 5053 3566 5125; x_wconf 83' lang='lat' dir='ltr'>rationes,antequam</span> <span class='ocrx_word' id='word_1_816' title='bbox 3604 5062 3829 5111; x_wconf 90' lang='lat' dir='ltr'>eorum,</span> 
     </span>
    </p>
   </div>
   <div class='ocr_carea' id='block_1_115' title="bbox 2149 5134 3827 5213">
    <p class='ocr_par' dir='ltr' id='par_1_115' title="bbox 2149 5134 3827 5213">
     <span class='ocr_line' id='line_1_116' title="bbox 2149 5134 3827 5213; baseline -0.005 -16"><span class='ocrx_word' id='word_1_817' title='bbox 2149 5144 2247 5213; x_wconf 93' lang='lat' dir='ltr'>qui</span> <span class='ocrx_word' id='word_1_818' title='bbox 2282 5159 2447 5198; x_wconf 75' lang='lat' dir='ltr'>secus</span> <span class='ocrx_word' id='word_1_819' title='bbox 2479 5143 2762 5210; x_wconf 92' lang='lat' dir='ltr'>sentiunt,</span> <span class='ocrx_word' id='word_1_820' title='bbox 2805 5146 3154 5213; x_wconf 87' lang='lat' dir='ltr'>apparatum</span> <span class='ocrx_word' id='word_1_821' title='bbox 3206 5141 3549 5212; x_wconf 83' lang='lat' dir='ltr'>disjiciam,</span> <span class='ocrx_word' id='word_1_822' title='bbox 3602 5134 3827 5210; x_wconf 81' lang='lat' dir='ltr'>exposi-</span> 
     </span>
    </p>
   </div>
   <div class='ocr_carea' id='block_1_116' title="bbox 2146 5230 3831 5302">
    <p class='ocr_par' dir='ltr' id='par_1_116' title="bbox 2146 5230 3831 5302">
     <span class='ocr_line' id='line_1_117' title="bbox 2146 5230 3831 5302; baseline -0.007 -14"><span class='ocrx_word' id='word_1_823' title='bbox 2146 5237 2317 5288; x_wconf 85' lang='lat' dir='ltr'>turus</span> <span class='ocrx_word' id='word_1_824' title='bbox 2336 5231 2914 5289; x_wconf 83' lang='lat' dir='ltr'>sum.Fundamentis</span> <span class='ocrx_word' id='word_1_825' title='bbox 2932 5231 3085 5287; x_wconf 91' lang='lat' dir='ltr'>enim</span> <span class='ocrx_word' id='word_1_826' title='bbox 3109 5230 3593 5302; x_wconf 88' lang='lat' dir='ltr'>computationis</span> <span class='ocrx_word' id='word_1_827' title='bbox 3622 5230 3831 5286; x_wconf 67' lang='lat' dir='ltr'>nostra</span> 
     </span>
    </p>
   </div>
   <div class='ocr_carea' id='block_1_117' title="bbox 2146 5313 3829 5393">
    <p class='ocr_par' dir='ltr' id='par_1_117' title="bbox 2146 5313 3829 5393">
     <span class='ocr_line' id='line_1_118' title="bbox 2146 5313 3829 5393; baseline -0.007 -16"><span class='ocrx_word' id='word_1_828' title='bbox 2146 5322 2442 5389; x_wconf 80' lang='lat' dir='ltr'>indicatis,</span> <span class='ocrx_word' id='word_1_829' title='bbox 2470 5320 2699 5378; x_wconf 86' lang='lat' dir='ltr'>facilius</span> <span class='ocrx_word' id='word_1_830' title='bbox 2723 5321 3093 5391; x_wconf 87' lang='lat' dir='ltr'>judioahitur</span> <span class='ocrx_word' id='word_1_831' title='bbox 3122 5321 3276 5393; x_wconf 87' lang='lat' dir='ltr'>quod</span> <span class='ocrx_word' id='word_1_832' title='bbox 3329 5321 3613 5392; x_wconf 83' lang='lat' dir='ltr'>pretium</span> <span class='ocrx_word' id='word_1_833' title='bbox 3668 5313 3829 5373; x_wconf 86' lang='lat' dir='ltr'>alteri</span> 
     </span>
    </p>
   </div>
   <div class='ocr_carea' id='block_1_118' title="bbox 2145 5402 3829 5468">
    <p class='ocr_par' dir='ltr' id='par_1_118' title="bbox 2145 5402 3829 5468">
     <span class='ocr_line' id='line_1_119' title="bbox 2145 5402 3829 5468; baseline -0.004 -3"><span class='ocrx_word' id='word_1_834' title='bbox 2145 5413 2220 5468; x_wconf 89' lang='lat' dir='ltr'>sit</span> <span class='ocrx_word' id='word_1_835' title='bbox 2251 5410 2850 5466; x_wconf 87' lang='lat' dir='ltr'>statuendum.Primo</span> <span class='ocrx_word' id='word_1_836' title='bbox 2882 5410 3146 5466; x_wconf 91' lang='lat' dir='ltr'>omnium</span> <span class='ocrx_word' id='word_1_837' title='bbox 3174 5410 3280 5466; x_wconf 88' lang='lat' dir='ltr'>hoc</span> <span class='ocrx_word' id='word_1_838' title='bbox 3312 5407 3649 5465; x_wconf 87' lang='lat' dir='ltr'>observari</span> <span class='ocrx_word' id='word_1_839' title='bbox 3684 5402 3829 5467; x_wconf 87' lang='lat' dir='ltr'>volo,</span> 
     </span>
    </p>
   </div>
   <div class='ocr_carea' id='block_1_119' title="bbox 2143 5493 3827 5563">
    <p class='ocr_par' dir='ltr' id='par_1_119' title="bbox 2143 5493 3827 5563">
     <span class='ocr_line' id='line_1_120' title="bbox 2143 5493 3827 5563; baseline -0.006 -8"><span class='ocrx_word' id='word_1_840' title='bbox 2143 5517 2257 5555; x_wconf 92' lang='lat' dir='ltr'>non</span> <span class='ocrx_word' id='word_1_841' title='bbox 2300 5499 2650 5554; x_wconf 89' lang='lat' dir='ltr'>diuturnum</span> <span class='ocrx_word' id='word_1_842' title='bbox 2711 5498 3084 5556; x_wconf 86' lang='lat' dir='ltr'>Albinianum</span> <span class='ocrx_word' id='word_1_843' title='bbox 3150 5500 3333 5555; x_wconf 85' lang='lat' dir='ltr'>fuisse</span> <span class='ocrx_word' id='word_1_844' title='bbox 3401 5498 3670 5563; x_wconf 86' lang='lat' dir='ltr'>bellum,</span> <span class='ocrx_word' id='word_1_845' title='bbox 3731 5493 3827 5548; x_wconf 88' lang='lat' dir='ltr'>sed</span> 
     </span>
    </p>
   </div>
   <div class='ocr_carea' id='block_1_120' title="bbox 2141 5585 3825 5661">
    <p class='ocr_par' dir='ltr' id='par_1_120' title="bbox 2141 5585 3825 5661">
     <span class='ocr_line' id='line_1_121' title="bbox 2141 5585 3825 5661; baseline -0.004 -16"><span class='ocrx_word' id='word_1_846' title='bbox 2141 5589 2321 5645; x_wconf 88' lang='lat' dir='ltr'>altero</span> <span class='ocrx_word' id='word_1_847' title='bbox 2369 5604 2523 5645; x_wconf 90' lang='lat' dir='ltr'>anno</span> <span class='ocrx_word' id='word_1_848' title='bbox 2555 5592 2833 5661; x_wconf 75' lang='lat' dir='ltr'>emptum,</span> <span class='ocrx_word' id='word_1_849' title='bbox 2864 5589 3043 5647; x_wconf 88' lang='lat' dir='ltr'>altero</span> <span class='ocrx_word' id='word_1_850' title='bbox 3068 5589 3447 5648; x_wconf 80' lang='lat' dir='ltr'>absolutum.</span> <span class='ocrx_word' id='word_1_851' title='bbox 3488 5585 3736 5660; x_wconf 78' lang='lat' dir='ltr'>Magnis</span> <span class='ocrx_word' id='word_1_852' title='bbox 3762 5598 3825 5639; x_wconf 83' lang='lat' dir='ltr'>ac</span> 
     </span>
    </p>
   </div>
  </div>
