4094 6186
297 290 404 349 691

1017 286 1120 347 DE
1161 286 1447 347 JETATE
1491 284 2007 346 APOLOGE'I‘ICI
2052 283 2441 345 MOSHEMII
2486 285 2986 357 DISQUISITIO.

3589 292 3708 352 622

293 419 586 475 festinatis
617 418 926 473 itineribus
955 418 1013 473 in
1045 417 1295 473 Galliam
1328 433 1395 472 ex
1426 416 1664 472 Oriontc
1698 416 1947 471 Severus
1975 420 2029 485 Α
2061 416 2278 471 caudas
2309 417 2688 486 essejubent,
2721 419 2822 473 sed
2856 419 2937 473 ita
2969 424 3293 485 tautum,ut
3322 421 3513 477 tribus
3535 424 3709 479 annis

292 508 617 565 advolabat.
668 509 881 563 Aderat
929 510 986 563 et
1034 506 1235 563 statim
1287 505 1474 561 hostis
1525 504 1795 560 Albinus.
1832 504 1947 560 Nec

288 615 452 653 mora
480 616 493 667 ;
526 597 1083 669 congrediuntur,ac
1116 594 1555 651 velitationibus
1589 593 1946 666 quibusdam

291 686 359 741 de
391 703 630 741 summa
662 687 743 742 rei
776 684 1050 757 publicae,
1082 684 1237 740 haud
1294 684 1529 755 quidem
1582 682 1663 737 ita
1697 683 1948 754 magnis,

292 776 616 831 decertant.
661 775 915 845 Ancipiti
949 774 1113 829 initio
1154 779 1339 829 marte
1371 773 1766 844 pugnabatur,
1798 788 1862 827 ac
1891 773 1946 826 in

289 882 457 935 spem
488 864 745 920 victoriae
775 864 1018 918 Albinus
1042 865 1168 935 jam
1200 866 1429 918 erectus
1461 866 1603 917 erat.
1636 862 1742 916 Sed
1776 861 1948 933 paulo

287 960 420 1025 post
452 952 645 1008 fatalis
681 970 747 1009 ac
778 954 1101 1008 decretoria
1135 968 1312 1024 prope
1362 951 1714 1023 Lugdunum
1752 967 1949 1021 pugna

286 1042 380 1097 die
410 1059 470 1097 ιιι
503 1042 629 1098 Kal.
667 1043 930 1107 Martias,
978 1043 1187 1097 Severo
1217 1039 1542 1105 victoriam,
1576 1038 1781 1094 Albino
1812 1040 1948 1093 atl‘e-

286 1133 456 1187 rebat
490 1131 820 1187 interitum.
852 1133 1089 1196 Omnes,
1123 1146 1273 1201 quos
1302 1129 1610 1196 habemus,
1634 1128 1947 1200 scriptores

285 1225 504 1276 cuncta
534 1221 653 1276 haec
680 1220 839 1276 brevi
873 1225 1131 1291 tempore
1153 1224 1338 1292 gesta,
1360 1235 1463 1273 nec
1492 1216 1737 1273 ulterius
1770 1234 1947 1288 quam

283 1309 343 1364 in
379 1309 633 1365 alterum
674 1326 894 1364 annum
943 1312 1234 1380 protracta
1282 1324 1431 1374 esse,
1488 1311 1797 1361 testantur.
1836 1305 1948 1360 Nec

286 1400 444 1470 quod
480 1398 663 1469 excipi
711 1398 899 1469 possit
930 1397 1048 1452 ullo
1106 1400 1275 1451 modo
1338 1395 1614 1465 intelligo.
1663 1395 1815 1459 Jam,
1846 1412 1950 1449 cur

285 1488 439 1543 duos
474 1488 648 1542 hosce
696 1503 883 1542 annos
933 1486 1133 1541 CXCVI
1188 1491 1243 1540 et
1293 1484 1525 1539 CXCVII
1580 1500 1706 1538 esse
1753 1482 1946 1537 velim.

283 1576 509 1647 accipe.
541 1576 673 1630 Tria
706 1576 764 1630 in
797 1576 977 1631 aciem
1013 1580 1362 1647 argumenta
1383 1574 1628 1628 educam
1656 1590 1666 1627 :
1707 1577 1948 1627 Pescen-

281 1666 453 1720 nium
487 1664 749 1735 Nigrum,
782 1664 1031 1719 alterum
1065 1663 1254 1718 Severi
1285 1662 1586 1729 (amulum,
1621 1678 1758 1716 ann.
1784 1659 1946 1714 CXIV

276 1754 504 1809 victum
531 1754 763 1825 vitaque
794 1754 1082 1825 privatum
1118 1769 1265 1821 esse,
1288 1752 1385 1822 qui
1421 1752 1477 1805 in
1514 1750 1759 1804 dubium
1785 1753 1946 1803 vocet

284 1846 393 1897 aut
444 1858 653 1897 vocare
703 1841 910 1913 possit,
963 1841 1162 1895 nullus
1224 1844 1331 1895 est.
1378 1840 1531 1896 552
1581 1839 1703 1893 Non
1759 1837 1942 1893 multo

282 1946 428 1986 vero
460 1935 594 2001 post
634 1930 690 1984 in
752 1928 999 1985 Galliam
1056 1934 1301 1983 Severus
1352 1929 1596 1983 sicarios
1655 1928 1939 1995 mittebat,

291 2028 421 2101 qui,
460 2044 532 2083 ne
563 2044 739 2100 quem
795 2032 1056 2099 augustas
1114 2026 1420 2097 dignitatis
1480 2041 1649 2097 porro
1706 2024 1943 2079 haberet

282 2118 543 2186 socium,
580 2117 851 2171 Albinum
885 2117 954 2171 de
981 2116 1173 2170 medio
1205 2114 1492 2169 tollerent.
1528 2118 1744 2168 Praetor
1776 2113 1942 2167 Hero-

281 2206 539 2261 dianum
568 2207 884 2277 (Historiar.
944 2204 1045 2261 lib.
1078 2221 1165 2270 111,
1225 2221 1276 2258 c.
1306 2205 1359 2271 5,
1394 2221 1447 2274 ρ.
1512 2220 1589 2257 m.
1629 2203 1770 2269 133),
1816 2201 1944 2272 ipsa

279 2294 487 2351 Severi
521 2295 588 2347 ad
632 2292 908 2348 Albinum
967 2293 1235 2364 epistola,
1287 2309 1463 2363 quam
1500 2290 1943 2363 percussoribus

277 2383 330 2439 ei
365 2384 733 2437 reddendam
770 2383 1108 2447 tradiderat,
1168 2382 1323 2453 apud
1372 2380 1763 2451 Capitolinum
1814 2381 1940 2451 (I’it.

282 2472 361 2527 Cl.
401 2472 617 2537 Albini,
659 2488 708 2526 c.
736 2472 791 2537 7,
822 2471 1037 2542 p.212)
1103 2471 1209 2525 hoc
1240 2469 1571 2525 confirmat.
1622 2473 1791 2522 Anno
1842 2467 1943 2521 mi-

278 2561 517 2616 nimum
552 2564 680 2631 post
710 2560 870 2629 Nigri
904 2560 1147 2615 exitium
1183 2559 1334 2613 hanc
1365 2561 1665 2612 exaratam
1698 2568 1943 2622 esse,ve1

275 2650 426 2705 levis
458 2649 587 2717 ejus
623 2648 908 2719 inspectio
954 2648 1161 2703 docere
1195 2652 1406 2719 potest.
1456 2649 1708 2699 Eventus
1740 2659 1945 2712 exspe-

278 2737 533 2793 ctationi
580 2737 951 2809 imperatoris
1006 2753 1137 2791 cum
1187 2753 1299 2791 non
1351 2734 1747 2805 responderet,
1800 2732 1946 2787 insi-

278 2828 517 2898 dieque
549 2832 897 2899 comparatae
931 2829 1355 2898 retegerentur,
1395 2824 1641 2878 Albinus
1670 2822 1946 2877 continuo

284 2931 456 2971 arma
488 2916 549 2970 in
580 2916 855 2970 Severum
887 2915 1173 2986 capiebat.
1210 2914 1263 2969 Is
1298 2914 1501 2968 nuntio
1552 2912 1659 2966 hoc
1714 2914 1948 2980 accepto

284 3004 368 3058 nil
408 3004 593 3076 quieti
640 3005 900 3059 dandum
961 3020 1088 3059 esse
1140 3003 1424 3075 putabat;
1458 3001 1559 3056 sed
1611 2998 1869 3054 collectis
1917 3013 1947 3053 e

285 3093 563 3164 vestigio,
596 3110 725 3164 quas
758 3098 1043 3163 poterant,
1077 3091 1259 3162 copiis
1291 3089 1617 3145 incredibili
1650 3088 1948 3143 celeritate

284 3180 346 3236 in
381 3181 660 3245 Galliam,
696 3196 814 3251 qua
853 3179 1033 3234 animi
1086 3185 1211 3234 erat
1258 3178 1645 3244 vehementia,
1682 3190 1949 3246 propera-
1979 3154 2021 3221 (ἶ

285 3270 413 3335 bat,
449 3270 847 3339 Albinumque
879 3268 1275 3324 adoriebatur.
1312 3267 1391 3321 Ne
1422 3266 1681 3337 Byzantii
1712 3264 1949 3335 quidem

284 3364 636 3430 exspectare
680 3357 909 3413 volebat
967 3355 1479 3428 expugnationem.
1518 3350 1689 3412 Αὐτὸς
1720 3349 1776 3405 δὲ
1801 3396 1813 3417 ,
1847 3352 1949 3405 im~

288 3448 432 3519 quit
463 3448 538 3501 de
569 3464 635 3502 eo
684 3446 1051 3501 Herodianus
1109 3446 1269 3510 (Hist.
1335 3443 1369 3497 l.
1429 3458 1510 3509 111,
1543 3460 1591 3497 ο.
1625 3444 1680 3504 6,
1716 3459 1770 3511 p.
1830 3441 1952 3509 139)

285 3546 390 3612 τῆς
429 3540 567 3597 ὀδοῦ
592 3539 796 3616 εἴχετο,
835 3538 1107 3614 μηδεμίαν
1160 3541 1368 3615 ἀνοχὴν
1407 3536 1725 3605 ἀναπαύλης
1775 3533 1955 3595 διδοὺς

290 3636 439 3705 μήτε
490 3632 708 3703 ἑορταῖς
762 3632 901 3703 μήτε
948 3628 1213 3702 καμάτοις
1248 3671 1261 3695 ,
1306 3627 1501 3703 κρύους
1565 3625 1654 3680 καὶ
1714 3624 1954 3688 θάλπους

289 3720 512 3794 ὁμοίως
542 3719 916 3795 καταφρόνων.
952 3744 978 3770 ‹‹
1016 3722 1145 3792 Ipse
1192 3720 1301 3773 iter
1344 3718 1591 3773 faciebat
1622 3718 1747 3771 sine
1778 3715 1956 3770 inter-

290 3812 613 3876 missione,
650 3826 834 3881 neque
884 3811 1061 3865 festos
1111 3808 1258 3875 dies,
1311 3823 1498 3877 neque
1547 3806 1776 3860 labores
1807 3804 1959 3858 ullos

293 3915 664 3973 magnopere
695 3914 931 3967 curans,
965 3897 1179 3967 algoris
1227 3901 1403 3965 atque
1434 3900 1609 3949 aestus
1649 3895 1821 3964 juxta
1852 3910 1958 3964 pa-

292 3991 481 4045 tiens.
532 4009 556 4040 υ
608 3988 766 4043 Hanc
821 3987 920 4059 qui
970 3984 1404 4042 festinationem
1459 3982 1807 4047 considerat,
1846 3998 1957 4036 non

291 4082 521 4151 potest,
558 4077 697 4149 quin
746 4094 881 4131 ann.
943 4074 1150 4130 CXCVI
1209 4072 1468 4137 initium,
1531 4088 1668 4125 ann.
1729 4070 1961 4126 CXCVII

289 4168 481 4223 ﬁnem
519 4166 816 4221 Albiniani
847 4164 981 4220 belli
1015 4164 1231 4218 factum
1264 4178 1392 4215 esse
1443 4160 1785 4214 constituat.
1823 4162 1960 4214 Insi-

288 4258 568 4312 diatores
600 4254 917 4309 concedam
952 4269 1089 4306 ann.
1126 4249 1306 4305 CXCV
1337 4247 1641 4320 ablegatos
1675 4265 1707 4303 a
1753 4252 1960 4303 Severo

289 4362 454 4401 esse.
494 4350 660 4398 Anno
693 4342 801 4398 hoc
836 4357 980 4413 pene
1022 4340 1184 4394 ﬁnito
1216 4355 1315 4395 eos
1349 4338 1405 4392 in
1459 4337 1713 4393 facinore
1753 4338 1961 4409 depre-

286 4432 520 4489 hensos
552 4448 681 4487 esse
711 4431 1055 4501 adjungam.
1115 4427 1372 4498 Denique
1423 4443 1561 4481 ann.
1604 4424 1809 4481 CXCVI
1835 4426 1962 4496 jam

2059 504 2171 560 sibi
2195 506 2648 562 succedentibus
2679 507 3079 564 continuatam
3132 510 3312 565 fuisse
3342 511 3708 568 obsidionem

2059 593 2336 661 indicent,
2372 594 2503 650 licet
2534 595 2799 651 fortassis
2832 598 3019 669 primo
3052 604 3298 655 exeunte
3348 606 3555 673 coepta,
3591 607 3705 657 ter-

2058 683 2139 739 tio
2186 683 2499 755 incipiente
2559 687 2813 755 perfecta
2869 688 2963 741 sit.
3026 688 3232 742 Modus
3287 688 3377 743 hic
3434 689 3707 761 loquendi

2057 772 2269 827 Graecis
2303 774 2621 829 admodum
2680 775 2989 830 familiaris
3048 782 3156 831 est.
3208 777 3332 832 Non
3365 778 3703 850 disputabo,

2058 863 2149 917 cui
2184 880 2335 917 anno
2367 862 2599 918 initium
2632 866 2759 935 ejus
2790 866 3076 935 assignari
3126 866 3354 932 debeat,
3394 884 3534 923 num
3568 886 3704 924 ann.

2058 950 2273 1008 CXCIII
2325 957 2425 1006 aut
2477 969 2614 1007 ann.
2666 952 2874 1008 CXCIV
2923 971 2935 1008 :
2993 954 3234 1021 sufficit,
3295 956 3451 1025 quod
3496 956 3706 1012 iterum

2058 1040 2226 1095 Dioni
2277 1041 2559 1096 debemus
2592 1043 2751 1112 (Hist.
2802 1042 2904 1097 lib.
2970 1060 3148 1110 LXXIV,
3210 1060 3265 1114 p.
3324 1044 3473 1115 844),
3534 1044 3708 1115 Nigro

2058 1130 2319 1185 nondum
2352 1131 2637 1185 exstincto
2673 1132 2875 1185 urbem
2936 1132 3117 1202 copiis
3189 1132 3371 1188 fuisse
3428 1133 3704 1189 cinctam.

2057 1229 2277 1284 Cecidit
2308 1230 2358 1285 is
2407 1246 2545 1300 ann,
2596 1231 2817 1285 CXCIV.
2872 1230 2996 1285 Sive
3050 1232 3255 1303 igitur,
3313 1234 3467 1303 quod
3526 1232 3709 1305 aliqui

2060 1318 2305 1383 faciunt,
2362 1319 2497 1372 finis
2530 1337 2667 1374 ann.
2724 1319 2958 1387 CXCIII,
3030 1321 3149 1375 sive
3206 1321 3507 1375 exordium
3565 1340 3703 1378 ann.

2058 1406 2269 1463 CXCIV
2324 1409 2684 1477 praeferatur,
2746 1424 2978 1478 semper
3029 1408 3299 1463 vicimus.
3334 1410 3448 1464 Nec
3507 1414 3704 1466 tamen

2058 1511 2224 1565 nego,
2258 1496 2469 1551 melius
2518 1496 2683 1566 longe
2731 1514 2829 1551 eos
2884 1496 3126 1565 sentire,
3175 1497 3275 1569 qui
3310 1514 3451 1555 ann.
3494 1498 3704 1554 CXCIV

2056 1583 2301 1654 eligunt,
2354 1602 2419 1639 ac
2473 1585 2675 1640 multis
2724 1586 2958 1656 quidem
3000 1587 3070 1640 de
3113 1586 3330 1641 causis.
3373 1588 3539 1643 Cadit
3568 1604 3704 1659 ergo

2056 1673 2405 1742 expugnatio
2443 1673 2501 1726 in
2550 1691 2687 1727 ann.
2742 1674 2964 1729 CXCVI.
3016 1675 3289 1729 Nondum
3344 1692 3475 1731 vero
3510 1676 3566 1731 in
3602 1694 3704 1748 po-

2053 1763 2323 1814 testatem
2356 1760 2726 1831 imperatoris
2778 1763 2919 1816 urbs
2952 1763 3188 1817 redacta
3234 1768 3357 1817 erat
3387 1764 3444 1817 id
3478 1769 3704 1836 tempo-

2055 1848 2154 1916 ris,
2190 1865 2323 1903 cum
2353 1849 2561 1904 Albino
2582 1850 3278 1917 occurrebat,Herodiano
3310 1856 3457 1907 teste
3479 1852 3699 1923 (Hister.

2051 1936 2091 1990 1.
2128 1954 2211 2000 111,
2242 1954 2291 1992 ο.
2337 1940 2391 2007 6,
2455 1956 2506 2008 ρ.
2545 1939 2686 2009 139).
2722 1940 2870 2004 Quin
2930 1939 2989 1993 in
3048 1938 3256 1994 itinere
3304 1938 3521 1997 Gallico
3572 1942 3699 2012 jam

2052 2026 2411 2081 constitutus
2443 2027 2624 2081 fuisse
2652 2028 2901 2099 videtnr,
2936 2044 3069 2082 cum
3096 2032 3341 2098 receptae
3365 2029 3529 2085 urbis
3554 2046 3699 2084 nun-

2053 2114 2173 2168 tius
2206 2115 2275 2167 ad
2308 2131 2443 2170 eum
2478 2116 2846 2187 perferretur.
2880 2118 3033 2173 543
3092 2118 3254 2183 Quod
3308 2118 3357 2172 si
3403 2134 3541 2189 ergo
3590 2119 3697 2191 By-

2053 2204 2225 2257 zantii
2261 2205 2585 2274 recuperati
2615 2212 2671 2259 et
2701 2206 3077 2276 profectionis
3108 2208 3389 2262 adversus
3418 2207 3696 2265 Albinum

2053 2308 2244 2346 annus
2278 2309 2431 2346 unus
2462 2292 2737 2364 idemque
2767 2298 2878 2358 est,
2915 2294 3012 2349 ille
3032 2311 3166 2350 vero
3198 2297 3526 2351 necessario
3557 2313 3697 2351 ann.

2052 2389 2257 2443 CXCVI
2283 2390 2379 2453 sit,
2413 2389 2675 2458 sequitur
2705 2391 2945 2445 omnino
2990 2409 3127 2447 ann.
3177 2392 3402 2448 CXCVII
3436 2393 3699 2464 praelium

2055 2478 2439 2549 Lugdunense
2469 2479 2855 2534 commissum
2886 2480 3153 2535 fuisse.Si
3187 2482 3258 2535 ad
3292 2481 3705 2538 ann.CXCVIII

2055 2565 2470 2637 progrediaris,
2531 2566 2898 2622 obsidionem
2959 2585 3076 2621 una
3146 2570 3529 2640 Byzantinem
3608 2587 3709 2642 per

2056 2660 2309 2725 quatuor
2343 2656 2587 2710 durasse
2619 2672 2805 2710 annos
2837 2656 3292 2724 conﬁteberis,id
3327 2659 3483 2728 quod
3516 2658 3709 2715 falsis-

2058 2744 2273 2799 simum
2309 2759 2437 2797 esse
2469 2759 2537 2797 ex
2570 2744 2748 2798 Dione
2782 2750 3031 2799 constat.
3065 2745 3385 2801 Maximum
3410 2751 3517 2814 est,
3554 2749 3707 2819 quod

2059 2837 2351 2902 postremo
2381 2831 2505 2886 loco
2538 2833 2801 2899 afferam,
2835 2839 3274 2904 argumentum.
3314 2834 3525 2906 Magna
3552 2838 3706 2907 apud

2058 2920 2368 2975 Gruterum
2429 2920 2693 2992 aliosque
2754 2922 3229 2993 inscriptionum,
3293 2939 3507 2994 magna
3553 2924 3707 2994 apud

2058 3008 2351 3073 Biragium
2387 3025 2725 3075 numorum,
2774 3010 2860 3063 vis
2912 3016 3019 3077 est,
3075 3028 3200 3080 quae
3253 3015 3389 3065 natu
3425 3013 3704 3083 majorem

2060 3098 2248 3152 Severi
2282 3096 2485 3163 (ilium,
2517 3098 2836 3152 Antonium
2884 3098 3238 3154 Caracallam
3294 3099 3505 3155 deinde
3535 3117 3705 3156 voca-

2063 3189 2208 3249 tum,
2263 3201 2413 3239 anno
2466 3187 2731 3241 CXCVIII
2782 3187 3030 3258 Augusti
3081 3189 3529 3244 condecoratum
3580 3206 3709 3245 esse

2060 3274 2231 3328 titulo
2288 3274 2471 3329 docet.
2507 3277 2632 3339 Qua
2688 3276 2924 3346 quidem
2958 3278 3235 3332 commoti
3283 3277 3495 3332 eruditi
3528 3278 3712 3333 homi-

2062 3378 2188 3427 nes,
2221 3361 2355 3417 licet
2386 3363 2456 3417 de
2488 3363 2581 3417 die
2612 3379 2932 3434 mensaque
2991 3364 3322 3436 disceptent
3376 3366 3523 3437 (νέα.
3574 3368 3709 3422 Ant.

2064 3452 2200 3522 Pagi
2238 3451 2375 3505 Crit.
2410 3453 2467 3506 ιή
2502 3454 2705 3507 Baron.
2750 3457 2791 3507 t.
2829 3452 2897 3523 Il,
2938 3453 3027 3508 ad.
3060 3470 3193 3508 ann.
3239 3455 3506 3526 CXCVIII,
3563 3474 3620 3510 n.
3654 3456 3711 3522 7,

2065 3555 2122 3610 p.
2157 3540 2227 3591 90
2258 3564 2271 3605 ;
2302 3542 2478 3594 Henr.
2532 3539 2816 3607 Norisius,
2876 3540 2939 3595 de
3002 3541 3142 3595 Votis
3188 3541 3479 3598 decennal.
3541 3544 3713 3614 impp.

2066 3644 2122 3699 p.
2155 3628 2219 3681 91
2258 3645 2284 3681 s
2312 3644 2325 3693 ;
2358 3627 2694 3682 Tillemont.
2728 3630 2969 3684 Histoire
3001 3630 3094 3684 des
3148 3634 3373 3701 Emper.
3436 3636 3580 3686 tom.
3611 3632 3712 3699 III,

2068 3721 2211 3787 part.
2250 3733 2287 3770 1.
2324 3720 2446 3771 not.
2488 3715 2631 3781 XIX,
2663 3733 2763 3771 sur
2791 3718 3003 3782 Sévere,
3036 3735 3091 3790 p.
3126 3719 3274 3790 1406),
3307 3721 3378 3774 de
3399 3720 3537 3775 anni
3567 3721 3714 3775 veri-

2066 3809 2183 3859 tate
2217 3822 2331 3859 non
2364 3804 2657 3871 dubitant,
2691 3822 2756 3860 ac
2788 3807 3183 3878 Spartianum,
3218 3808 3317 3879 qui
3351 3810 3406 3863 id
3440 3826 3591 3865 anno
3614 3813 3715 3877 CC,

2069 3894 2296 3948 decimo
2345 3894 2517 3948 tertio
2566 3894 2871 3949 Caracallae
2917 3912 3091 3962 anno,
3142 3897 3363 3952 factum
3414 3900 3598 3957 fuisse
3638 3898 3719 3954 ait

2071 3984 2199 4053 (Vit.
2232 3981 2437 4049 Severi,
2472 3998 2521 4035 c.
2559 3983 2645 4051 16,
2697 4000 2753 4052 p.
2791 3983 2934 4055 182),
2987 3985 3374 4040 deserendum
3433 4005 3560 4043 esse
3592 4005 3715 4043 mo-

2070 4075 2226 4126 nent.
2264 4072 2385 4134 Quo
2418 4070 2574 4124 hunc
2598 4071 2731 4140 jure
2765 4072 3216 4141 reprehendant,
3251 4090 3424 4145 quem
3458 4091 3563 4147 ego
3595 4075 3717 4146 qui-

2070 4161 2201 4214 dem
2236 4175 2349 4213 non
2380 4159 2451 4214 de
2483 4158 2653 4213 titulo
2685 4161 2960 4231 Augusti,
3018 4162 3118 4216 sed
3173 4162 3562 4234 imperatoris,
3596 4170 3717 4218 An-

2070 4248 2270 4304 tonino
2303 4264 2335 4301 a
2369 4246 2660 4302 militibus
2691 4246 2987 4320 imposito,
3042 4250 3285 4323 intelligi
3316 4252 3461 4307 forte
3510 4253 3719 4308 debere

2071 4336 2337 4406 conjicio,
2372 4352 2485 4391 non
2519 4336 2740 4392 laboro.
2779 4339 2969 4408 Ipsam
3003 4341 3355 4395 sententiam
3400 4346 3458 4395 et
3501 4342 3719 4414 ample-

2072 4430 2217 4490 ctor,
2267 4430 2324 4479 et
2383 4424 2562 4479 nullis
2622 4427 2945 4495 expositam
3003 4444 3133 4481 esse
3191 4428 3388 4484 dubiis
3445 4445 3719 4501 agnosco.

288 4537 513 4577 exorsa
562 4520 641 4575 rei
708 4520 838 4589 ejus
888 4516 1192 4573 certiorem
1242 4518 1520 4571 Severum
1570 4530 1698 4569 esse
1742 4514 1959 4568 factum
1991 4523 2038 4587 ι)
2068 4513 2313 4586 Egregie
2341 4530 2475 4569 vero
2508 4530 2574 4569 ea
2600 4518 2810 4568 nostras
2836 4516 3106 4570 subvenit
3138 4518 3242 4571 hoc
3276 4519 3399 4573 loco
3420 4524 3725 4591 computa-

288 4619 525 4674 dicam.
559 4616 719 4672 Intra
748 4616 905 4671 haud
941 4616 1023 4670 ita
1056 4614 1273 4670 multos
1304 4614 1429 4669 dies
1464 4629 1638 4667 morsa
1661 4611 1966 4683 impatien-

287 4709 582 4764 tissimus
636 4706 979 4777 imperator,
1040 4703 1140 4776 qui
1194 4703 1465 4758 currebat
1521 4700 1737 4773 potius,
1788 4717 1966 4771 quam

291 4794 818 4870 proficiscebatur,
850 4793 1100 4849 Galliam
1137 4796 1264 4863 post
1295 4791 1450 4845 hunc
1500 4790 1770 4845 nuntium
1806 4804 1967 4843 acce-

291 4892 483 4959 ptum
515 4886 805 4956 attingere
840 4882 1048 4954 potuit.
1083 4879 1251 4935 Aliud
1286 4896 1352 4933 ex
1396 4878 1720 4933 obsidionis
1756 4884 1969 4949 Byzan-

293 4977 452 5030 tina
488 4978 746 5045 tempore
778 4971 1116 5043 praesidium
1159 4969 1527 5040 parabimus.
1572 4968 1674 5022 Dio
1732 4966 1970 5022 Cassius

294 5064 502 5119 trium
557 5076 845 5116 annorum
911 5060 1117 5129 spatio,
1170 5054 1257 5110 ἰπὶ
1317 5052 1448 5109 ὅλον
1504 5062 1688 5128 τριετῆ
1746 5054 1971 5129 χρόνον,

293 5163 720 5232 oppugnatam
778 5175 811 5212 a
857 5158 1062 5211 Severo
1110 5155 1260 5211 hanc
1306 5156 1511 5209 urbem
1557 5153 1737 5208 fuisse
1770 5154 1973 5209 scribit

295 5250 487 5321 (Hist.
523 5247 620 5301 lib.
652 5263 838 5315 Lxx1v,
871 5262 927 5316 p.
959 5245 1087 5311 845,
1121 5245 1212 5300 ed.
1246 5242 1510 5298 Francof.
1546 5243 1724 5309 1606).
1759 5242 1972 5299 Omnes

294 5339 389 5394 rei
425 5334 913 5403 circumstantias,
948 5333 1004 5387 id
1039 5334 1194 5405 quod
1227 5330 1603 5386 Tillemontio
1659 5332 1811 5403 (Voy.
1848 5338 1971 5388 Not.

294 5426 471 5493 XIV,
502 5442 606 5479 sur
634 5423 847 5487 Séve're,
892 5426 935 5477 t.
990 5423 1088 5489 III,
1138 5423 1275 5477 Hist.
1323 5421 1413 5476 des
1461 5421 1701 5490 Emper.,
1752 5427 1898 5492 part.
1934 5440 1973 5492 1,

2079 4602 2241 4657 tioni.
2282 4604 2439 4657 Anno
2472 4602 2572 4673 qui
2606 4602 2997 4673 Lugdunense
3030 4603 3298 4675 praelium
3348 4611 3585 4663 secutus
3616 4612 3724 4675 est,

2078 4692 2359 4746 honorem
2393 4692 2549 4745 hunc
2580 4690 2885 4745 Caracallea
2926 4708 3049 4748 esse
3084 4693 3349 4750 habitum
3398 4712 3467 4751 ex
3498 4696 3729 4753 histori-

2079 4780 2161 4834 cis
2191 4779 2397 4849 liquet.
2433 4779 2798 4835 Herodianus
2830 4780 3001 4850 paulo
3034 4787 3170 4837 ante
3201 4784 3530 4840 Parthicam
3563 4803 3729 4857 expe-

2081 4868 2362 4922 ditionem
2416 4869 2605 4923 Romae
2654 4869 2881 4931 (Hister.
2930 4869 3030 4924 lib.
3082 4888 3169 4942 ιιι,
3226 4887 3274 4925 c.
3330 4875 3382 4926 9.
3452 4890 3509 4945 p.
3597 4876 3725 4945 48);

2079 4965 2446 5037 Spartianus,
2480 4969 2543 5019 ut
2600 4965 2787 5034 aiunt,
2838 4966 2895 5019 in
2928 4967 3162 5023 Oriente
3218 4968 3360 5024 illud
3415 4971 3731 5043 contigisse

2082 5057 2268 5110 docet.
2306 5054 2455 5109 Alias
2502 5054 2757 5109 rationes
2808 5060 3104 5125 praetereo.
3158 5057 3414 5130 Utraque
3445 5063 3735 5116 sententia

2083 5146 2141 5199 in
2176 5161 2330 5199 anno
2362 5143 2617 5199 CXCVIII
2653 5143 2973 5214 conspirat,
3009 5162 3123 5215 quo
3154 5146 3209 5200 in
3246 5148 3491 5203 Parthos
3548 5150 3734 5220 impe-

2083 5239 2243 5289 rator
2274 5234 2471 5289 movit.
2506 5233 2671 5304 Qupd
2706 5232 2753 5287 si
2792 5232 2994 5303 igitur,
3042 5235 3391 5292 imminente
3439 5239 3564 5310 jam
3599 5243 3738 5296 Par-

2083 5323 2243 5379 thico
2275 5321 2448 5391 bello,
2483 5338 2618 5376 ann.
2654 5321 2918 5377 CXCVIII
2967 5324 3257 5381 Antonius
3304 5325 3623 5398 imperator
3652 5347 3739 5385 sa-

2084 5412 2310 5467 lutatus
2342 5415 2450 5478 est,
2485 5410 2642 5465 nullo
2679 5413 2853 5467 modo
2887 5429 3039 5467 anno
3071 5414 3307 5470 CXCVII
3330 5417 3611 5473 occidisse
3642 5417 3739 5471 Al-

298 5536 364 5590 p.
404 5516 541 5581 401,
574 5513 700 5585 402)
743 5514 869 5583 jam
919 5513 1295 5568 observatum
1344 5525 1474 5566 esse
1526 5510 1713 5576 video,
1758 5527 1873 5565 non
1908 5511 1977 5565 de
2087 5500 2316 5565 binum,
2352 5498 2550 5569 negari
2583 5504 2796 5570 potest.

300 5603 615 5677 completo
646 5619 937 5660 annorum
967 5600 1145 5658 trium
1177 5598 1394 5657 circulo
1444 5598 1552 5655 has
1583 5614 1747 5655 voces
1795 5600 1976 5673 expli-

2165 5604 2191 5667 §
2219 5596 2363 5653 XIII.
2399 5597 2681 5668 Equidem
2714 5597 2798 5655 sic
2830 5599 3195 5672 argumentis
3225 5600 3387 5659 hisce
3436 5615 3740 5672 compara-
