4094 6186
363 261 478 320 623

888 252 1422 315 TERTULLIANI
1470 249 1794 312 OPERUM
1841 250 2042 310 PARS
2088 249 2135 310 Ι.
2170 283 2249 295 --
2281 251 2558 312 SERIES
2606 253 2656 326 I,
2700 252 3267 317 APOLOGETICA.

3640 266 3743 325 624

363 396 495 448 tum
526 405 655 447 esse
689 388 961 457 arbitror,
998 392 1063 442 ut
1093 402 1463 442 communem
1496 386 1567 439 de
1610 382 1808 438 Albini
1858 384 2023 438 clade
2054 391 2107 457 Α
2139 382 2379 438 tertium
2440 401 2664 442 annum
2727 388 3005 443 omnibus
3057 392 3510 462 repugnantibus
3556 395 3749 454 bellum

367 481 722 540 sententiam
758 478 1154 534 certissimam
1188 491 1317 531 esse
1348 476 1613 531 doceant.
1648 473 1705 529 Si
1740 489 1831 529 res
1865 472 2029 544 ﬂagi-

367 577 540 639 taret,
574 571 645 626 de
677 567 807 624 aliis
839 567 1129 623 addendis
1160 581 1348 621 essem
1375 563 1825 620 sollicitus.Jam
1846 561 2032 617 satius

371 676 501 716 esse
532 662 698 731 puto,
733 661 819 723 ut,
856 655 994 728 quid
1028 672 1151 725 eos,
1204 654 1420 726 quibus
1452 653 1647 707 tritam
1704 652 2034 722 relinquere

366 748 523 804 viam
584 747 830 819 placuit,
893 744 1297 812 commoverit,
1375 742 1801 812 disquiramus.
1864 740 2035 795 Levia

370 842 530 907 sunt,
564 853 670 892 nec
700 841 898 891 tamen
932 834 1279 889 omittenda.
1319 831 1482 887 Dion.
1510 831 1779 885 Petavius
1812 830 2034 901 primas

370 930 588 983 teneat.
626 924 862 979 Initium
895 925 945 978 is
974 921 1296 994 oppugnati
1321 920 1579 993 Byzantii
1606 920 1676 975 ad
1706 918 2036 975 ann.CXCV

371 1016 568 1072 refert.
602 1015 788 1079 Quam
852 1013 923 1068 ob
958 1029 1079 1067 rem
1140 1010 1544 1066 necessarium
1607 1024 1843 1079 quoque
1904 1007 2033 1062 fuit,

371 1121 505 1161 eum
537 1103 786 1159 triennio
813 1101 1040 1157 obsidio
1075 1101 1189 1155 ista
1218 1099 1563 1155 continuata
1625 1097 1720 1165 sit,
1781 1100 1845 1151 ut
1894 1114 2032 1151 ann-

369 1191 634 1259 CXCVII,
683 1207 798 1263 quo
843 1190 1137 1245 Orientem
1199 1188 1505 1259 reliquerit
1562 1187 1835 1254 Severus,
1896 1188 2034 1240 ann’

367 1280 634 1339 CXCVIII
682 1296 794 1349 quo
853 1278 1129 1333 Albinum
1208 1276 1512 1346 devicerit,
1566 1274 1753 1329 fuisse
1820 1274 2037 1352 diceret

368 1370 666 1441 (Doctrina?
694 1372 923 1438 temper.
957 1365 1058 1421 lib.
1095 1382 1190 1435 xv,
1224 1382 1281 1436 p.
1317 1365 1443 1429 693,
1474 1364 1567 1418 ed.
1604 1363 1789 1417 Paris.
1850 1363 2033 1433 1627),

367 1458 727 1529 Perspicuus
781 1460 870 1511 est
914 1471 1097 1520 error,
1157 1454 1330 1509 modo
1391 1453 1756 1519 observetur,
1817 1452 2036 1505 fontem

371 1548 501 1618 ejus
569 1560 719 1616 esse,
770 1544 923 1616 quod
990 1543 1141 1599 male
1211 1542 1513 1598 exordium
1584 1539 2039 1612 oppugnationis

371 1635 702 1709 Byzantines
739 1652 893 1691 anno
924 1634 1111 1689 CXCV
1162 1632 1455 1688 tribuerit.
1511 1635 1638 1684 Hec
1686 1646 1847 1697 vero,
1884 1634 1948 1683 ut
1978 1629 2034 1683 id

373 1726 607 1793 faceret,
641 1724 788 1779 ratio
822 1739 955 1777 eum
992 1722 1251 1793 impulit,
1288 1720 1445 1791 quod
1494 1718 1671 1790 Nigro
1723 1718 2037 1789 superstite

373 1819 552 1871 tantae
581 1813 755 1869 molis
787 1812 970 1884 Operi,
1004 1809 1198 1882 qualis
1267 1810 1389 1865 haec
1448 1808 1698 1875 obsidio,
1761 1809 2037 1864 Severum

377 1920 582 1961 vacare
642 1918 759 1957 non
837 1901 1099 1972 potuisse
1154 1899 1420 1955 credidit.
1509 1897 1883 1953 Contrarium
1972 1914 2037 1951 ex

380 1993 561 2049 Dione
590 1991 679 2045 vir
708 1989 974 2045 eruditus
1006 1988 1231 2042 discere
1265 1986 1556 2057 potuisset
1608 1989 1672 2041 ut
1712 1987 1838 2055 jam
1885 1984 2035 2039 indi-

381 2081 524 2140 eavi.
565 2081 882 2136 Revocetur
915 2078 1112 2148 itaque
1143 2092 1277 2131 cum
1327 2076 1511 2131 Dione
1568 2074 1897 2147 Byzantium
1930 2092 2037 2145 op-

377 2168 758 2243 pugnationis
788 2166 1021 2223 initium
1055 2166 1125 2221 ad
1160 2182 1360 2220 verum
1393 2181 1569 2219 suum
1622 2181 1756 2218 ann.
1808 2163 2037 2219 CXCIV.

378 2265 437 2317 et
465 2260 621 2317 554
653 2273 745 2313 res
775 2257 922 2328 ipsa,
974 2260 1041 2310 nt
1086 2255 1145 2308 in
1191 2254 1442 2326 gratiam
1474 2253 1783 2309 nobiscum
1817 2253 2034 2316 redeat,

377 2348 675 2406 Petavium
710 2350 878 2417 coget
911 2345 1091 2416 (Conf.
1123 2343 1457 2399 Tillemont.
1494 2343 1630 2398 Hist.
1664 2342 1757 2397 des
1806 2344 2035 2413 Emper.

376 2441 420 2494 t.
453 2437 551 2507 III,
586 2440 704 2491 not.
737 2434 881 2502 XVI,
913 2450 1011 2489 sur
1040 2432 1250 2497 deére,
1282 2448 1339 2503 p.
1374 2431 1521 2501 404).

446 2524 733 2582 Henricus
764 2522 1034 2580 Norisius
1068 2522 1258 2577 eidem
1292 2537 1353 2575 se
1386 2519 1739 2592 patrocinari
1773 2519 2036 2592 opinioni

378 2614 577 2672 innuit
607 2615 865 2685 (Diseert.
900 2612 966 2667 de
998 2612 1133 2666 votis
1174 2611 1459 2666 decennal.
1494 2611 1663 2680 impp.
1717 2627 1772 2679 p.
1807 2609 1895 2677 83,
1933 2608 2036 2662 Pa-

378 2703 523 2760 tavii
555 2703 736 2773 1686),
769 2705 828 2757 at
858 2700 1115 2756 rationes
1147 2717 1261 2754 non
1295 2699 1503 2769 aperit,
1555 2700 1931 2768 Spartianum
1964 2697 2036 2751 ab

385 2810 452 2850 eo
492 2791 722 2848 laudari
754 2790 940 2857 video,
993 2804 1172 2860 quem
1225 2787 1369 2844 nihil
1417 2787 1763 2858 bujusmodi
1821 2787 2039 2841 dixisse

390 2880 535 2938 scio.
570 2881 757 2945 Quare
788 2895 880 2934 me
915 2876 1222 2933 confestim
1257 2878 1327 2932 ad
1362 2880 1572 2931 Anton.
1628 2875 1869 2946 Pagium
1903 2890 2036 2929 con-

398 2972 543 3041 fero,
575 2968 669 3025 cui
700 2968 851 3023 hanc
882 2984 1054 3022 teram
1087 2984 1156 3021 ex
1205 2966 1474 3021 instituto
1523 2964 1783 3021 stabilire
1832 2980 2037 3035 propo-

397 3060 578 3116 situm
610 3058 740 3114 fuit.
772 3057 935 3126 (Crit.
986 3058 1045 3111 in
1094 3058 1327 3121 Baron.,
1377 3053 1445 3109 ad
1493 3071 1627 3109 ann.
1689 3054 1945 3121 CXCVIII,
1978 3070 2037 3108 n.

2144 473 2303 529 istud
2337 475 2657 545 protrahat.
2709 480 2811 534 Est
2857 482 2913 534 et
2962 479 3142 547 aliud,
3197 482 3350 552 quod
3394 481 3533 539 hanc
3556 488 3749 557 premit

2145 563 2521 619 sententiam.
2556 567 2668 621 Iter
2696 568 2885 623 Severi
2920 568 2977 622 in
3011 569 3303 625 Orientem
3350 572 3415 626 ad
3465 576 3750 646 expeditio-

2145 668 2279 705 nem
2312 653 2829 727 Parthicam,quod
2862 658 3063 713 eodem
3097 675 3250 714 anno
3282 660 3526 717 CXCVIII
3560 664 3753 718 factum

2145 756 2273 795 esse
2305 743 2645 797 conceditur
2684 762 2713 798 a
2757 746 2879 800 viro
2930 747 3120 814 docto,
3154 764 3289 803 cum
3337 749 3756 822 quinquennali-

2146 830 2257 884 bus
2286 830 2417 885 istis
2449 832 2751 903 redituque
2782 834 2840 888 in
2873 834 3084 891 Urbem
3131 838 3519 909 conjungitur.
3570 845 3635 895 At
3662 840 3759 897 hoc

2148 918 2411 974 omnium
2446 920 2795 993 scriptorum
2833 923 3175 979 adversatur
3207 926 3664 1000 testimoniis,qui
3689 930 3759 984 sic

2146 1008 2218 1062 de
2266 1008 2358 1062 his
2407 1009 2583 1065 rebus
2631 1018 2956 1083 exponunt,
3004 1017 3067 1067 ut
3111 1013 3237 1069 sine
3285 1014 3442 1069 omni
3489 1016 3654 1072 dubio
3700 1020 3763 1072 ad

2148 1096 2328 1152 alium
2360 1114 2580 1153 annum
2616 1100 2840 1156 reditus
2867 1101 3060 1156 Severi
3093 1102 3151 1157 in
3183 1103 3389 1159 urbem
3420 1121 3449 1159 e
3478 1104 3671 1172 Gallia,
3702 1107 3765 1161 ad

2147 1186 2325 1241 alium
2362 1186 2631 1258 migratio
2664 1189 2735 1243 ad
2786 1189 3167 1247 debellandos
3197 1192 3441 1249 Parthos
3490 1194 3771 1250 referenda

2147 1275 2242 1330 sit.
2278 1276 2423 1339 Quid
2458 1277 2527 1331 de
2559 1278 2885 1334 rationibus
2937 1281 3243 1351 speciatim
3295 1282 3504 1350 dicam,
3538 1300 3767 1354 quarum

2148 1364 2312 1419 nulla
2344 1381 2405 1421 se
2454 1372 2785 1422 sustentare
2834 1368 2923 1423 vel
2977 1368 3179 1425 leviter
3231 1374 3465 1442 potest?
3509 1371 3773 1429 Distincte

2148 1452 2472 1522 quamlibet
2543 1455 2856 1510 excutiam.
2925 1458 3393 1514 Incertissimum
3465 1464 3569 1527 est,
3635 1477 3771 1515 anno

2146 1541 2403 1598 CXCVIII
2438 1543 2899 1614 quinquennalia
2930 1546 3205 1601 Severum
3261 1547 3610 1603 exhibuisse.
3661 1549 3775 1620 Ipse

2148 1630 2324 1685 celeb.
2359 1632 2573 1703 Pagius
2621 1632 2770 1687 hanc
2830 1634 3147 1690 inculcavit
3204 1637 3465 1708 regulam
3505 1654 3517 1691 :
3554 1660 3579 1686 ‹‹
3610 1637 3774 1703 Quin-

2086 1720 2487 1831 .Bquennalia,
2534 1721 2887 1777 Decennalia
2935 1727 2993 1778 et
3054 1724 3107 1778 id
3159 1742 3345 1797 genus
3402 1727 3569 1793 festa,
3622 1726 3779 1780 modo

2148 1826 2299 1864 anno
2333 1809 2539 1880 quinto
2575 1811 2835 1879 ineunte,
2871 1814 3043 1868 modo
3076 1819 3319 1870 exeunte
3364 1815 3779 1870 indiscrimina-

2148 1898 2255 1952 tim
2288 1898 2756 1955 celebrabantur.
2793 1924 2821 1951 »
2855 1902 3025 1973 (Dies.
3063 1906 3361 1974 Hypatim,
3393 1904 3542 1959 Part.
3577 1920 3634 1970 ιι,
3664 1920 3709 1958 c.
3731 1904 3780 1970 2,

2146 1989 2173 2055 §
2203 1989 2256 2053 5,
2291 2005 2346 2059 p.
2378 1989 2495 2059 87.)
2527 1990 2775 2045 Lubrico
2805 2007 2934 2046 eam
2974 1992 3359 2048 fundamento
3394 1994 3465 2048 ab
3496 2009 3560 2048 eo
3610 1992 3777 2063 impo-

2148 2077 2319 2133 sitam
2351 2093 2479 2133 esse
2511 2095 2623 2134 non
2659 2078 2878 2150 ignoro,
2931 2080 3017 2135 illi
3062 2081 3361 2151 nimirum,
3417 2083 3582 2152 cujus
3634 2081 3770 2152 prin-

2148 2183 2283 2237 ceps
2315 2171 2517 2222 auctor
2545 2172 2656 2232 est,
2689 2170 3012 2236 sententiae,
3048 2170 3432 2242 imperatores
3490 2170 3548 2224 in
3580 2168 3779 2225 solem-

2147 2255 2431 2310 nitatibus
2462 2256 2753 2327 ejusmodi
2791 2258 3159 2314 consularem
3196 2276 3433 2331 semper
3453 2259 3775 2330 dignitatem

2148 2344 2498 2416 suscepisse.
2558 2346 2753 2415 Neque
2812 2352 3008 2403 tamen
3069 2347 3288 2420 alioqui
3341 2349 3472 2404 suis
3513 2365 3577 2405 ea
3607 2346 3781 2402 nervis

2148 2434 2430 2488 destituta
2468 2438 2576 2505 est,
2612 2440 2676 2489 ut
2706 2435 2974 2491 nonnulli
3034 2437 3144 2491 sibi
3204 2437 3358 2495 555
3421 2437 3779 2510 persuadent.

2148 2522 2389 2577 Exstant
2416 2527 2473 2577 et
2528 2539 2755 2590 eorum,
2810 2528 2913 2595 qui
2971 2525 3210 2581 ineunte
3269 2543 3428 2582 anno
3463 2525 3665 2598 quinto
3694 2527 3788 2579 aut

2149 2611 2397 2677 decimo,
2431 2615 2489 2667 et
2518 2628 2742 2679 eorum,
2776 2613 2877 2684 qui
2907 2618 3151 2669 exeunte
3180 2630 3245 2670 eo
3277 2614 3455 2670 ludos
3507 2614 3612 2669 hos
3640 2611 3786 2668 exhi-

2148 2700 2345 2767 buere,
2380 2701 2666 2773 exempla.
2703 2705 2765 2756 In
2798 2701 2915 2757 illis
2982 2701 3407 2759 Constantinus
3440 2707 3510 2757 Μ.
3562 2710 3665 2769 est,
3699 2716 3789 2756 cu-

2142 2790 2243 2859 jus
2277 2789 2532 2861 primum
2568 2789 2703 2844 anni
2735 2790 3019 2846 tricesimi
3051 2791 3205 2846 diem
3238 2792 3412 2849 XXV.
3456 2791 3611 2858 Julii,
3642 2806 3786 2845 cere-

2151 2878 2365 2933 moniis
2422 2878 2834 2935 tricennalium
2895 2879 3184 2935 illustrem
3276 2882 3464 2937 fuisse
3547 2880 3783 2936 constat.

2149 2966 2518 3037 Applicemus
2550 2968 2671 3023 haec
2708 2969 2895 3024 Severi
2945 2970 3136 3036 annis,
3171 2974 3226 3025 et
3267 2969 3623 3035 videbimus,
3676 2971 3787 3020 tam

2148 3073 2302 3111 anno
2332 3055 2560 3112 CXCVII
2593 3074 2768 3129 quam
2800 3074 2951 3113 anno
2981 3057 3237 3114 CXCVIII
3284 3075 3424 3115 eum
3470 3052 3791 3131 spectacula

393 3150 449 3206 5.
484 3168 544 3224 p.
584 3150 672 3206 89.
706 3148 951 3205 Fallitur
979 3147 1136 3203 enim
1171 3145 1601 3209 Tillemontius,
1656 3144 1754 3215 qui
1800 3143 2038 3215 Pagium
2073 3130 2115 3197 Ο
2154 3145 2265 3199 ista
2297 3144 2453 3216 plebi
2484 3146 2652 3200 edere
2685 3146 2964 3216 potuisse.
3020 3146 3377 3217 Praepositus
3435 3152 3528 3204 est
3555 3144 3790 3217 imperio

396 3255 593 3295 secum
628 3240 814 3293 facere
846 3236 926 3291 ait
952 3236 1048 3307 (2).
1082 3239 1324 3289 Summa
1368 3233 1659 3288 rationum
1713 3232 1861 3302 ejus,
1896 3248 2041 3303 quas

395 3327 544 3383 mire
564 3326 841 3397 disjectas
872 3324 929 3379 in
954 3340 1136 3380 unum
1167 3322 1528 3395 colligo,hzec
1549 3325 1637 3377 est
1667 3337 1680 3375 :
1707 3321 2042 3391 Quinquen-

396 3416 554 3473 nalia
583 3416 800 3487 Severi,
834 3416 960 3471 sine
995 3414 1111 3470 ulla
1141 3414 1557 3479 controversia,
1603 3429 1755 3468 anno
1786 3412 2041 3467 CXCVIII

396 3508 594 3562 Romae
624 3504 915 3561 celebrata
945 3510 1104 3567 sunt,
1141 3503 1500 3557 Herodianus
1524 3517 1657 3556 vero
1691 3500 1887 3555 statim
1915 3504 2043 3570 post

395 3610 655 3666 pugnam
693 3594 1138 3665 Lugdunensem
1172 3590 1394 3663 ingenti
1428 3606 1561 3647 cum
1614 3588 1905 3645 celeritate
1936 3590 2043 3644 Ro-

395 3700 555 3739 mam
614 3698 745 3737 eum
806 3681 1065 3752 petiisse,
1124 3698 1190 3735 ac
1245 3678 1421 3734 simul
1498 3695 1564 3733 ac
1622 3678 2037 3747 adventaverit,
2086 3672 2089 3675 ’

396 3770 859 3845 quinquennalia
912 3770 1026 3825 ista
1098 3768 1434 3825 exhibuisse
1492 3771 1711 3822 narrat.
1771 3767 1958 3831 Quare
1990 3767 2040 3822 si

393 3861 569 3935 paulo
602 3865 733 3933 post
766 3861 1183 3931 interemptum
1250 3858 1550 3925 Albinum,
1593 3858 1761 3928 cujus
1814 3855 2038 3912 cladem

394 3950 622 4006 decima
653 3967 809 4005 nona
839 3948 1139 4004 Februarii
1170 3946 1262 4002 die
1303 3947 1620 4017 contigisse
1673 3944 1874 4001 nullus
1907 3946 2037 4000 infl-

391 4041 599 4107 ciatur,
642 4039 964 4111 imperator
1018 4038 1263 4094 Romam
1314 4036 1621 4109 ingressus
1669 4039 1777 4106 est,
1807 4034 1855 4089 si
1889 4035 2042 4090 inter

389 4130 645 4185 reditum
694 4129 854 4184 hunc
913 4128 1042 4199 ejus
1091 4126 1147 4181 in
1209 4126 1413 4182 urbem
1476 4128 1533 4181 et
1580 4124 2040 4196 quinquennalia

390 4218 555 4275 nulla
600 4222 698 4274 aut
741 4217 952 4289 exigua
1002 4233 1167 4271 mora
1214 4214 1321 4270 fuit
1368 4214 1735 4285 interposita,
1765 4215 2036 4269 eumdem

389 4306 547 4364 necis
575 4306 767 4363 Albini
792 4311 847 4361 et
868 4303 1399 4378 quinquennalium
1432 4319 1652 4359 annum
1684 4319 1812 4358 esse
1830 4303 2039 4358 debere

398 4396 797 4451 indubitatum
829 4400 936 4451 est.
970 4394 1116 4465 Nisi,
1151 4410 1325 4465 quam
1385 4392 1575 4448 facilis
1609 4392 1665 4447 in
1721 4392 1813 4448 his
1863 4394 2039 4449 rebus

2151 3234 2303 3289 circa
2334 3234 2593 3289 medium
2631 3236 2775 3290 forte
2807 3252 2942 3290 ann.
2976 3236 3203 3291 CXCIII.
3236 3236 3407 3291 Diem
3449 3242 3507 3292 et
3537 3248 3786 3289 mensem

2151 3326 2223 3379 de
2254 3340 2369 3394 quo
2403 3322 2498 3378 alii
2531 3322 2784 3395 litigant,
2832 3325 2979 3380 scire
3011 3342 3218 3397 parum
3272 3325 3453 3381 refert
3506 3324 3656 3395 (Vide
3682 3320 3794 3375 Til-

2150 3411 2415 3478 Iemont.,
2452 3413 2597 3467 Hist.
2632 3412 2724 3467 de:
2746 3414 2986 3483 Emper..
3023 3420 3062 3467 t.
3094 3414 3188 3485 III,
3243 3418 3366 3469 not.
3404 3415 3524 3481 VII,
3584 3428 3677 3467 sur
3700 3412 3790 3467 Sd-

2148 3505 2291 3556 vére.
2325 3518 2382 3572 p.
2413 3501 2556 3571 393).
2594 3503 2708 3573 Ego
2741 3502 2935 3574 ipsum
2984 3502 3206 3558 interea
3256 3503 3511 3575 Pagium
3567 3517 3791 3572 sequar,

2150 3590 2251 3661 qui
2277 3590 2477 3645 Idibus
2525 3591 2657 3645 Maii
2715 3589 2771 3644 id
2834 3591 3050 3646 factum
3111 3594 3311 3646 censet
3370 3592 3535 3662 (Dies.
3600 3593 3790 3661 Hypat.

2150 3683 2301 3750 part.
2336 3696 2396 3749 ιι,
2431 3695 2480 3733 c.
2530 3681 2615 3744 12,
2678 3697 2733 3751 p.
2792 3679 2943 3747 220).
3003 3678 3254 3743 Quintus
3311 3679 3522 3751 itaque
3574 3674 3795 3749 imperii

2150 3768 2277 3839 ejus
2308 3785 2459 3822 anno
2489 3768 2744 3832 CXCVII,
2796 3785 2995 3824 mense
3046 3768 3195 3824 Maio
3241 3770 3641 3825 exordiendus
3671 3765 3792 3822 erit.

2149 3859 2285 3922 Quae
2310 3857 2431 3927 jam
2459 3873 2593 3912 vero
2618 3857 2764 3913 ratio
2798 3858 2987 3913 aﬂ'erri
3022 3862 3237 3930 potest,
3288 3876 3411 3931 qua
3455 3856 3673 3913 invicte
3701 3856 3793 3910 de-

2150 3951 2531 4013 monstretur,
2566 3964 2679 4002 non
2712 3964 2866 4002 anno
2898 3947 3152 4015 CXCVII,
3178 3965 3291 4019 quo
3324 3947 3578 4019 quintus
3609 3941 3794 4001 Severi

2149 4054 2339 4093 annus
2388 4036 2613 4107 incipit,
2673 4037 2771 4091 sed
2829 4053 2980 4092 anno
3036 4036 3318 4104 CXCVIII,
3379 4054 3501 4109 quo
3563 4033 3792 4099 desinit,

2148 4124 2619 4197 Quinquennalia
2649 4142 2783 4181 eum
2816 4126 3092 4181 dedisse?
3122 4125 3457 4198 Utrumque
3488 4126 3648 4181 enim
3678 4121 3793 4177 ﬁeri

2148 4214 2409 4287 potuisse
2439 4219 2661 4269 certum
2703 4218 2810 4270 est.
2862 4213 3239 4286 Reliquorum
3296 4215 3561 4272 deterior
3611 4211 3796 4269 adhuc

2149 4303 2402 4359 conditio
2436 4308 2544 4357 est.
2578 4302 2811 4358 Falsum
2846 4308 2935 4358 est
2978 4303 3371 4359 Herodianum
3426 4305 3645 4371 dicere,
3690 4301 3793 4355 im-

2150 4399 2474 4464 peratorem
2508 4392 2706 4447 statim
2742 4396 2874 4464 post
2918 4393 3229 4448 adventum
3280 4393 3339 4447 in
3392 4394 3607 4449 urbem
3650 4387 3793 4462 plebi

388 4486 593 4557 lapsus
624 4488 799 4550 esset,
844 4484 1077 4553 scirem,
1111 4488 1263 4539 certe
1307 4483 1650 4551 admirarer,
1700 4481 1770 4536 ab
1801 4481 2039 4537 homine
2073 4504 2115 4567 ι)
2150 4499 2393 4537 munera
2426 4483 2536 4537 ista
2579 4481 2852 4547 edidisse,
2904 4498 3033 4552 quae
3091 4482 3564 4553 quinquennalia
3621 4481 3795 4535 vocat.

388 4580 509 4630 tam
541 4573 769 4629 erudito
801 4574 1064 4629 infirmae
1126 4571 1411 4645 ejusmodi
1446 4570 1811 4627 ratiunculas
1858 4572 2033 4643 proﬁ-

387 4663 528 4719 cisci
560 4663 840 4735 potuisse.
890 4662 1029 4718 Mihi
1062 4662 1297 4732 quidem
1360 4661 1418 4716 in
1454 4660 1571 4717 illis
1622 4661 1943 4731 generatim
1975 4661 2032 4716 id

384 4751 674 4823 displicet,
710 4753 864 4823 quod
899 4752 981 4806 sic
1014 4750 1269 4806 motibus
1317 4749 1645 4805 Albinianis
1685 4755 1802 4804 tres
1852 4767 2034 4804 annos

382 4845 585 4898 contra
617 4857 851 4896 omnem
909 4841 1083 4895 fidem
1118 4840 1344 4895 tribuit.
1406 4845 1583 4893 Arma
1609 4854 1762 4893 anno
1820 4838 2035 4894 CXCVI

385 4936 626 5003 sumpta
658 4947 787 4985 esse
818 4931 1146 5000 profitetur.
1194 4929 1493 4983 Petavium
1546 4927 1661 4983 alio
1691 4926 1815 4982 loco
1848 4944 2035 4998 repre-

380 5019 719 5091 hendit,qui
755 5020 826 5074 ob
859 5035 1146 5089 eam,quas
1180 5018 1293 5088 ipsi
1325 5034 1460 5072 cum
1498 5016 1667 5087 Pagio
1700 5018 2034 5071 communis

378 5113 524 5175 erat,
572 5108 950 5175 sententiam,
1017 5112 1358 5177 sequentem
1410 5122 1630 5160 annum
1700 5104 2035 5173 praetulerat

376 5199 638 5271 (Dissert.
678 5200 966 5269 Ilypatz'ca,
1005 5194 1195 5266 parth.
1230 5212 1292 5259 ιι,
1328 5211 1376 5251 c.
1413 5195 1499 5259 12,
1546 5210 1602 5263 p.
1636 5194 1785 5263 221).
1836 5192 2032 5263 Neque

377 5293 598 5359 tamen,
634 5304 695 5343 se
727 5288 835 5343 hoc
870 5293 1034 5359 pacto
1083 5285 1140 5340 in
1195 5285 1362 5354 longe
1419 5283 1803 5351 difﬁciliores,
1856 5301 2031 5355 quam

376 5377 699 5445 Patavium,
760 5376 1090 5431 tendiculas
1158 5374 1435 5429 incideret
1519 5374 1715 5439 sentit,
1777 5390 1909 5428 cum
1972 5374 2029 5428 in

2146 4572 2472 4627 Audiamus
2504 4571 2609 4625 viri
2642 4571 2816 4626 verba
2857 4571 3179 4641 (Historiar.
3216 4571 3310 4640 III,
3359 4589 3411 4626 ο.
3445 4573 3503 4642 8,
3536 4588 3593 4641 p.
3633 4567 3751 4636 145)
3782 4582 3793 4620 :

2146 4661 2205 4716 Ὁ
2239 4657 2286 4713 δ’
2316 4656 2407 4713 οὖν
2438 4654 2679 4731 Σεϐηρὸς
2733 4658 2808 4719 εἰς
2856 4658 2918 4712 τὸ
2971 4662 3068 4713 τοῦ
3100 4658 3223 4720 Διὸς
3268 4658 3503 4731 τέμενος
3538 4655 3795 4718 ἀνελθὼν,

2146 4750 2233 4804 καὶ
2292 4748 2385 4811 τὰς
2438 4747 2633 4809 λοιπὰς
2682 4745 2904 4808 τελέσας
2964 4748 3292 4823 ἱερουργίας,
3354 4745 3668 4815 ἐπανῆλθεν
3725 4742 3798 4802 sic

2144 4837 2208 4891 τὰ
2264 4836 2530 4910 βασίλεια,
2582 4836 2669 4889 καὶ
2720 4840 2797 4907 τῷ
2844 4834 3005 4908 δήμῳ
3051 4833 3356 4911 προῦθηκεν
3410 4835 3504 4890 ἐπὶ
3556 4839 3675 4895 ταῖς
3724 4830 3797 4885 νὶ-

2145 4947 2263 4987 xth
2315 4926 2568 5000 μεγίστας
2620 4927 2814 4998 νομὰς,
2873 4931 2989 4988 τοῖς
3046 4924 3103 4980 δὲ
3148 4926 3513 4997 στρατιώταις
3564 4920 3798 4979 ἐπέδωκε

2144 5018 2407 5090 χρήματα
2461 5012 2689 5068 πλεῖστα
2723 5058 2737 5083 ,
2788 5012 2931 5069 ἄλλα
2994 5035 3052 5068 τε
3108 5011 3294 5069 πολλὰ
3350 5007 3802 5089 συνεχώρησενᾶ

2146 5107 2221 5177 μὴ
2268 5103 2527 5179 πρότερον
2572 5104 2743 5177 εἶχον.
2794 5104 3115 5159 Politianus
3165 5104 3252 5157 ita
3273 5103 3449 5157 vertit
3486 5120 3499 5158 :
3530 5126 3559 5152 ‹‹
3597 5105 3799 5156 Postea

2142 5210 2275 5249 vero
2308 5210 2481 5264 quam
2515 5192 2802 5264 templum
2862 5192 3021 5248 Jovis
3074 5191 3377 5264 ingressus
3409 5196 3531 5256 est,
3566 5188 3799 5248 omnia-

2144 5300 2256 5355 que
2287 5282 2575 5339 sacrificia
2612 5283 2684 5337 de
2716 5298 2875 5338 more
2935 5281 3177 5354 peregit,
3239 5298 3515 5337 reversus
3550 5281 3613 5336 in
3645 5277 3800 5352 pala-

2142 5374 2289 5427 tium
2347 5387 2673 5442 magnoque
2733 5370 3028 5443 congiario
3088 5369 3369 5441 populum
3436 5370 3798 5434 Romanum,

445 5503 522 5573 (2)
554 5503 788 5557 Histoire
817 5501 907 5557 des
934 5506 1293 5571 Fmpercurs,
1331 5503 1374 5554 t.
1410 5498 1505 5567 Ill,
1540 5514 1670 5569 pag.
1730 5498 1853 5554 408.
1917 5499 1985 5554 Le
2016 5501 2151 5570 pere
2210 5495 2369 5567 Pagi,
2432 5494 2531 5567 qui
2594 5499 2714 5552 met
2743 5513 2970 5553 comme
3003 5512 3155 5551 nous
3184 5493 3241 5551 Ia
3300 5494 3522 5550 déi‘aite
3563 5491 3799 5550 d’Albin

374 5592 444 5632 en
480 5574 602 5631 198.
