4094 6186
367 383 487 441 625

1090 380 1193 439 DE
1237 378 1521 439 xE'I‘A'I‘E
1564 375 2082 438 APOLOGE’I‘IGI
2127 380 2515 443 MOSHEMII
2559 381 3058 455 DISOUISITIO.

3660 373 3778 435 626

364 510 615 568 victoriae
648 509 906 578 nomine,
932 512 1297 580 prosecutus,
1322 524 1388 565 ac
1421 523 1695 563 nummos
1727 506 2017 564 militibus
2046 513 2101 581 Α
2132 515 2332 569 notare
2385 528 2500 569 non
2552 513 2760 586 potuit,
2794 512 3072 585 quoniam
3119 526 3257 565 ann.
3305 504 3579 574 CXCVIII,
3611 507 3782 561 Seve-

364 600 615 673 largitus
645 603 755 671 est,
779 598 956 655 simul
979 597 1091 654 alia
1120 596 1407 669 permulta
1432 596 1843 667 indulsil,quaa
1867 613 2021 651 nun-

363 707 544 762 quam
625 693 796 746 antea
876 690 1236 760 acceperant.
1306 684 1847 757 Quinquennalium
1924 686 2019 742 hic

364 781 725 836 mentionem
785 794 999 850 quaero,
1060 777 1159 832 sed
1220 776 1455 831 frustra.
1489 778 1733 847 Pagium
1779 775 2016 846 quidem

363 869 557 926 dicere
581 868 753 925 audio
777 886 795 923 :
819 891 844 918 ‹‹
874 869 1004 934 Quas
1029 866 1313 921 novitates
1344 864 1650 937 gratiaque
1680 866 2015 935 quinquen-

361 958 592 1015 nalium
625 957 820 1013 Severi
850 956 1086 1012 indicia.
1124 977 1151 1004 »
1187 954 1481 1009 Infelicem
1528 970 1661 1009 vero
1706 954 2015 1010 divinatio-

359 1065 498 1104 nem
527 1048 538 1101 !
573 1047 750 1112 Quasi
784 1063 898 1101 non
924 1045 1053 1101 aliis
1083 1044 1469 1116 temporibus,
1494 1059 1667 1114 quem
1694 1042 2016 1114 quinquen-

360 1137 622 1207 nalibus,
644 1135 982 1191 istiusmodi
1009 1135 1183 1191 rebus
1215 1132 1418 1189 donari
1452 1132 1705 1206 populus
1737 1133 2011 1203 potuerit.

358 1227 432 1282 Et
477 1226 620 1298 quid
662 1224 845 1281 obfuit
894 1224 1233 1279 doctissime
1280 1223 1440 1295 Pagi,
1474 1223 1628 1293 quod
1678 1238 1844 1276 voces
1883 1222 2013 1277 illas

356 1316 677 1372 Herodiani
726 1330 840 1369 non
893 1314 1118 1369 videres
1167 1310 1253 1365 ἐπὶ
1300 1316 1419 1374 ταῖς
1465 1312 1685 1373 νίκαιςῖ
1715 1313 1796 1369 Ob
1831 1312 2014 1368 victo-

356 1406 511 1461 riam
569 1406 639 1461 de
695 1404 902 1460 Albino
962 1408 1341 1475 reportatam,
1393 1420 1507 1458 non
1554 1402 2015 1474 quinquennalis

355 1494 593 1567 imperii
624 1511 824 1563 causa,
856 1494 929 1548 de
978 1493 1195 1565 quibus
1245 1492 1402 1547 ludis
1452 1497 1652 1563 postea
1697 1493 2013 1564 separatim

354 1585 729 1639 Herodianus
760 1583 921 1649 dicit,
956 1582 1104 1637 hanc
1138 1580 1546 1637 liberalitatem
1580 1582 1826 1637 Severus
1855 1599 2013 1638 exer-

366 1673 556 1729 cebat.
608 1673 731 1728 Non
770 1673 970 1727 minus
1018 1672 1077 1726 in
1122 1688 1187 1727 eo
1239 1670 1481 1740 fallitur,
1512 1671 1668 1742 quod
1719 1690 1787 1726 ex
1833 1676 2014 1727 Hero-

357 1762 536 1818 diano
601 1767 799 1833 patere
865 1762 963 1830 ait,
1015 1763 1345 1832 Augustum
1399 1761 1597 1817 statim
1644 1767 1776 1833 post
1826 1760 2013 1817 Albini

355 1851 583 1906 cladem
621 1851 864 1906 Romam
897 1850 1290 1905 contendisse.
1328 1850 1473 1904 Dicit
1501 1850 1551 1905 is
1584 1851 1842 1921 quidem,
1876 1866 2011 1906 cum

354 1940 605 1996 Romam
656 1944 895 2012 peteret,
946 1935 1144 2009 πολλῴ
1180 1936 1335 2011 τάχει
1386 1957 1518 1994 eum
1581 1940 1889 2012 migrasse.
1938 1941 2011 1993 At

350 2045 470 2085 non
526 2028 639 2084 iter
664 2027 809 2084 illnd
845 2028 1059 2084 caedem
1112 2027 1307 2083 Albini
1360 2027 1665 2083 confestim
1717 2028 2009 2099 excepisse

349 2123 641 2175 memorat
690 2118 756 2190 (l.
813 2135 859 2174 c.
904 2134 1033 2190 pag.
1086 2117 1228 2188 145).
1278 2118 1494 2188 Potius,
1527 2134 1641 2172 non
1675 2108 2007 2173 antea'cum

346 2211 598 2265 Romam
643 2225 772 2263 esse
824 2224 1119 2263 reversum
1154 2211 1371 2275 narrat,
1406 2224 1585 2278 quam
1618 2225 1709 2262 res
1740 2208 2007 2263 ordinas-

346 2302 441 2354 set
485 2295 819 2365 Britannia,
854 2297 1285 2369 composuisset
1323 2295 1570 2353 Galliam
1604 2313 1669 2351 ac
1699 2297 1769 2351 de
1802 2313 2009 2366 magna

346 2387 679 2443 amicorum
730 2384 925 2441 Albini
994 2386 1161 2458 copia
1217 2385 1572 2457 supplicium
1632 2383 2006 2456 sumpsisset.

346 2478 487 2542 Quae
510 2475 654 2530 tanti
694 2475 975 2531 momenti
1010 2479 1150 2530 sunt
1192 2474 1444 2546 negotia,
1478 2478 1543 2529 ut
1572 2473 1827 2529 multum
1860 2477 2006 2528 tem-

345 2564 510 2637 poris
545 2564 601 2618 in
645 2564 1018 2635 perficiendis
1064 2563 1179 2618 illis
1229 2568 1641 2634 consumptum
1673 2562 1799 2618 sine
1828 2562 2007 2618 dubio

346 2653 547 2708 fuerit.
583 2652 740 2708 Nihil
788 2654 969 2726 igitur
1007 2655 1131 2724 jam
1171 2654 1388 2708 certius
1437 2669 1565 2709 esse
1615 2653 2005 2721 affirmamus,

352 2759 536 2814 quam
565 2759 716 2798 anno
750 2742 988 2798 CXCVII
1030 2743 1106 2814 (3)
1142 2747 1334 2799 motus
1365 2742 1581 2813 Albini,
1614 2744 2007 2814 auctore‘ejus

351 2830 571 2897 occiso,
604 2832 839 2888 sedatos
870 2832 1072 2888 fuisse.

420 2922 576 2978 556
618 2922 645 2990 §
694 2920 843 2977 XIV.
898 2923 1081 2993 Atque
1137 2924 1221 2977 sic
1270 2921 1554 2976 inoffenso
1604 2922 1748 2993 pede
1793 2922 1866 2976 ad
1922 2938 2007 2976 re-

355 3007 523 3080 liqua
573 3010 756 3082 pergi,
810 3026 1121 3081 annusque
1168 3011 1498 3082 Apologetici
1546 3010 1727 3065 nostri
1779 3009 2009 3066 facilius

342 3097 630 3153 constitui
665 3104 877 3170 potest.
914 3098 1117 3153 Libero
1148 3099 1323 3169 igitur
1354 3116 1505 3155 anno
1539 3099 1823 3166 CXCVIII,
1855 3099 2012 3154 labo-

2132 619 2263 657 rum
2322 604 2597 661 reducem
2658 604 2876 659 factum
2937 601 3119 657 fuisse
3182 599 3447 667 Romam,
3500 612 3567 651 ac
3625 610 3779 651 anno

2128 692 2337 748 CXCIX
2384 692 2615 748 Parthis
2664 692 2832 764 signa
2879 691 3119 745 demum
3162 687 3326 743 illata
3374 701 3500 741 esse
3551 683 3778 741 statuit.

2128 781 2541 837 Tillemontius
2588 797 2742 844 vero,
2799 781 2967 850 cujus
3013 777 3364 833 industriam
3423 775 3778 845 stupendam

2128 870 2346 942 alioqui
2395 887 2522 927 esse
2574 869 2778 937 fateor,
2841 869 2910 924 de
2980 867 3141 939 Nigri
3199 881 3331 921 cum
3392 862 3777 919 sectatoribus

2126 960 2443 1031 improvide
2491 958 2795 1029 intellexit,
2837 974 2979 1029 quos
3035 973 3171 1012 eum
3204 952 3436 1010 Parthis
3460 952 3585 1021 jam
3615 954 3778 1005 Seve-

2124 1066 2223 1105 rus
2256 1048 2925 1116 immineret,Plautiano
2949 1061 3210 1116 suasore,
3234 1060 3367 1100 cum
3402 1041 3777 1113 persecutum

2122 1153 2272 1205 esse,
2329 1137 2672 1209 Spartianus
2730 1137 2856 1208 (Vit.
2916 1136 3125 1204 Severi,
3185 1150 3312 1204 cap.
3384 1132 3473 1200 15,
3537 1146 3591 1201 p.
3654 1126 3777 1196 181)

2124 1227 2335 1297 prodit.
2398 1228 2705 1297 Propterea
2752 1243 2890 1291 ann,
2939 1225 3024 1281 CC
3073 1229 3173 1279 aut
3228 1222 3336 1277 CCI
3365 1218 3779 1290 Apologelicum

2122 1320 2421 1371 exaratum
2454 1333 2584 1372 esse
2614 1316 2795 1371 voluit
2824 1316 2919 1387 (4).
2952 1316 3299 1385 Quanquam
3332 1326 3403 1366 ne
3447 1309 3505 1363 id
3539 1306 3776 1379 quidem

2123 1405 2405 1479 intelligo,
2436 1424 2540 1462 cur
2586 1407 2736 1462 hanc
2766 1404 3243 1477 Nigrinianorum
3285 1406 3563 1471 stragem,
3596 1411 3774 1470 quam

2124 1497 2468 1568 Spartianus
2500 1495 2651 1551 inter
2682 1494 2817 1550 belli
2871 1493 3120 1549 Parthici
3149 1490 3318 1547 initia
3345 1489 3609 1555 collocat,
3641 1488 3776 1559 post
3868 1496 3875 1503 '

2125 1587 2314 1657 ipsam
2348 1584 2756 1640 difﬁcillimam
2789 1583 2950 1638 urbis
3000 1584 3150 1637 Atrae
3208 1579 3572 1636 obsidionem
3623 1574 3771 1632 acci-

2125 1676 2304 1743 disse,
2335 1677 2423 1731 vir
2451 1677 2715 1732 eruditus
2748 1678 2998 1731 censeat.
3032 1673 3169 1741 Nos,
3193 1671 3504 1743 diligenter
3527 1683 3771 1724 excusso

2123 1765 2468 1821 Tertulliani
2500 1766 2645 1831 loco,
2682 1764 2913 1820 facilem
2962 1762 3196 1834 nogotio
3247 1760 3468 1817 exitum
3516 1756 3770 1813 invenie-

2127 1872 2279 1910 mus.
2312 1855 2618 1911 Parricidae
2663 1853 2905 1927 quinam
2946 1853 3066 1907 sint
3120 1852 3179 1905 in
3210 1867 3297 1918 eo,
3332 1852 3600 1921 apertum
3629 1848 3720 1902 est
3752 1860 3766 1901 :

2121 1944 2162 1999 ii
2195 1962 2423 2015 nempe,
2456 1945 2555 2015 qui
2607 1942 2813 1999 Albino
2862 1940 3176 2012 imperium
3207 1937 3499 1995 affectanti
3530 1939 3631 1993 aut
3661 1949 3768 2006 ope

2119 2038 2220 2089 aut
2252 2033 2496 2089 consilio
2538 2033 2842 2089 affuerant.
2875 2031 3069 2086 Cicero
3100 2029 3458 2101 jamdudum
3493 2028 3579 2084 sic
3632 2044 3762 2083 sen-

2118 2127 2274 2178 serat
2320 2122 2655 2194 (Philippica
2696 2123 2744 2177 ιι
2786 2138 2834 2177 c.
2891 2121 2976 2189 13,
3029 2137 3085 2191 p.
3140 2119 3262 2187 446,
3313 2122 3357 2173 t.
3408 2117 3455 2172 ΙΙ
3486 2118 3632 2190 Opp.
3668 2117 3761 2173 ed.

2116 2212 2367 2279 Gruteri)
2394 2213 2519 2283 plus
2563 2214 2733 2266 etiam
2762 2226 2927 2282 quam
2952 2209 3267 2281 parricida:
3296 2207 3586 2278 ejusmodi
3637 2221 3767 2262 esse

2118 2300 2409 2367 homines,
2440 2300 2730 2371 siquidem,
2765 2304 2825 2354 ut
2856 2298 3037 2365 addit,
3070 2299 3308 2351 atrocius
3338 2300 3418 2350 est
3446 2296 3647 2366 patriae
3673 2311 3769 2365 pa-

2119 2396 2326 2446 rentem
2357 2406 2525 2462 quam
2553 2406 2714 2445 suum
2743 2386 3003 2444 cecidere.
3051 2390 3120 2440 At
3163 2385 3368 2440 horum
3418 2382 3590 2455 longe
3640 2381 3769 2454 plu-

2119 2479 2251 2534 rimi
2312 2480 2409 2551 qui
2462 2484 2562 2534 aut
2608 2494 2739 2533 vere
2786 2475 3049 2532 criminis
3098 2472 3272 2530 istius
3322 2472 3403 2528 rei
3451 2474 3637 2538 erant,
3671 2474 3772 2526 aut

2118 2567 2263 2623 falso
2285 2568 2674 2637 habebantur,
2697 2571 2816 2621 tam
2836 2564 2894 2619 in
2917 2564 3124 2633 Gallia,
3143 2579 3321 2633 quam
3345 2561 3538 2616 Romae
3562 2559 3771 2616 deinde

2118 2656 2405 2729 supplicio
2437 2656 2623 2712 affecti
2654 2659 2840 2720 erant,
2872 2656 3079 2726 praeter
3117 2668 3216 2707 eos
3247 2650 3347 2723 qui
3379 2654 3576 2723 aperte
3606 2664 3773 2704 arma

2117 2746 2393 2803 tulerant.
2439 2744 2799 2801 Herodianus
2854 2748 2911 2799 et
2965 2741 3312 2815 Spartianus
3366 2739 3461 2795 hic
3520 2740 3771 2811 possunt

2118 2834 2364 2891 consuli.
2398 2836 2586 2906 Atque
2614 2834 2724 2889 hoc
2754 2836 2862 2903 est,
2908 2832 3061 2903 quod
3092 2829 3423 2886 vindemiam
3454 2827 3768 2883 Tertullia-

2119 2942 2230 2979 nus
2260 2928 2444 2979 vocat.
2476 2922 2785 2978 Racemalio
2816 2921 3108 2992 quaedam,
3141 2923 3206 2974 ut
3242 2917 3476 2988 quidem
3510 2916 3765 2987 impera-

2120 3019 2209 3069 tor
2242 3012 2504 3083 putabat,
2546 3012 2739 3066 adhuc
2788 3013 3110 3082 supererat.
3148 3008 3293 3064 557
3330 3005 3613 3078 Suspicax
3650 3004 3763 3061 sci-

2118 3101 2255 3156 licet
2303 3106 2358 3157 et
2410 3099 2590 3156 simul
2622 3100 2849 3171 argenti
2880 3098 3129 3170 cupidus
3159 3096 3453 3169 princeps,
3478 3111 3614 3151 cum
3638 3096 3766 3167 jam

342 3187 622 3242 rantibus
655 3188 932 3243 fratribus
961 3204 1027 3243 eo
1076 3188 1388 3244 subvenire
1434 3188 1711 3256 voluisse,
1749 3206 2011 3261 pronun-
2049 3261 2056 3262 γ
2121 3192 2320 3247 omnia
2375 3189 2763 3262 tranquilitati
2822 3187 3092 3245 restituta
3136 3189 3354 3252 essent,
3388 3184 3770 3241 nihilominus

337 3274 452 3330 tio.
482 3275 691 3343 Locus,
742 3276 838 3347 qui
894 3275 1045 3329 hanc
1096 3276 1289 3331 firmat
1327 3276 1685 3348 opinionem,
1720 3277 1813 3332 hic
1861 3282 1950 3332 est
1983 3293 1994 3330 :
2030 3261 2071 3328 C
2111 3280 2400 3353 quosdam
2428 3297 2458 3335 e
2503 3261 2741 3335 latebris
2793 3277 2972 3334 veluti
3017 3276 3413 3348 protrahebat,
3447 3291 3595 3348 quos
3625 3273 3770 3331 insi-

344 3386 379 3413 α
418 3363 528 3419 Sed
561 3368 619 3419 et
665 3363 763 3435 qui
808 3380 963 3419 nunc
1012 3364 1388 3420 scelestarum
1420 3367 1673 3437 partium
1721 3366 1861 3423 socii
1907 3370 2008 3421 aut

335 3451 663 3525 plausores
706 3453 964 3523 quotidie
987 3452 1472 3526 revelantur,post
1489 3455 1845 3510 vindemiam
1876 3472 2007 3526 par-

329 3539 682 3596 ricidarum
734 3542 1047 3598 racematio
1095 3547 1415 3615 superstes,
1450 3560 1626 3615 quam
1676 3543 2007 3599 recentissi-

333 3629 461 3684 mis
499 3634 555 3684 et
577 3630 1001 3686 ramosissimis
1047 3630 1267 3687 laureis
1300 3637 1495 3703 postes
1528 3633 1956 3704 praestruebant
1984 3633 2010 3686 ?

343 3734 533 3789 quam
568 3718 907 3774 elatissimis
939 3726 995 3775 et
1024 3720 1372 3777 clarissimis
1414 3720 1672 3777 lucernis
1719 3720 2011 3777 vestibula

342 3804 778 3862 enubilabant?
822 3825 997 3880 quam
1052 3808 1400 3867 cultissimis
1458 3815 1514 3866 et
1570 3810 2011 3881 superbissimis

336 3895 496 3950 toris
532 3896 718 3951 forum
750 3896 861 3953 sibi
885 3897 1272 3954 dividebant?
1305 3916 1417 3954 non
1442 3904 1507 3954 ut
1531 3900 1743 3971 gaudia
1777 3897 2012 3971 publica

338 3983 736 4055 celebrarent,
771 3987 870 4042 sed
926 3991 989 4042 ut
1040 3992 1173 4043 vota
1202 3990 1438 4060 propria
1470 3989 1595 4058 jam
1629 3988 1923 4044 edicerent
1950 3987 2011 4041 in

341 4072 542 4128 aliena
572 4073 966 4146 solemnitate,
1000 4080 1057 4132 et
1107 4076 1439 4148 exemplum
1491 4081 1665 4148 atque
1693 4077 2010 4149 imaginem

344 4161 478 4233 spei
523 4178 642 4217 sua)
687 4162 1133 4236 inaugurarent,
1169 4181 1380 4220 nomen
1433 4164 1715 4237 principis
1748 4167 1806 4221 in
1838 4168 2014 4222 corde

344 4255 679 4306 mutantes.
714 4252 924 4307 Eadem
970 4253 1165 4310 ofﬁcia
1195 4253 1525 4325 deperdunt
1558 4259 1613 4309 et
1643 4255 1743 4326 qui
1773 4255 2015 4311 astrolo-

346 4357 462 4414 gos
496 4345 555 4397 et
584 4342 887 4414 aruspices
920 4349 977 4399 et
1007 4361 1260 4417 augures
1294 4350 1352 4400 et
1383 4361 1584 4418 magos
1617 4346 1688 4401 de
1718 4348 2013 4403 Cassarum

344 4431 547 4503 capite
605 4431 945 4488 consultant
997 4434 1254 4506 (ipolog.
1318 4451 1367 4490 c.
1420 4434 1638 4503 XXXV,
1689 4453 1745 4507 p.
1806 4437 1948 4508 458).
1983 4458 2012 4487 ››

343 4520 479 4576 Non
535 4520 680 4591 fugit
730 4520 982 4577 illustris
1031 4523 1192 4579 hicoe
1241 4522 1406 4580 locus
1461 4524 1775 4580 Baronium
1831 4541 1843 4579 :
1900 4542 2013 4580 non

2116 3370 2243 3424 dias
2275 3369 2386 3425 sibi
2431 3368 2639 3425 fecisse
2665 3367 2878 3436 aiebat,
2925 3383 2989 3421 ac
3046 3366 3119 3421 ad
3161 3368 3412 3421 mortem
3462 3364 3591 3420 ideo
3641 3362 3768 3435 rapi

2109 3459 2379 3529 jubebat.
2414 3462 2531 3514 Ista
2560 3457 2790 3529 vigente
2815 3457 3203 3522 racematione,
3237 3458 3304 3509 ut
3332 3453 3610 3525 loquitur,
3643 3454 3775 3509 Ter-

2117 3546 2400 3602 tullianus
2440 3546 2751 3602 scribebat.
2783 3545 2941 3599 Scire
2988 3545 3207 3614 itaque,
3242 3558 3356 3613 quo
3387 3547 3651 3615 tempore
3680 3557 3772 3597 re-

2118 3636 2336 3708 liquias
2387 3635 2801 3691 seditiosorum
2871 3630 3307 3704 investigaverit
3361 3631 3626 3699 Severus,
3687 3632 3777 3686 est

2120 3725 2315 3797 ipsum
2348 3725 2682 3797 Apolcgelici
2710 3738 2930 3777 annum
2978 3736 3123 3776 scre.
3160 3721 3291 3791 Ipse
3337 3736 3471 3774 vero
3503 3719 3646 3775 illud
3678 3718 3774 3774 in-

2120 3814 2277 3871 dicat
2306 3818 2437 3887 post
2466 3812 2752 3871 solemnia
2790 3811 3059 3882 quaedam
3092 3810 3286 3863 Roma:
3338 3808 3489 3864 facta
3513 3808 3775 3864 evenisse

2122 3904 2179 3957 in
2211 3903 2425 3975 quibus
2455 3903 2551 3958 isti
2598 3900 2970 3973 imperatoris
3018 3897 3245 3952 inimici
3298 3912 3578 3970 magnum
3626 3896 3772 3951 falso

2120 3994 2403 4065 gaudium
2452 4009 2565 4063 pra:
2613 4006 2676 4046 se
2726 3988 2988 4045 tulerint.
3035 3987 3329 4051 Quantum
3379 3984 3777 4041 intercesserit

2127 4079 2496 4137 intervallum
2530 4097 2645 4135 non
2673 4078 2857 4134 addit.
2893 4076 3056 4131 Patet
3085 4078 3308 4143 tamen,
3341 4073 3499 4129 haud
3538 4074 3621 4128 ita
3651 4088 3776 4127 ma-

2122 4187 2304 4242 gnum
2335 4168 2579 4240 inlelligi
2621 4169 2851 4223 debere.
2902 4169 3006 4221 Est
3053 4169 3108 4220 et
3138 4164 3292 4219 alius
3340 4163 3400 4218 in
3449 4164 3579 4234 ejus
3627 4160 3775 4217 libro

2123 4259 2308 4327 locus,
2361 4257 2485 4330 qui,
2535 4258 2691 4329 quod
2736 4257 2809 4311 ad
2858 4255 2968 4311 hoc
3020 4258 3407 4325 momentum,
3440 4252 3577 4308 hinc
3608 4250 3779 4324 quasi

2124 4349 2371 4421 explicat
2414 4346 2539 4419 (lib.
2594 4346 2664 4403 ad
2714 4345 3033 4417 Scapulam,
3084 4360 3134 4398 c.
3191 4343 3244 4407 1,
3296 4360 3351 4415 p.
3396 4342 3502 4397 552
3547 4341 3718 4413 Opp.)
3762 4356 3776 4395 :

2131 4459 2157 4491 α
2213 4442 2548 4507 Nunquam,
2610 4437 2709 4504 ait,
2760 4432 3079 4500 Albiniani,
3131 4436 3234 4487 aut
3289 4429 3640 4503 Nigriniani,
3689 4428 3778 4485 vel

2124 4528 2385 4583 Cassiani
2418 4526 2665 4581 inveniri
2696 4527 3015 4596 potuerunt
3058 4520 3369 4577 Christiani
3401 4537 3415 4577 :
3451 4521 3553 4576 sed
3600 4519 3778 4575 iidem

343 4608 793 4665 Lillemontium
828 4611 1124 4683 prmteriit.
1178 4613 1285 4667 Sed
1338 4618 1561 4684 neuter,
1594 4614 1745 4685 quod
1792 4614 2014 4684 absque
2044 4626 2089 4691 Ι)
2122 4617 2257 4690 ipsi,
2291 4615 2391 4688 qui
2424 4632 2525 4687 per
2555 4613 2759 4687 genios
2789 4628 2993 4669 eorum
3025 4611 3085 4665 in
3118 4610 3305 4682 pridie
3338 4610 3775 4682 usquejurave-

345 4697 752 4754 diminutione
784 4704 1084 4756 tantorum
1125 4700 1432 4758 hominum
1465 4703 1731 4770 dixerim,
1765 4718 1830 4759 eo
1863 4706 2015 4757 recte

344 4787 439 4843 uti
468 4788 682 4860 potuit,
727 4806 793 4846 eo
844 4792 1000 4862 quod
1050 4791 1108 4847 in
1160 4791 1288 4847 aliis
1338 4793 1513 4848 rebus
1543 4797 1819 4849 errarent.
1856 4792 2018 4848 Vidit

343 4876 581 4948 aliquid
616 4879 905 4935 Baronius
952 4897 1018 4936 ac
1066 4882 1135 4936 de
1188 4885 1380 4953 strage
1412 4880 1791 4953 reliquiarum
1822 4882 2016 4938 Albini

346 4983 500 5021 eum
532 4966 1041 5040 interpretandum
1075 4986 1202 5025 esse
1249 4970 1396 5026 bene
1436 4972 1664 5027 monuit
1694 4972 1915 5042 (Annal.
1943 4972 2016 5028 ad

344 5073 497 5112 ann.
535 5056 633 5125 CC,
666 5075 725 5113 n.
757 5058 811 5130 3,
845 5076 903 5131 p.
948 5060 1092 5134 198).
1123 5060 1370 5116 ditatem
1419 5059 1554 5116 libri
1599 5060 1814 5117 idcirco
1864 5066 2016 5119 recte

430 5215 510 5297 (3)
540 5218 749 5305 Neque.
787 5235 920 5275 vero
972 5236 1107 5305 cum
1158 5218 1743 5305 Raron'ipmhicfacic,
1779 5223 1880 5294 qui
1913 5240 2015 5280 ne-

349 5291 486 5344 scio
520 5303 668 5359 quas
698 5291 771 5346 ob
804 5307 1037 5358 causas,
1068 5292 1203 5348 licet
1232 5309 1284 5346 a.
1327 5292 1562 5348 CXCVII
1601 5291 1876 5351 Albinum
1916 5298 2014 5352 de-

345 5357 647 5415 bellatum
680 5378 809 5419 esse
839 5365 1140 5433 concedat,
1174 5369 1371 5420 tamen
1418 5371 1553 5420 ante
1583 5384 1719 5422 ann.
1754 5368 2015 5423 CXCVIII

349 5433 644 5487 Severum
690 5434 935 5492 Romam
991 5438 1213 5493 redisse
1263 5441 1451 5504 negat.
1503 5438 1708 5494 Annal.
1752 5445 1794 5495 t.
1840 5440 1910 5501 II,
1943 5440 2016 5495 ad

346 5519 520 5585 anna
553 5503 679 5572 200,
707 5523 766 5561 n.
821 5508 866 5576 Ι,
919 5526 976 5581 p.
1028 5508 1153 5585 29d.
1205 5503 1415 5585 omnia
1445 5514 1711 5585 pugnant
1740 5512 2017 5585 cumbae

348 5579 639 5651 opinione
686 5594 752 5631 ac
796 5579 937 5651 post
982 5579 1555 5651 mediumgfortassis
1608 5598 1744 5637 ann.
1779 5583 2019 5639 CXCVII

344 5648 771 5716 imperatorem
798 5648 933 5706 urbi
960 5668 1021 5707 se
1054 5649 1379 5707 reddidisse
1428 5653 1795 5710 confirmant.
1831 5656 2017 5711 Taceo

348 5716 521 5791 apud
570 5718 911 5794 Adolphum
939 5723 1227 5782 Oeconem
1282 5722 1344 5781 in
1393 5721 1763 5797 numismat.,
1795 5742 1852 5799 p.
1886 5726 2014 5798 849,

2123 4711 2276 4771 rant,
2309 4704 2406 4775 qui
2462 4720 2565 4775 pro
2612 4702 2798 4758 salute
2847 4716 3051 4757 eorum
3078 4698 3303 4756 hostias
3333 4703 3391 4755 et
3413 4702 3691 4755 voverant
3720 4700 3777 4755 et

2124 4796 2396 4852 fecerant.
2431 4815 2458 4843 ››
2491 4793 2570 4849 De
2613 4792 2812 4848 eadem
2866 4806 2927 4846 re
2974 4788 3235 4861 loquitur
3282 4788 3370 4843 vir
3410 4787 3775 4861 ingeniosus,

2124 4886 2193 4940 de
2225 4901 2341 4955 qua
2370 4883 2429 4937 in
2481 4880 2699 4937 nostris
2747 4897 2873 4952 quas
2919 4877 3287 4950 exponimus.
3320 4878 3527 4934 Vocem
3582 4876 3779 4949 itaque

2122 4974 2324 5049 pridie,
2355 4988 2485 5044 quas
2528 4971 2700 5027 breve
2748 4970 2986 5024 denotat
3031 4970 3287 5039 tempus,
3338 4966 3409 5022 ad
3455 4970 3778 5038 utrumque

2124 5062 2302 5133 trahi,
2357 5062 2496 5134 quid
2549 5058 2862 5133 progibet?
2911 5060 3189 5122 Quaenam
3235 5071 3369 5112 vero
3417 5059 3585 5113 erant
3658 5055 3779 5112 hinc

2125 5227 2414 5279 auventus
2449 5224 2624 5294 hujus
2659 5218 2909 5294 Augusti
2942 5219 3151 5294 quarto
3184 5217 3502 5294 tribunitiae
3528 5222 3782 5290 potesta-

2124 5296 2200 5351 tis
2235 5311 2387 5351 anno
2436 5288 2595 5363 facti,
2646 5288 2865 5348 indicia
2901 5288 3255 5361 quaedamin
3279 5288 3545 5346 nummis
3570 5308 3771 5348 occur-

2125 5384 2271 5509 rele
2305 5438 2441 5491 Hist.
2470 5438 2560 5492 des
2592 5439 2749 5507 Emp,
2783 5434 2960 5509 t._rIII,
2996 5450 3052 5503 p.
3086 5432 3172 5509 9_4,
3206 5432 3464 5509 ad__ann.
3505 5435 3627 5509 26Q.
3666 5435 3782 5509 Une

2126 5502 2228 5565 des
2254 5502 2659 5580 'cccupations
2691 5502 2777 5563 'de
2828 5506 3060 5580 Sévere_
3092 5503 3238 5580 dans
3294 5502 3532 5580 I'Orient
3584 5506 3671 5558 fut
3708 5504 3779 5580 de

2126 5581 2266 5635 faire
2323 5582 2393 5635 de
2427 5572 2751 5635 'nouvelles
2805 5573 3153 5633 recherches
3203 5575 3305 5629 des
3356 5576 3651 5635 nartisans
3707 5572 3779 5626 de

2124 5652 2315 5722 Niger,
2348 5657 2405 5707 et
2435 5669 2663 5708 comme
2691 5648 3011 5707 Tertullien
3042 5647 3128 5701 dit
3156 5662 3262 5701 sur
3289 5642 3430 5713 cela,
3460 5646 3529 5700 de
3560 5642 3777 5715 grapil-

2125 5723 2210 5780 ler
2237 5726 2404 5796 apres
2434 5722 2493 5782 la
2520 5724 2839 5796 vendange.
