  <div class='ocr_page' id='page_1' title='image "/cluster/home/n/w/nwhite01/storage/ocr_20150623/1/hvd.32044096580337/321.png"; bbox 0 0 4094 6186; ppageno 0'>
   <div class='ocr_carea' id='block_1_1' title="bbox 418 362 534 423">
    <p class='ocr_par' dir='ltr' id='par_1_1' title="bbox 418 362 534 423">
     <span class='ocr_line' id='line_1_1' title="bbox 418 362 534 423; baseline -0.009 -2"><span class='ocrx_word' id='word_1_1' title='bbox 418 362 534 423; x_wconf 73' lang='lat'>627</span> 
     </span>
    </p>
   </div>
   <div class='ocr_carea' id='block_1_2' title="bbox 936 354 3297 433">
    <p class='ocr_par' dir='ltr' id='par_1_2' title="bbox 936 354 3297 433">
     <span class='ocr_line' id='line_1_2' title="bbox 936 354 3297 433; baseline 0 -16"><span class='ocrx_word' id='word_1_2' title='bbox 936 357 1466 418; x_wconf 82' lang='lat' dir='ltr'>TERTULLIANI</span> <span class='ocrx_word' id='word_1_3' title='bbox 1510 358 1835 420; x_wconf 83' lang='lat' dir='ltr'>OPERUM</span> <span class='ocrx_word' id='word_1_4' title='bbox 1882 357 2080 417; x_wconf 81' lang='lat' dir='ltr'>PARS</span> <span class='ocrx_word' id='word_1_5' title='bbox 2127 355 2175 414; x_wconf 91' lang='grc' dir='ltr'><strong>Ι.</strong></span> <span class='ocrx_word' id='word_1_6' title='bbox 2204 386 2281 398; x_wconf 90' lang='grc'><strong>-</strong></span> <span class='ocrx_word' id='word_1_7' title='bbox 2312 354 2587 418; x_wconf 78' lang='lat' dir='ltr'>SERIES</span> <span class='ocrx_word' id='word_1_8' title='bbox 2634 358 2683 433; x_wconf 80' lang='grc' dir='ltr'>Ι,</span> <span class='ocrx_word' id='word_1_9' title='bbox 2732 359 3297 420; x_wconf 82' lang='lat' dir='ltr'>APOLOGETICA.</span> 
     </span>
    </p>
   </div>
   <div class='ocr_carea' id='block_1_3' title="bbox 3668 369 3771 425">
    <p class='ocr_par' dir='ltr' id='par_1_3' title="bbox 3668 369 3771 425">
     <span class='ocr_line' id='line_1_3' title="bbox 3668 369 3771 425; baseline 0 0"><span class='ocrx_word' id='word_1_10' title='bbox 3668 369 3771 425; x_wconf 74' lang='lat'>628</span> 
     </span>
    </p>
   </div>
   <div class='ocr_carea' id='block_1_4' title="bbox 419 488 3776 568">
    <p class='ocr_par' dir='ltr' id='par_1_4' title="bbox 419 488 3776 568">
     <span class='ocr_line' id='line_1_4' title="bbox 419 488 3776 568; baseline 0.004 -26"><span class='ocrx_word' id='word_1_11' title='bbox 419 495 634 568; x_wconf 76' lang='lat' dir='ltr'>gaudia</span> <span class='ocrx_word' id='word_1_12' title='bbox 666 491 921 565; x_wconf 88' lang='lat' dir='ltr'>publica,</span> <span class='ocrx_word' id='word_1_13' title='bbox 956 491 1025 545; x_wconf 89' lang='lat' dir='ltr'>ad</span> <span class='ocrx_word' id='word_1_14' title='bbox 1055 506 1184 562; x_wconf 58' lang='lat' dir='ltr'>qua</span> <span class='ocrx_word' id='word_1_15' title='bbox 1214 489 1497 563; x_wconf 76' lang='lat' dir='ltr'>respicit?</span> <span class='ocrx_word' id='word_1_16' title='bbox 1544 491 1733 548; x_wconf 84' lang='lat' dir='ltr'>Fallor</span> <span class='ocrx_word' id='word_1_17' title='bbox 1772 494 1872 548; x_wconf 92' lang='lat' dir='ltr'>aut</span> <span class='ocrx_word' id='word_1_18' title='bbox 1902 490 2069 563; x_wconf 89' lang='lat' dir='ltr'>quin-</span> <span class='ocrx_word' id='word_1_19' title='bbox 2098 488 2153 555; x_wconf 83' lang='grc' dir='ltr'><strong>Α</strong></span> <span class='ocrx_word' id='word_1_20' title='bbox 2184 502 2667 562; x_wconf 85' lang='lat' dir='ltr'>unumquemque</span> <span class='ocrx_word' id='word_1_21' title='bbox 2697 492 2973 548; x_wconf 91' lang='lat' dir='ltr'>idoneum</span> <span class='ocrx_word' id='word_1_22' title='bbox 3006 491 3272 565; x_wconf 86' lang='lat' dir='ltr'>imperio.</span> <span class='ocrx_word' id='word_1_23' title='bbox 3310 514 3335 541; x_wconf 86' lang='lat'>»</span> <span class='ocrx_word' id='word_1_24' title='bbox 3385 492 3671 553; x_wconf 81' lang='lat' dir='ltr'>Eransacta</span> <span class='ocrx_word' id='word_1_25' title='bbox 3698 516 3776 555; x_wconf 86' lang='lat' dir='ltr'>res</span> 
     </span>
    </p>
   </div>
   <div class='ocr_carea' id='block_1_5' title="bbox 420 580 2071 656">
    <p class='ocr_par' dir='ltr' id='par_1_5' title="bbox 420 580 2071 656">
     <span class='ocr_line' id='line_1_5' title="bbox 420 580 2071 656; baseline -0.004 -15"><span class='ocrx_word' id='word_1_26' title='bbox 420 583 734 656; x_wconf 86' lang='lat' dir='ltr'>quennalia</span> <span class='ocrx_word' id='word_1_27' title='bbox 753 580 1217 635; x_wconf 63' lang='lat' dir='ltr'>innuitltomam</span> <span class='ocrx_word' id='word_1_28' title='bbox 1241 580 1476 651; x_wconf 87' lang='lat' dir='ltr'>quidem</span> <span class='ocrx_word' id='word_1_29' title='bbox 1503 598 1636 637; x_wconf 89' lang='lat' dir='ltr'>eum</span> <span class='ocrx_word' id='word_1_30' title='bbox 1668 582 2071 653; x_wconf 81' lang='lat' dir='ltr'>ingrederetur</span> 
     </span>
    </p>
   </div>
   <div class='ocr_carea' id='block_1_6' title="bbox 418 669 2071 743">
    <p class='ocr_par' dir='ltr' id='par_1_6' title="bbox 418 669 2071 743">
     <span class='ocr_line' id='line_1_6' title="bbox 418 669 2071 743; baseline -0.004 -14"><span class='ocrx_word' id='word_1_31' title='bbox 418 675 666 729; x_wconf 80' lang='lat' dir='ltr'>Severus</span> <span class='ocrx_word' id='word_1_32' title='bbox 693 674 825 743; x_wconf 90' lang='lat' dir='ltr'>post</span> <span class='ocrx_word' id='word_1_33' title='bbox 854 670 1224 724; x_wconf 86' lang='lat' dir='ltr'>interfectum</span> <span class='ocrx_word' id='word_1_34' title='bbox 1260 669 1560 735; x_wconf 86' lang='lat' dir='ltr'>Albinum,</span> <span class='ocrx_word' id='word_1_35' title='bbox 1602 670 1834 743; x_wconf 82' lang='lat' dir='ltr'>gaudiis</span> <span class='ocrx_word' id='word_1_36' title='bbox 1872 670 2071 725; x_wconf 90' lang='lat' dir='ltr'>omnia</span> 
     </span>
    </p>
   </div>
   <div class='ocr_carea' id='block_1_7' title="bbox 417 758 2064 834">
    <p class='ocr_par' dir='ltr' id='par_1_7' title="bbox 417 758 2064 834">
     <span class='ocr_line' id='line_1_7' title="bbox 417 758 2064 834; baseline -0.005 -17"><span class='ocrx_word' id='word_1_37' title='bbox 417 766 475 817; x_wconf 90' lang='lat' dir='ltr'>et</span> <span class='ocrx_word' id='word_1_38' title='bbox 506 761 810 834; x_wconf 84' lang='lat' dir='ltr'>plausibus</span> <span class='ocrx_word' id='word_1_39' title='bbox 842 758 1238 831; x_wconf 79' lang='lat' dir='ltr'>personabant</span> <span class='ocrx_word' id='word_1_40' title='bbox 1268 758 1417 830; x_wconf 84' lang='lat' dir='ltr'>(Vid.</span> <span class='ocrx_word' id='word_1_41' title='bbox 1469 759 1834 815; x_wconf 87' lang='lat' dir='ltr'>Herodianus</span> <span class='ocrx_word' id='word_1_42' title='bbox 1867 760 2064 812; x_wconf 74' lang='lat' dir='ltr'>Hister.</span> 
     </span>
    </p>
   </div>
   <div class='ocr_carea' id='block_1_8' title="bbox 416 845 2068 920">
    <p class='ocr_par' dir='ltr' id='par_1_8' title="bbox 416 845 2068 920">
     <span class='ocr_line' id='line_1_8' title="bbox 416 845 2068 920; baseline -0.003 -16"><span class='ocrx_word' id='word_1_43' title='bbox 416 851 520 906; x_wconf 88' lang='lat' dir='ltr'>lib.</span> <span class='ocrx_word' id='word_1_44' title='bbox 553 867 638 917; x_wconf 82' lang='lat' dir='ltr'>in,</span> <span class='ocrx_word' id='word_1_45' title='bbox 674 866 722 905; x_wconf 93' lang='lat' dir='ltr'>c.</span> <span class='ocrx_word' id='word_1_46' title='bbox 755 849 809 916; x_wconf 92' lang='lat'>8,</span> <span class='ocrx_word' id='word_1_47' title='bbox 843 865 901 920; x_wconf 92' lang='lat' dir='ltr'>p.</span> <span class='ocrx_word' id='word_1_48' title='bbox 946 848 1088 917; x_wconf 85' lang='grc'>145).</span> <span class='ocrx_word' id='word_1_49' title='bbox 1140 847 1254 902; x_wconf 90' lang='lat' dir='ltr'>Nec</span> <span class='ocrx_word' id='word_1_50' title='bbox 1307 847 1474 903; x_wconf 92' lang='lat' dir='ltr'>nobis</span> <span class='ocrx_word' id='word_1_51' title='bbox 1504 848 1560 903; x_wconf 91' lang='lat' dir='ltr'>id</span> <span class='ocrx_word' id='word_1_52' title='bbox 1594 848 1826 904; x_wconf 88' lang='lat' dir='ltr'>obesset</span> <span class='ocrx_word' id='word_1_53' title='bbox 1853 847 1901 902; x_wconf 90' lang='lat' dir='ltr'>si</span> <span class='ocrx_word' id='word_1_54' title='bbox 1936 845 2068 917; x_wconf 87' lang='lat' dir='ltr'>quis</span> 
     </span>
    </p>
   </div>
   <div class='ocr_carea' id='block_1_9' title="bbox 422 935 2068 1007">
    <p class='ocr_par' dir='ltr' id='par_1_9' title="bbox 422 935 2068 1007">
     <span class='ocr_line' id='line_1_9' title="bbox 422 935 2068 1007; baseline -0.004 -13"><span class='ocrx_word' id='word_1_55' title='bbox 422 956 550 995; x_wconf 90' lang='lat' dir='ltr'>eam</span> <span class='ocrx_word' id='word_1_56' title='bbox 583 939 678 993; x_wconf 89' lang='lat' dir='ltr'>hic</span> <span class='ocrx_word' id='word_1_57' title='bbox 707 936 969 992; x_wconf 82' lang='lat' dir='ltr'>laetitiam</span> <span class='ocrx_word' id='word_1_58' title='bbox 1001 935 1294 1007; x_wconf 86' lang='lat' dir='ltr'>publicam</span> <span class='ocrx_word' id='word_1_59' title='bbox 1329 936 1572 991; x_wconf 89' lang='lat' dir='ltr'>indicari</span> <span class='ocrx_word' id='word_1_60' title='bbox 1605 936 1841 992; x_wconf 83' lang='lat' dir='ltr'>diceret.</span> <span class='ocrx_word' id='word_1_61' title='bbox 1877 940 2068 1005; x_wconf 89' lang='lat' dir='ltr'>Longe</span> 
     </span>
    </p>
   </div>
   <div class='ocr_carea' id='block_1_10' title="bbox 414 1023 2068 1098">
    <p class='ocr_par' dir='ltr' id='par_1_10' title="bbox 414 1023 2068 1098">
     <span class='ocr_line' id='line_1_10' title="bbox 414 1023 2068 1098; baseline -0.003 -16"><span class='ocrx_word' id='word_1_62' title='bbox 414 1032 611 1083; x_wconf 90' lang='lat' dir='ltr'>tamen</span> <span class='ocrx_word' id='word_1_63' title='bbox 686 1024 1049 1098; x_wconf 86' lang='lat' dir='ltr'>probabilius</span> <span class='ocrx_word' id='word_1_64' title='bbox 1100 1024 1353 1080; x_wconf 81' lang='lat' dir='ltr'>arbitror</span> <span class='ocrx_word' id='word_1_65' title='bbox 1400 1026 1470 1080; x_wconf 89' lang='lat' dir='ltr'>de</span> <span class='ocrx_word' id='word_1_66' title='bbox 1529 1023 2068 1097; x_wconf 88' lang='lat' dir='ltr'>quinquennalibus</span> 
     </span>
    </p>
   </div>
   <div class='ocr_carea' id='block_1_11' title="bbox 418 1113 2064 1184">
    <p class='ocr_par' dir='ltr' id='par_1_11' title="bbox 418 1113 2064 1184">
     <span class='ocr_line' id='line_1_11' title="bbox 418 1113 2064 1184; baseline -0.002 -13"><span class='ocrx_word' id='word_1_67' title='bbox 418 1131 748 1172; x_wconf 84' lang='lat' dir='ltr'>sermonem</span> <span class='ocrx_word' id='word_1_68' title='bbox 780 1132 930 1181; x_wconf 89' lang='lat' dir='ltr'>esse,</span> <span class='ocrx_word' id='word_1_69' title='bbox 972 1131 1105 1169; x_wconf 90' lang='lat' dir='ltr'>eum</span> <span class='ocrx_word' id='word_1_70' title='bbox 1157 1113 1302 1169; x_wconf 91' lang='lat' dir='ltr'>alias</span> <span class='ocrx_word' id='word_1_71' title='bbox 1345 1115 1416 1170; x_wconf 93' lang='lat' dir='ltr'>ob</span> <span class='ocrx_word' id='word_1_72' title='bbox 1467 1131 1697 1183; x_wconf 89' lang='lat' dir='ltr'>causas,</span> <span class='ocrx_word' id='word_1_73' title='bbox 1734 1119 1861 1169; x_wconf 91' lang='lat' dir='ltr'>tum</span> <span class='ocrx_word' id='word_1_74' title='bbox 1913 1113 2064 1184; x_wconf 89' lang='lat' dir='ltr'>quod</span> 
     </span>
    </p>
   </div>
   <div class='ocr_carea' id='block_1_12' title="bbox 414 1202 2064 1277">
    <p class='ocr_par' dir='ltr' id='par_1_12' title="bbox 414 1202 2064 1277">
     <span class='ocr_line' id='line_1_12' title="bbox 414 1202 2064 1277; baseline -0.002 -15"><span class='ocrx_word' id='word_1_75' title='bbox 414 1210 547 1262; x_wconf 90' lang='lat' dir='ltr'>vota</span> <span class='ocrx_word' id='word_1_76' title='bbox 568 1222 667 1277; x_wconf 92' lang='lat' dir='ltr'>pro</span> <span class='ocrx_word' id='word_1_77' title='bbox 691 1204 881 1260; x_wconf 89' lang='lat' dir='ltr'>salute</span> <span class='ocrx_word' id='word_1_78' title='bbox 910 1204 1159 1273; x_wconf 84' lang='lat' dir='ltr'>Augusti</span> <span class='ocrx_word' id='word_1_79' title='bbox 1193 1207 1320 1258; x_wconf 90' lang='lat' dir='ltr'>tum</span> <span class='ocrx_word' id='word_1_80' title='bbox 1356 1219 1484 1260; x_wconf 87' lang='lat' dir='ltr'>esse</span> <span class='ocrx_word' id='word_1_81' title='bbox 1516 1204 1670 1259; x_wconf 88' lang='lat' dir='ltr'>facta</span> <span class='ocrx_word' id='word_1_82' title='bbox 1702 1202 2064 1259; x_wconf 87' lang='lat' dir='ltr'>subindicat:</span> 
     </span>
    </p>
   </div>
   <div class='ocr_carea' id='block_1_13' title="bbox 417 1301 2067 1373">
    <p class='ocr_par' dir='ltr' id='par_1_13' title="bbox 417 1301 2067 1373">
     <span class='ocr_line' id='line_1_13' title="bbox 417 1301 2067 1373; baseline 0.001 -20"><span class='ocrx_word' id='word_1_83' title='bbox 417 1327 443 1353; x_wconf 90' lang='grc'><strong><em>‹‹</em></strong></span> <span class='ocrx_word' id='word_1_84' title='bbox 478 1304 586 1359; x_wconf 91' lang='lat' dir='ltr'>Sed</span> <span class='ocrx_word' id='word_1_85' title='bbox 621 1307 684 1359; x_wconf 90' lang='lat' dir='ltr'>ut</span> <span class='ocrx_word' id='word_1_86' title='bbox 710 1307 840 1358; x_wconf 90' lang='lat' dir='ltr'>vota</span> <span class='ocrx_word' id='word_1_87' title='bbox 868 1302 1103 1373; x_wconf 87' lang='lat' dir='ltr'>propria</span> <span class='ocrx_word' id='word_1_88' title='bbox 1142 1302 1268 1372; x_wconf 89' lang='lat' dir='ltr'>jam</span> <span class='ocrx_word' id='word_1_89' title='bbox 1324 1303 1619 1358; x_wconf 85' lang='lat' dir='ltr'>edicerent</span> <span class='ocrx_word' id='word_1_90' title='bbox 1652 1303 1709 1357; x_wconf 89' lang='lat' dir='ltr'>in</span> <span class='ocrx_word' id='word_1_91' title='bbox 1756 1301 1944 1357; x_wconf 88' lang='lat' dir='ltr'>aliena</span> <span class='ocrx_word' id='word_1_92' title='bbox 1976 1316 2067 1355; x_wconf 82' lang='lat' dir='ltr'>so-</span> 
     </span>
    </p>
   </div>
   <div class='ocr_carea' id='block_1_14' title="bbox 415 1389 2069 1462">
    <p class='ocr_par' dir='ltr' id='par_1_14' title="bbox 415 1389 2069 1462">
     <span class='ocr_line' id='line_1_14' title="bbox 415 1389 2069 1462; baseline -0.002 -15"><span class='ocrx_word' id='word_1_93' title='bbox 415 1393 735 1462; x_wconf 79' lang='lat' dir='ltr'>lemnitate,</span> <span class='ocrx_word' id='word_1_94' title='bbox 772 1414 799 1439; x_wconf 82' lang='lat'><strong>»</strong></span> <span class='ocrx_word' id='word_1_95' title='bbox 833 1395 888 1446; x_wconf 89' lang='lat' dir='ltr'>et</span> <span class='ocrx_word' id='word_1_96' title='bbox 917 1389 1162 1461; x_wconf 88' lang='lat' dir='ltr'>reliqua.</span> <span class='ocrx_word' id='word_1_97' title='bbox 1197 1390 1414 1461; x_wconf 90' lang='lat' dir='ltr'>Ecquid</span> <span class='ocrx_word' id='word_1_98' title='bbox 1464 1407 1596 1446; x_wconf 90' lang='lat' dir='ltr'>vero</span> <span class='ocrx_word' id='word_1_99' title='bbox 1633 1390 1848 1455; x_wconf 87' lang='lat' dir='ltr'>notius,</span> <span class='ocrx_word' id='word_1_100' title='bbox 1910 1389 2069 1444; x_wconf 86' lang='lat' dir='ltr'>ludis</span> 
     </span>
    </p>
   </div>
   <div class='ocr_carea' id='block_1_15' title="bbox 419 1479 2067 1554">
    <p class='ocr_par' dir='ltr' id='par_1_15' title="bbox 419 1479 2067 1554">
     <span class='ocr_line' id='line_1_15' title="bbox 419 1479 2067 1554; baseline -0.002 -18"><span class='ocrx_word' id='word_1_101' title='bbox 419 1480 957 1554; x_wconf 87' lang='lat' dir='ltr'>quinquennalibus</span> <span class='ocrx_word' id='word_1_102' title='bbox 1001 1479 1157 1534; x_wconf 91' lang='lat' dir='ltr'>hunc</span> <span class='ocrx_word' id='word_1_103' title='bbox 1200 1496 1422 1535; x_wconf 90' lang='lat' dir='ltr'>morem</span> <span class='ocrx_word' id='word_1_104' title='bbox 1469 1480 1758 1552; x_wconf 67' lang='lat' dir='ltr'>praecipue</span> <span class='ocrx_word' id='word_1_105' title='bbox 1798 1479 2067 1533; x_wconf 90' lang='lat' dir='ltr'>observa-</span> 
     </span>
    </p>
   </div>
   <div class='ocr_carea' id='block_1_16' title="bbox 413 1566 2069 1640">
    <p class='ocr_par' dir='ltr' id='par_1_16' title="bbox 413 1566 2069 1640">
     <span class='ocr_line' id='line_1_16' title="bbox 413 1566 2069 1640; baseline -0.002 -15"><span class='ocrx_word' id='word_1_106' title='bbox 413 1576 541 1625; x_wconf 91' lang='lat' dir='ltr'>tum</span> <span class='ocrx_word' id='word_1_107' title='bbox 577 1569 809 1626; x_wconf 82' lang='lat' dir='ltr'>fuisse?</span> <span class='ocrx_word' id='word_1_108' title='bbox 860 1570 1077 1640; x_wconf 88' lang='lat' dir='ltr'>Ecquid</span> <span class='ocrx_word' id='word_1_109' title='bbox 1114 1568 1202 1624; x_wconf 90' lang='lat' dir='ltr'>his</span> <span class='ocrx_word' id='word_1_110' title='bbox 1236 1585 1549 1624; x_wconf 88' lang='lat' dir='ltr'>numornm</span> <span class='ocrx_word' id='word_1_111' title='bbox 1580 1566 2069 1639; x_wconf 87' lang='lat' dir='ltr'>inscriptionibus</span> 
     </span>
    </p>
   </div>
   <div class='ocr_carea' id='block_1_17' title="bbox 416 1657 2066 1729">
    <p class='ocr_par' dir='ltr' id='par_1_17' title="bbox 416 1657 2066 1729">
     <span class='ocr_line' id='line_1_17' title="bbox 416 1657 2066 1729; baseline -0.004 -13"><span class='ocrx_word' id='word_1_112' title='bbox 416 1660 702 1716; x_wconf 88' lang='lat' dir='ltr'>celebrius</span> <span class='ocrx_word' id='word_1_113' title='bbox 736 1676 748 1713; x_wconf 93' lang='lat'><strong>:</strong></span> <span class='ocrx_word' id='word_1_114' title='bbox 782 1676 922 1714; x_wconf 78' lang='lat' dir='ltr'>VOTA</span> <span class='ocrx_word' id='word_1_115' title='bbox 953 1675 1171 1713; x_wconf 84' lang='lat' dir='ltr'>DECENN</span> <span class='ocrx_word' id='word_1_116' title='bbox 1203 1675 1432 1713; x_wconf 78' lang='lat' dir='ltr'>suscap.</span> <span class='ocrx_word' id='word_1_117' title='bbox 1459 1658 1486 1713; x_wconf 86' lang='lat'><strong>?</strong></span> <span class='ocrx_word' id='word_1_118' title='bbox 1518 1658 1727 1729; x_wconf 84' lang='lat' dir='ltr'>Tangit</span> <span class='ocrx_word' id='word_1_119' title='bbox 1756 1657 1862 1712; x_wconf 90' lang='lat' dir='ltr'>has</span> <span class='ocrx_word' id='word_1_120' title='bbox 1892 1671 2066 1711; x_wconf 63' lang='lat' dir='ltr'>cmre-</span> 
     </span>
    </p>
   </div>
   <div class='ocr_carea' id='block_1_18' title="bbox 416 1748 2067 1820">
    <p class='ocr_par' dir='ltr' id='par_1_18' title="bbox 416 1748 2067 1820">
     <span class='ocr_line' id='line_1_18' title="bbox 416 1748 2067 1820; baseline -0.004 -14"><span class='ocrx_word' id='word_1_121' title='bbox 416 1750 645 1807; x_wconf 89' lang='lat' dir='ltr'>monias</span> <span class='ocrx_word' id='word_1_122' title='bbox 675 1751 801 1805; x_wconf 91' lang='lat' dir='ltr'>sine</span> <span class='ocrx_word' id='word_1_123' title='bbox 832 1748 1007 1804; x_wconf 90' lang='lat' dir='ltr'>dubio</span> <span class='ocrx_word' id='word_1_124' title='bbox 1040 1749 1425 1816; x_wconf 84' lang='lat' dir='ltr'>Herodianus,</span> <span class='ocrx_word' id='word_1_125' title='bbox 1459 1749 1559 1820; x_wconf 92' lang='lat' dir='ltr'>qui</span> <span class='ocrx_word' id='word_1_126' title='bbox 1616 1753 1817 1820; x_wconf 75' lang='lat' dir='ltr'>praeter</span> <span class='ocrx_word' id='word_1_127' title='bbox 1850 1761 2067 1801; x_wconf 88' lang='lat' dir='ltr'>munus</span> 
     </span>
    </p>
   </div>
   <div class='ocr_carea' id='block_1_19' title="bbox 2179 580 3786 653">
    <p class='ocr_par' dir='ltr' id='par_1_19' title="bbox 2179 580 3786 653">
     <span class='ocr_line' id='line_1_19' title="bbox 2179 580 3786 653; baseline 0.008 -23"><span class='ocrx_word' id='word_1_128' title='bbox 2179 580 2286 631; x_wconf 83' lang='lat' dir='ltr'>est.</span> <span class='ocrx_word' id='word_1_129' title='bbox 2320 582 2484 632; x_wconf 88' lang='lat' dir='ltr'>Anno</span> <span class='ocrx_word' id='word_1_130' title='bbox 2520 580 2805 653; x_wconf 87' lang='lat' dir='ltr'>CXCVIII,</span> <span class='ocrx_word' id='word_1_131' title='bbox 2840 581 3105 637; x_wconf 92' lang='lat' dir='ltr'>omnium</span> <span class='ocrx_word' id='word_1_132' title='bbox 3143 596 3447 649; x_wconf 91' lang='lat' dir='ltr'>consensu,</span> <span class='ocrx_word' id='word_1_133' title='bbox 3476 581 3532 638; x_wconf 91' lang='lat' dir='ltr'>in</span> <span class='ocrx_word' id='word_1_134' title='bbox 3568 586 3786 643; x_wconf 83' lang='lat' dir='ltr'>Parthos</span> 
     </span>
    </p>
   </div>
   <div class='ocr_carea' id='block_1_20' title="bbox 2177 670 3785 743">
    <p class='ocr_par' dir='ltr' id='par_1_20' title="bbox 2177 670 3785 743">
     <span class='ocr_line' id='line_1_20' title="bbox 2177 670 3785 743; baseline 0.007 -24"><span class='ocrx_word' id='word_1_135' title='bbox 2177 670 2420 722; x_wconf 85' lang='lat' dir='ltr'>Severus</span> <span class='ocrx_word' id='word_1_136' title='bbox 2469 670 2761 741; x_wconf 87' lang='lat' dir='ltr'>profectus</span> <span class='ocrx_word' id='word_1_137' title='bbox 2811 674 2919 726; x_wconf 88' lang='lat' dir='ltr'>est.</span> <span class='ocrx_word' id='word_1_138' title='bbox 2972 670 3125 725; x_wconf 92' lang='lat' dir='ltr'>Tum</span> <span class='ocrx_word' id='word_1_139' title='bbox 3179 674 3309 741; x_wconf 86' lang='lat' dir='ltr'>post</span> <span class='ocrx_word' id='word_1_140' title='bbox 3364 671 3785 743; x_wconf 84' lang='lat' dir='ltr'>quinquennalia</span> 
     </span>
    </p>
   </div>
   <div class='ocr_carea' id='block_1_21' title="bbox 2176 754 3787 830">
    <p class='ocr_par' dir='ltr' id='par_1_21' title="bbox 2176 754 3787 830">
     <span class='ocr_line' id='line_1_21' title="bbox 2176 754 3787 830; baseline 0.006 -21"><span class='ocrx_word' id='word_1_141' title='bbox 2176 754 2450 825; x_wconf 89' lang='lat' dir='ltr'>exhibita,</span> <span class='ocrx_word' id='word_1_142' title='bbox 2503 774 2636 814; x_wconf 90' lang='lat' dir='ltr'>cum</span> <span class='ocrx_word' id='word_1_143' title='bbox 2686 759 2811 830; x_wconf 90' lang='lat' dir='ltr'>jam</span> <span class='ocrx_word' id='word_1_144' title='bbox 2860 758 2941 814; x_wconf 92' lang='lat' dir='ltr'>nil</span> <span class='ocrx_word' id='word_1_145' title='bbox 2994 759 3105 814; x_wconf 89' lang='lat' dir='ltr'>nisi</span> <span class='ocrx_word' id='word_1_146' title='bbox 3154 757 3351 829; x_wconf 74' lang='lat' dir='ltr'>praelia</span> <span class='ocrx_word' id='word_1_147' title='bbox 3390 765 3444 815; x_wconf 87' lang='lat' dir='ltr'>et</span> <span class='ocrx_word' id='word_1_148' title='bbox 3470 761 3787 819; x_wconf 79' lang='lat' dir='ltr'>Parthorum</span> 
     </span>
    </p>
   </div>
   <div class='ocr_carea' id='block_1_22' title="bbox 2176 843 3792 922">
    <p class='ocr_par' dir='ltr' id='par_1_22' title="bbox 2176 843 3792 922">
     <span class='ocr_line' id='line_1_22' title="bbox 2176 843 3792 922; baseline 0.006 -25"><span class='ocrx_word' id='word_1_149' title='bbox 2176 843 2381 899; x_wconf 86' lang='lat' dir='ltr'>funera</span> <span class='ocrx_word' id='word_1_150' title='bbox 2441 847 2709 917; x_wconf 88' lang='lat' dir='ltr'>spiraret,</span> <span class='ocrx_word' id='word_1_151' title='bbox 2745 849 3045 904; x_wconf 79' lang='lat' dir='ltr'>racematio</span> <span class='ocrx_word' id='word_1_152' title='bbox 3093 846 3194 903; x_wconf 90' lang='lat' dir='ltr'>illa</span> <span class='ocrx_word' id='word_1_153' title='bbox 3245 847 3539 917; x_wconf 87' lang='lat' dir='ltr'>rebellum,</span> <span class='ocrx_word' id='word_1_154' title='bbox 3586 850 3651 906; x_wconf 88' lang='lat' dir='ltr'>de</span> <span class='ocrx_word' id='word_1_155' title='bbox 3691 868 3792 922; x_wconf 90' lang='lat' dir='ltr'>qua</span> 
     </span>
    </p>
   </div>
   <div class='ocr_carea' id='block_1_23' title="bbox 2173 932 3784 1009">
    <p class='ocr_par' dir='ltr' id='par_1_23' title="bbox 2173 932 3784 1009">
     <span class='ocr_line' id='line_1_23' title="bbox 2173 932 3784 1009; baseline 0.006 -23"><span class='ocrx_word' id='word_1_156' title='bbox 2173 932 2590 1003; x_wconf 87' lang='lat' dir='ltr'>Tertullianus,</span> <span class='ocrx_word' id='word_1_157' title='bbox 2635 937 2892 1008; x_wconf 84' lang='lat' dir='ltr'>contigit.</span> <span class='ocrx_word' id='word_1_158' title='bbox 2962 937 3165 1009; x_wconf 86' lang='lat' dir='ltr'>Igitur,</span> <span class='ocrx_word' id='word_1_159' title='bbox 3217 936 3353 1008; x_wconf 89' lang='lat' dir='ltr'>quia</span> <span class='ocrx_word' id='word_1_160' title='bbox 3408 938 3595 994; x_wconf 89' lang='lat' dir='ltr'>eodem</span> <span class='ocrx_word' id='word_1_161' title='bbox 3650 956 3784 995; x_wconf 87' lang='lat' dir='ltr'>anno</span> 
     </span>
    </p>
   </div>
   <div class='ocr_carea' id='block_1_24' title="bbox 2174 1022 3792 1098">
    <p class='ocr_par' dir='ltr' id='par_1_24' title="bbox 2174 1022 3792 1098">
     <span class='ocr_line' id='line_1_24' title="bbox 2174 1022 3792 1098; baseline 0.002 -22"><span class='ocrx_word' id='word_1_162' title='bbox 2174 1022 2549 1093; x_wconf 77' lang='lat' dir='ltr'>Apologelicus</span> <span class='ocrx_word' id='word_1_163' title='bbox 2580 1025 2657 1079; x_wconf 90' lang='lat' dir='ltr'>sit</span> <span class='ocrx_word' id='word_1_164' title='bbox 2687 1029 2981 1093; x_wconf 81' lang='lat' dir='ltr'>exaratos,</span> <span class='ocrx_word' id='word_1_165' title='bbox 3013 1024 3269 1081; x_wconf 89' lang='lat' dir='ltr'>dubitari</span> <span class='ocrx_word' id='word_1_166' title='bbox 3321 1026 3566 1098; x_wconf 87' lang='lat' dir='ltr'>amplius</span> <span class='ocrx_word' id='word_1_167' title='bbox 3596 1028 3792 1098; x_wconf 88' lang='lat' dir='ltr'>nequit.</span> 
     </span>
    </p>
   </div>
   <div class='ocr_carea' id='block_1_25' title="bbox 2177 1111 3795 1185">
    <p class='ocr_par' dir='ltr' id='par_1_25' title="bbox 2177 1111 3795 1185">
     <span class='ocr_line' id='line_1_25' title="bbox 2177 1111 3795 1185; baseline 0.004 -20"><span class='ocrx_word' id='word_1_168' title='bbox 2177 1111 2335 1166; x_wconf 88' lang='lat' dir='ltr'>Licet</span> <span class='ocrx_word' id='word_1_169' title='bbox 2367 1130 2521 1167; x_wconf 92' lang='lat' dir='ltr'>nunc</span> <span class='ocrx_word' id='word_1_170' title='bbox 2561 1130 2791 1185; x_wconf 89' lang='lat' dir='ltr'>quoque</span> <span class='ocrx_word' id='word_1_171' title='bbox 2846 1131 3066 1170; x_wconf 90' lang='lat' dir='ltr'>annum</span> <span class='ocrx_word' id='word_1_172' title='bbox 3120 1114 3376 1185; x_wconf 90' lang='lat' dir='ltr'>primum</span> <span class='ocrx_word' id='word_1_173' title='bbox 3426 1114 3795 1171; x_wconf 87' lang='lat' dir='ltr'>calamitatum</span> 
     </span>
    </p>
   </div>
   <div class='ocr_carea' id='block_1_26' title="bbox 2173 1199 3792 1276">
    <p class='ocr_par' dir='ltr' id='par_1_26' title="bbox 2173 1199 3792 1276">
     <span class='ocr_line' id='line_1_26' title="bbox 2173 1199 3792 1276; baseline 0.005 -24"><span class='ocrx_word' id='word_1_174' title='bbox 2173 1199 2517 1258; x_wconf 88' lang='lat' dir='ltr'>Christianis</span> <span class='ocrx_word' id='word_1_175' title='bbox 2545 1202 2873 1275; x_wconf 88' lang='lat' dir='ltr'>imperante</span> <span class='ocrx_word' id='word_1_176' title='bbox 2913 1208 3117 1259; x_wconf 86' lang='lat' dir='ltr'>Severo</span> <span class='ocrx_word' id='word_1_177' title='bbox 3165 1202 3461 1258; x_wconf 90' lang='lat' dir='ltr'>illatarum</span> <span class='ocrx_word' id='word_1_178' title='bbox 3493 1204 3792 1276; x_wconf 88' lang='lat' dir='ltr'>designare.</span> 
     </span>
    </p>
   </div>
   <div class='ocr_carea' id='block_1_27' title="bbox 2175 1288 3796 1364">
    <p class='ocr_par' dir='ltr' id='par_1_27' title="bbox 2175 1288 3796 1364">
     <span class='ocr_line' id='line_1_27' title="bbox 2175 1288 3796 1364; baseline 0.004 -22"><span class='ocrx_word' id='word_1_179' title='bbox 2175 1288 2730 1361; x_wconf 89' lang='lat' dir='ltr'>Sustinuerantjam</span> <span class='ocrx_word' id='word_1_180' title='bbox 2766 1309 2868 1363; x_wconf 90' lang='lat' dir='ltr'>per</span> <span class='ocrx_word' id='word_1_181' title='bbox 2895 1292 3125 1362; x_wconf 85' lang='lat' dir='ltr'>aliquod</span> <span class='ocrx_word' id='word_1_182' title='bbox 3160 1296 3393 1364; x_wconf 84' lang='lat' dir='ltr'>tempus</span> <span class='ocrx_word' id='word_1_183' title='bbox 3435 1293 3671 1348; x_wconf 79' lang='lat' dir='ltr'>furorem</span> <span class='ocrx_word' id='word_1_184' title='bbox 3703 1294 3796 1348; x_wconf 92' lang='lat' dir='ltr'>ho-</span> 
     </span>
    </p>
   </div>
   <div class='ocr_carea' id='block_1_28' title="bbox 2175 1377 3798 1452">
    <p class='ocr_par' dir='ltr' id='par_1_28' title="bbox 2175 1377 3798 1452">
     <span class='ocr_line' id='line_1_28' title="bbox 2175 1377 3798 1452; baseline 0.004 -21"><span class='ocrx_word' id='word_1_185' title='bbox 2175 1377 2376 1445; x_wconf 90' lang='lat' dir='ltr'>stium,</span> <span class='ocrx_word' id='word_1_186' title='bbox 2425 1397 2560 1435; x_wconf 91' lang='lat' dir='ltr'>cum</span> <span class='ocrx_word' id='word_1_187' title='bbox 2614 1398 2717 1452; x_wconf 91' lang='lat' dir='ltr'>pro</span> <span class='ocrx_word' id='word_1_188' title='bbox 2775 1382 2859 1437; x_wconf 91' lang='lat' dir='ltr'>eis</span> <span class='ocrx_word' id='word_1_189' title='bbox 2919 1388 3114 1437; x_wconf 83' lang='lat' dir='ltr'>noster</span> <span class='ocrx_word' id='word_1_190' title='bbox 3173 1384 3349 1438; x_wconf 89' lang='lat' dir='ltr'>verba</span> <span class='ocrx_word' id='word_1_191' title='bbox 3400 1383 3620 1438; x_wconf 85' lang='lat' dir='ltr'>faceret.</span> <span class='ocrx_word' id='word_1_192' title='bbox 3654 1384 3798 1439; x_wconf 87' lang='lat' dir='ltr'>Certe</span> 
     </span>
    </p>
   </div>
   <div class='ocr_carea' id='block_1_29' title="bbox 2173 1470 3803 1544">
    <p class='ocr_par' dir='ltr' id='par_1_29' title="bbox 2173 1470 3803 1544">
     <span class='ocr_line' id='line_1_29' title="bbox 2173 1470 3803 1544; baseline 0.002 -22"><span class='ocrx_word' id='word_1_193' title='bbox 2173 1483 2463 1538; x_wconf 89' lang='lat' dir='ltr'>nusquam</span> <span class='ocrx_word' id='word_1_194' title='bbox 2494 1470 2565 1524; x_wconf 88' lang='lat' dir='ltr'>de</span> <span class='ocrx_word' id='word_1_195' title='bbox 2594 1470 2935 1526; x_wconf 89' lang='lat' dir='ltr'>vulneribus</span> <span class='ocrx_word' id='word_1_196' title='bbox 2969 1486 3157 1544; x_wconf 88' lang='lat' dir='ltr'>nuper</span> <span class='ocrx_word' id='word_1_197' title='bbox 3196 1471 3436 1540; x_wconf 79' lang='lat' dir='ltr'>intletis,</span> <span class='ocrx_word' id='word_1_198' title='bbox 3469 1472 3566 1527; x_wconf 89' lang='lat' dir='ltr'>sed</span> <span class='ocrx_word' id='word_1_199' title='bbox 3599 1472 3803 1527; x_wconf 89' lang='lat' dir='ltr'>invete-</span> 
     </span>
    </p>
   </div>
   <div class='ocr_carea' id='block_1_30' title="bbox 2176 1556 3799 1631">
    <p class='ocr_par' dir='ltr' id='par_1_30' title="bbox 2176 1556 3799 1631">
     <span class='ocr_line' id='line_1_30' title="bbox 2176 1556 3799 1631; baseline 0.004 -22"><span class='ocrx_word' id='word_1_200' title='bbox 2176 1556 2317 1611; x_wconf 87' lang='lat' dir='ltr'>ratis</span> <span class='ocrx_word' id='word_1_201' title='bbox 2357 1558 2484 1627; x_wconf 90' lang='lat' dir='ltr'>jam</span> <span class='ocrx_word' id='word_1_202' title='bbox 2540 1558 2735 1627; x_wconf 83' lang='lat' dir='ltr'>malis,</span> <span class='ocrx_word' id='word_1_203' title='bbox 2792 1559 3070 1631; x_wconf 87' lang='lat' dir='ltr'>loquitur.</span> <span class='ocrx_word' id='word_1_204' title='bbox 3131 1560 3317 1627; x_wconf 87' lang='lat' dir='ltr'>Quod,</span> <span class='ocrx_word' id='word_1_205' title='bbox 3370 1560 3419 1615; x_wconf 90' lang='lat' dir='ltr'>si</span> <span class='ocrx_word' id='word_1_206' title='bbox 3469 1577 3582 1614; x_wconf 91' lang='lat' dir='ltr'>non</span> <span class='ocrx_word' id='word_1_207' title='bbox 3633 1560 3799 1631; x_wconf 87' lang='lat' dir='ltr'>prius,</span> 
     </span>
    </p>
   </div>
   <div class='ocr_carea' id='block_1_31' title="bbox 2176 1644 3802 1718">
    <p class='ocr_par' dir='ltr' id='par_1_31' title="bbox 2176 1644 3802 1718">
     <span class='ocr_line' id='line_1_31' title="bbox 2176 1644 3802 1718; baseline 0.004 -21"><span class='ocrx_word' id='word_1_208' title='bbox 2176 1644 2488 1701; x_wconf 90' lang='lat' dir='ltr'>minimum</span> <span class='ocrx_word' id='word_1_209' title='bbox 2521 1664 2553 1702; x_wconf 90' lang='lat' dir='ltr'>a</span> <span class='ocrx_word' id='word_1_210' title='bbox 2585 1648 2932 1718; x_wconf 63' lang='lat' dir='ltr'>pracedenti</span> <span class='ocrx_word' id='word_1_211' title='bbox 2963 1666 3015 1704; x_wconf 90' lang='lat' dir='ltr'>a.</span> <span class='ocrx_word' id='word_1_212' title='bbox 3048 1648 3285 1704; x_wconf 85' lang='lat' dir='ltr'><strong>CXCVlI</strong></span> <span class='ocrx_word' id='word_1_213' title='bbox 3331 1648 3593 1705; x_wconf 84' lang='lat' dir='ltr'>miserias</span> <span class='ocrx_word' id='word_1_214' title='bbox 3623 1665 3802 1704; x_wconf 90' lang='lat' dir='ltr'>eorum</span> 
     </span>
    </p>
   </div>
   <div class='ocr_carea' id='block_1_32' title="bbox 2174 1736 2976 1804">
    <p class='ocr_par' dir='ltr' id='par_1_32' title="bbox 2174 1736 2976 1804">
     <span class='ocr_line' id='line_1_32' title="bbox 2174 1736 2976 1804; baseline 0.006 -17"><span class='ocrx_word' id='word_1_215' title='bbox 2174 1736 2516 1804; x_wconf 86' lang='lat' dir='ltr'>repetendas</span> <span class='ocrx_word' id='word_1_216' title='bbox 2548 1753 2676 1792; x_wconf 84' lang='lat' dir='ltr'>esse</span> <span class='ocrx_word' id='word_1_217' title='bbox 2701 1738 2976 1793; x_wconf 90' lang='lat' dir='ltr'>ostendit.</span> 
     </span>
    </p>
   </div>
   <div class='ocr_carea' id='block_1_33' title="bbox 416 1834 3810 1925">
    <p class='ocr_par' dir='ltr' id='par_1_33' title="bbox 416 1834 3810 1925">
     <span class='ocr_line' id='line_1_33' title="bbox 416 1834 3810 1925; baseline 0.001 -32"><span class='ocrx_word' id='word_1_218' title='bbox 416 1839 587 1907; x_wconf 90' lang='lat' dir='ltr'>illud,</span> <span class='ocrx_word' id='word_1_219' title='bbox 620 1839 775 1910; x_wconf 93' lang='lat' dir='ltr'>quod</span> <span class='ocrx_word' id='word_1_220' title='bbox 810 1842 1052 1893; x_wconf 84' lang='lat' dir='ltr'>Romam</span> <span class='ocrx_word' id='word_1_221' title='bbox 1087 1840 1269 1894; x_wconf 84' lang='lat' dir='ltr'>redux</span> <span class='ocrx_word' id='word_1_222' title='bbox 1308 1838 1628 1910; x_wconf 71' lang='lat' dir='ltr'>imperator</span> <span class='ocrx_word' id='word_1_223' title='bbox 1659 1834 1871 1909; x_wconf 89' lang='lat' dir='ltr'>populo</span> <span class='ocrx_word' id='word_1_224' title='bbox 1904 1834 2063 1925; x_wconf 79' lang='lat' dir='ltr'>exhi-</span> <span class='ocrx_word' id='word_1_225' title='bbox 2098 1861 2146 1925; x_wconf 84' lang='lat' dir='ltr'><strong>B</strong></span> <span class='ocrx_word' id='word_1_226' title='bbox 2248 1840 2418 1907; x_wconf 84' lang='lat' dir='ltr'>§XV.</span> <span class='ocrx_word' id='word_1_227' title='bbox 2465 1874 2530 1882; x_wconf 89' lang='lat'><strong><em>—</em></strong></span> <span class='ocrx_word' id='word_1_228' title='bbox 2580 1842 2768 1898; x_wconf 88' lang='lat' dir='ltr'>Habes</span> <span class='ocrx_word' id='word_1_229' title='bbox 2805 1845 2955 1914; x_wconf 91' lang='lat' dir='ltr'>jam,</span> <span class='ocrx_word' id='word_1_230' title='bbox 3008 1860 3135 1915; x_wconf 65' lang='lat' dir='ltr'>quae</span> <span class='ocrx_word' id='word_1_231' title='bbox 3169 1844 3239 1900; x_wconf 91' lang='lat' dir='ltr'>de</span> <span class='ocrx_word' id='word_1_232' title='bbox 3280 1848 3449 1899; x_wconf 65' lang='lat' dir='ltr'>astate</span> <span class='ocrx_word' id='word_1_233' title='bbox 3497 1844 3810 1915; x_wconf 83' lang='lat' dir='ltr'>Apologelici</span> 
     </span>
    </p>
   </div>
   <div class='ocr_carea' id='block_1_34' title="bbox 414 1923 3813 2003">
    <p class='ocr_par' dir='ltr' id='par_1_34' title="bbox 414 1923 3813 2003">
     <span class='ocr_line' id='line_1_34' title="bbox 414 1923 3813 2003; baseline 0.001 -20"><span class='ocrx_word' id='word_1_234' title='bbox 414 1927 828 1995; x_wconf 89' lang='lat' dir='ltr'>buerat,aliam</span> <span class='ocrx_word' id='word_1_235' title='bbox 861 1928 987 1998; x_wconf 87' lang='lat' dir='ltr'>ejus</span> <span class='ocrx_word' id='word_1_236' title='bbox 1010 1927 1189 1999; x_wconf 89' lang='lat' dir='ltr'>hujus</span> <span class='ocrx_word' id='word_1_237' title='bbox 1220 1926 1871 1999; x_wconf 88' lang='lat' dir='ltr'>generisliberalitatem</span> <span class='ocrx_word' id='word_1_238' title='bbox 1899 1923 2069 1996; x_wconf 90' lang='lat' dir='ltr'>paulo</span> <span class='ocrx_word' id='word_1_239' title='bbox 2099 1923 2134 1925; x_wconf 64' lang='lat'>_</span> <span class='ocrx_word' id='word_1_240' title='bbox 2180 1928 2527 1985; x_wconf 85' lang='lat' dir='ltr'>Tertulliani</span> <span class='ocrx_word' id='word_1_241' title='bbox 2580 1936 2771 1986; x_wconf 90' lang='lat' dir='ltr'>tecum</span> <span class='ocrx_word' id='word_1_242' title='bbox 2820 1934 3255 1989; x_wconf 88' lang='lat' dir='ltr'>communicare</span> <span class='ocrx_word' id='word_1_243' title='bbox 3288 1933 3491 1988; x_wconf 88' lang='lat' dir='ltr'>statui.</span> <span class='ocrx_word' id='word_1_244' title='bbox 3528 1931 3813 2003; x_wconf 83' lang='lat' dir='ltr'>Equidem,</span> 
     </span>
    </p>
   </div>
   <div class='ocr_carea' id='block_1_35' title="bbox 421 2014 2067 2087">
    <p class='ocr_par' dir='ltr' id='par_1_35' title="bbox 421 2014 2067 2087">
     <span class='ocr_line' id='line_1_35' title="bbox 421 2014 2067 2087; baseline -0.004 -16"><span class='ocrx_word' id='word_1_245' title='bbox 421 2020 556 2072; x_wconf 87' lang='lat' dir='ltr'>ante</span> <span class='ocrx_word' id='word_1_246' title='bbox 585 2016 916 2071; x_wconf 88' lang='lat' dir='ltr'>Parthicam</span> <span class='ocrx_word' id='word_1_247' title='bbox 948 2016 1375 2087; x_wconf 88' lang='lat' dir='ltr'>expeditionem</span> <span class='ocrx_word' id='word_1_248' title='bbox 1409 2018 1847 2071; x_wconf 89' lang='lat' dir='ltr'>commemorat.</span> <span class='ocrx_word' id='word_1_249' title='bbox 1884 2014 2067 2084; x_wconf 76' lang='grc' dir='ltr'>Νομάς</span> 
     </span>
    </p>
   </div>
   <div class='ocr_carea' id='block_1_36' title="bbox 415 2099 2066 2181">
    <p class='ocr_par' dir='ltr' id='par_1_36' title="bbox 415 2099 2066 2181">
     <span class='ocr_line' id='line_1_36' title="bbox 415 2099 2066 2181; baseline -0.002 -24"><span class='ocrx_word' id='word_1_250' title='bbox 415 2124 473 2158; x_wconf 82' lang='grc' dir='ltr'>τε</span> <span class='ocrx_word' id='word_1_251' title='bbox 535 2102 959 2181; x_wconf 71' lang='grc' dir='ltr'>μεγαλοφρόνως</span> <span class='ocrx_word' id='word_1_252' title='bbox 1012 2100 1286 2175; x_wconf 77' lang='grc' dir='ltr'>ἐπεδίδου,</span> <span class='ocrx_word' id='word_1_253' title='bbox 1346 2102 1621 2159; x_wconf 68' lang='grc' dir='ltr'>ἐπετέλεσε</span> <span class='ocrx_word' id='word_1_254' title='bbox 1654 2100 1709 2157; x_wconf 74' lang='grc' dir='ltr'>δὲ</span> <span class='ocrx_word' id='word_1_255' title='bbox 1768 2102 1853 2155; x_wconf 79' lang='grc' dir='ltr'>καὶ</span> <span class='ocrx_word' id='word_1_256' title='bbox 1897 2099 2066 2155; x_wconf 76' lang='grc' dir='ltr'>ἐπινι-</span> 
     </span>
    </p>
   </div>
   <div class='ocr_carea' id='block_1_37' title="bbox 414 2190 2067 2267">
    <p class='ocr_par' dir='ltr' id='par_1_37' title="bbox 414 2190 2067 2267">
     <span class='ocr_line' id='line_1_37' title="bbox 414 2190 2067 2267; baseline -0.001 -21"><span class='ocrx_word' id='word_1_257' title='bbox 414 2192 546 2247; x_wconf 81' lang='grc' dir='ltr'>κίων</span> <span class='ocrx_word' id='word_1_258' title='bbox 578 2194 782 2267; x_wconf 76' lang='grc' dir='ltr'>ἀγῶνα,</span> <span class='ocrx_word' id='word_1_259' title='bbox 835 2191 961 2253; x_wconf 77' lang='grc' dir='ltr'>τοὺς</span> <span class='ocrx_word' id='word_1_260' title='bbox 1003 2190 1338 2267; x_wconf 78' lang='grc' dir='ltr'>πανταχόθεν</span> <span class='ocrx_word' id='word_1_261' title='bbox 1404 2191 1611 2264; x_wconf 58' lang='lat' dir='ltr'>proxim}:</span> <span class='ocrx_word' id='word_1_262' title='bbox 1661 2212 1719 2245; x_wconf 87' lang='grc' dir='ltr'>τε</span> <span class='ocrx_word' id='word_1_263' title='bbox 1773 2190 2067 2265; x_wconf 75' lang='grc' dir='ltr'>ὑποκριτὰς</span> 
     </span>
    </p>
   </div>
   <div class='ocr_carea' id='block_1_38' title="bbox 411 2279 2063 2357">
    <p class='ocr_par' dir='ltr' id='par_1_38' title="bbox 411 2279 2063 2357">
     <span class='ocr_line' id='line_1_38' title="bbox 411 2279 2063 2357; baseline 0 -22"><span class='ocrx_word' id='word_1_264' title='bbox 411 2283 496 2336; x_wconf 79' lang='grc' dir='ltr'>καὶ</span> <span class='ocrx_word' id='word_1_265' title='bbox 531 2279 777 2357; x_wconf 77' lang='grc' dir='ltr'>ἀνδρείας</span> <span class='ocrx_word' id='word_1_266' title='bbox 815 2282 1061 2355; x_wconf 78' lang='grc' dir='ltr'>μαθητὰς</span> <span class='ocrx_word' id='word_1_267' title='bbox 1113 2280 1603 2354; x_wconf 73' lang='grc' dir='ltr'>μεταπεμψάμενος</span> <span class='ocrx_word' id='word_1_268' title='bbox 1648 2282 1713 2353; x_wconf 88' lang='lat' dir='ltr'>(I.</span> <span class='ocrx_word' id='word_1_269' title='bbox 1774 2298 1857 2347; x_wconf 84' lang='lat' dir='ltr'>lu,</span> <span class='ocrx_word' id='word_1_270' title='bbox 1910 2298 1959 2336; x_wconf 91' lang='lat' dir='ltr'>e.</span> <span class='ocrx_word' id='word_1_271' title='bbox 2009 2281 2063 2347; x_wconf 91' lang='lat'>8,</span> 
     </span>
    </p>
   </div>
   <div class='ocr_carea' id='block_1_39' title="bbox 414 2370 2063 2444">
    <p class='ocr_par' dir='ltr' id='par_1_39' title="bbox 414 2370 2063 2444">
     <span class='ocr_line' id='line_1_39' title="bbox 414 2370 2063 2444; baseline 0.001 -21"><span class='ocrx_word' id='word_1_272' title='bbox 414 2389 471 2444; x_wconf 87' lang='lat' dir='ltr'>p.</span> <span class='ocrx_word' id='word_1_273' title='bbox 509 2373 652 2440; x_wconf 80' lang='grc'><strong>147).</strong></span> <span class='ocrx_word' id='word_1_274' title='bbox 687 2395 714 2422; x_wconf 90' lang='grc'>‹‹</span> <span class='ocrx_word' id='word_1_275' title='bbox 748 2373 857 2427; x_wconf 81' lang='lat' dir='ltr'>Sed</span> <span class='ocrx_word' id='word_1_276' title='bbox 898 2376 955 2427; x_wconf 91' lang='lat' dir='ltr'>et</span> <span class='ocrx_word' id='word_1_277' title='bbox 990 2372 1290 2444; x_wconf 88' lang='lat' dir='ltr'>congiaria</span> <span class='ocrx_word' id='word_1_278' title='bbox 1341 2372 1505 2426; x_wconf 91' lang='lat' dir='ltr'>dedit</span> <span class='ocrx_word' id='word_1_279' title='bbox 1536 2370 1831 2425; x_wconf 88' lang='lat' dir='ltr'>uberrima</span> <span class='ocrx_word' id='word_1_280' title='bbox 1863 2374 1919 2425; x_wconf 92' lang='lat' dir='ltr'>et</span> <span class='ocrx_word' id='word_1_281' title='bbox 1948 2386 2063 2425; x_wconf 92' lang='lat' dir='ltr'>cer-</span> 
     </span>
    </p>
   </div>
   <div class='ocr_carea' id='block_1_40' title="bbox 408 2468 2065 2542">
    <p class='ocr_par' dir='ltr' id='par_1_40' title="bbox 408 2468 2065 2542">
     <span class='ocr_line' id='line_1_40' title="bbox 408 2468 2065 2542; baseline -0.001 -18"><span class='ocrx_word' id='word_1_282' title='bbox 408 2472 605 2525; x_wconf 89' lang='lat' dir='ltr'>tamen</span> <span class='ocrx_word' id='word_1_283' title='bbox 638 2469 958 2542; x_wconf 89' lang='lat' dir='ltr'>proposuit,</span> <span class='ocrx_word' id='word_1_284' title='bbox 996 2470 1254 2540; x_wconf 86' lang='lat' dir='ltr'>undiqne</span> <span class='ocrx_word' id='word_1_285' title='bbox 1285 2468 1487 2524; x_wconf 87' lang='lat' dir='ltr'>accitis</span> <span class='ocrx_word' id='word_1_286' title='bbox 1517 2468 1857 2522; x_wconf 81' lang='lat' dir='ltr'>Indionibns</span> <span class='ocrx_word' id='word_1_287' title='bbox 1888 2473 2065 2538; x_wconf 90' lang='lat' dir='ltr'>atque</span> 
     </span>
    </p>
   </div>
   <div class='ocr_carea' id='block_1_41' title="bbox 409 2556 2066 2629">
    <p class='ocr_par' dir='ltr' id='par_1_41' title="bbox 409 2556 2066 2629">
     <span class='ocr_line' id='line_1_41' title="bbox 409 2556 2066 2629; baseline -0.001 -17"><span class='ocrx_word' id='word_1_288' title='bbox 409 2557 667 2613; x_wconf 85' lang='lat' dir='ltr'>athletis.</span> <span class='ocrx_word' id='word_1_289' title='bbox 703 2582 724 2610; x_wconf 76' lang='grc' dir='ltr'><strong><em>ι</em></strong></span> <span class='ocrx_word' id='word_1_290' title='bbox 776 2559 933 2613; x_wconf 90' lang='lat' dir='ltr'>Idem</span> <span class='ocrx_word' id='word_1_291' title='bbox 986 2557 1332 2629; x_wconf 86' lang='lat' dir='ltr'>Spartianus</span> <span class='ocrx_word' id='word_1_292' title='bbox 1381 2556 1648 2628; x_wconf 89' lang='lat' dir='ltr'>perhibet</span> <span class='ocrx_word' id='word_1_293' title='bbox 1689 2556 1833 2627; x_wconf 83' lang='lat' dir='ltr'>(Vita</span> <span class='ocrx_word' id='word_1_294' title='bbox 1881 2556 2066 2611; x_wconf 84' lang='lat' dir='ltr'>Severi</span> 
     </span>
    </p>
   </div>
   <div class='ocr_carea' id='block_1_42' title="bbox 416 2645 2063 2718">
    <p class='ocr_par' dir='ltr' id='par_1_42' title="bbox 416 2645 2063 2718">
     <span class='ocr_line' id='line_1_42' title="bbox 416 2645 2063 2718; baseline -0.001 -17"><span class='ocrx_word' id='word_1_295' title='bbox 416 2662 546 2717; x_wconf 88' lang='lat' dir='ltr'>cap.</span> <span class='ocrx_word' id='word_1_296' title='bbox 582 2646 669 2714; x_wconf 73' lang='lat' dir='ltr'>M,</span> <span class='ocrx_word' id='word_1_297' title='bbox 713 2663 768 2718; x_wconf 90' lang='lat' dir='ltr'>p.</span> <span class='ocrx_word' id='word_1_298' title='bbox 822 2646 944 2718; x_wconf 84' lang='lat'>150)</span> <span class='ocrx_word' id='word_1_299' title='bbox 1005 2647 1173 2717; x_wconf 89' lang='lat' dir='ltr'>cujus</span> <span class='ocrx_word' id='word_1_300' title='bbox 1230 2646 1350 2701; x_wconf 61' lang='lat' dir='ltr'>haec</span> <span class='ocrx_word' id='word_1_301' title='bbox 1411 2650 1549 2701; x_wconf 91' lang='lat' dir='ltr'>sunt</span> <span class='ocrx_word' id='word_1_302' title='bbox 1605 2664 1624 2699; x_wconf 89' lang='lat'><strong><em>:</em></strong></span> <span class='ocrx_word' id='word_1_303' title='bbox 1682 2667 1703 2695; x_wconf 81' lang='grc' dir='ltr'>ι</span> <span class='ocrx_word' id='word_1_304' title='bbox 1765 2645 2063 2700; x_wconf 79' lang='lat' dir='ltr'>Profectus</span> 
     </span>
    </p>
   </div>
   <div class='ocr_carea' id='block_1_43' title="bbox 413 2733 2063 2805">
    <p class='ocr_par' dir='ltr' id='par_1_43' title="bbox 413 2733 2063 2805">
     <span class='ocr_line' id='line_1_43' title="bbox 413 2733 2063 2805; baseline 0 -16"><span class='ocrx_word' id='word_1_305' title='bbox 413 2734 621 2790; x_wconf 88' lang='lat' dir='ltr'>deinde</span> <span class='ocrx_word' id='word_1_306' title='bbox 651 2735 722 2790; x_wconf 90' lang='lat' dir='ltr'>ad</span> <span class='ocrx_word' id='word_1_307' title='bbox 754 2734 974 2791; x_wconf 90' lang='lat' dir='ltr'>bellum</span> <span class='ocrx_word' id='word_1_308' title='bbox 1010 2734 1347 2790; x_wconf 89' lang='lat' dir='ltr'>Parthicum</span> <span class='ocrx_word' id='word_1_309' title='bbox 1380 2740 1487 2805; x_wconf 88' lang='lat' dir='ltr'>est,</span> <span class='ocrx_word' id='word_1_310' title='bbox 1534 2734 1687 2789; x_wconf 91' lang='lat' dir='ltr'>edito</span> <span class='ocrx_word' id='word_1_311' title='bbox 1718 2733 2063 2805; x_wconf 86' lang='lat' dir='ltr'>gladiatorio</span> 
     </span>
    </p>
   </div>
   <div class='ocr_carea' id='block_1_44' title="bbox 414 2823 2060 2896">
    <p class='ocr_par' dir='ltr' id='par_1_44' title="bbox 414 2823 2060 2896">
     <span class='ocr_line' id='line_1_44' title="bbox 414 2823 2060 2896; baseline -0.001 -18"><span class='ocrx_word' id='word_1_312' title='bbox 414 2840 656 2880; x_wconf 89' lang='lat' dir='ltr'>munere</span> <span class='ocrx_word' id='word_1_313' title='bbox 708 2828 762 2879; x_wconf 89' lang='lat' dir='ltr'>et</span> <span class='ocrx_word' id='word_1_314' title='bbox 811 2823 1070 2896; x_wconf 88' lang='lat' dir='ltr'>eongirlo</span> <span class='ocrx_word' id='word_1_315' title='bbox 1115 2823 1328 2895; x_wconf 90' lang='lat' dir='ltr'>populo</span> <span class='ocrx_word' id='word_1_316' title='bbox 1376 2824 1532 2879; x_wconf 79' lang='lat' dir='ltr'>dato;</span> <span class='ocrx_word' id='word_1_317' title='bbox 1582 2845 1609 2873; x_wconf 88' lang='grc'>››</span> <span class='ocrx_word' id='word_1_318' title='bbox 1660 2823 1822 2893; x_wconf 88' lang='lat' dir='ltr'>Vide,</span> <span class='ocrx_word' id='word_1_319' title='bbox 1884 2838 2060 2893; x_wconf 89' lang='lat' dir='ltr'>quam</span> 
     </span>
    </p>
   </div>
   <div class='ocr_carea' id='block_1_45' title="bbox 411 2912 2057 2983">
    <p class='ocr_par' dir='ltr' id='par_1_45' title="bbox 411 2912 2057 2983">
     <span class='ocr_line' id='line_1_45' title="bbox 411 2912 2057 2983; baseline -0.001 -16"><span class='ocrx_word' id='word_1_320' title='bbox 411 2912 597 2967; x_wconf 91' lang='lat' dir='ltr'>amice</span> <span class='ocrx_word' id='word_1_321' title='bbox 628 2912 819 2967; x_wconf 91' lang='lat' dir='ltr'>hiduo</span> <span class='ocrx_word' id='word_1_322' title='bbox 853 2912 1187 2983; x_wconf 82' lang='lat' dir='ltr'>conspireat</span> <span class='ocrx_word' id='word_1_323' title='bbox 1219 2928 1231 2967; x_wconf 91' lang='lat'>:</span> <span class='ocrx_word' id='word_1_324' title='bbox 1268 2928 1447 2983; x_wconf 91' lang='lat' dir='ltr'>quam</span> <span class='ocrx_word' id='word_1_325' title='bbox 1479 2915 1610 2982; x_wconf 83' lang='lat' dir='ltr'>apte</span> <span class='ocrx_word' id='word_1_326' title='bbox 1642 2915 1885 2981; x_wconf 89' lang='lat' dir='ltr'>uterque</span> <span class='ocrx_word' id='word_1_327' title='bbox 1918 2928 2057 2980; x_wconf 75' lang='lat' dir='ltr'>prae-</span> 
     </span>
    </p>
   </div>
   <div class='ocr_carea' id='block_1_46' title="bbox 410 3000 2061 3073">
    <p class='ocr_par' dir='ltr' id='par_1_46' title="bbox 410 3000 2061 3073">
     <span class='ocr_line' id='line_1_46' title="bbox 410 3000 2061 3073; baseline -0.001 -17"><span class='ocrx_word' id='word_1_328' title='bbox 410 3001 658 3057; x_wconf 88' lang='lat' dir='ltr'>cessisse</span> <span class='ocrx_word' id='word_1_329' title='bbox 707 3001 967 3073; x_wconf 89' lang='lat' dir='ltr'>aliquam</span> <span class='ocrx_word' id='word_1_330' title='bbox 1002 3018 1223 3073; x_wconf 81' lang='lat' dir='ltr'>magnae</span> <span class='ocrx_word' id='word_1_331' title='bbox 1265 3000 1675 3056; x_wconf 61' lang='lat' dir='ltr'>muniﬁcentia;</span> <span class='ocrx_word' id='word_1_332' title='bbox 1728 3000 2061 3055; x_wconf 77' lang='lat' dir='ltr'>solemnita-</span> 
     </span>
    </p>
   </div>
   <div class='ocr_carea' id='block_1_47' title="bbox 407 3087 2061 3161">
    <p class='ocr_par' dir='ltr' id='par_1_47' title="bbox 407 3087 2061 3161">
     <span class='ocr_line' id='line_1_47' title="bbox 407 3087 2061 3161; baseline -0.001 -18"><span class='ocrx_word' id='word_1_333' title='bbox 407 3094 524 3143; x_wconf 86' lang='lat' dir='ltr'>tem</span> <span class='ocrx_word' id='word_1_334' title='bbox 558 3090 986 3161; x_wconf 84' lang='lat' dir='ltr'>expeditionem</span> <span class='ocrx_word' id='word_1_335' title='bbox 1020 3089 1348 3145; x_wconf 88' lang='lat' dir='ltr'>Parthicam</span> <span class='ocrx_word' id='word_1_336' title='bbox 1398 3089 1610 3143; x_wconf 90' lang='lat' dir='ltr'>tradat.</span> <span class='ocrx_word' id='word_1_337' title='bbox 1645 3090 1777 3155; x_wconf 74' lang='lat' dir='ltr'>Quze</span> <span class='ocrx_word' id='word_1_338' title='bbox 1820 3088 1868 3143; x_wconf 89' lang='lat' dir='ltr'>si</span> <span class='ocrx_word' id='word_1_339' title='bbox 1912 3087 2061 3143; x_wconf 87' lang='lat' dir='ltr'>cele-</span> 
     </span>
    </p>
   </div>
   <div class='ocr_carea' id='block_1_48' title="bbox 406 3176 2056 3244">
    <p class='ocr_par' dir='ltr' id='par_1_48' title="bbox 406 3176 2056 3244">
     <span class='ocr_line' id='line_1_48' title="bbox 406 3176 2056 3244; baseline -0.001 -13"><span class='ocrx_word' id='word_1_340' title='bbox 406 3177 697 3233; x_wconf 92' lang='lat' dir='ltr'>berrimus</span> <span class='ocrx_word' id='word_1_341' title='bbox 725 3178 1069 3233; x_wconf 86' lang='lat' dir='ltr'>attendisset</span> <span class='ocrx_word' id='word_1_342' title='bbox 1088 3177 1517 3244; x_wconf 88' lang='lat' dir='ltr'>Tillemontius,</span> <span class='ocrx_word' id='word_1_343' title='bbox 1545 3176 1712 3232; x_wconf 89' lang='lat' dir='ltr'>aliter</span> <span class='ocrx_word' id='word_1_344' title='bbox 1731 3176 1857 3232; x_wconf 91' lang='lat' dir='ltr'>sine</span> <span class='ocrx_word' id='word_1_345' title='bbox 1880 3177 2056 3231; x_wconf 90' lang='lat' dir='ltr'>dubio</span> 
     </span>
    </p>
   </div>
   <div class='ocr_carea' id='block_1_49' title="bbox 410 3230 2130 3336">
    <p class='ocr_par' dir='ltr' id='par_1_49' title="bbox 410 3230 2130 3336">
     <span class='ocr_line' id='line_1_49' title="bbox 410 3230 2130 3336; baseline 0.001 -17"><span class='ocrx_word' id='word_1_346' title='bbox 410 3230 919 3321; x_wconf 41' lang='lat' dir='ltr'>iﬁéiiiﬁéééifﬁé</span> <span class='ocrx_word' id='word_1_347' title='bbox 932 3230 1226 3321; x_wconf 46' lang='lat' dir='ltr'>stagna</span> <span class='ocrx_word' id='word_1_348' title='bbox 1266 3230 1426 3336; x_wconf 79' lang='lat' dir='ltr'>Nigri</span> <span class='ocrx_word' id='word_1_349' title='bbox 1473 3230 2056 3335; x_wconf 73' lang='lat' dir='ltr'>sectatoribus,quas</span> <span class='ocrx_word' id='word_1_350' title='bbox 2088 3230 2130 3296; x_wconf 67' lang='grc' dir='ltr'><strong>(ἶ</strong></span> 
     </span>
    </p>
   </div>
   <div class='ocr_carea' id='block_1_50' title="bbox 407 3354 2062 3427">
    <p class='ocr_par' dir='ltr' id='par_1_50' title="bbox 407 3354 2062 3427">
     <span class='ocr_line' id='line_1_50' title="bbox 407 3354 2062 3427; baseline 0.001 -20"><span class='ocrx_word' id='word_1_351' title='bbox 407 3354 466 3408; x_wconf 93' lang='lat' dir='ltr'>in</span> <span class='ocrx_word' id='word_1_352' title='bbox 512 3354 672 3427; x_wconf 84' lang='lat' dir='ltr'>Syria</span> <span class='ocrx_word' id='word_1_353' title='bbox 721 3355 1045 3409; x_wconf 87' lang='lat' dir='ltr'>venabatur</span> <span class='ocrx_word' id='word_1_354' title='bbox 1090 3357 1355 3420; x_wconf 83' lang='lat' dir='ltr'>Severus,</span> <span class='ocrx_word' id='word_1_355' title='bbox 1412 3369 1744 3409; x_wconf 87' lang='lat' dir='ltr'>sermonem</span> <span class='ocrx_word' id='word_1_356' title='bbox 1793 3354 1887 3409; x_wconf 93' lang='lat' dir='ltr'>hic</span> <span class='ocrx_word' id='word_1_357' title='bbox 1933 3370 2062 3408; x_wconf 90' lang='lat' dir='ltr'>esse</span> 
     </span>
    </p>
   </div>
   <div class='ocr_carea' id='block_1_51' title="bbox 407 3441 2064 3515">
    <p class='ocr_par' dir='ltr' id='par_1_51' title="bbox 407 3441 2064 3515">
     <span class='ocr_line' id='line_1_51' title="bbox 407 3441 2064 3515; baseline 0.001 -17"><span class='ocrx_word' id='word_1_358' title='bbox 407 3447 630 3499; x_wconf 87' lang='lat' dir='ltr'>censet.</span> <span class='ocrx_word' id='word_1_359' title='bbox 661 3444 733 3498; x_wconf 89' lang='lat' dir='ltr'>At</span> <span class='ocrx_word' id='word_1_360' title='bbox 783 3460 881 3499; x_wconf 92' lang='lat' dir='ltr'>eos</span> <span class='ocrx_word' id='word_1_361' title='bbox 932 3442 1161 3497; x_wconf 90' lang='lat' dir='ltr'>inducit</span> <span class='ocrx_word' id='word_1_362' title='bbox 1204 3441 1624 3508; x_wconf 83' lang='lat' dir='ltr'>Tertullianus,</span> <span class='ocrx_word' id='word_1_363' title='bbox 1654 3442 1749 3515; x_wconf 91' lang='lat' dir='ltr'>qui</span> <span class='ocrx_word' id='word_1_364' title='bbox 1785 3443 2064 3499; x_wconf 85' lang='lat' dir='ltr'>Romanis</span> 
     </span>
    </p>
   </div>
   <div class='ocr_carea' id='block_1_52' title="bbox 407 3528 2060 3603">
    <p class='ocr_par' dir='ltr' id='par_1_52' title="bbox 407 3528 2060 3603">
     <span class='ocr_line' id='line_1_52' title="bbox 407 3528 2060 3603; baseline 0.001 -18"><span class='ocrx_word' id='word_1_365' title='bbox 407 3531 781 3586; x_wconf 85' lang='lat' dir='ltr'>interfuerint</span> <span class='ocrx_word' id='word_1_366' title='bbox 829 3530 1200 3602; x_wconf 87' lang='lat' dir='ltr'>spectaculis,</span> <span class='ocrx_word' id='word_1_367' title='bbox 1232 3528 1463 3599; x_wconf 89' lang='lat' dir='ltr'>Quales,</span> <span class='ocrx_word' id='word_1_368' title='bbox 1516 3531 1617 3602; x_wconf 89' lang='lat' dir='ltr'>qui</span> <span class='ocrx_word' id='word_1_369' title='bbox 1666 3531 1724 3584; x_wconf 90' lang='lat' dir='ltr'>in</span> <span class='ocrx_word' id='word_1_370' title='bbox 1763 3532 1929 3603; x_wconf 83' lang='lat' dir='ltr'>Syria</span> <span class='ocrx_word' id='word_1_371' title='bbox 1960 3533 2060 3587; x_wconf 89' lang='lat' dir='ltr'>de-</span> 
     </span>
    </p>
   </div>
   <div class='ocr_carea' id='block_1_53' title="bbox 409 3618 2064 3689">
    <p class='ocr_par' dir='ltr' id='par_1_53' title="bbox 409 3618 2064 3689">
     <span class='ocr_line' id='line_1_53' title="bbox 409 3618 2064 3689; baseline -0.001 -15"><span class='ocrx_word' id='word_1_372' title='bbox 409 3618 780 3686; x_wconf 90' lang='lat' dir='ltr'>litescebant,</span> <span class='ocrx_word' id='word_1_373' title='bbox 813 3618 972 3689; x_wconf 85' lang='lat' dir='ltr'>Nigri</span> <span class='ocrx_word' id='word_1_374' title='bbox 1007 3623 1324 3673; x_wconf 86' lang='lat' dir='ltr'>sectatores</span> <span class='ocrx_word' id='word_1_375' title='bbox 1354 3635 1469 3672; x_wconf 91' lang='lat' dir='ltr'>non</span> <span class='ocrx_word' id='word_1_376' title='bbox 1521 3623 1705 3673; x_wconf 89' lang='lat' dir='ltr'>erant.</span> <span class='ocrx_word' id='word_1_377' title='bbox 1734 3619 1855 3683; x_wconf 92' lang='lat' dir='ltr'>Quo</span> <span class='ocrx_word' id='word_1_378' title='bbox 1887 3636 2064 3688; x_wconf 89' lang='lat' dir='ltr'>anno,</span> 
     </span>
    </p>
   </div>
   <div class='ocr_carea' id='block_1_54' title="bbox 409 3714 2063 3773">
    <p class='ocr_par' dir='ltr' id='par_1_54' title="bbox 409 3714 2063 3773">
     <span class='ocr_line' id='line_1_54' title="bbox 409 3714 2063 3773; baseline 0.001 -1"><span class='ocrx_word' id='word_1_379' title='bbox 409 3733 552 3772; x_wconf 92' lang='lat' dir='ltr'>num</span> <span class='ocrx_word' id='word_1_380' title='bbox 598 3733 750 3771; x_wconf 87' lang='lat' dir='ltr'>anno</span> <span class='ocrx_word' id='word_1_381' title='bbox 796 3715 1029 3771; x_wconf 83' lang='lat' dir='ltr'><strong>CXCVII</strong></span> <span class='ocrx_word' id='word_1_382' title='bbox 1079 3719 1180 3771; x_wconf 88' lang='lat' dir='ltr'>aut</span> <span class='ocrx_word' id='word_1_383' title='bbox 1228 3714 1490 3771; x_wconf 81' lang='lat' dir='ltr'><strong>CXCVIII</strong></span> <span class='ocrx_word' id='word_1_384' title='bbox 1526 3716 1701 3772; x_wconf 86' lang='lat' dir='ltr'>festos</span> <span class='ocrx_word' id='word_1_385' title='bbox 1732 3716 1907 3772; x_wconf 89' lang='lat' dir='ltr'>hosce</span> <span class='ocrx_word' id='word_1_386' title='bbox 1939 3718 2063 3773; x_wconf 88' lang='lat' dir='ltr'>dies</span> 
     </span>
    </p>
   </div>
   <div class='ocr_carea' id='block_1_55' title="bbox 409 3804 2061 3876">
    <p class='ocr_par' dir='ltr' id='par_1_55' title="bbox 409 3804 2061 3876">
     <span class='ocr_line' id='line_1_55' title="bbox 409 3804 2061 3876; baseline 0.002 -17"><span class='ocrx_word' id='word_1_387' title='bbox 409 3806 729 3876; x_wconf 85' lang='lat' dir='ltr'>imperator</span> <span class='ocrx_word' id='word_1_388' title='bbox 760 3804 1056 3869; x_wconf 85' lang='lat' dir='ltr'>indixerit,</span> <span class='ocrx_word' id='word_1_389' title='bbox 1090 3821 1298 3875; x_wconf 88' lang='lat' dir='ltr'>parum</span> <span class='ocrx_word' id='word_1_390' title='bbox 1338 3820 1500 3861; x_wconf 91' lang='lat' dir='ltr'>curo.</span> <span class='ocrx_word' id='word_1_391' title='bbox 1536 3806 1598 3860; x_wconf 85' lang='lat' dir='ltr'><strong>Id</strong></span> <span class='ocrx_word' id='word_1_392' title='bbox 1634 3805 1779 3860; x_wconf 85' lang='lat' dir='ltr'>mihi</span> <span class='ocrx_word' id='word_1_393' title='bbox 1809 3810 2061 3875; x_wconf 88' lang='lat' dir='ltr'>tantum,</span> 
     </span>
    </p>
   </div>
   <div class='ocr_carea' id='block_1_56' title="bbox 410 3893 2065 3965">
    <p class='ocr_par' dir='ltr' id='par_1_56' title="bbox 410 3893 2065 3965">
     <span class='ocr_line' id='line_1_56' title="bbox 410 3893 2065 3965; baseline 0.001 -16"><span class='ocrx_word' id='word_1_394' title='bbox 410 3900 476 3949; x_wconf 92' lang='lat' dir='ltr'>nt</span> <span class='ocrx_word' id='word_1_395' title='bbox 505 3895 835 3965; x_wconf 85' lang='lat' dir='ltr'>ostendam,</span> <span class='ocrx_word' id='word_1_396' title='bbox 869 3893 1180 3959; x_wconf 89' lang='lat' dir='ltr'>incumbit,</span> <span class='ocrx_word' id='word_1_397' title='bbox 1214 3893 1562 3964; x_wconf 91' lang='lat' dir='ltr'>sanguinem</span> <span class='ocrx_word' id='word_1_398' title='bbox 1594 3894 1784 3949; x_wconf 90' lang='lat' dir='ltr'>denuo</span> <span class='ocrx_word' id='word_1_399' title='bbox 1814 3893 2065 3951; x_wconf 89' lang='lat' dir='ltr'>Albinia-</span> 
     </span>
    </p>
   </div>
   <div class='ocr_carea' id='block_1_57' title="bbox 408 3982 2061 4063">
    <p class='ocr_par' dir='ltr' id='par_1_57' title="bbox 408 3982 2061 4063">
     <span class='ocr_line' id='line_1_57' title="bbox 408 3982 2061 4063; baseline 0.001 -24"><span class='ocrx_word' id='word_1_400' title='bbox 408 4000 642 4053; x_wconf 88' lang='lat' dir='ltr'>nornm,</span> <span class='ocrx_word' id='word_1_401' title='bbox 694 3986 758 4039; x_wconf 87' lang='lat' dir='ltr'>nt</span> <span class='ocrx_word' id='word_1_402' title='bbox 815 3982 1223 4048; x_wconf 88' lang='lat' dir='ltr'>credebantur,</span> <span class='ocrx_word' id='word_1_403' title='bbox 1284 3983 1435 4038; x_wconf 77' lang='lat'>568</span> <span class='ocrx_word' id='word_1_404' title='bbox 1496 3983 1799 4053; x_wconf 85' lang='lat' dir='ltr'>profusum</span> <span class='ocrx_word' id='word_1_405' title='bbox 1857 3984 2061 4063; x_wconf 78' lang='lat' dir='ltr'>fuisse,</span> 
     </span>
    </p>
   </div>
   <div class='ocr_carea' id='block_1_58' title="bbox 406 4069 2063 4144">
    <p class='ocr_par' dir='ltr' id='par_1_58' title="bbox 406 4069 2063 4144">
     <span class='ocr_line' id='line_1_58' title="bbox 406 4069 2063 4144; baseline 0.001 -18"><span class='ocrx_word' id='word_1_406' title='bbox 406 4088 541 4127; x_wconf 89' lang='lat' dir='ltr'>cum</span> <span class='ocrx_word' id='word_1_407' title='bbox 574 4071 631 4126; x_wconf 92' lang='lat' dir='ltr'>in</span> <span class='ocrx_word' id='word_1_408' title='bbox 666 4087 731 4126; x_wconf 93' lang='lat' dir='ltr'>eo</span> <span class='ocrx_word' id='word_1_409' title='bbox 763 4075 940 4135; x_wconf 88' lang='lat' dir='ltr'>esset,</span> <span class='ocrx_word' id='word_1_410' title='bbox 974 4075 1037 4124; x_wconf 89' lang='lat' dir='ltr'>nt</span> <span class='ocrx_word' id='word_1_411' title='bbox 1068 4069 1315 4125; x_wconf 89' lang='lat' dir='ltr'>Parthos</span> <span class='ocrx_word' id='word_1_412' title='bbox 1344 4070 1660 4126; x_wconf 87' lang='lat' dir='ltr'>invaderet.</span> <span class='ocrx_word' id='word_1_413' title='bbox 1694 4070 1903 4128; x_wconf 91' lang='lat' dir='ltr'>Nullus</span> <span class='ocrx_word' id='word_1_414' title='bbox 1934 4074 2063 4144; x_wconf 89' lang='lat' dir='ltr'>qui-</span> 
     </span>
    </p>
   </div>
   <div class='ocr_carea' id='block_1_59' title="bbox 405 4158 2063 4230">
    <p class='ocr_par' dir='ltr' id='par_1_59' title="bbox 405 4158 2063 4230">
     <span class='ocr_line' id='line_1_59' title="bbox 405 4158 2063 4230; baseline 0.001 -15"><span class='ocrx_word' id='word_1_415' title='bbox 405 4161 538 4215; x_wconf 89' lang='lat' dir='ltr'>dem</span> <span class='ocrx_word' id='word_1_416' title='bbox 572 4159 623 4214; x_wconf 90' lang='lat' dir='ltr'>si</span> <span class='ocrx_word' id='word_1_417' title='bbox 657 4159 899 4230; x_wconf 89' lang='lat' dir='ltr'>produci</span> <span class='ocrx_word' id='word_1_418' title='bbox 949 4158 1117 4213; x_wconf 89' lang='lat' dir='ltr'>testis</span> <span class='ocrx_word' id='word_1_419' title='bbox 1156 4166 1371 4229; x_wconf 89' lang='lat' dir='ltr'>posset,</span> <span class='ocrx_word' id='word_1_420' title='bbox 1422 4158 1604 4214; x_wconf 82' lang='lat' dir='ltr'>nihilo</span> <span class='ocrx_word' id='word_1_421' title='bbox 1658 4159 1853 4215; x_wconf 90' lang='lat' dir='ltr'>minus</span> <span class='ocrx_word' id='word_1_422' title='bbox 1908 4168 2063 4217; x_wconf 91' lang='lat' dir='ltr'>certa</span> 
     </span>
    </p>
   </div>
   <div class='ocr_carea' id='block_1_60' title="bbox 406 4247 2058 4319">
    <p class='ocr_par' dir='ltr' id='par_1_60' title="bbox 406 4247 2058 4319">
     <span class='ocr_line' id='line_1_60' title="bbox 406 4247 2058 4319; baseline 0.001 -16"><span class='ocrx_word' id='word_1_423' title='bbox 406 4266 537 4304; x_wconf 90' lang='lat' dir='ltr'>mea</span> <span class='ocrx_word' id='word_1_424' title='bbox 567 4254 723 4305; x_wconf 89' lang='lat' dir='ltr'>esset</span> <span class='ocrx_word' id='word_1_425' title='bbox 751 4247 1134 4319; x_wconf 85' lang='lat' dir='ltr'>computatio,</span> <span class='ocrx_word' id='word_1_426' title='bbox 1169 4250 1266 4318; x_wconf 86' lang='lat' dir='ltr'>qui</span> <span class='ocrx_word' id='word_1_427' title='bbox 1320 4248 1582 4302; x_wconf 91' lang='lat' dir='ltr'>omnium</span> <span class='ocrx_word' id='word_1_428' title='bbox 1620 4248 1804 4303; x_wconf 85' lang='lat' dir='ltr'>instar</span> <span class='ocrx_word' id='word_1_429' title='bbox 1833 4250 2058 4305; x_wconf 86' lang='lat' dir='ltr'>Tertul-</span> 
     </span>
    </p>
   </div>
   <div class='ocr_carea' id='block_1_61' title="bbox 408 4336 2061 4407">
    <p class='ocr_par' dir='ltr' id='par_1_61' title="bbox 408 4336 2061 4407">
     <span class='ocr_line' id='line_1_61' title="bbox 408 4336 2061 4407; baseline 0.001 -15"><span class='ocrx_word' id='word_1_430' title='bbox 408 4336 633 4394; x_wconf 90' lang='lat' dir='ltr'>lianum</span> <span class='ocrx_word' id='word_1_431' title='bbox 666 4338 1077 4393; x_wconf 89' lang='lat' dir='ltr'>commendare</span> <span class='ocrx_word' id='word_1_432' title='bbox 1108 4352 1363 4407; x_wconf 89' lang='lat' dir='ltr'>possem.</span> <span class='ocrx_word' id='word_1_433' title='bbox 1388 4336 1564 4391; x_wconf 87' lang='lat' dir='ltr'>Adest</span> <span class='ocrx_word' id='word_1_434' title='bbox 1593 4353 1723 4391; x_wconf 89' lang='lat' dir='ltr'>vero</span> <span class='ocrx_word' id='word_1_435' title='bbox 1753 4340 2061 4393; x_wconf 88' lang='lat' dir='ltr'>commode</span> 
     </span>
    </p>
   </div>
   <div class='ocr_carea' id='block_1_62' title="bbox 407 4426 2059 4500">
    <p class='ocr_par' dir='ltr' id='par_1_62' title="bbox 407 4426 2059 4500">
     <span class='ocr_line' id='line_1_62' title="bbox 407 4426 2059 4500; baseline -0.001 -16"><span class='ocrx_word' id='word_1_436' title='bbox 407 4429 773 4500; x_wconf 83' lang='lat' dir='ltr'>Spartianus,</span> <span class='ocrx_word' id='word_1_437' title='bbox 808 4426 1219 4499; x_wconf 88' lang='lat' dir='ltr'>auspiciasqne</span> <span class='ocrx_word' id='word_1_438' title='bbox 1251 4427 1381 4480; x_wconf 92' lang='lat' dir='ltr'>novi</span> <span class='ocrx_word' id='word_1_439' title='bbox 1412 4426 1551 4481; x_wconf 88' lang='lat' dir='ltr'>belli</span> <span class='ocrx_word' id='word_1_440' title='bbox 1581 4428 1835 4483; x_wconf 81' lang='lat' dir='ltr'>caedibus</span> <span class='ocrx_word' id='word_1_441' title='bbox 1868 4428 2059 4483; x_wconf 91' lang='lat' dir='ltr'>homi-</span> 
     </span>
    </p>
   </div>
   <div class='ocr_carea' id='block_1_63' title="bbox 411 4516 2056 4589">
    <p class='ocr_par' dir='ltr' id='par_1_63' title="bbox 411 4516 2056 4589">
     <span class='ocr_line' id='line_1_63' title="bbox 411 4516 2056 4589; baseline 0.001 -17"><span class='ocrx_word' id='word_1_442' title='bbox 411 4534 553 4573; x_wconf 90' lang='lat' dir='ltr'>num</span> <span class='ocrx_word' id='word_1_443' title='bbox 586 4517 916 4589; x_wconf 86' lang='lat' dir='ltr'>iniquinata</span> <span class='ocrx_word' id='word_1_444' title='bbox 949 4517 1130 4570; x_wconf 77' lang='lat' dir='ltr'>fuisse</span> <span class='ocrx_word' id='word_1_445' title='bbox 1171 4517 1349 4570; x_wconf 85' lang='lat' dir='ltr'>tradit</span> <span class='ocrx_word' id='word_1_446' title='bbox 1387 4516 1541 4586; x_wconf 76' lang='lat' dir='ltr'>(Vita</span> <span class='ocrx_word' id='word_1_447' title='bbox 1568 4518 1751 4571; x_wconf 76' lang='lat' dir='ltr'>Severi</span> <span class='ocrx_word' id='word_1_448' title='bbox 1794 4534 1841 4571; x_wconf 94' lang='lat' dir='ltr'>c.</span> <span class='ocrx_word' id='word_1_449' title='bbox 1880 4518 1964 4585; x_wconf 85' lang='grc'>14,</span> <span class='ocrx_word' id='word_1_450' title='bbox 2000 4536 2056 4589; x_wconf 85' lang='grc' dir='ltr'><strong>ρ.</strong></span> 
     </span>
    </p>
   </div>
   <div class='ocr_carea' id='block_1_64' title="bbox 2180 2020 3812 2093">
    <p class='ocr_par' dir='ltr' id='par_1_64' title="bbox 2180 2020 3812 2093">
     <span class='ocr_line' id='line_1_64' title="bbox 2180 2020 3812 2093; baseline 0.001 -21"><span class='ocrx_word' id='word_1_451' title='bbox 2180 2022 2244 2073; x_wconf 92' lang='lat' dir='ltr'>ut</span> <span class='ocrx_word' id='word_1_452' title='bbox 2263 2035 2397 2072; x_wconf 90' lang='lat' dir='ltr'>cum</span> <span class='ocrx_word' id='word_1_453' title='bbox 2421 2020 2615 2091; x_wconf 87' lang='lat' dir='ltr'>robur,</span> <span class='ocrx_word' id='word_1_454' title='bbox 2642 2025 2767 2076; x_wconf 92' lang='lat' dir='ltr'>tum</span> <span class='ocrx_word' id='word_1_455' title='bbox 2793 2022 3267 2093; x_wconf 90' lang='lat' dir='ltr'>perspicuitatem</span> <span class='ocrx_word' id='word_1_456' title='bbox 3300 2022 3374 2076; x_wconf 90' lang='lat' dir='ltr'>iis</span> <span class='ocrx_word' id='word_1_457' title='bbox 3407 2037 3812 2091; x_wconf 88' lang='lat' dir='ltr'>compararem,</span> 
     </span>
    </p>
   </div>
   <div class='ocr_carea' id='block_1_65' title="bbox 2177 2107 3817 2181">
    <p class='ocr_par' dir='ltr' id='par_1_65' title="bbox 2177 2107 3817 2181">
     <span class='ocr_line' id='line_1_65' title="bbox 2177 2107 3817 2181; baseline 0 -20"><span class='ocrx_word' id='word_1_458' title='bbox 2177 2124 2281 2178; x_wconf 90' lang='lat' dir='ltr'>pro</span> <span class='ocrx_word' id='word_1_459' title='bbox 2299 2107 2523 2163; x_wconf 91' lang='lat' dir='ltr'>viribus</span> <span class='ocrx_word' id='word_1_460' title='bbox 2550 2110 2747 2165; x_wconf 90' lang='lat' dir='ltr'>studui</span> <span class='ocrx_word' id='word_1_461' title='bbox 2775 2127 2787 2165; x_wconf 87' lang='lat'><strong>:</strong></span> <span class='ocrx_word' id='word_1_462' title='bbox 2816 2115 3130 2181; x_wconf 91' lang='lat' dir='ltr'>utrumque</span> <span class='ocrx_word' id='word_1_463' title='bbox 3156 2126 3295 2165; x_wconf 91' lang='lat' dir='ltr'>num</span> <span class='ocrx_word' id='word_1_464' title='bbox 3321 2115 3675 2165; x_wconf 88' lang='lat' dir='ltr'>consecutus</span> <span class='ocrx_word' id='word_1_465' title='bbox 3694 2110 3817 2175; x_wconf 87' lang='lat' dir='ltr'>sim,</span> 
     </span>
    </p>
   </div>
   <div class='ocr_carea' id='block_1_66' title="bbox 2174 2196 3807 2270">
    <p class='ocr_par' dir='ltr' id='par_1_66' title="bbox 2174 2196 3807 2270">
     <span class='ocr_line' id='line_1_66' title="bbox 2174 2196 3807 2270; baseline 0.001 -21"><span class='ocrx_word' id='word_1_466' title='bbox 2174 2196 2422 2252; x_wconf 89' lang='lat' dir='ltr'>aliorum</span> <span class='ocrx_word' id='word_1_467' title='bbox 2453 2204 2575 2253; x_wconf 90' lang='lat' dir='ltr'>esto</span> <span class='ocrx_word' id='word_1_468' title='bbox 2598 2198 2913 2268; x_wconf 88' lang='lat' dir='ltr'>judicium.</span> <span class='ocrx_word' id='word_1_469' title='bbox 2948 2198 3182 2270; x_wconf 84' lang='lat' dir='ltr'>Aliquid</span> <span class='ocrx_word' id='word_1_470' title='bbox 3222 2199 3271 2254; x_wconf 88' lang='lat' dir='ltr'>si</span> <span class='ocrx_word' id='word_1_471' title='bbox 3307 2199 3689 2255; x_wconf 85' lang='lat' dir='ltr'>obscuritatis</span> <span class='ocrx_word' id='word_1_472' title='bbox 3719 2199 3807 2252; x_wconf 88' lang='lat' dir='ltr'>ad-</span> 
     </span>
    </p>
   </div>
   <div class='ocr_carea' id='block_1_67' title="bbox 2175 2285 3812 2360">
    <p class='ocr_par' dir='ltr' id='par_1_67' title="bbox 2175 2285 3812 2360">
     <span class='ocr_line' id='line_1_67' title="bbox 2175 2285 3812 2360; baseline 0.002 -22"><span class='ocrx_word' id='word_1_473' title='bbox 2175 2285 2370 2356; x_wconf 83' lang='lat' dir='ltr'>haeret,</span> <span class='ocrx_word' id='word_1_474' title='bbox 2406 2304 2520 2342; x_wconf 92' lang='lat' dir='ltr'>non</span> <span class='ocrx_word' id='word_1_475' title='bbox 2554 2292 2670 2341; x_wconf 90' lang='lat' dir='ltr'>tam</span> <span class='ocrx_word' id='word_1_476' title='bbox 2706 2304 2832 2343; x_wconf 92' lang='lat' dir='ltr'>meo</span> <span class='ocrx_word' id='word_1_477' title='bbox 2861 2287 2916 2342; x_wconf 92' lang='lat' dir='ltr'>id</span> <span class='ocrx_word' id='word_1_478' title='bbox 2949 2287 3088 2343; x_wconf 90' lang='lat' dir='ltr'>vitio</span> <span class='ocrx_word' id='word_1_479' title='bbox 3120 2288 3341 2343; x_wconf 85' lang='lat' dir='ltr'>factum</span> <span class='ocrx_word' id='word_1_480' title='bbox 3371 2305 3503 2343; x_wconf 88' lang='lat' dir='ltr'>esse</span> <span class='ocrx_word' id='word_1_481' title='bbox 3524 2287 3812 2360; x_wconf 88' lang='lat' dir='ltr'>cogitabis,</span> 
     </span>
    </p>
   </div>
   <div class='ocr_carea' id='block_1_68' title="bbox 2173 2376 3816 2449">
    <p class='ocr_par' dir='ltr' id='par_1_68' title="bbox 2173 2376 3816 2449">
     <span class='ocr_line' id='line_1_68' title="bbox 2173 2376 3816 2449; baseline 0.001 -20"><span class='ocrx_word' id='word_1_482' title='bbox 2173 2391 2347 2444; x_wconf 92' lang='lat' dir='ltr'>quam</span> <span class='ocrx_word' id='word_1_483' title='bbox 2405 2376 2621 2449; x_wconf 71' lang='lat' dir='ltr'>negotii</span> <span class='ocrx_word' id='word_1_484' title='bbox 2670 2377 2881 2449; x_wconf 91' lang='lat' dir='ltr'>ipsius.</span> <span class='ocrx_word' id='word_1_485' title='bbox 2933 2377 3162 2433; x_wconf 87' lang='lat' dir='ltr'>Habent</span> <span class='ocrx_word' id='word_1_486' title='bbox 3209 2377 3320 2433; x_wconf 88' lang='lat' dir='ltr'>hoc</span> <span class='ocrx_word' id='word_1_487' title='bbox 3384 2376 3816 2447; x_wconf 84' lang='lat' dir='ltr'>disquisitiones</span> 
     </span>
    </p>
   </div>
   <div class='ocr_carea' id='block_1_69' title="bbox 2172 2464 3819 2538">
    <p class='ocr_par' dir='ltr' id='par_1_69' title="bbox 2172 2464 3819 2538">
     <span class='ocr_line' id='line_1_69' title="bbox 2172 2464 3819 2538; baseline 0 -20"><span class='ocrx_word' id='word_1_488' title='bbox 2172 2464 2486 2534; x_wconf 81' lang='lat' dir='ltr'>ejusmodi,</span> <span class='ocrx_word' id='word_1_489' title='bbox 2521 2470 2584 2520; x_wconf 91' lang='lat' dir='ltr'>ut</span> <span class='ocrx_word' id='word_1_490' title='bbox 2615 2482 2849 2536; x_wconf 89' lang='lat' dir='ltr'>semper</span> <span class='ocrx_word' id='word_1_491' title='bbox 2878 2465 3098 2538; x_wconf 89' lang='lat' dir='ltr'>aliquid</span> <span class='ocrx_word' id='word_1_492' title='bbox 3136 2466 3605 2521; x_wconf 86' lang='lat' dir='ltr'>domesticarum</span> <span class='ocrx_word' id='word_1_493' title='bbox 3636 2481 3819 2520; x_wconf 89' lang='lat' dir='ltr'>secum</span> 
     </span>
    </p>
   </div>
   <div class='ocr_carea' id='block_1_70' title="bbox 2173 2552 3826 2627">
    <p class='ocr_par' dir='ltr' id='par_1_70' title="bbox 2173 2552 3826 2627">
     <span class='ocr_line' id='line_1_70' title="bbox 2173 2552 3826 2627; baseline 0.001 -20"><span class='ocrx_word' id='word_1_494' title='bbox 2173 2552 2383 2608; x_wconf 87' lang='lat' dir='ltr'>vehant</span> <span class='ocrx_word' id='word_1_495' title='bbox 2437 2555 2720 2610; x_wconf 90' lang='lat' dir='ltr'>sordium.</span> <span class='ocrx_word' id='word_1_496' title='bbox 2772 2556 2880 2611; x_wconf 91' lang='lat' dir='ltr'>Sed</span> <span class='ocrx_word' id='word_1_497' title='bbox 2940 2572 3043 2610; x_wconf 89' lang='lat' dir='ltr'>nec</span> <span class='ocrx_word' id='word_1_498' title='bbox 3102 2556 3193 2621; x_wconf 91' lang='lat' dir='ltr'>iis,</span> <span class='ocrx_word' id='word_1_499' title='bbox 3227 2556 3333 2627; x_wconf 90' lang='lat' dir='ltr'>qui</span> <span class='ocrx_word' id='word_1_500' title='bbox 3378 2555 3574 2627; x_wconf 87' lang='lat' dir='ltr'>prima</span> <span class='ocrx_word' id='word_1_501' title='bbox 3616 2558 3826 2609; x_wconf 87' lang='lat' dir='ltr'>merent</span> 
     </span>
    </p>
   </div>
   <div class='ocr_carea' id='block_1_71' title="bbox 2172 2643 3821 2717">
    <p class='ocr_par' dir='ltr' id='par_1_71' title="bbox 2172 2643 3821 2717">
     <span class='ocr_line' id='line_1_71' title="bbox 2172 2643 3821 2717; baseline -0.001 -19"><span class='ocrx_word' id='word_1_502' title='bbox 2172 2643 2483 2715; x_wconf 88' lang='lat' dir='ltr'>stipendia,</span> <span class='ocrx_word' id='word_1_503' title='bbox 2516 2644 2878 2715; x_wconf 89' lang='lat' dir='ltr'>scribuntur,</span> <span class='ocrx_word' id='word_1_504' title='bbox 2911 2661 3111 2700; x_wconf 89' lang='lat' dir='ltr'>verum</span> <span class='ocrx_word' id='word_1_505' title='bbox 3144 2644 3217 2700; x_wconf 90' lang='lat' dir='ltr'>iis</span> <span class='ocrx_word' id='word_1_506' title='bbox 3247 2646 3351 2716; x_wconf 89' lang='lat' dir='ltr'>qui</span> <span class='ocrx_word' id='word_1_507' title='bbox 3396 2647 3528 2717; x_wconf 90' lang='lat' dir='ltr'>jam</span> <span class='ocrx_word' id='word_1_508' title='bbox 3577 2645 3821 2715; x_wconf 89' lang='lat' dir='ltr'>aliquem</span> 
     </span>
    </p>
   </div>
   <div class='ocr_carea' id='block_1_72' title="bbox 2170 2732 3819 2805">
    <p class='ocr_par' dir='ltr' id='par_1_72' title="bbox 2170 2732 3819 2805">
     <span class='ocr_line' id='line_1_72' title="bbox 2170 2732 3819 2805; baseline -0.001 -18"><span class='ocrx_word' id='word_1_509' title='bbox 2170 2732 2321 2788; x_wconf 86' lang='lat' dir='ltr'>inter</span> <span class='ocrx_word' id='word_1_510' title='bbox 2349 2732 2501 2788; x_wconf 90' lang='lat' dir='ltr'>cives</span> <span class='ocrx_word' id='word_1_511' title='bbox 2533 2734 2793 2789; x_wconf 88' lang='lat' dir='ltr'>eruditos</span> <span class='ocrx_word' id='word_1_512' title='bbox 2823 2734 3072 2805; x_wconf 87' lang='lat' dir='ltr'>gradum</span> <span class='ocrx_word' id='word_1_513' title='bbox 3105 2734 3258 2789; x_wconf 88' lang='lat' dir='ltr'>nacti</span> <span class='ocrx_word' id='word_1_514' title='bbox 3293 2735 3613 2804; x_wconf 91' lang='lat' dir='ltr'>utriusque</span> <span class='ocrx_word' id='word_1_515' title='bbox 3642 2732 3819 2787; x_wconf 82' lang='lat' dir='ltr'>histo-</span> 
     </span>
    </p>
   </div>
   <div class='ocr_carea' id='block_1_73' title="bbox 2170 2823 3822 2897">
    <p class='ocr_par' dir='ltr' id='par_1_73' title="bbox 2170 2823 3822 2897">
     <span class='ocr_line' id='line_1_73' title="bbox 2170 2823 3822 2897; baseline -0.001 -20"><span class='ocrx_word' id='word_1_516' title='bbox 2170 2824 2266 2878; x_wconf 68' lang='lat' dir='ltr'>riae</span> <span class='ocrx_word' id='word_1_517' title='bbox 2309 2842 2623 2897; x_wconf 87' lang='lat' dir='ltr'>rerumque</span> <span class='ocrx_word' id='word_1_518' title='bbox 2653 2825 2986 2879; x_wconf 88' lang='lat' dir='ltr'>critiearum</span> <span class='ocrx_word' id='word_1_519' title='bbox 3022 2840 3135 2879; x_wconf 90' lang='lat' dir='ltr'>non</span> <span class='ocrx_word' id='word_1_520' title='bbox 3168 2824 3364 2897; x_wconf 86' lang='lat' dir='ltr'>ignari</span> <span class='ocrx_word' id='word_1_521' title='bbox 3407 2830 3570 2880; x_wconf 89' lang='lat' dir='ltr'>sunt.</span> <span class='ocrx_word' id='word_1_522' title='bbox 3614 2823 3822 2887; x_wconf 89' lang='lat' dir='ltr'>Quibus</span> 
     </span>
    </p>
   </div>
   <div class='ocr_carea' id='block_1_74' title="bbox 2170 2912 3828 2985">
    <p class='ocr_par' dir='ltr' id='par_1_74' title="bbox 2170 2912 3828 2985">
     <span class='ocr_line' id='line_1_74' title="bbox 2170 2912 3828 2985; baseline -0.002 -18"><span class='ocrx_word' id='word_1_523' title='bbox 2170 2913 2426 2984; x_wconf 89' lang='lat' dir='ltr'>quidem,</span> <span class='ocrx_word' id='word_1_524' title='bbox 2473 2915 2630 2985; x_wconf 92' lang='lat' dir='ltr'>quod</span> <span class='ocrx_word' id='word_1_525' title='bbox 2675 2914 2791 2969; x_wconf 87' lang='lat' dir='ltr'>illis</span> <span class='ocrx_word' id='word_1_526' title='bbox 2834 2915 3254 2985; x_wconf 90' lang='lat' dir='ltr'>perobscurum</span> <span class='ocrx_word' id='word_1_527' title='bbox 3300 2914 3563 2979; x_wconf 89' lang='lat' dir='ltr'>videtur,</span> <span class='ocrx_word' id='word_1_528' title='bbox 3618 2912 3828 2967; x_wconf 89' lang='lat' dir='ltr'>nullam</span> 
     </span>
    </p>
   </div>
   <div class='ocr_carea' id='block_1_75' title="bbox 2168 3000 3826 3075">
    <p class='ocr_par' dir='ltr' id='par_1_75' title="bbox 2168 3000 3826 3075">
     <span class='ocr_line' id='line_1_75' title="bbox 2168 3000 3826 3075; baseline -0.002 -20"><span class='ocrx_word' id='word_1_529' title='bbox 2168 3001 2564 3058; x_wconf 79' lang='lat' dir='ltr'>difﬁcultatem</span> <span class='ocrx_word' id='word_1_530' title='bbox 2625 3020 2824 3075; x_wconf 88' lang='lat' dir='ltr'>parere</span> <span class='ocrx_word' id='word_1_531' title='bbox 2895 3004 3062 3058; x_wconf 91' lang='lat' dir='ltr'>solet.</span> <span class='ocrx_word' id='word_1_532' title='bbox 3115 3002 3278 3070; x_wconf 87' lang='lat' dir='ltr'>Mihi,</span> <span class='ocrx_word' id='word_1_533' title='bbox 3344 3004 3395 3059; x_wconf 86' lang='lat' dir='ltr'>si</span> <span class='ocrx_word' id='word_1_534' title='bbox 3460 3002 3579 3057; x_wconf 83' lang='lat' dir='ltr'>fata</span> <span class='ocrx_word' id='word_1_535' title='bbox 3636 3000 3826 3065; x_wconf 83' lang='lat' dir='ltr'>velint,</span> 
     </span>
    </p>
   </div>
   <div class='ocr_carea' id='block_1_76' title="bbox 2168 3090 3833 3164">
    <p class='ocr_par' dir='ltr' id='par_1_76' title="bbox 2168 3090 3833 3164">
     <span class='ocr_line' id='line_1_76' title="bbox 2168 3090 3833 3164; baseline -0.002 -19"><span class='ocrx_word' id='word_1_536' title='bbox 2168 3091 2408 3162; x_wconf 88' lang='lat' dir='ltr'>suisque</span> <span class='ocrx_word' id='word_1_537' title='bbox 2438 3092 2603 3147; x_wconf 88' lang='lat' dir='ltr'>labor</span> <span class='ocrx_word' id='word_1_538' title='bbox 2638 3096 2837 3147; x_wconf 88' lang='lat' dir='ltr'>noster</span> <span class='ocrx_word' id='word_1_539' title='bbox 2863 3091 3191 3147; x_wconf 86' lang='lat' dir='ltr'>fautoribus</span> <span class='ocrx_word' id='word_1_540' title='bbox 3238 3109 3360 3147; x_wconf 90' lang='lat' dir='ltr'>non</span> <span class='ocrx_word' id='word_1_541' title='bbox 3411 3090 3588 3164; x_wconf 91' lang='lat' dir='ltr'>plane</span> <span class='ocrx_word' id='word_1_542' title='bbox 3636 3104 3833 3145; x_wconf 85' lang='lat' dir='ltr'>carue-</span> 
     </span>
    </p>
   </div>
   <div class='ocr_carea' id='block_1_77' title="bbox 2170 3175 3831 3252">
    <p class='ocr_par' dir='ltr' id='par_1_77' title="bbox 2170 3175 3831 3252">
     <span class='ocr_line' id='line_1_77' title="bbox 2170 3175 3831 3252; baseline -0.002 -19"><span class='ocrx_word' id='word_1_543' title='bbox 2170 3179 2265 3248; x_wconf 89' lang='lat' dir='ltr'>rit,</span> <span class='ocrx_word' id='word_1_544' title='bbox 2318 3181 2421 3235; x_wconf 88' lang='lat' dir='ltr'>hac</span> <span class='ocrx_word' id='word_1_545' title='bbox 2470 3181 2562 3236; x_wconf 90' lang='lat' dir='ltr'>via</span> <span class='ocrx_word' id='word_1_546' title='bbox 2611 3198 2848 3252; x_wconf 89' lang='lat' dir='ltr'>pergere</span> <span class='ocrx_word' id='word_1_547' title='bbox 2901 3180 3269 3252; x_wconf 88' lang='lat' dir='ltr'>propositum</span> <span class='ocrx_word' id='word_1_548' title='bbox 3317 3186 3432 3236; x_wconf 88' lang='lat' dir='ltr'>est.</span> <span class='ocrx_word' id='word_1_549' title='bbox 3479 3182 3555 3235; x_wconf 88' lang='lat' dir='ltr'>De</span> <span class='ocrx_word' id='word_1_550' title='bbox 3601 3175 3831 3247; x_wconf 90' lang='lat' dir='ltr'>reliquis</span> 
     </span>
    </p>
   </div>
   <div class='ocr_carea' id='block_1_78' title="bbox 2169 3265 3826 3341">
    <p class='ocr_par' dir='ltr' id='par_1_78' title="bbox 2169 3265 3826 3341">
     <span class='ocr_line' id='line_1_78' title="bbox 2169 3265 3826 3341; baseline -0.002 -19"><span class='ocrx_word' id='word_1_551' title='bbox 2169 3268 2505 3325; x_wconf 86' lang='lat' dir='ltr'>Tertulliani</span> <span class='ocrx_word' id='word_1_552' title='bbox 2539 3269 2813 3341; x_wconf 89' lang='lat' dir='ltr'>operibus</span> <span class='ocrx_word' id='word_1_553' title='bbox 2846 3286 2961 3324; x_wconf 91' lang='lat' dir='ltr'>nou</span> <span class='ocrx_word' id='word_1_554' title='bbox 2993 3270 3195 3325; x_wconf 85' lang='lat' dir='ltr'>eadem</span> <span class='ocrx_word' id='word_1_555' title='bbox 3229 3274 3477 3325; x_wconf 89' lang='lat' dir='ltr'>tantum</span> <span class='ocrx_word' id='word_1_556' title='bbox 3520 3265 3826 3329; x_wconf 88' lang='lat' dir='ltr'>industria,</span> 
     </span>
    </p>
   </div>
   <div class='ocr_carea' id='block_1_79' title="bbox 2169 3355 3828 3430">
    <p class='ocr_par' dir='ltr' id='par_1_79' title="bbox 2169 3355 3828 3430">
     <span class='ocr_line' id='line_1_79' title="bbox 2169 3355 3828 3430; baseline -0.002 -19"><span class='ocrx_word' id='word_1_557' title='bbox 2169 3374 2370 3412; x_wconf 91' lang='lat' dir='ltr'>verum</span> <span class='ocrx_word' id='word_1_558' title='bbox 2432 3360 2609 3414; x_wconf 90' lang='lat' dir='ltr'>etiam</span> <span class='ocrx_word' id='word_1_559' title='bbox 2667 3359 2738 3413; x_wconf 90' lang='lat' dir='ltr'>de</span> <span class='ocrx_word' id='word_1_560' title='bbox 2786 3358 2903 3413; x_wconf 88' lang='lat' dir='ltr'>vita</span> <span class='ocrx_word' id='word_1_561' title='bbox 2960 3358 3087 3429; x_wconf 91' lang='lat' dir='ltr'>ejus</span> <span class='ocrx_word' id='word_1_562' title='bbox 3148 3357 3412 3430; x_wconf 78' lang='lat' dir='ltr'>latisque</span> <span class='ocrx_word' id='word_1_563' title='bbox 3470 3355 3828 3429; x_wconf 83' lang='lat' dir='ltr'>diligentius,</span> 
     </span>
    </p>
   </div>
   <div class='ocr_carea' id='block_1_80' title="bbox 2167 3446 3833 3519">
    <p class='ocr_par' dir='ltr' id='par_1_80' title="bbox 2167 3446 3833 3519">
     <span class='ocr_line' id='line_1_80' title="bbox 2167 3446 3833 3519; baseline -0.003 -18"><span class='ocrx_word' id='word_1_564' title='bbox 2167 3463 2344 3518; x_wconf 88' lang='lat' dir='ltr'>quam</span> <span class='ocrx_word' id='word_1_565' title='bbox 2378 3446 2490 3502; x_wconf 90' lang='lat' dir='ltr'>huc</span> <span class='ocrx_word' id='word_1_566' title='bbox 2518 3464 2701 3519; x_wconf 91' lang='lat' dir='ltr'>usque</span> <span class='ocrx_word' id='word_1_567' title='bbox 2732 3448 2946 3502; x_wconf 80' lang='lat' dir='ltr'>factum</span> <span class='ocrx_word' id='word_1_568' title='bbox 2979 3447 3165 3517; x_wconf 87' lang='lat' dir='ltr'>video,</span> <span class='ocrx_word' id='word_1_569' title='bbox 3191 3447 3488 3519; x_wconf 89' lang='lat' dir='ltr'>peculiari</span> <span class='ocrx_word' id='word_1_570' title='bbox 3512 3447 3664 3502; x_wconf 91' lang='lat' dir='ltr'>libro</span> <span class='ocrx_word' id='word_1_571' title='bbox 3688 3459 3833 3500; x_wconf 92' lang='lat' dir='ltr'>com.</span> 
     </span>
    </p>
   </div>
   <div class='ocr_carea' id='block_1_81' title="bbox 2172 3536 3840 3607">
    <p class='ocr_par' dir='ltr' id='par_1_81' title="bbox 2172 3536 3840 3607">
     <span class='ocr_line' id='line_1_81' title="bbox 2172 3536 3840 3607; baseline -0.002 -17"><span class='ocrx_word' id='word_1_572' title='bbox 2172 3537 2515 3600; x_wconf 84' lang='lat' dir='ltr'>mentabor;</span> <span class='ocrx_word' id='word_1_573' title='bbox 2549 3536 2641 3591; x_wconf 91' lang='lat' dir='ltr'>cui</span> <span class='ocrx_word' id='word_1_574' title='bbox 2691 3536 3139 3592; x_wconf 88' lang='lat' dir='ltr'>dissertationes</span> <span class='ocrx_word' id='word_1_575' title='bbox 3196 3537 3501 3607; x_wconf 87' lang='lat' dir='ltr'>quasdam</span> <span class='ocrx_word' id='word_1_576' title='bbox 3564 3537 3625 3591; x_wconf 91' lang='lat' dir='ltr'>in</span> <span class='ocrx_word' id='word_1_577' title='bbox 3677 3548 3840 3605; x_wconf 87' lang='lat' dir='ltr'>opera</span> 
     </span>
    </p>
   </div>
   <div class='ocr_carea' id='block_1_82' title="bbox 2172 3624 2641 3696">
    <p class='ocr_par' dir='ltr' id='par_1_82' title="bbox 2172 3624 2641 3696">
     <span class='ocr_line' id='line_1_82' title="bbox 2172 3624 2641 3696; baseline 0 -17"><span class='ocrx_word' id='word_1_578' title='bbox 2172 3627 2301 3696; x_wconf 89' lang='lat' dir='ltr'>ejus</span> <span class='ocrx_word' id='word_1_579' title='bbox 2343 3624 2641 3694; x_wconf 75' lang='lat' dir='ltr'>adjiciam.</span> 
     </span>
    </p>
   </div>
   <div class='ocr_carea' id='block_1_83' title="bbox 2243 3727 3836 3803">
    <p class='ocr_par' dir='ltr' id='par_1_83' title="bbox 2243 3727 3836 3803">
     <span class='ocr_line' id='line_1_83' title="bbox 2243 3727 3836 3803; baseline -0.003 -18"><span class='ocrx_word' id='word_1_580' title='bbox 2243 3732 2475 3786; x_wconf 91' lang='lat' dir='ltr'>Dudum</span> <span class='ocrx_word' id='word_1_581' title='bbox 2522 3736 2630 3797; x_wconf 91' lang='lat' dir='ltr'>est,</span> <span class='ocrx_word' id='word_1_582' title='bbox 2666 3730 2823 3803; x_wconf 90' lang='lat' dir='ltr'>quod</span> <span class='ocrx_word' id='word_1_583' title='bbox 2854 3729 3200 3785; x_wconf 88' lang='lat' dir='ltr'>eruditiores</span> <span class='ocrx_word' id='word_1_584' title='bbox 3232 3747 3457 3787; x_wconf 89' lang='lat' dir='ltr'>novam</span> <span class='ocrx_word' id='word_1_585' title='bbox 3491 3746 3698 3786; x_wconf 90' lang='lat' dir='ltr'>eorum</span> <span class='ocrx_word' id='word_1_586' title='bbox 3728 3727 3836 3783; x_wconf 89' lang='lat' dir='ltr'>edi-</span> 
     </span>
    </p>
   </div>
   <div class='ocr_carea' id='block_1_84' title="bbox 2172 3815 3840 3892">
    <p class='ocr_par' dir='ltr' id='par_1_84' title="bbox 2172 3815 3840 3892">
     <span class='ocr_line' id='line_1_84' title="bbox 2172 3815 3840 3892; baseline -0.004 -17"><span class='ocrx_word' id='word_1_587' title='bbox 2172 3820 2386 3875; x_wconf 90' lang='lat' dir='ltr'>tionem</span> <span class='ocrx_word' id='word_1_588' title='bbox 2437 3824 2733 3892; x_wconf 87' lang='lat' dir='ltr'>exoptant.</span> <span class='ocrx_word' id='word_1_589' title='bbox 2764 3821 2843 3874; x_wconf 90' lang='lat' dir='ltr'>Ae</span> <span class='ocrx_word' id='word_1_590' title='bbox 2892 3835 3064 3874; x_wconf 92' lang='lat' dir='ltr'>nemo</span> <span class='ocrx_word' id='word_1_591' title='bbox 3115 3836 3207 3875; x_wconf 91' lang='lat' dir='ltr'>me</span> <span class='ocrx_word' id='word_1_592' title='bbox 3260 3821 3519 3891; x_wconf 88' lang='lat' dir='ltr'>quidem</span> <span class='ocrx_word' id='word_1_593' title='bbox 3570 3815 3840 3873; x_wconf 85' lang='lat' dir='ltr'>libentius</span> 
     </span>
    </p>
   </div>
   <div class='ocr_carea' id='block_1_85' title="bbox 2174 3906 3845 3975">
    <p class='ocr_par' dir='ltr' id='par_1_85' title="bbox 2174 3906 3845 3975">
     <span class='ocr_line' id='line_1_85' title="bbox 2174 3906 3845 3975; baseline -0.003 -11"><span class='ocrx_word' id='word_1_594' title='bbox 2174 3910 2280 3965; x_wconf 88' lang='lat' dir='ltr'>hoc</span> <span class='ocrx_word' id='word_1_595' title='bbox 2310 3926 2457 3965; x_wconf 90' lang='lat' dir='ltr'>onus</span> <span class='ocrx_word' id='word_1_596' title='bbox 2488 3908 2545 3963; x_wconf 90' lang='lat' dir='ltr'>in</span> <span class='ocrx_word' id='word_1_597' title='bbox 2580 3925 2642 3964; x_wconf 89' lang='lat' dir='ltr'>se</span> <span class='ocrx_word' id='word_1_598' title='bbox 2672 3906 3044 3975; x_wconf 89' lang='lat' dir='ltr'>devolvisset,</span> <span class='ocrx_word' id='word_1_599' title='bbox 3080 3907 3129 3964; x_wconf 89' lang='lat' dir='ltr'>si</span> <span class='ocrx_word' id='word_1_600' title='bbox 3156 3924 3224 3964; x_wconf 89' lang='lat' dir='ltr'>ea</span> <span class='ocrx_word' id='word_1_601' title='bbox 3259 3908 3419 3965; x_wconf 90' lang='lat' dir='ltr'>mihi</span> <span class='ocrx_word' id='word_1_602' title='bbox 3462 3907 3697 3964; x_wconf 88' lang='lat' dir='ltr'>vivendi</span> <span class='ocrx_word' id='word_1_603' title='bbox 3728 3921 3845 3961; x_wconf 84' lang='lat' dir='ltr'>sors</span> 
     </span>
    </p>
   </div>
   <div class='ocr_carea' id='block_1_86' title="bbox 2172 3996 3844 4070">
    <p class='ocr_par' dir='ltr' id='par_1_86' title="bbox 2172 3996 3844 4070">
     <span class='ocr_line' id='line_1_86' title="bbox 2172 3996 3844 4070; baseline -0.004 -15"><span class='ocrx_word' id='word_1_604' title='bbox 2172 3998 2499 4069; x_wconf 88' lang='lat' dir='ltr'>obtigisset,</span> <span class='ocrx_word' id='word_1_605' title='bbox 2552 4002 2617 4053; x_wconf 88' lang='lat' dir='ltr'>ut</span> <span class='ocrx_word' id='word_1_606' title='bbox 2663 4013 2755 4052; x_wconf 89' lang='lat' dir='ltr'>me</span> <span class='ocrx_word' id='word_1_607' title='bbox 2803 3996 2911 4052; x_wconf 90' lang='lat' dir='ltr'>rite</span> <span class='ocrx_word' id='word_1_608' title='bbox 2950 4013 3016 4052; x_wconf 91' lang='lat' dir='ltr'>eo</span> <span class='ocrx_word' id='word_1_609' title='bbox 3067 3997 3313 4070; x_wconf 79' lang='lat' dir='ltr'>defungi</span> <span class='ocrx_word' id='word_1_610' title='bbox 3347 4014 3534 4070; x_wconf 87' lang='lat' dir='ltr'>posse</span> <span class='ocrx_word' id='word_1_611' title='bbox 3566 4000 3844 4069; x_wconf 71' lang='lat' dir='ltr'>putarem°</span> 
     </span>
    </p>
   </div>
   <div class='ocr_carea' id='block_1_87' title="bbox 2172 4082 3847 4158">
    <p class='ocr_par' dir='ltr' id='par_1_87' title="bbox 2172 4082 3847 4158">
     <span class='ocr_line' id='line_1_87' title="bbox 2172 4082 3847 4158; baseline -0.003 -16"><span class='ocrx_word' id='word_1_612' title='bbox 2172 4089 2304 4153; x_wconf 69' lang='lat' dir='ltr'>Quae</span> <span class='ocrx_word' id='word_1_613' title='bbox 2362 4103 2496 4142; x_wconf 91' lang='lat' dir='ltr'>eum</span> <span class='ocrx_word' id='word_1_614' title='bbox 2548 4086 2691 4141; x_wconf 90' lang='lat' dir='ltr'>mihi</span> <span class='ocrx_word' id='word_1_615' title='bbox 2741 4089 2953 4157; x_wconf 89' lang='lat' dir='ltr'>negata</span> <span class='ocrx_word' id='word_1_616' title='bbox 3003 4086 3104 4152; x_wconf 91' lang='lat' dir='ltr'>sit,</span> <span class='ocrx_word' id='word_1_617' title='bbox 3154 4101 3222 4142; x_wconf 88' lang='lat' dir='ltr'>ea</span> <span class='ocrx_word' id='word_1_618' title='bbox 3281 4092 3524 4155; x_wconf 85' lang='lat' dir='ltr'>tamen,</span> <span class='ocrx_word' id='word_1_619' title='bbox 3558 4104 3675 4158; x_wconf 90' lang='lat' dir='ltr'>qua</span> <span class='ocrx_word' id='word_1_620' title='bbox 3718 4082 3847 4145; x_wconf 84' lang='lat' dir='ltr'>dixi.</span> 
     </span>
    </p>
   </div>
   <div class='ocr_carea' id='block_1_88' title="bbox 2172 4170 3845 4246">
    <p class='ocr_par' dir='ltr' id='par_1_88' title="bbox 2172 4170 3845 4246">
     <span class='ocr_line' id='line_1_88' title="bbox 2172 4170 3845 4246; baseline -0.004 -15"><span class='ocrx_word' id='word_1_621' title='bbox 2172 4176 2419 4243; x_wconf 88' lang='lat' dir='ltr'>ratione,</span> <span class='ocrx_word' id='word_1_622' title='bbox 2467 4191 2581 4229; x_wconf 89' lang='lat' dir='ltr'>non</span> <span class='ocrx_word' id='word_1_623' title='bbox 2629 4179 2748 4229; x_wconf 89' lang='lat' dir='ltr'>tam</span> <span class='ocrx_word' id='word_1_624' title='bbox 2780 4174 2850 4229; x_wconf 89' lang='lat' dir='ltr'>de</span> <span class='ocrx_word' id='word_1_625' title='bbox 2882 4173 2990 4229; x_wconf 87' lang='lat' dir='ltr'>hac</span> <span class='ocrx_word' id='word_1_626' title='bbox 3021 4178 3208 4245; x_wconf 89' lang='lat' dir='ltr'>parte,</span> <span class='ocrx_word' id='word_1_627' title='bbox 3244 4191 3436 4245; x_wconf 90' lang='lat' dir='ltr'>quam</span> <span class='ocrx_word' id='word_1_628' title='bbox 3491 4176 3567 4231; x_wconf 90' lang='lat' dir='ltr'>de</span> <span class='ocrx_word' id='word_1_629' title='bbox 3600 4174 3731 4246; x_wconf 88' lang='lat' dir='ltr'>ipsa</span> <span class='ocrx_word' id='word_1_630' title='bbox 3760 4170 3845 4225; x_wconf 81' lang='lat' dir='ltr'>Hi-</span> 
     </span>
    </p>
   </div>
   <div class='ocr_carea' id='block_1_89' title="bbox 2170 4258 3852 4321">
    <p class='ocr_par' dir='ltr' id='par_1_89' title="bbox 2170 4258 3852 4321">
     <span class='ocr_line' id='line_1_89' title="bbox 2170 4258 3852 4321; baseline -0.004 -1"><span class='ocrx_word' id='word_1_631' title='bbox 2170 4264 2354 4320; x_wconf 90' lang='lat' dir='ltr'>storia</span> <span class='ocrx_word' id='word_1_632' title='bbox 2385 4280 2550 4319; x_wconf 89' lang='lat' dir='ltr'>sacra</span> <span class='ocrx_word' id='word_1_633' title='bbox 2599 4266 2656 4319; x_wconf 90' lang='lat' dir='ltr'>et</span> <span class='ocrx_word' id='word_1_634' title='bbox 2704 4262 2857 4319; x_wconf 86' lang='lat' dir='ltr'>civili</span> <span class='ocrx_word' id='word_1_635' title='bbox 2910 4262 3057 4319; x_wconf 88' lang='lat' dir='ltr'>bene</span> <span class='ocrx_word' id='word_1_636' title='bbox 3089 4263 3304 4319; x_wconf 90' lang='lat' dir='ltr'>mereri</span> <span class='ocrx_word' id='word_1_637' title='bbox 3343 4263 3667 4321; x_wconf 87' lang='lat' dir='ltr'>constitui.</span> <span class='ocrx_word' id='word_1_638' title='bbox 3706 4258 3852 4317; x_wconf 83' lang='lat' dir='ltr'>Moli-</span> 
     </span>
    </p>
   </div>
   <div class='ocr_carea' id='block_1_90' title="bbox 2169 4348 3846 4424">
    <p class='ocr_par' dir='ltr' id='par_1_90' title="bbox 2169 4348 3846 4424">
     <span class='ocr_line' id='line_1_90' title="bbox 2169 4348 3846 4424; baseline -0.005 -15"><span class='ocrx_word' id='word_1_639' title='bbox 2169 4360 2269 4409; x_wconf 87' lang='lat' dir='ltr'>tus</span> <span class='ocrx_word' id='word_1_640' title='bbox 2300 4359 2389 4408; x_wconf 90' lang='lat' dir='ltr'>est</span> <span class='ocrx_word' id='word_1_641' title='bbox 2418 4351 2711 4422; x_wconf 83' lang='lat' dir='ltr'>ejusmodi</span> <span class='ocrx_word' id='word_1_642' title='bbox 2752 4352 2904 4409; x_wconf 79' lang='lat'><strong>559</strong></span> <span class='ocrx_word' id='word_1_643' title='bbox 2957 4368 3106 4424; x_wconf 82' lang='lat' dir='ltr'>opus</span> <span class='ocrx_word' id='word_1_644' title='bbox 3148 4352 3527 4410; x_wconf 85' lang='lat' dir='ltr'>immortalis</span> <span class='ocrx_word' id='word_1_645' title='bbox 3561 4348 3846 4409; x_wconf 68' lang='lat' dir='ltr'>memoriae</span> 
     </span>
    </p>
   </div>
   <div class='ocr_carea' id='block_1_91' title="bbox 2165 4438 3849 4513">
    <p class='ocr_par' dir='ltr' id='par_1_91' title="bbox 2165 4438 3849 4513">
     <span class='ocr_line' id='line_1_91' title="bbox 2165 4438 3849 4513; baseline -0.001 -18"><span class='ocrx_word' id='word_1_646' title='bbox 2165 4440 2273 4507; x_wconf 83' lang='lat' dir='ltr'>vir,</span> <span class='ocrx_word' id='word_1_647' title='bbox 2308 4442 2597 4496; x_wconf 89' lang='lat' dir='ltr'>Henricus</span> <span class='ocrx_word' id='word_1_648' title='bbox 2625 4438 2967 4496; x_wconf 85' lang='lat' dir='ltr'>Dodwellns</span> <span class='ocrx_word' id='word_1_649' title='bbox 2997 4442 3086 4511; x_wconf 81' lang='lat' dir='ltr'>(ex</span> <span class='ocrx_word' id='word_1_650' title='bbox 3122 4442 3251 4497; x_wconf 80' lang='lat' dir='ltr'>Vita</span> <span class='ocrx_word' id='word_1_651' title='bbox 3282 4442 3426 4513; x_wconf 85' lang='lat' dir='ltr'>ejus</span> <span class='ocrx_word' id='word_1_652' title='bbox 3469 4459 3506 4497; x_wconf 88' lang='lat' dir='ltr'>a</span> <span class='ocrx_word' id='word_1_653' title='bbox 3557 4444 3651 4496; x_wconf 85' lang='lat' dir='ltr'>Fr.</span> <span class='ocrx_word' id='word_1_654' title='bbox 3685 4439 3849 4495; x_wconf 85' lang='lat' dir='ltr'>Broc-</span> 
     </span>
    </p>
   </div>
   <div class='ocr_carea' id='block_1_92' title="bbox 2181 4524 3852 4602">
    <p class='ocr_par' dir='ltr' id='par_1_92' title="bbox 2181 4524 3852 4602">
     <span class='ocr_line' id='line_1_92' title="bbox 2181 4524 3852 4602; baseline -0.004 -17"><span class='ocrx_word' id='word_1_655' title='bbox 2181 4530 2363 4602; x_wconf 83' lang='lat' dir='ltr'>kesby</span> <span class='ocrx_word' id='word_1_656' title='bbox 2413 4529 2631 4601; x_wconf 88' lang='lat' dir='ltr'>scripta</span> <span class='ocrx_word' id='word_1_657' title='bbox 2672 4529 2791 4584; x_wconf 91' lang='lat' dir='ltr'>vid.</span> <span class='ocrx_word' id='word_1_658' title='bbox 2839 4528 2917 4583; x_wconf 90' lang='lat' dir='ltr'>La</span> <span class='ocrx_word' id='word_1_659' title='bbox 2981 4528 3195 4596; x_wconf 83' lang='lat' dir='ltr'>Roche,</span> <span class='ocrx_word' id='word_1_660' title='bbox 3248 4531 3404 4587; x_wconf 80' lang='lat' dir='ltr'>Bibl.</span> <span class='ocrx_word' id='word_1_661' title='bbox 3458 4531 3774 4601; x_wconf 83' lang='lat' dir='ltr'>Angl.tom</span> <span class='ocrx_word' id='word_1_662' title='bbox 3812 4524 3852 4591; x_wconf 90' lang='grc' dir='ltr'>Ι,</span> 
     </span>
    </p>
   </div>
   <div class='ocr_carea' id='block_1_93' title="bbox 409 4592 3855 4691">
    <p class='ocr_par' dir='ltr' id='par_1_93' title="bbox 409 4592 3855 4691">
     <span class='ocr_line' id='line_1_93' title="bbox 409 4592 3855 4691; baseline -0.003 -29"><span class='ocrx_word' id='word_1_663' title='bbox 409 4606 538 4679; x_wconf 75' lang='grc'>480)</span> <span class='ocrx_word' id='word_1_664' title='bbox 575 4623 587 4662; x_wconf 89' lang='lat'><strong>:</strong></span> <span class='ocrx_word' id='word_1_665' title='bbox 623 4630 649 4657; x_wconf 83' lang='lat'><strong>«</strong></span> <span class='ocrx_word' id='word_1_666' title='bbox 694 4606 906 4661; x_wconf 89' lang='lat' dir='ltr'>Multos</span> <span class='ocrx_word' id='word_1_667' title='bbox 952 4606 1107 4660; x_wconf 89' lang='lat' dir='ltr'>inter</span> <span class='ocrx_word' id='word_1_668' title='bbox 1150 4605 1269 4660; x_wconf 71' lang='lat' dir='ltr'>haec</span> <span class='ocrx_word' id='word_1_669' title='bbox 1304 4606 1467 4676; x_wconf 90' lang='lat' dir='ltr'>(dum</span> <span class='ocrx_word' id='word_1_670' title='bbox 1502 4624 1562 4661; x_wconf 90' lang='lat' dir='ltr'>se</span> <span class='ocrx_word' id='word_1_671' title='bbox 1595 4623 1739 4661; x_wconf 90' lang='lat' dir='ltr'>novo</span> <span class='ocrx_word' id='word_1_672' title='bbox 1778 4606 1930 4662; x_wconf 92' lang='lat' dir='ltr'>bello</span> <span class='ocrx_word' id='word_1_673' title='bbox 1985 4624 2073 4663; x_wconf 76' lang='lat' dir='ltr'>ae&#39;</span> <span class='ocrx_word' id='word_1_674' title='bbox 2103 4592 2149 4656; x_wconf 84' lang='lat' dir='ltr'><strong>D</strong></span> <span class='ocrx_word' id='word_1_675' title='bbox 2181 4592 2403 4691; x_wconf 29' lang='lat' dir='ltr'>part3,</span> <span class='ocrx_word' id='word_1_676' title='bbox 2440 4636 2496 4690; x_wconf 86' lang='lat' dir='ltr'>p.</span> <span class='ocrx_word' id='word_1_677' title='bbox 2529 4592 2619 4686; x_wconf 76' lang='grc'>86,</span> <span class='ocrx_word' id='word_1_678' title='bbox 2647 4618 2759 4689; x_wconf 87' lang='grc'>87).</span> <span class='ocrx_word' id='word_1_679' title='bbox 2792 4621 2943 4673; x_wconf 90' lang='lat' dir='ltr'>Mors</span> <span class='ocrx_word' id='word_1_680' title='bbox 2967 4592 3287 4689; x_wconf 89' lang='lat' dir='ltr'>quonimus</span> <span class='ocrx_word' id='word_1_681' title='bbox 3314 4620 3392 4674; x_wconf 90' lang='lat' dir='ltr'>ad</span> <span class='ocrx_word' id='word_1_682' title='bbox 3434 4592 3622 4676; x_wconf 63' lang='lat' dir='ltr'>tinam</span> <span class='ocrx_word' id='word_1_683' title='bbox 3656 4614 3855 4690; x_wconf 64' lang='lat' dir='ltr'>perdu.</span> 
     </span>
    </p>
   </div>
   <div class='ocr_carea' id='block_1_94' title="bbox 411 4692 2059 4766">
    <p class='ocr_par' dir='ltr' id='par_1_94' title="bbox 411 4692 2059 4766">
     <span class='ocr_line' id='line_1_94' title="bbox 411 4692 2059 4766; baseline 0 -16"><span class='ocrx_word' id='word_1_684' title='bbox 411 4695 691 4766; x_wconf 85' lang='lat' dir='ltr'>cingeret,</span> <span class='ocrx_word' id='word_1_685' title='bbox 742 4694 882 4747; x_wconf 93' lang='lat' dir='ltr'>dum</span> <span class='ocrx_word' id='word_1_686' title='bbox 934 4693 1100 4748; x_wconf 86' lang='lat' dir='ltr'>ludos</span> <span class='ocrx_word' id='word_1_687' title='bbox 1130 4692 1344 4764; x_wconf 90' lang='lat' dir='ltr'>populo</span> <span class='ocrx_word' id='word_1_688' title='bbox 1376 4695 1724 4765; x_wconf 88' lang='lat' dir='ltr'>spectandos</span> <span class='ocrx_word' id='word_1_689' title='bbox 1758 4696 2059 4766; x_wconf 66' lang='lat' dir='ltr'>preheret,</span> 
     </span>
    </p>
   </div>
   <div class='ocr_carea' id='block_1_95' title="bbox 411 4781 2062 4856">
    <p class='ocr_par' dir='ltr' id='par_1_95' title="bbox 411 4781 2062 4856">
     <span class='ocr_line' id='line_1_95' title="bbox 411 4781 2062 4856; baseline 0.001 -17"><span class='ocrx_word' id='word_1_690' title='bbox 411 4785 482 4839; x_wconf 91' lang='lat' dir='ltr'>de</span> <span class='ocrx_word' id='word_1_691' title='bbox 512 4784 724 4851; x_wconf 80' lang='lat' dir='ltr'>quibus</span> <span class='ocrx_word' id='word_1_692' title='bbox 756 4781 1005 4852; x_wconf 86' lang='lat' dir='ltr'>aliisque</span> <span class='ocrx_word' id='word_1_693' title='bbox 1054 4782 1115 4835; x_wconf 90' lang='lat' dir='ltr'>in</span> <span class='ocrx_word' id='word_1_694' title='bbox 1158 4784 1560 4853; x_wconf 87' lang='lat' dir='ltr'>superioribus</span> <span class='ocrx_word' id='word_1_695' title='bbox 1592 4783 1839 4856; x_wconf 83' lang='lat' dir='ltr'>dixerat)</span> <span class='ocrx_word' id='word_1_696' title='bbox 1870 4786 2062 4841; x_wconf 90' lang='lat' dir='ltr'>causis</span> 
     </span>
    </p>
   </div>
   <div class='ocr_carea' id='block_1_96' title="bbox 408 4869 2061 4929">
    <p class='ocr_par' dir='ltr' id='par_1_96' title="bbox 408 4869 2061 4929">
     <span class='ocr_line' id='line_1_96' title="bbox 408 4869 2061 4929; baseline 0.001 -2"><span class='ocrx_word' id='word_1_697' title='bbox 408 4871 501 4927; x_wconf 89' lang='lat' dir='ltr'>vel</span> <span class='ocrx_word' id='word_1_698' title='bbox 522 4872 673 4926; x_wconf 91' lang='lat' dir='ltr'>veris</span> <span class='ocrx_word' id='word_1_699' title='bbox 693 4869 779 4925; x_wconf 91' lang='lat' dir='ltr'>vel</span> <span class='ocrx_word' id='word_1_700' title='bbox 812 4870 1103 4925; x_wconf 85' lang='lat' dir='ltr'>simulatis</span> <span class='ocrx_word' id='word_1_701' title='bbox 1134 4871 1366 4925; x_wconf 90' lang='lat' dir='ltr'>occidit.</span> <span class='ocrx_word' id='word_1_702' title='bbox 1391 4872 1836 4927; x_wconf 89' lang='lat' dir='ltr'>Damnabantur</span> <span class='ocrx_word' id='word_1_703' title='bbox 1865 4881 2061 4929; x_wconf 90' lang='lat' dir='ltr'>autem</span> 
     </span>
    </p>
   </div>
   <div class='ocr_carea' id='block_1_97' title="bbox 409 4958 2059 5031">
    <p class='ocr_par' dir='ltr' id='par_1_97' title="bbox 409 4958 2059 5031">
     <span class='ocr_line' id='line_1_97' title="bbox 409 4958 2059 5031; baseline 0.003 -18"><span class='ocrx_word' id='word_1_704' title='bbox 409 4958 672 5031; x_wconf 89' lang='lat' dir='ltr'>plerique</span> <span class='ocrx_word' id='word_1_705' title='bbox 711 4974 816 5014; x_wconf 90' lang='lat' dir='ltr'>cur</span> <span class='ocrx_word' id='word_1_706' title='bbox 854 4958 1034 5029; x_wconf 90' lang='lat' dir='ltr'>joeati</span> <span class='ocrx_word' id='word_1_707' title='bbox 1081 4964 1277 5014; x_wconf 89' lang='lat' dir='ltr'>essent</span> <span class='ocrx_word' id='word_1_708' title='bbox 1324 4978 1336 5015; x_wconf 87' lang='lat'><strong>:</strong></span> <span class='ocrx_word' id='word_1_709' title='bbox 1392 4962 1489 5015; x_wconf 89' lang='lat' dir='ltr'>alii</span> <span class='ocrx_word' id='word_1_710' title='bbox 1540 4978 1645 5016; x_wconf 91' lang='lat' dir='ltr'>cur</span> <span class='ocrx_word' id='word_1_711' title='bbox 1690 4961 2059 5018; x_wconf 89' lang='lat' dir='ltr'>tacuissent:</span> 
     </span>
    </p>
   </div>
   <div class='ocr_carea' id='block_1_98' title="bbox 410 5055 2060 5128">
    <p class='ocr_par' dir='ltr' id='par_1_98' title="bbox 410 5055 2060 5128">
     <span class='ocr_line' id='line_1_98' title="bbox 410 5055 2060 5128; baseline 0.003 -17"><span class='ocrx_word' id='word_1_712' title='bbox 410 5056 510 5113; x_wconf 89' lang='lat' dir='ltr'>alii</span> <span class='ocrx_word' id='word_1_713' title='bbox 543 5074 647 5111; x_wconf 90' lang='lat' dir='ltr'>cur</span> <span class='ocrx_word' id='word_1_714' title='bbox 680 5055 960 5128; x_wconf 87' lang='lat' dir='ltr'>pleraque</span> <span class='ocrx_word' id='word_1_715' title='bbox 1008 5057 1259 5127; x_wconf 79' lang='lat' dir='ltr'>figurata</span> <span class='ocrx_word' id='word_1_716' title='bbox 1289 5058 1575 5113; x_wconf 77' lang='lat' dir='ltr'>dixissent</span> <span class='ocrx_word' id='word_1_717' title='bbox 1608 5075 1620 5112; x_wconf 90' lang='lat'><strong>:</strong></span> <span class='ocrx_word' id='word_1_718' title='bbox 1655 5062 1719 5113; x_wconf 89' lang='lat' dir='ltr'>nt</span> <span class='ocrx_word' id='word_1_719' title='bbox 1763 5064 1919 5115; x_wconf 87' lang='lat' dir='ltr'>esset</span> <span class='ocrx_word' id='word_1_720' title='bbox 1949 5061 2060 5116; x_wconf 86' lang='lat' dir='ltr'>im-</span> 
     </span>
    </p>
   </div>
   <div class='ocr_carea' id='block_1_99' title="bbox 408 5145 2063 5216">
    <p class='ocr_par' dir='ltr' id='par_1_99' title="bbox 408 5145 2063 5216">
     <span class='ocr_line' id='line_1_99' title="bbox 408 5145 2063 5216; baseline 0.003 -15"><span class='ocrx_word' id='word_1_721' title='bbox 408 5151 644 5216; x_wconf 88' lang='lat' dir='ltr'>perator</span> <span class='ocrx_word' id='word_1_722' title='bbox 674 5163 805 5202; x_wconf 89' lang='lat' dir='ltr'>vere</span> <span class='ocrx_word' id='word_1_723' title='bbox 838 5145 1097 5202; x_wconf 90' lang='lat' dir='ltr'>nominis</span> <span class='ocrx_word' id='word_1_724' title='bbox 1139 5148 1252 5213; x_wconf 88' lang='lat' dir='ltr'>sui,</span> <span class='ocrx_word' id='word_1_725' title='bbox 1300 5164 1429 5203; x_wconf 90' lang='lat' dir='ltr'>vere</span> <span class='ocrx_word' id='word_1_726' title='bbox 1485 5149 1752 5204; x_wconf 85' lang='lat' dir='ltr'>Pertinax</span> <span class='ocrx_word' id='word_1_727' title='bbox 1800 5155 1857 5205; x_wconf 87' lang='lat' dir='ltr'>et</span> <span class='ocrx_word' id='word_1_728' title='bbox 1900 5155 2063 5206; x_wconf 84' lang='lat' dir='ltr'>Seve-</span> 
     </span>
    </p>
   </div>
   <div class='ocr_carea' id='block_1_100' title="bbox 412 5234 2059 5309">
    <p class='ocr_par' dir='ltr' id='par_1_100' title="bbox 412 5234 2059 5309">
     <span class='ocr_line' id='line_1_100' title="bbox 412 5234 2059 5309; baseline 0.004 -21"><span class='ocrx_word' id='word_1_729' title='bbox 412 5252 597 5289; x_wconf 84' lang='lat' dir='ltr'>rus.»</span> <span class='ocrx_word' id='word_1_730' title='bbox 659 5240 781 5290; x_wconf 87' lang='lat' dir='ltr'>Huc</span> <span class='ocrx_word' id='word_1_731' title='bbox 838 5234 1038 5304; x_wconf 87' lang='lat' dir='ltr'>etiam,</span> <span class='ocrx_word' id='word_1_732' title='bbox 1099 5251 1231 5305; x_wconf 65' lang='lat' dir='ltr'>quos</span> <span class='ocrx_word' id='word_1_733' title='bbox 1287 5236 1459 5306; x_wconf 89' lang='lat' dir='ltr'>paulo</span> <span class='ocrx_word' id='word_1_734' title='bbox 1520 5242 1652 5308; x_wconf 88' lang='lat' dir='ltr'>post</span> <span class='ocrx_word' id='word_1_735' title='bbox 1710 5245 2059 5309; x_wconf 88' lang='lat' dir='ltr'>sequuntur,</span> 
     </span>
    </p>
   </div>
   <div class='ocr_carea' id='block_1_101' title="bbox 411 5324 2063 5400">
    <p class='ocr_par' dir='ltr' id='par_1_101' title="bbox 411 5324 2063 5400">
     <span class='ocr_line' id='line_1_101' title="bbox 411 5324 2063 5400; baseline 0.002 -21"><span class='ocrx_word' id='word_1_736' title='bbox 411 5324 587 5379; x_wconf 85' lang='lat' dir='ltr'>verba</span> <span class='ocrx_word' id='word_1_737' title='bbox 618 5324 821 5394; x_wconf 80' lang='lat' dir='ltr'>refero,</span> <span class='ocrx_word' id='word_1_738' title='bbox 854 5340 1001 5394; x_wconf 83' lang='lat' dir='ltr'>quae,</span> <span class='ocrx_word' id='word_1_739' title='bbox 1035 5328 1098 5377; x_wconf 92' lang='lat' dir='ltr'>ut</span> <span class='ocrx_word' id='word_1_740' title='bbox 1128 5325 1353 5395; x_wconf 89' lang='lat' dir='ltr'>opinor.</span> <span class='ocrx_word' id='word_1_741' title='bbox 1389 5342 1502 5380; x_wconf 91' lang='lat' dir='ltr'>non</span> <span class='ocrx_word' id='word_1_742' title='bbox 1548 5328 1617 5380; x_wconf 87' lang='lat' dir='ltr'>ad</span> <span class='ocrx_word' id='word_1_743' title='bbox 1651 5325 1834 5382; x_wconf 91' lang='lat' dir='ltr'>solam</span> <span class='ocrx_word' id='word_1_744' title='bbox 1866 5328 2063 5400; x_wconf 88' lang='lat' dir='ltr'>Nigri-</span> 
     </span>
    </p>
   </div>
   <div class='ocr_carea' id='block_1_102' title="bbox 414 5412 2065 5487">
    <p class='ocr_par' dir='ltr' id='par_1_102' title="bbox 414 5412 2065 5487">
     <span class='ocr_line' id='line_1_102' title="bbox 414 5412 2065 5487; baseline 0.003 -19"><span class='ocrx_word' id='word_1_745' title='bbox 414 5414 725 5469; x_wconf 90' lang='lat' dir='ltr'>nianorum</span> <span class='ocrx_word' id='word_1_746' title='bbox 783 5412 841 5466; x_wconf 88' lang='lat' dir='ltr'>in</span> <span class='ocrx_word' id='word_1_747' title='bbox 895 5412 1125 5466; x_wconf 89' lang='lat' dir='ltr'>Oriente</span> <span class='ocrx_word' id='word_1_748' title='bbox 1166 5414 1630 5483; x_wconf 87' lang='lat' dir='ltr'>persecutionem</span> <span class='ocrx_word' id='word_1_749' title='bbox 1665 5416 1975 5487; x_wconf 88' lang='lat' dir='ltr'>pertinent.</span> <span class='ocrx_word' id='word_1_750' title='bbox 2008 5422 2065 5473; x_wconf 90' lang='lat' dir='ltr'>et</span> 
     </span>
    </p>
   </div>
   <div class='ocr_carea' id='block_1_103' title="bbox 417 5498 2063 5561">
    <p class='ocr_par' dir='ltr' id='par_1_103' title="bbox 417 5498 2063 5561">
     <span class='ocr_line' id='line_1_103' title="bbox 417 5498 2063 5561; baseline 0.002 -4"><span class='ocrx_word' id='word_1_751' title='bbox 417 5519 551 5557; x_wconf 91' lang='lat' dir='ltr'>cum</span> <span class='ocrx_word' id='word_1_752' title='bbox 586 5500 808 5556; x_wconf 90' lang='lat' dir='ltr'>ultimis</span> <span class='ocrx_word' id='word_1_753' title='bbox 841 5498 1185 5555; x_wconf 84' lang='lat' dir='ltr'>Tertulliani</span> <span class='ocrx_word' id='word_1_754' title='bbox 1218 5502 1566 5557; x_wconf 79' lang='lat' dir='ltr'>conferenda</span> <span class='ocrx_word' id='word_1_755' title='bbox 1599 5509 1772 5558; x_wconf 87' lang='lat' dir='ltr'>sunt:</span> <span class='ocrx_word' id='word_1_756' title='bbox 1801 5505 2063 5561; x_wconf 84' lang='lat' dir='ltr'>«Multos</span> 
     </span>
    </p>
   </div>
   <div class='ocr_carea' id='block_1_104' title="bbox 420 5588 2065 5662">
    <p class='ocr_par' dir='ltr' id='par_1_104' title="bbox 420 5588 2065 5662">
     <span class='ocr_line' id='line_1_104' title="bbox 420 5588 2065 5662; baseline 0.001 -15"><span class='ocrx_word' id='word_1_757' title='bbox 420 5593 617 5656; x_wconf 89' lang='lat' dir='ltr'>etiam,</span> <span class='ocrx_word' id='word_1_758' title='bbox 666 5591 831 5662; x_wconf 89' lang='lat' dir='ltr'>quasi</span> <span class='ocrx_word' id='word_1_759' title='bbox 883 5588 1189 5645; x_wconf 71' lang='lat' dir='ltr'>Chaldaeos</span> <span class='ocrx_word' id='word_1_760' title='bbox 1242 5596 1344 5645; x_wconf 89' lang='lat' dir='ltr'>aut</span> <span class='ocrx_word' id='word_1_761' title='bbox 1386 5596 1545 5647; x_wconf 87' lang='lat' dir='ltr'>vates</span> <span class='ocrx_word' id='word_1_762' title='bbox 1595 5592 1664 5646; x_wconf 89' lang='lat' dir='ltr'>de</span> <span class='ocrx_word' id='word_1_763' title='bbox 1718 5609 1827 5648; x_wconf 88' lang='lat' dir='ltr'>sua</span> <span class='ocrx_word' id='word_1_764' title='bbox 1875 5593 2065 5650; x_wconf 89' lang='lat' dir='ltr'>salute</span> 
     </span>
    </p>
   </div>
   <div class='ocr_carea' id='block_1_105' title="bbox 418 5679 2063 5754">
    <p class='ocr_par' dir='ltr' id='par_1_105' title="bbox 418 5679 2063 5754">
     <span class='ocr_line' id='line_1_105' title="bbox 418 5679 2063 5754; baseline 0.002 -18"><span class='ocrx_word' id='word_1_765' title='bbox 418 5681 878 5751; x_wconf 83' lang='lat' dir='ltr'>consuluissent,</span> <span class='ocrx_word' id='word_1_766' title='bbox 963 5679 1294 5751; x_wconf 87' lang='lat' dir='ltr'>interemit,</span> <span class='ocrx_word' id='word_1_767' title='bbox 1379 5680 1669 5754; x_wconf 64' lang='lat' dir='ltr'>praecipue</span> <span class='ocrx_word' id='word_1_768' title='bbox 1761 5686 2063 5753; x_wconf 89' lang='lat' dir='ltr'>suspectos</span> 
     </span>
    </p>
   </div>
   <div class='ocr_carea' id='block_1_106' title="bbox 2174 4706 3851 4779">
    <p class='ocr_par' dir='ltr' id='par_1_106' title="bbox 2174 4706 3851 4779">
     <span class='ocr_line' id='line_1_106' title="bbox 2174 4706 3851 4779; baseline -0.006 -13"><span class='ocrx_word' id='word_1_769' title='bbox 2174 4714 2347 4774; x_wconf 89' lang='lat' dir='ltr'>ceret,</span> <span class='ocrx_word' id='word_1_770' title='bbox 2386 4707 2709 4779; x_wconf 89' lang='lat' dir='ltr'>prohibuit.</span> <span class='ocrx_word' id='word_1_771' title='bbox 2751 4710 2870 4779; x_wconf 83' lang='lat' dir='ltr'>Ego</span> <span class='ocrx_word' id='word_1_772' title='bbox 2920 4722 3054 4761; x_wconf 92' lang='lat' dir='ltr'>vero</span> <span class='ocrx_word' id='word_1_773' title='bbox 3095 4706 3493 4764; x_wconf 88' lang='lat' dir='ltr'>vehementer</span> <span class='ocrx_word' id='word_1_774' title='bbox 3524 4707 3755 4772; x_wconf 86' lang='lat' dir='ltr'>dubito,</span> <span class='ocrx_word' id='word_1_775' title='bbox 3784 4720 3851 4758; x_wconf 91' lang='lat' dir='ltr'>an</span> 
     </span>
    </p>
   </div>
   <div class='ocr_carea' id='block_1_107' title="bbox 2173 4793 3853 4871">
    <p class='ocr_par' dir='ltr' id='par_1_107' title="bbox 2173 4793 3853 4871">
     <span class='ocr_line' id='line_1_107' title="bbox 2173 4793 3853 4871; baseline -0.004 -18"><span class='ocrx_word' id='word_1_776' title='bbox 2173 4816 2279 4871; x_wconf 90' lang='lat' dir='ltr'>par</span> <span class='ocrx_word' id='word_1_777' title='bbox 2325 4795 2638 4852; x_wconf 87' lang='lat' dir='ltr'>eruditioni</span> <span class='ocrx_word' id='word_1_778' title='bbox 2689 4796 2905 4851; x_wconf 92' lang='lat' dir='ltr'>candor</span> <span class='ocrx_word' id='word_1_779' title='bbox 2953 4811 3018 4849; x_wconf 91' lang='lat' dir='ltr'>ac</span> <span class='ocrx_word' id='word_1_780' title='bbox 3066 4794 3275 4865; x_wconf 90' lang='lat' dir='ltr'>judicii</span> <span class='ocrx_word' id='word_1_781' title='bbox 3334 4796 3673 4852; x_wconf 85' lang='lat' dir='ltr'>maturitas</span> <span class='ocrx_word' id='word_1_782' title='bbox 3705 4793 3763 4849; x_wconf 93' lang='lat' dir='ltr'>in</span> <span class='ocrx_word' id='word_1_783' title='bbox 3792 4806 3853 4848; x_wconf 86' lang='lat' dir='ltr'>eo</span> 
     </span>
    </p>
   </div>
   <div class='ocr_carea' id='block_1_108' title="bbox 2172 4883 3854 4943">
    <p class='ocr_par' dir='ltr' id='par_1_108' title="bbox 2172 4883 3854 4943">
     <span class='ocr_line' id='line_1_108' title="bbox 2172 4883 3854 4943; baseline -0.005 0"><span class='ocrx_word' id='word_1_784' title='bbox 2172 4889 2371 4943; x_wconf 84' lang='lat' dir='ltr'>futura</span> <span class='ocrx_word' id='word_1_785' title='bbox 2402 4886 2628 4942; x_wconf 88' lang='lat' dir='ltr'>fuisset.</span> <span class='ocrx_word' id='word_1_786' title='bbox 2677 4885 2969 4939; x_wconf 85' lang='lat' dir='ltr'>Habemus</span> <span class='ocrx_word' id='word_1_787' title='bbox 2997 4883 3350 4939; x_wconf 88' lang='lat' dir='ltr'>Tertulliani</span> <span class='ocrx_word' id='word_1_788' title='bbox 3397 4886 3597 4941; x_wconf 86' lang='lat' dir='ltr'>vitam</span> <span class='ocrx_word' id='word_1_789' title='bbox 3630 4902 3665 4941; x_wconf 88' lang='lat' dir='ltr'>a</span> <span class='ocrx_word' id='word_1_790' title='bbox 3697 4884 3854 4939; x_wconf 88' lang='lat' dir='ltr'>Petro</span> 
     </span>
    </p>
   </div>
   <div class='ocr_carea' id='block_1_109' title="bbox 2171 4972 3856 5044">
    <p class='ocr_par' dir='ltr' id='par_1_109' title="bbox 2171 4972 3856 5044">
     <span class='ocr_line' id='line_1_109' title="bbox 2171 4972 3856 5044; baseline -0.004 -12"><span class='ocrx_word' id='word_1_791' title='bbox 2171 4975 2380 5032; x_wconf 86' lang='lat' dir='ltr'>Allixio</span> <span class='ocrx_word' id='word_1_792' title='bbox 2415 4991 2427 5030; x_wconf 92' lang='lat'>:</span> <span class='ocrx_word' id='word_1_793' title='bbox 2464 4980 2522 5029; x_wconf 89' lang='lat' dir='ltr'>at</span> <span class='ocrx_word' id='word_1_794' title='bbox 2552 4990 2703 5039; x_wconf 89' lang='lat' dir='ltr'>eam,</span> <span class='ocrx_word' id='word_1_795' title='bbox 2752 4989 2928 5043; x_wconf 88' lang='lat' dir='ltr'>quam</span> <span class='ocrx_word' id='word_1_796' title='bbox 2979 4973 3029 5028; x_wconf 88' lang='lat' dir='ltr'>si</span> <span class='ocrx_word' id='word_1_797' title='bbox 3060 4972 3259 5028; x_wconf 90' lang='lat' dir='ltr'>dixero</span> <span class='ocrx_word' id='word_1_798' title='bbox 3313 4972 3537 5031; x_wconf 86' lang='lat' dir='ltr'>minus</span> <span class='ocrx_word' id='word_1_799' title='bbox 3569 4988 3704 5030; x_wconf 77' lang='lat' dir='ltr'>esse</span> <span class='ocrx_word' id='word_1_800' title='bbox 3735 4985 3856 5044; x_wconf 85' lang='lat' dir='ltr'>per-</span> 
     </span>
    </p>
   </div>
   <div class='ocr_carea' id='block_1_110' title="bbox 2174 5061 3855 5129">
    <p class='ocr_par' dir='ltr' id='par_1_110' title="bbox 2174 5061 3855 5129">
     <span class='ocr_line' id='line_1_110' title="bbox 2174 5061 3855 5129; baseline -0.005 -10"><span class='ocrx_word' id='word_1_801' title='bbox 2174 5065 2381 5120; x_wconf 86' lang='lat' dir='ltr'>fectam</span> <span class='ocrx_word' id='word_1_802' title='bbox 2422 5079 2487 5118; x_wconf 89' lang='lat' dir='ltr'>ac</span> <span class='ocrx_word' id='word_1_803' title='bbox 2518 5062 2899 5129; x_wconf 88' lang='lat' dir='ltr'>elaboratam,</span> <span class='ocrx_word' id='word_1_804' title='bbox 2947 5077 2981 5116; x_wconf 86' lang='lat' dir='ltr'>a</span> <span class='ocrx_word' id='word_1_805' title='bbox 3021 5061 3264 5117; x_wconf 84' lang='lat' dir='ltr'>veritate</span> <span class='ocrx_word' id='word_1_806' title='bbox 3323 5078 3454 5118; x_wconf 89' lang='lat' dir='ltr'>non</span> <span class='ocrx_word' id='word_1_807' title='bbox 3485 5063 3855 5118; x_wconf 85' lang='lat' dir='ltr'>aberravero.</span> 
     </span>
    </p>
   </div>
   <div class='ocr_carea' id='block_1_111' title="bbox 2170 5146 3856 5223">
    <p class='ocr_par' dir='ltr' id='par_1_111' title="bbox 2170 5146 3856 5223">
     <span class='ocr_line' id='line_1_111' title="bbox 2170 5146 3856 5223; baseline -0.004 -16"><span class='ocrx_word' id='word_1_808' title='bbox 2170 5154 2298 5208; x_wconf 84' lang='lat' dir='ltr'>Sint</span> <span class='ocrx_word' id='word_1_809' title='bbox 2326 5168 2415 5219; x_wconf 89' lang='lat' dir='ltr'>ea,</span> <span class='ocrx_word' id='word_1_810' title='bbox 2447 5167 2574 5223; x_wconf 64' lang='lat' dir='ltr'>quae</span> <span class='ocrx_word' id='word_1_811' title='bbox 2608 5149 2667 5204; x_wconf 91' lang='lat' dir='ltr'>in</span> <span class='ocrx_word' id='word_1_812' title='bbox 2708 5148 2815 5205; x_wconf 91' lang='lat' dir='ltr'>hac</span> <span class='ocrx_word' id='word_1_813' title='bbox 2858 5149 3280 5206; x_wconf 89' lang='lat' dir='ltr'>Dissertatione</span> <span class='ocrx_word' id='word_1_814' title='bbox 3346 5167 3427 5205; x_wconf 78' lang='lat' dir='ltr'>ex</span> <span class='ocrx_word' id='word_1_815' title='bbox 3488 5167 3565 5207; x_wconf 89' lang='lat' dir='ltr'>ea</span> <span class='ocrx_word' id='word_1_816' title='bbox 3595 5146 3856 5206; x_wconf 85' lang='lat' dir='ltr'>conside-</span> 
     </span>
    </p>
   </div>
   <div class='ocr_carea' id='block_1_112' title="bbox 2172 5236 3857 5311">
    <p class='ocr_par' dir='ltr' id='par_1_112' title="bbox 2172 5236 3857 5311">
     <span class='ocr_line' id='line_1_112' title="bbox 2172 5236 3857 5311; baseline -0.004 -14"><span class='ocrx_word' id='word_1_817' title='bbox 2172 5242 2454 5307; x_wconf 89' lang='lat' dir='ltr'>ravimus,</span> <span class='ocrx_word' id='word_1_818' title='bbox 2498 5237 2837 5311; x_wconf 90' lang='lat' dir='ltr'>speciminis</span> <span class='ocrx_word' id='word_1_819' title='bbox 2882 5237 3026 5294; x_wconf 88' lang='lat' dir='ltr'>loco.</span> <span class='ocrx_word' id='word_1_820' title='bbox 3080 5238 3230 5294; x_wconf 89' lang='lat' dir='ltr'>Petri</span> <span class='ocrx_word' id='word_1_821' title='bbox 3279 5238 3551 5296; x_wconf 83' lang='lat' dir='ltr'>Thomas</span> <span class='ocrx_word' id='word_1_822' title='bbox 3595 5240 3754 5298; x_wconf 75' lang='lat'>560</span> <span class='ocrx_word' id='word_1_823' title='bbox 3785 5236 3857 5291; x_wconf 91' lang='lat' dir='ltr'>du</span> 
     </span>
    </p>
   </div>
   <div class='ocr_carea' id='block_1_113' title="bbox 2174 5326 3858 5398">
    <p class='ocr_par' dir='ltr' id='par_1_113' title="bbox 2174 5326 3858 5398">
     <span class='ocr_line' id='line_1_113' title="bbox 2174 5326 3858 5398; baseline -0.004 -13"><span class='ocrx_word' id='word_1_824' title='bbox 2174 5331 2349 5386; x_wconf 87' lang='lat' dir='ltr'>Fosse</span> <span class='ocrx_word' id='word_1_825' title='bbox 2378 5328 2558 5383; x_wconf 90' lang='lat' dir='ltr'>vitam</span> <span class='ocrx_word' id='word_1_826' title='bbox 2586 5326 2948 5396; x_wconf 86' lang='lat' dir='ltr'>Tertulliani,</span> <span class='ocrx_word' id='word_1_827' title='bbox 2984 5343 3159 5398; x_wconf 88' lang='lat' dir='ltr'>quam</span> <span class='ocrx_word' id='word_1_828' title='bbox 3194 5326 3326 5382; x_wconf 89' lang='lat' dir='ltr'>sine</span> <span class='ocrx_word' id='word_1_829' title='bbox 3362 5328 3627 5384; x_wconf 87' lang='lat' dir='ltr'>nomine</span> <span class='ocrx_word' id='word_1_830' title='bbox 3660 5328 3858 5382; x_wconf 82' lang='lat' dir='ltr'>aucto-</span> 
     </span>
    </p>
   </div>
   <div class='ocr_carea' id='block_1_114' title="bbox 2172 5415 3862 5488">
    <p class='ocr_par' dir='ltr' id='par_1_114' title="bbox 2172 5415 3862 5488">
     <span class='ocr_line' id='line_1_114' title="bbox 2172 5415 3862 5488; baseline -0.004 -15"><span class='ocrx_word' id='word_1_831' title='bbox 2172 5419 2254 5473; x_wconf 90' lang='lat' dir='ltr'>ris</span> <span class='ocrx_word' id='word_1_832' title='bbox 2287 5417 2572 5488; x_wconf 90' lang='lat' dir='ltr'>prodiisse</span> <span class='ocrx_word' id='word_1_833' title='bbox 2607 5415 2890 5486; x_wconf 88' lang='lat' dir='ltr'>Dupinius</span> <span class='ocrx_word' id='word_1_834' title='bbox 2939 5419 3191 5470; x_wconf 87' lang='lat' dir='ltr'>testatur</span> <span class='ocrx_word' id='word_1_835' title='bbox 3237 5417 3423 5485; x_wconf 81' lang='lat' dir='ltr'>(Bibl.</span> <span class='ocrx_word' id='word_1_836' title='bbox 3481 5418 3585 5474; x_wconf 73' lang='lat' dir='ltr'>de:</span> <span class='ocrx_word' id='word_1_837' title='bbox 3630 5418 3862 5474; x_wconf 75' lang='lat' dir='ltr'>Auteur:</span> 
     </span>
    </p>
   </div>
   <div class='ocr_carea' id='block_1_115' title="bbox 2170 5504 3860 5576">
    <p class='ocr_par' dir='ltr' id='par_1_115' title="bbox 2170 5504 3860 5576">
     <span class='ocr_line' id='line_1_115' title="bbox 2170 5504 3860 5576; baseline -0.005 -14"><span class='ocrx_word' id='word_1_838' title='bbox 2170 5506 2362 5562; x_wconf 81' lang='lat' dir='ltr'>eccle’s.</span> <span class='ocrx_word' id='word_1_839' title='bbox 2415 5510 2558 5559; x_wconf 90' lang='lat' dir='ltr'>tom.</span> <span class='ocrx_word' id='word_1_840' title='bbox 2612 5504 2808 5572; x_wconf 85' lang='lat' dir='ltr'><strong>XVIII,</strong></span> <span class='ocrx_word' id='word_1_841' title='bbox 2861 5521 2918 5576; x_wconf 88' lang='lat' dir='ltr'>p.</span> <span class='ocrx_word' id='word_1_842' title='bbox 2976 5504 3125 5575; x_wconf 83' lang='grc'>258),</span> <span class='ocrx_word' id='word_1_843' title='bbox 3168 5520 3272 5560; x_wconf 88' lang='lat' dir='ltr'>nec</span> <span class='ocrx_word' id='word_1_844' title='bbox 3328 5522 3474 5576; x_wconf 78' lang='lat' dir='ltr'>ego,</span> <span class='ocrx_word' id='word_1_845' title='bbox 3511 5522 3629 5562; x_wconf 86' lang='lat' dir='ltr'>nec</span> <span class='ocrx_word' id='word_1_846' title='bbox 3663 5515 3860 5561; x_wconf 84' lang='lat' dir='ltr'>omnes</span> 
     </span>
    </p>
   </div>
   <div class='ocr_carea' id='block_1_116' title="bbox 2174 5592 3866 5665">
    <p class='ocr_par' dir='ltr' id='par_1_116' title="bbox 2174 5592 3866 5665">
     <span class='ocr_line' id='line_1_116' title="bbox 2174 5592 3866 5665; baseline -0.001 -16"><span class='ocrx_word' id='word_1_847' title='bbox 2174 5595 2345 5664; x_wconf 85' lang='lat' dir='ltr'>forte,</span> <span class='ocrx_word' id='word_1_848' title='bbox 2372 5593 2473 5665; x_wconf 92' lang='lat' dir='ltr'>qui</span> <span class='ocrx_word' id='word_1_849' title='bbox 2501 5598 2660 5649; x_wconf 83' lang='lat' dir='ltr'>extra</span> <span class='ocrx_word' id='word_1_850' title='bbox 2692 5592 2937 5648; x_wconf 85' lang='lat' dir='ltr'>Galliam</span> <span class='ocrx_word' id='word_1_851' title='bbox 2967 5609 3288 5659; x_wconf 90' lang='lat' dir='ltr'>versamur,</span> <span class='ocrx_word' id='word_1_852' title='bbox 3328 5594 3640 5653; x_wconf 83' lang='lat' dir='ltr'>vidimus.</span> <span class='ocrx_word' id='word_1_853' title='bbox 3669 5593 3866 5651; x_wconf 79' lang='lat' dir='ltr'>Palma</span> 
     </span>
    </p>
   </div>
   <div class='ocr_carea' id='block_1_117' title="bbox 2172 5676 3864 5756">
    <p class='ocr_par' dir='ltr' id='par_1_117' title="bbox 2172 5676 3864 5756">
     <span class='ocr_line' id='line_1_117' title="bbox 2172 5676 3864 5756; baseline -0.001 -18"><span class='ocrx_word' id='word_1_854' title='bbox 2172 5681 2353 5755; x_wconf 81' lang='lat' dir='ltr'>igitur</span> <span class='ocrx_word' id='word_1_855' title='bbox 2397 5681 2588 5739; x_wconf 87' lang='lat' dir='ltr'>adhuc</span> <span class='ocrx_word' id='word_1_856' title='bbox 2644 5680 2705 5737; x_wconf 90' lang='lat' dir='ltr'>in</span> <span class='ocrx_word' id='word_1_857' title='bbox 2761 5679 2957 5738; x_wconf 87' lang='lat' dir='ltr'>medio</span> <span class='ocrx_word' id='word_1_858' title='bbox 2986 5679 3178 5753; x_wconf 83' lang='lat' dir='ltr'>posita</span> <span class='ocrx_word' id='word_1_859' title='bbox 3199 5684 3326 5751; x_wconf 81' lang='lat' dir='ltr'>est;</span> <span class='ocrx_word' id='word_1_860' title='bbox 3388 5699 3592 5756; x_wconf 81' lang='lat' dir='ltr'>quam</span> <span class='ocrx_word' id='word_1_861' title='bbox 3623 5684 3693 5741; x_wconf 85' lang='lat' dir='ltr'>ut</span> <span class='ocrx_word' id='word_1_862' title='bbox 3721 5676 3864 5740; x_wconf 84' lang='lat' dir='ltr'>mihi</span> 
     </span>
    </p>
   </div>
  </div>
