4094 6186
281 367 398 428 629

1509 369 1611 427 AD
1658 367 2080 429 NATIONES.
2112 399 2188 411 --
2219 367 2371 427 LIB.
2416 367 2465 425 Ι.

3579 372 3695 436 630

275 500 592 566 vindicem,
625 501 672 556 si
722 500 938 566 vixero,
974 501 1237 555 studebo.
1271 500 1395 554 Non
1448 500 1496 553 is
1528 515 1680 565 sum,
1709 499 1808 570 qui
1837 516 1928 554 me
1959 498 2012 565 Α
2046 500 2343 566 audacter,
2382 498 2748 555 Dodwellum
2782 501 3042 557 veritatis
3075 517 3293 568 arnore,
3329 508 3565 560 ceteros
3598 520 3694 563 as-

275 588 367 658 iis,
401 606 550 660 quos
607 590 923 657 nominavi,
957 590 1100 645 viris
1154 590 1418 644 doctrina
1470 589 1640 660 longe
1693 590 1927 643 inferio-

277 694 400 732 rem
460 695 589 734 esse
647 679 924 734 nesciam.
961 680 1116 734 Idem
1178 683 1392 748 tamen,
1431 679 1608 732 nimis
1664 678 1930 732 fortassis

284 867 811 876 *ης-...κῳ-

2045 589 2322 644 siduitate
2353 595 2410 644 et
2440 589 2742 660 diligentia
2774 607 2865 646 me
2898 596 3314 663 superaturum
3341 610 3490 663 esse,
3525 609 3696 667 spon-

2042 679 2171 733 deo.

465 1015 650 1208 Q.
785 1016 1338 1180 SEPT.
1474 1015 2047 1182 FLOR.
2177 1017 3522 1186 TERTULLIANI

1379 1310 1596 1404 AD
1683 1306 2552 1408 NATIONBS

1756 1503 1960 1563 LIBRI
2015 1505 2196 1565 DUO.

1521 1809 1887 1902 LIBER
1954 1809 2441 1904 PRIMUS.

335 2185 390 2238 1.
423 2183 850 2239 Testimonium
885 2184 1226 2255 ignorantia:
1257 2187 1614 2252 vestrae,quze
1649 2183 1923 2272 iniquitas
1955 2207 2001 2272 Β
2035 2183 2283 2272 denique
2313 2186 2570 2256 gestiunt
2620 2186 2820 2256 latere,
2851 2186 3114 2242 devitant
3162 2201 3462 2257 apparere,
3499 2185 3680 2258 trepi-

254 2277 385 2327 tem
421 2275 565 2327 dum
598 2273 879 2341 defendit,
917 2273 1178 2339 revincit,
1212 2272 1269 2325 in
1306 2277 1578 2342 promptu
1623 2277 1730 2336 est,
1767 2271 1922 2342 quod

253 2363 600 2432 0mnes,qui
635 2363 940 2416 vobiscum
976 2369 1128 2416 retro
1163 2361 1592 2432 ignorabantet
1622 2360 1923 2415 vobiscum

255 2452 536 2515 oderant,
571 2451 746 2505 simul
799 2453 883 2506 eis
933 2451 1174 2519 contigit
1218 2450 1386 2517 scire,
1421 2449 1700 2503 desinunt
1731 2451 1926 2503 odisse

254 2539 365 2610 qui
401 2539 685 2593 desinunt
715 2539 1005 2609 ignorare,
1041 2540 1158 2593 imo
1193 2538 1341 2592 fiunt
1368 2542 1424 2592 et
1457 2538 1568 2608 ipsi
1601 2540 1754 2608 quod
1788 2538 1925 2592 ode-

257 2634 422 2693 rant,
458 2633 514 2682 et
547 2628 837 2697 incipiunt
869 2629 1064 2682 odisse
1097 2627 1252 2697 quod
1288 2627 1538 2681 fuerant.
1573 2627 1727 2681 Adeo
1776 2643 1925 2697 quo-

257 2717 409 2771 tidie
444 2717 875 2772 adolescentem
908 2733 1218 2771 numerum
1263 2715 1728 2771 Christianorum
1765 2716 1924 2787 inge-

259 2806 456 2861 mitis.
493 2807 807 2861 Obsessam
841 2805 1239 2860 vociferamini
1287 2804 1620 2870 civitatem;
1656 2805 1712 2858 in
1749 2806 1924 2876 agris,

253 2895 316 2950 in
355 2895 643 2956 castellis.
676 2895 732 2948 in
766 2895 976 2949 insulis
1007 2893 1406 2960 Christianos;
1433 2910 1666 2948 omnem
1699 2909 1923 2960 sexum,

255 3001 508 3038 omnem
542 2989 1029 3050 aetatem,omnem
1062 2983 1315 3053 denique
1347 2983 1695 3052 dignitatem
1734 2987 1925 3035 trans-

253 3072 429 3144 gredi
465 3089 500 3127 a
531 3072 694 3126 vobis
726 3071 892 3142 quasi
927 3070 1280 3125 detrimento
1321 3069 1552 3125 doletis.
1589 3069 1700 3126 Nec
1735 3074 1924 3123 tamen

251 3162 377 3216 hoc
430 3161 561 3231 ipso
613 3160 682 3214 ad
734 3160 1181 3214 aestimationem
1215 3159 1466 3229 alicujus
1513 3157 1745 3213 latentis
1787 3157 1923 3212 boni

254 3249 507 3304 animos
557 3249 954 3319 promovetis;
1000 3265 1112 3302 non
1164 3247 1298 3302 licet
1348 3248 1564 3302 rectius
1614 3246 1922 3317 suspicari,

251 3356 378 3394 non
420 3337 566 3392 libet
598 3338 838 3408 prepius
890 3338 1178 3407 experiri;
1218 3335 1306 3390 hic
1343 3341 1569 3390 tantum
1613 3336 1924 3390 curiositas

249 3428 536 3481 humana
566 3425 862 3496 torpescit.
897 3426 1120 3480 Amatis
1156 3425 1446 3495 ignorare,
1472 3425 1625 3495 quod
1661 3424 1755 3479 alii
1790 3441 1926 3495 gau-

248 3518 444 3570 deant
479 3515 772 3569 invenisse
799 3513 1111 3580 ;mavultis
1133 3513 1653 3584 nescire,quiajam
1688 3514 1917 3581 odistis,

2035 2271 2176 2324 dant
2208 2271 2804 2346 deprehensi,negant
2834 2273 3090 2329 accusati
3119 2291 3131 2340 ;
3167 2290 3237 2327 ne
3271 2273 3408 2328 torti
3441 2274 3680 2343 quidem

2038 2360 2202 2414 facile
2235 2366 2335 2415 aut
2365 2378 2594 2432 semper
2643 2365 3012 2429 confitentur,
3045 2366 3197 2416 certe
3230 2361 3492 2417 damnati
3543 2379 3685 2417 mee-

2038 2455 2167 2502 rent
2193 2475 2204 2515 ;
2229 2451 2581 2521 exprobrant
2607 2452 2820 2506 etenim
2851 2452 3000 2521 quod
3027 2455 3191 2505 erant
3214 2450 3270 2506 in
3303 2449 3682 2520 semetipsos:

2039 2536 2202 2590 mala:
2237 2539 2451 2593 mentis
2482 2540 2552 2592 ab
2583 2539 2920 2593 innocentia
2953 2540 3271 2594 transitum
3302 2539 3388 2594 vel
3425 2539 3542 2593 fato
3579 2539 3690 2594 im-

2037 2631 2298 2697 putant;
2361 2629 2500 2681 adeo
2562 2626 2769 2681 nolunt
2828 2644 3001 2682 suum
3062 2644 3212 2697 esse,
3272 2628 3411 2699 quia
3469 2627 3690 2683 malum

2041 2731 2253 2785 negare
2300 2733 2413 2770 non
2473 2720 2740 2786 possunt.
2773 2715 3088 2771 Christiani
3131 2732 3264 2771 vero
3295 2717 3371 2788 (1)
3403 2717 3543 2787 quid
3577 2716 3692 2772 tale

2037 2805 2524 2874 consequuntur?
2559 2805 2866 2860 Meminem
2921 2806 3121 2876 pudet,
3159 2805 3450 2860 neminem
3501 2805 3687 2874 pmni-

2035 2898 2136 2962 tet,
2172 2893 2282 2948 nisi
2314 2899 2542 2948 tantum
2579 2893 2982 2964 pristinorum.
3016 2893 3074 2946 Si
3108 2894 3438 2960 denotatur,
3473 2893 3687 2965 gloria-

2038 2987 2134 3036 tur
2168 2997 2180 3036 :
2215 2981 2263 3036 si
2295 2981 2568 3047 trahitur,
2605 2998 2717 3035 non
2769 2981 3059 3036 subsistit.
3094 2981 3152 3035 Si
3204 2989 3532 3050 accusatur,
3569 2998 3684 3036 non

2036 3070 2351 3138 defendit;
2423 3071 2835 3142 interrogatus,
2909 3069 3277 3134 confitetur;
3349 3069 3683 3136 damnatus,

2036 3158 2509 3231 gloriatur.Quod
2544 3158 2651 3214 hoc
2684 3159 2903 3214 malum
2939 3158 3115 3224 est,in
3151 3174 3264 3228 quo
3299 3156 3436 3212 mali
3469 3162 3682 3214 natura

2036 3248 2274 3303 cessat?

2105 3338 2158 3391 2.
2195 3338 2257 3391 In
2293 3354 2405 3408 quo
2457 3337 2570 3408 ipsi
2602 3337 2780 3392 etiam
2825 3341 3027 3392 contra
3060 3336 3306 3392 formam
3338 3335 3684 3392 indicando-

2036 3444 2166 3480 rum
2227 3426 2515 3482 malorum
2571 3425 2871 3496 judicatis.
2909 3426 3053 3481 Nam
3113 3429 3388 3480 nocentes
3446 3425 3686 3495 quidem

2035 3517 2368 3586 perductos,
2402 3515 2450 3570 si
2483 3514 2808 3570 admissum
2854 3520 3089 3583 negent,
3121 3514 3430 3568 tormentis
3464 3514 3687 3584 urgetis

248 3603 432 3675 quasi
490 3607 643 3656 certe
690 3619 802 3656 non
857 3600 1121 3655 edituros
1172 3618 1272 3656 vos
1322 3602 1540 3656 sciatis.
1579 3603 1818 3672 Atquin,
1868 3601 1917 3656 si
1952 3576 1992 3644 (ἶ
2034 3603 2105 3656 ad
2137 3601 2959 3672 confessionem,Christianos
2990 3618 3123 3657 vero
3155 3606 3361 3673 sponte
3385 3602 3686 3658 confessos

251 3692 501 3747 nullum
543 3691 649 3745 erit
707 3691 845 3757 odii,
881 3691 1202 3762 reperietur
1258 3691 1542 3761 optimum
1595 3691 1794 3761 utique
1845 3691 1916 3745 ab

250 3778 568 3852 injustitia
601 3779 790 3848 priore
838 3779 1172 3846 discedere;
1208 3779 1298 3833 sin
1333 3795 1464 3833 vero
1496 3796 1671 3834 causa
1701 3779 1914 3834 consti-

246 3871 420 3939 terit,
481 3867 632 3922 nihil
683 3867 815 3922 odio
863 3867 1218 3937 detrahetur,
1266 3866 1419 3937 quod
1470 3867 1611 3921 adeo
1660 3868 1914 3938 amplius

235 3957 508 4029 justitiae
542 3955 786 4011 scientia
816 3954 1234 4022 cumulabitur,
1268 3955 1380 4011 nisi
1415 3955 1464 4009 si
1496 3955 1915 4027 emendaripu-

241 4049 347 4103 det
380 4049 493 4101 aut
526 4044 790 4100 excusari
823 4044 1132 4116 piget.Scio
1161 4044 1353 4116 plane,
1389 4061 1505 4116 qua
1536 4045 1912 4114 responsione

241 4135 464 4192 soletis
489 4133 894 4189 redundantias
917 4137 1126 4188 nostra:
1151 4132 1553 4187 testimonium
1575 4135 1909 4188 convenire:

242 4243 366 4281 non
409 4223 620 4295 utique
651 4238 716 4277 eo
748 4223 968 4278 bonum
1002 4221 1389 4293 przejudicari,
1427 4222 1564 4292 quia
1608 4222 1912 4293 plerosque

239 4316 565 4370 convertat
596 4322 651 4366 et
681 4311 792 4366 sibi
842 4310 1049 4382 rapiat,
1083 4310 1349 4381 inquitis.
1385 4310 1523 4364 Novi
1555 4311 1910 4366 demutatio-

239 4420 388 4457 nem
424 4401 639 4456 mentis
670 4404 726 4454 et
756 4399 942 4454 malas
974 4405 1188 4471 partes.
1223 4400 1370 4462 Quot
1404 4400 1728 4455 desertores
1749 4401 1910 4456 bona:

236 4495 381 4548 vitae
415 4495 436 4545 Ρ
468 4497 614 4561 quot
659 4491 973 4562 transfuga:
1025 4491 1081 4543 in
1136 4491 1523 4562 perversum?
1555 4491 1719 4546 Multi
1761 4493 1912 4548 bona

236 4585 389 4646 ﬁde,
430 4582 552 4636 imo
592 4581 716 4650 jam
774 4581 970 4650 plures
1021 4596 1122 4650 pro
1174 4581 1638 4636 extremitatibus
1687 4587 1909 4653 tempo-

236 4672 644 4726 rum.Verum
677 4666 871 4722 deﬁcit
887 4666 1212 4738 adaequatio
1236 4669 1690 4738 comparationis
1713 4669 1908 4726 istius.

233 4761 404 4816 Nam
442 4757 516 4810 de
567 4755 720 4810 malo
752 4755 835 4810 ita
883 4759 1112 4810 constat
1142 4757 1297 4828 apud
1329 4774 1552 4829 omnes,
1587 4762 1651 4812 ut
1683 4775 1752 4813 ne
1799 4759 1912 4831 ipsi

231 4851 504 4924 quidem
539 4846 644 4914 rei,
679 4846 776 4918 qui
811 4847 882 4901 ad
914 4846 1134 4902 malum
1166 4852 1476 4903 transeunt
1505 4854 1562 4904 et
1592 4867 1624 4904 a
1655 4849 1818 4906 vobis
1851 4849 1908 4904 in

2028 3691 2336 3747 tormentis
2368 3691 2757 3763 comprimitis
2812 3692 2880 3746 ad
2917 3691 3306 3762 negationem.
3341 3694 3476 3755 Qua)
3517 3694 3684 3747 tanta

2027 3781 2398 3850 perversitas,
2440 3787 2504 3835 ut
2553 3780 2905 3835 confessioni
2957 3779 3321 3852 repugnetis,
3354 3783 3678 3835 tormento-

2026 3885 2155 3923 rum
2188 3870 2381 3923 ol'ficia
2422 3869 2683 3937 mutetis,
2719 3869 2902 3940 gratis
2936 3885 3096 3922 reum
3129 3869 3389 3935 evadere,
3425 3868 3672 3924 invitum

2023 3957 2439 4029 compellentes
2481 3975 2693 4030 negare
2712 3959 2738 4012 ‘I
2767 3956 3051 4013 Praesides
3079 3958 3485 4028 extorquendaa
3518 3958 3670 4013 veri—

2022 4047 2182 4117 tatis,
2205 4048 2273 4100 de
2296 4045 2436 4102 solis
2459 4047 2625 4101 nobis
2652 4047 3022 4102 mendacium
3051 4045 3376 4116 exquiritis,
3412 4050 3478 4100 ut
3509 4046 3670 4101 dica-

2022 4153 2156 4191 mus
2190 4153 2294 4191 nos
2327 4153 2440 4190 non
2472 4153 2601 4191 esse
2634 4137 2787 4208 quod
2821 4153 3050 4191 sumus.
3086 4135 3324 4207 Opinor,
3350 4151 3464 4189 non
3496 4134 3670 4190 vultis

2023 4243 2126 4281 nos
2161 4225 2345 4280 malos
2365 4227 2778 4296 esse,ideoque
2800 4225 3029 4297 gestitis
3062 4225 3132 4280 de
3164 4224 3274 4280 isto
3307 4223 3544 4279 nomine
3575 4240 3668 4279 ex-

2022 4313 2273 4370 cludere.
2308 4319 2456 4370 Sane
2489 4319 2725 4370 caeteros
2776 4315 2846 4369 ad
2876 4314 2982 4368 hoc
3014 4313 3254 4368 tenditis
3289 4317 3304 4349 ¹
3341 4317 3396 4367 et
3438 4314 3670 4368 carniﬁ-

2021 4404 2186 4468 catis,
2221 4410 2285 4458 ut
2335 4409 2546 4476 negent
2575 4421 2703 4459 esse
2753 4403 2906 4474 quod
2942 4419 3071 4458 esse
3123 4403 3418 4457 dicuntur.
3451 4402 3670 4472 Atquin

2021 4493 2136 4548 illis
2187 4494 2537 4567 negantibus
2572 4511 2686 4548 non
2741 4491 3020 4558 creditis;
3053 4491 3245 4559 nobis,
3279 4491 3327 4546 si
3369 4491 3671 4562 negaveri-

2021 4600 2177 4650 mus,
2210 4583 2409 4638 statim
2444 4581 2697 4636 creditis.
2733 4581 2789 4635 Si
2823 4580 2966 4635 certi
2997 4581 3137 4636 estis
3173 4597 3276 4635 nos
3321 4579 3671 4635 nocentissi-

2022 4689 2149 4728 mos
2181 4688 2330 4742 esse,
2364 4687 2465 4726 cur
2513 4672 2688 4726 etiam
2722 4671 2780 4725 in
2814 4671 2922 4726 hoc
2974 4670 3144 4726 aliter
3175 4686 3351 4742 quam
3395 4673 3670 4726 nocentes

2021 4780 2054 4818 a
2083 4761 2246 4817 vobis
2278 4759 2508 4833 agimur
2529 4759 2556 4812 ?
2590 4760 2712 4815 Non
2737 4760 2867 4815 dico
2918 4760 3070 4831 quod
3098 4775 3282 4830 neque
3311 4757 3670 4815 accusationi

2022 4867 2209 4922 neque
2245 4849 2599 4905 recusationi
2641 4849 2897 4920 spatium
2924 4847 3348 4917 commodetis;
3383 4847 3584 4903 soletis
3615 4850 3672 4902 et

228 4953 535 5013 perversa
593 4935 915 5003 divertunt,
947 4937 1256 4993 defendere
1319 4937 1536 4992 malum
1599 4956 1702 5010 pro
1759 4939 1911 4995 bono
1941 4942 1988 5008 D
2021 4940 2386 4995 inaccusatos
2434 4941 2490 4994 et
2541 4937 2876 4993 indefensos
2926 4954 3038 4992 non
3089 4942 3305 4994 temere
3363 4938 3668 4993 damnare.

225 5029 537 5084 audeant.
596 5025 813 5096 Turpia
867 5024 1086 5095 timori,
1148 5027 1356 5098 pudori
1419 5026 1600 5100 impia
1649 5027 1905 5099 habent;

2018 5029 2128 5085 Sed
2163 5026 2319 5083 verbi
2368 5027 2556 5099 gratia
2587 5027 2635 5082 si
2677 5026 2746 5081 de
2780 5025 3076 5083 homicida
3108 5027 3447 5084 confutatur
3477 5026 3518 5098 ³,
3553 5041 3670 5081 non

1688 5175 1892 5238 Variae
1924 5175 2242 5237 lectiones.

301 5304 320 5336 ³
368 5298 448 5352 Le
481 5300 576 5352 Pr.
615 5293 722 5366 leg.
756 5294 1027 5352 tunditis.
1107 5295 1128 5330 ⁸
1158 5297 1358 5369 Rigalt.
1391 5299 1625 5371 confecit
1655 5317 1673 5354 :
1707 5298 2092 5357 consultatur.

1701 5434 2222 5496 Commentarius.

296 5556 393 5625 (1)
435 5553 745 5609 Christiani
803 5569 945 5609 vero.
1010 5554 1329 5610 Christiani
1393 5557 1556 5612 nulla
1612 5557 1664 5610 vi
1729 5555 1918 5612 coacti

213 5627 623 5700 Christianos
670 5642 733 5680 se
766 5625 1060 5700 dicebant,
1095 5643 1280 5699 eaque
1325 5629 1396 5684 de
1430 5644 1489 5684 re
1541 5643 1920 5700 summopere

215 5698 670 5772 gloriabantur
696 5713 712 5768 ;
746 5695 797 5753 si
825 5703 1158 5766 accusatur,
1183 5695 1307 5758 non
1337 5700 1637 5770 defendit;
1670 5695 1917 5757 interro-

2031 5561 2201 5625 gatus
2232 5556 2316 5611 vel
2340 5555 2492 5611 ultro
2517 5554 2830 5609 confitetur
2851 5573 2862 5620 ;
2886 5552 3448 5627 damnatus,gratia_s
3471 5551 3606 5627 agit.
3641 5570 3667 5627 η

2030 5624 2136 5691 Qui
2161 5645 2291 5682 vero
2324 5628 2381 5682 id
2431 5627 2582 5682 ultro
2611 5627 2968 5693 fatebantur,
3006 5627 3134 5682 ideo
3167 5624 3431 5682 damnati
3460 5625 3560 5676 aut
3591 5624 3670 5675 rei

2031 5716 2146 5756 non
2178 5703 2359 5756 erant.
2389 5698 2465 5756 Ls
2499 5698 2593 5757 Pa.
