4094 6186
458 314 570 373 631

983 314 1511 375 TERTULLIANI
1557 313 1881 375 OPERUM
1925 313 2125 373 PARS
2158 314 2219 383 ,1.
2253 340 2331 354 --
2358 310 2633 381 SEHIES
2680 313 2728 383 l,
2773 312 3338 373 APOLOGETICA.

3701 322 3802 380 632

461 444 658 502 statim
683 442 1025 500 confessoeo
1050 462 1259 501 nomen
1283 445 1587 501 homicidae
1603 446 2109 518 dispunctacausa
2138 445 2191 523 Α
2292 444 2345 498 3.
2378 443 2495 499 Vos
2521 442 2721 515 igitur,
2754 443 2898 500 alias
2944 444 3375 517 diligentissimi
3404 461 3467 501 ac
3503 448 3809 525 pertinacis-

461 538 548 590 est
568 537 670 589 aut
694 534 905 589 satiata
926 536 1554 607 cognitio.Quanquam
1578 533 2108 591 confessisdifticile

826 639 1027 679 verum
1091 625 1334 696 insuper
1386 624 1805 696 consequentia
1856 622 2107 695 exigitis,

462 711 735 784 quotiens
795 713 1005 768 eadem
1067 713 1271 783 egerit,
1303 713 1518 784 quibus
1578 713 1636 767 in
1698 712 1860 776 locis,
1894 712 2109 783 quibus

460 799 687 872 spoliis,
723 802 922 872 sociis,
956 802 1377 874 receptoribus,
1412 819 1483 857 ne
1516 802 1659 873 quid
1692 800 1929 856 omnino
1972 800 2111 855 mali

461 888 721 945 hominis
753 889 1181 957 delitescat,aut
1211 890 1364 946 desit
1395 889 1615 962 aliquid
1648 890 2005 945 instruendae
2038 890 2109 945 ad

464 976 820 1034 sententiam
846 978 1097 1035 veritati.
1133 983 1311 1034 Porro
1344 979 1413 1035 de
1458 978 1647 1045 nobis,
1681 994 1827 1049 quos
1859 979 2112 1034 atrocio-

463 1067 631 1123 ribus
661 1084 727 1123 ac
771 1067 1042 1140 pluribus
1096 1068 1447 1124 criminibus
1496 1067 1814 1140 deputatis,
1848 1067 2115 1123 breviora

467 1173 533 1212 ac
565 1156 779 1213 leviora
808 1157 994 1230 elogia
1023 1157 1332 1213 conficitis.
1368 1158 1515 1215 561
1553 1157 1757 1225 Credo,
1790 1174 1904 1212 non
1936 1156 2114 1212 vultis

467 1251 763 1313 oneratos,
798 1263 946 1317 quos
1005 1247 1164 1301 omni
1221 1264 1394 1318 opere
1453 1247 1711 1318 perditos
1768 1246 1963 1311 vultis,
2014 1251 2117 1301 aut

466 1351 582 1389 non
616 1335 835 1407 putatis
885 1335 1239 1405 requirenda
1270 1353 1395 1407 quae
1429 1336 1635 1391 nostis.
1673 1337 1785 1391 Hoc
1819 1351 1954 1407 ergo
1988 1352 2115 1406 per-

465 1424 715 1493 versius,
749 1425 797 1479 si
857 1424 1061 1493 cogitis
1119 1441 1355 1496 negare,
1387 1426 1457 1480 de
1516 1425 1732 1496 quibus
1791 1425 2116 1481 certissime

469 1512 655 1579 scitis,
688 1512 826 1583 imo,
859 1513 1008 1581 quod
1069 1512 1258 1584 magis
1307 1512 1440 1567 odio
1488 1516 1681 1567 vestro
1729 1512 2116 1582 competebat,

471 1601 730 1673 seposita
784 1602 972 1656 forma
1010 1601 1348 1671 judicandi,
1380 1601 1615 1673 proprio
1664 1601 1858 1655 studio
1892 1618 2005 1655 non
2044 1602 2117 1656 ad

472 1690 925 1762 negotiationem
967 1694 1207 1759 certare,
1243 1708 1313 1747 ne
1344 1707 1492 1762 quos
1532 1690 1740 1745 odistis
1769 1688 2116 1755 liberaretis,

473 1780 574 1835 sed
624 1780 697 1834 ad
755 1779 1183 1835 confessionem
1245 1779 1611 1852 singulorum
1663 1779 1969 1849 scelerum,
2003 1796 2118 1850 quo

474 1868 664 1940 magis
695 1867 1013 1923 inimicitiae
1036 1869 1391 1924 satiarentur
1419 1886 1485 1924 ex
1518 1868 1889 1941 aggeratione
1922 1885 2119 1939 poena-

463 622 701 678 creditis
754 641 767 691 ;

471 1971 622 2023 rum,
659 1956 799 2011 dum
849 1956 1312 2028 recognoscitur,
1341 1963 1480 2028 quot
1530 1958 1781 2030 quisque
1802 1958 1928 2028 jam
1981 1974 2118 2012 con-

466 2043 622 2098 vivia
649 2043 753 2099 illa
784 2045 1438 2117 celebrasset,quotiens
1470 2046 1529 2100 in
1553 2046 1812 2101 tenebris
1836 2046 2116 2100 incursio-

467 2132 561 2187 nis
590 2131 832 2189 incesta.
869 2134 1063 2199 Quid?
1086 2135 1237 2204 quod
1278 2134 1610 2191 eradicandi
1639 2134 1868 2206 generis
1900 2134 2112 2190 ditlun-

464 2221 658 2276 denda
688 2225 812 2277 erat
843 2221 1531 2296 requisitio,porrigenda
1562 2224 1804 2295 quaestio
1836 2223 1894 2278 in
1926 2224 2114 2280 socios

458 2309 865 2381 consciosque.
898 2312 1369 2368 Perducerentur
1417 2311 1715 2368 infantarii
1758 2316 1814 2368 et
1861 2314 2024 2383 coqui
2058 2317 2116 2368 et

455 2398 575 2469 ipsi
627 2415 801 2455 canes
855 2400 1101 2471 pronubi
1151 2402 1251 2471 (2),
1309 2402 1620 2457 emendata
1670 2417 1762 2457 res
1812 2406 1966 2458 esset
2013 2402 2108 2473 (3).

456 2487 650 2542 Etiam
712 2488 1067 2560 spectaculis
1123 2490 1313 2560 gratia
1372 2495 1833 2562 aggregaretur;
1894 2496 2112 2561 quanto

459 2576 625 2631 enim
657 2577 851 2633 studio
883 2577 940 2631 in
975 2594 1209 2633 caveam
1244 2579 1672 2645 conveniretur,
1705 2580 2111 2650 depugnaturo

458 2662 690 2735 aliquo,
722 2665 823 2736 qui
855 2670 1088 2722 centum
1121 2666 1377 2724 infantes
1431 2668 1809 2724 devorasset?
1838 2669 2109 2724 Sedenim

467 2757 588 2808 tam
620 2752 912 2810 horrenda
942 2758 1181 2826 tamque
1210 2762 1588 2813 monstruosa
1627 2758 1698 2812 de
1751 2757 1919 2813 nobis
1951 2758 2109 2813 defe-

460 2846 694 2898 runtur.
728 2844 941 2916 Utique
970 2844 1095 2899 erui
1146 2844 1493 2915 debuerunt,
1526 2863 1598 2902 ne
1628 2846 1995 2901 incredibilia
2023 2847 2109 2901 vi-

460 2932 757 3000 derentur,
793 2938 849 2989 et
878 2934 1079 2989 odium
1112 2935 1171 2989 in
1207 2952 1310 2990 nos
1355 2936 1651 3008 publicum
1686 2936 2106 3007 refrigesceret.

456 3020 605 3078 Nam
635 3026 692 3078 et
722 3021 984 3094 plerique
1016 3022 1184 3078 ﬁdem
1224 3023 1434 3079 talium
1476 3028 1829 3096 temperant,
1864 3023 2107 3080 horren-

454 3115 542 3169 tes
572 3112 651 3183 (4)
683 3116 954 3168 naturam
1006 3129 1261 3184 quaerere
1301 3113 1583 3185 pabulum
1620 3113 1893 3185 ferinum,
1928 3130 2104 3185 quam

457 3201 808 3257 concubitus
839 3200 911 3256 ab
942 3200 1202 3258 humano
1233 3218 1441 3272 genere
1470 3200 1788 3273 praeclusit.

2216 532 2350 586 simi
2376 531 2744 588 discussores
2757 532 3041 589 scelerum
3067 533 3237 605 longe
3262 533 3538 590 minorum
3551 553 3686 601 ,cum
3701 540 3810 594 tali-

2216 622 2448 676 bustam
2470 622 2778 677 horrendis
2792 626 3089 677 etomnem
3108 623 3813 696 impietatemsupergressis

2218 726 2345 764 eam
2404 709 2767 781 diligentiam
2824 712 3128 780 deseratis,
3184 728 3371 781 neque
3426 714 3811 770 confessionem

2218 798 2552 869 recipiendo
2576 798 2986 868 judicantibus
3007 816 3239 871 semper
3264 800 3312 855 la
3325 801 3818 874 borandam,neque

2219 887 2671 957 exquisitionem
2687 886 2998 957 digerendo
3014 888 3457 945 damnatoribus
3477 906 3691 961 semper
3708 908 3821 947 con-

2221 976 2528 1031 sulendam
2561 976 2725 1047 :jam
2758 980 3020 1049 apparet,
3055 993 3228 1033 omne
3262 980 3316 1032 in
3352 995 3454 1034 nos
3482 979 3686 1055 crimen
3724 997 3822 1037 non

2224 1065 2473 1136 alicujus
2534 1065 2768 1122 sceleris
2798 1068 2898 1124 sed
2952 1067 3209 1123 nominis
3258 1068 3452 1141 dirigi.
3486 1069 3631 1125 Adeo
3681 1070 3724 1125 si
3766 1071 3825 1126 de

2222 1154 2538 1211 criminum
2557 1156 2798 1210 veritate
2821 1156 3268 1228 constaret,ipsa
3288 1156 3593 1212 criminum
3618 1158 3828 1213 nomina

2224 1244 2520 1299 damnatis
2552 1245 3157 1311 accommodarent,ut
3186 1247 3266 1300 ita
3297 1245 3752 1316 pronuntiaretur
3776 1246 3825 1301 in

2227 1350 2332 1388 nos
2365 1349 2379 1388 :
2415 1332 2579 1387 illum
2613 1332 3085 1403 homicidam,ve1
3118 1333 3526 1401 incestum,vel
3557 1335 3824 1406 quodcun-

2226 1440 2339 1493 que
2363 1423 2678 1493 jactamur,
2711 1422 2865 1489 duci,
2899 1422 3117 1493 sufﬁgi,
3152 1423 3222 1477 ad
3255 1422 3472 1478 bestias
3502 1423 3621 1478 dari
3650 1421 3828 1492 placet.

2229 1516 2398 1567 Porro
2430 1511 2733 1566 sententiae
2760 1516 2965 1566 vestras
2998 1512 3150 1568 562
3183 1510 3329 1566 nihil
3356 1511 3467 1566 nisi
3500 1510 3830 1567 Christianus

2227 1602 2491 1656 confessu
2504 1618 2557 1654 m
2573 1600 3036 1669 notazit;nullum
3053 1600 3318 1656 criminis
3337 1617 3547 1656 nomen
3561 1599 3831 1667 exstat,nio

2229 1690 2276 1744 si
2310 1689 2566 1744 nominis
2598 1690 2815 1745 crimen
2846 1695 2935 1745 est
2960 1706 2972 1743 :
2997 1690 3117 1745 hmc
3140 1689 3356 1745 etenim
3389 1695 3478 1745 est
3508 1705 3689 1744 revera
3708 1686 3830 1743 ratio

2228 1778 2407 1833 totius
2439 1778 2556 1833 odii
2586 1780 2866 1834 adversus
2898 1796 3024 1834 nos.
3056 1780 3278 1835 Nomen
3316 1780 3377 1834 in
3427 1794 3599 1833 causa
3646 1782 3726 1832 est
3750 1778 3829 1848 (5),

2230 1867 2381 1937 quod
2403 1868 2668 1938 quaedam
2688 1867 2914 1922 occulta
2944 1868 3031 1923 vis
3066 1885 3169 1940 per
3197 1875 3449 1923 vestram
3481 1866 3832 1939 ignorantiam

2227 1959 2547 2027 oppugnat,
2580 1960 2645 2011 ut
2675 1956 2871 2011 nolitis
2904 1956 3051 2012 scire
3084 1973 3186 2028 pro
3215 1964 3391 2024 certo,
3426 1955 3575 2028 quod
3630 1970 3721 2009 vos
3745 1969 3831 2024 pro

2226 2050 2381 2100 certo
2414 2045 2638 2100 nescire
2686 2044 2825 2099 certi
2860 2046 3024 2112 estis,
3056 2050 3113 2099 et
3155 2044 3282 2101 ideo
3334 2061 3439 2100 nec
3469 2042 3693 2099 creditis
3724 2058 3831 2113 qua:

2224 2149 2340 2190 non
2372 2135 2716 2206 probantur,
2748 2139 2905 2201 et,ne
2937 2135 3255 2206 probentur
3286 2134 3454 2190 facile
3483 2134 3523 2201 ³,
3546 2149 3654 2188 non
3681 2130 3835 2186 vultis

2223 2222 2542 2294 inquirere,
2577 2228 2641 2278 ut
2683 2239 2891 2278 nomen
2925 2223 3231 2277 inimicum
3266 2223 3377 2279 sub
3415 2221 3836 2295 prmeumptione

2223 2312 2536 2367 criminum
2589 2311 2869 2384 puniatur
2901 2328 2913 2367 :
2948 2313 3092 2368 adeo
3143 2316 3205 2367 ut
3234 2313 3304 2368 de
3350 2311 3590 2369 nomine
3626 2309 3837 2365 inimico

2223 2401 2682 2468 recedatur,ideo
2715 2416 2926 2473 negare
2959 2399 3390 2472 compellimur,
3413 2400 3619 2458 dehinc
3645 2413 3839 2470 negan-

2221 2493 2309 2546 tes
2343 2490 2664 2545 liberamur
2709 2494 2830 2545 tota
2860 2490 3212 2562 impunitate
3243 2490 3663 2563 praeteritorum
3693 2504 3707 2543 :
3729 2487 3838 2557 jam

2221 2596 2337 2635 non
2390 2580 2636 2645 cruenti,
2699 2596 2887 2650 neque
2944 2578 3171 2644 incesti,
3231 2579 3368 2651 quia
3451 2594 3659 2635 nomen
3712 2574 3837 2630 illud

2220 2667 2551 2724 amisimus.
2573 2668 2682 2723 Sed
2717 2668 2857 2723 dum
2887 2667 3008 2723 haec
3041 2668 3186 2723 ratio
3218 2685 3325 2724 suo
3359 2671 3487 2724 loco
3518 2664 3838 2727 ostenditur,

2218 2774 2318 2813 vos
2352 2774 2525 2829 quam
2559 2756 2937 2826 insequimini
2968 2757 3039 2812 ad
3074 2758 3563 2830 expugnationem
3586 2752 3837 2820 nominis,

2219 2846 2420 2902 edite:
2472 2847 2625 2918 quod
2677 2845 2932 2901 nominis
2978 2846 3220 2913 crimen,
3265 2863 3394 2918 qua;
3451 2847 3683 2913 offensa,
3727 2856 3837 2913 qua

2219 2936 2390 3008 culpa
2412 2935 2438 2989 ‘I
2468 2936 2867 2991 Praescribitur
2896 2936 3051 2991 enim
3083 2936 3269 3003 vobis,
3303 2953 3423 2993 non
3455 2953 3623 3009 posse
3659 2932 3839 2989 crimi-

2218 3042 2293 3080 na
2347 3025 2620 3096 objicere,
2681 3042 2805 3095 quae
2864 3040 3055 3095 neque
3108 3025 3455 3080 institutum
3513 3022 3705 3094 dirigit
3743 3020 3838 3092 (6),

2218 3130 2410 3185 neque
2463 3113 2728 3184 probatio
2759 3115 2781 3147 ⁴
2811 3112 3093 3185 assignat,
3147 3129 3336 3185 neque
3384 3113 3674 3170 sententia
3716 3125 3839 3166 enu-

2132 3187 2174 3254 C
2217 3207 2420 3259 merat.
2454 3202 2619 3268 Quod
2669 3202 2901 3274 prasidi
2950 3202 3251 3272 offeratur,
3295 3204 3459 3271 quod
3506 3203 3575 3258 de
3622 3217 3713 3257 reo
3759 3196 3837 3253 in-

1877 3327 2078 3387 Variae
2122 3327 2441 3389 lectiones.

452 3507 476 3560 t
514 3432 702 3560 1ῗΗιιυ.
733 3446 876 3489 corr.
911 3448 982 3487 ne
1012 3431 1180 3503 prob.
1215 3430 1392 3503 falsa,
1432 3436 1543 3488 etc.

482 3518 509 3560 e
542 3520 630 3560 ur.

482 3518 630 3561 etur.

1639 3433 1662 3467 ⁸
1689 3434 1813 3501 Rig.
1849 3431 2116 3504 prolatio.
2149 3465 2217 3474 —
2266 3438 2331 3488 In
2361 3450 2504 3507 seqq.
2537 3433 2703 3490 scrib.
2741 3433 3166 3505 respondeatur
3213 3434 3302 3490 vel
3335 3439 3586 3509 negetur
3612 3462 3678 3475 —
3712 3426 3838 3486 reci-

1898 3594 2420 3655 Commentarius.

524 3706 598 3779 (2)
628 3707 1061 3780 Perducerentur
1089 3708 1391 3778 infantarii
1420 3711 1472 3763 et
1512 3710 1694 3779 coqui,
1726 3716 1777 3764 et
1804 3709 1915 3780 ipsi
1940 3725 2099 3764 canes

450 3778 921 3851 prenubi.Trium
946 3795 1153 3851 nempe
1167 3780 1482 3835 criminum
1506 3778 1976 3851 postulabantur:
1996 3780 2099 3835 im-

454 3850 710 3921 pietatis.
738 3850 1177 3923 ,Tbyestaearum
1208 3850 1601 3923 epularum’,et
1631 3852 1980 3923 concubitus
2007 3854 2099 3907 in-

454 3923 643 3999 cesti.
692 3922 784 3977 Sic
843 3921 1258 3999 Athenagoras:
1303 3922 1423 3997 τρία
1471 3922 2096 3999 ἐπιφημίζρτέσιναὴ-μῖν

454 3991 797 4066 ἐγκλήματα·
832 3991 1116 4063 ἀθεότητοῖ,
1163 3991 1413 4048 Θυέστὲια
1467 3991 1672 4064 δεῖτὲνά,
1716 3991 2093 4056 Οἷδιποδείὸυς

455 4065 646 4138 μίξειςέ
678 4065 926 4122 Alebant
954 4067 1111 4122 enim
1146 4067 1363 4123 ethnici
1393 4068 1776 4137 Christianos,
1812 4069 1908 4123 ubi
1956 4084 2094 4122 con-

446 4138 764 4205 venissent,
799 4143 1056 4193 mactare
1114 4138 1319 4194 solitos
1368 4140 1650 4195 infantem
1703 4141 1871 4209 cujus
1921 4155 2094 4194 carne

446 4210 801 4266 manducata
830 4214 885 4264 et
915 4214 1081 4281 epoto
1113 4212 1401 4280 sanguine
1436 4212 1621 4266 foedus
1654 4213 1805 4266 inter
1834 4228 1895 4266 sc
1923 4210 2091 4280 inire,

446 4298 511 4337 ac
538 4290 670 4353 post
699 4282 1029 4337 convivium
1061 4298 1195 4336 cum
1244 4284 1550 4353 quibusvis
1582 4282 1928 4338 mulieribus
1962 4300 2093 4353 pro-

446 4354 671 4409 miscue
728 4353 1113 4421 commisceri,
1150 4354 1410 4421 adeoque
1467 4355 1745 4409 adhibere
1808 4371 1982 4409 canes
2033 4355 2093 4408 in

446 4442 608 4481 more
642 4430 765 4479 erat
798 4426 869 4479 ad
903 4425 1254 4481 candelabra
1287 4425 1571 4495 alligatos.
1606 4425 1706 4497 qui
1737 4425 1848 4497 offa
1880 4426 2093 4496 injecta

446 4496 795 4553 candelabra
816 4498 1581 4567 everterenl,exstinctisque
1603 4496 1929 4551 luminibus
1953 4504 2093 4551 tunc

2211 3725 2421 3783 nempe
2452 3708 2719 3783 homines
2767 3710 2846 3765 ita
2877 3713 3069 3776 natos,
3103 3714 3166 3765 ut
3194 3716 3462 3780 quaerant
3500 3715 3556 3767 et
3585 3710 3839 3783 appetant

2210 3780 2492 3853 pabulum
2526 3781 2777 3853 ferinum
2810 3799 2822 3849 ;
2858 3787 3126 3837 naturam
3159 3783 3302 3837 adeo
3335 3780 3702 3850 ferinamfu't
3729 3795 3835 3853 carf

2209 3851 2383 3926 nibus
2415 3853 2693 3926 humanis
2724 3852 2977 3909 libenter
3006 3858 3339 3919 vescantur,
3372 3871 3505 3926 quas
3532 3858 3735 3926 natura
3762 3851 3839 3905 est

2207 3924 2485 3997 ferarum.
2520 3925 2656 3997 Eam
2683 3940 2823 3997 vero
2873 3930 3146 3997 naturam
3180 3924 3462 3997 ferarum,
3494 3927 3552 3982 id
3583 3930 3671 3981 est
3690 3924 3838 3997 feras

2206 3996 2413 4071 ipsas,_
2448 3996 2795 4071 concubitus
2843 3999 2915 4053 ab
2975 3996 3234 4071 humano
3278 3993 3493 4071 genere
3542 3993 3835 4071 praeclusit.

2206 4067 2369 4123 Unde
2400 4067 2879 4142 igiturhomines
2932 4069 3074 4135 nati,
3104 4067 3563 4142 ferum'genus?
3587 4070 3834 4126 Naturam

2206 4138 2453 4209 quaerere
2484 4138 2627 4194 dixit
2655 4140 2873 4214 Graeco
2894 4156 3076 4211 more,
3111 4143 3267 4214 quod
3300 4138 3383 4197 ita
3417 4144 3638 4199 factum
3668 4143 3721 4196 et
3748 4152 3838 4191 na-

2205 4216 2331 4267 tum
2364 4214 2453 4265 est
2486 4214 2549 4265 ut
2579 4214 2819 4282 quarat.
2857 4212 3021 4267 IDEM.

2274 4283 2346 4353 (5)
2378 4278 2669 4367 litamen-'2'»
2697 4299 2864 4367 causa
2887 4287 2990 4367 est.
3024 4283 3311 4367 Quoniam
3337 4283 3612 4367 penuria
3660 4278 3839 4367 crimi-

2204 4371 2347 4409 num
2379 4354 2721 4427 laborabant
2770 4354 3033 4426 gentiles,
3066 4359 3131 4410 ut
3159 4354 3531 4413 Christianos
3566 4354 3835 4427 opprime-

2203 4430 2572 4500 rent,nomen
2606 4422 2802 4498 ipsum
2825 4422 3330 4500 accusabant,qua
3360 4429 3433 4484 de
3454 4446 3517 4483 re
3538 4422 3839 4500 hic-multis

2201 4496 2708 4581 'l‘ertulnl‘ianusfet
2737 4503 2908 4581 antea
2936 4499 2995 4553 in
3027 4496 3384 4581 Apologetico.
3419 4500 3603 4581 Erant
3643 4496 3838 4581 quipp}?

449 4568 572 4651 ﬁeri
586 4569 855 4651 dicebant
883 4569 1338 4651 fmdiss‘im’arum
1358 4564 1589 4624 illarum
1616 4568 2094 4651 cor-nm'istionum

2375 4569 2689 4651 Christiani
2738 4569 2838 4651 ὑπὸ
2870 4564 3837 4651 quxpcpoivrﬂivﬁqpqrtdpevoz,inquit

450 4641 689 4696 scelera.
721 4642 793 4694 La
824 4645 924 4694 Pa.
958 4671 1026 4680 ——
1058 4641 1121 4693 Et
1150 4642 1261 4709 ipsi
1306 4656 1466 4695 canes
1512 4641 1766 4708 pronubi.
1802 4641 1865 4695 In
1896 4640 2095 4711 Apolo-

448 4716 620 4783 getico
658 4712 898 4767 lenones
945 4712 1242 4780 dicuntur,
1278 4713 1377 4783 qui
1430 4712 1520 4766 hic
1556 4713 1828 4784 pronubi,
1861 4729 2096 4769 everso-

451 4801 544 4840 res
574 4784 889 4838 luminum.
922 4786 1048 4836 me.

520 4857 592 4926 (3)
627 4853 1045 4926 Emendatqres
1076 4853 1385 4908 esset.'l‘um
1419 4855 1657 4926 demum
1685 4854 1850 4921 justa
1871 4859 1929 4909 et
1950 4852 2091 4924 legi-

449 4923 594 4981 tima
624 4923 958 4996 inquirendi
1011 4927 1158 4979 ratio
1207 4930 1381 4991 esset,
1416 4925 1465 4981 ei
1497 4926 1955 4996 perducerentur
2004 4923 2093 4979 in-

448 4997 705 5064 fantarii,
740 4996 931 5066 coqui.
966 4999 1074 5051 etc.
1110 4996 1274 5050 IDEM.

519 5069 597 5139 (4)
629 5070 913 5123 Horrentes
962 5072 1221 5139 naturam
1249 5082 1496 5139 quarters
1536 5066 1801 5139 pabulum
1845 5068 2095 5138 ferinum

482 5138 611 5194 nam
638 5155 785 5195 conc.
820 5140 912 5194 Sic
935 5138 1302 5192 restituimus
1325 5153 1451 5206 quae
1487 5138 1541 5189 in
1570 5138 1768 5191 codice
1800 5139 2091 5209 Agobardi

482 5156 611 5194 uam
638 5156 785 5195 conc.
820 5156 912 5194 διο
935 5156 1302 5192 restituimus
1325 5156 1451 5206 qua:
1487 5156 1541 5189 ιι)
1570 5156 1768 5191 conice
1800 5156 2088 5209 agooaral

444 5156 722 5281 feguntur
739 5211 958 5281 absque
980 5209 1099 5263 ullo
1123 5209 1473 5263 sensu.Nam
1496 5209 1727 5281 itasunt
1752 5210 2088 5281 depravata:

448 5305 474 5331 ‹‹
508 5280 875 5337 Honorantes
909 5286 1175 5335 naturam
1218 5296 1475 5351 qumrere
1508 5280 1781 5350 pabulum
1819 5283 2090 5351 ferinum,

448 5370 626 5426 quam
676 5353 1123 5426 concubitus_ab
1167 5351 1436 5426 humano
1466 5367 1671 5421 genere
1714 5353 2026 5424 praeclusit.
2063 5376 2089 5402 ››

447 5422 517 5481 At
547 5426 962 5487 Tertullianus,
993 5424 1133 5477 Tam
1167 5422 1453 5495 horrenda
1483 5422 1729 5495 tamque
1754 5430 2093 5480 monstrosa

449 5500 521 5554 de
552 5499 717 5577 nobis
736 5498 1185 5577 .deferunturmt
1216 5494 1476 5577 plerique
1505 5496 1679 5551 ﬁdem
1712 5496 1917 5577 talium
1942 5500 2090 5577 tem-

493 5575 672 5639 erent,
733 5569 842 5625 hoc
898 5572 1005 5634 est,
1065 5567 1240 5623 fidem
1299 5567 1689 5639 talibus_non
1749 5568 2089 5636 adhibeant,

495 5637 754 5701 orren'tes
812 5644 1084 5696 naturam
1142 5654 1397 5712 qumrere
1454 5637 1737 5711 pabulum
1800 5639 2089 5708 ferinum;

2206 4640 2607 4712 Athenagoras
2661 4642 2719 4695 in
2758 4640 3026 4713 Apologid
3069 4659 3174 4714 pro
3222 4640 3596 4698 Christianis.
3650 4641 3707 4696 ln
3748 4640 3840 4709 jus

2206 4714 2567 4769 vocabantur
2596 4717 2653 4768 et
2684 4715 3231 4786 condemnabantur
3260 4720 3500 4786 propter
3534 4729 3711 4771 unum
3743 4726 3839 4764 no-

2209 4800 2339 4839 me"
2367 4806 2396 4863 ςΔ
2416 4800 2603 4856 neque
2623 4861 2628 4863 _
2651 4784 2816 4863 enim
2840 4784 3328 4863 qu‘aarebaturan
3354 4784 3497 4863 mali
3530 4786 3835 4863 quidqpam

2209 4804 2380 4849 men;
2416 4804 2603 4856 neque
2651 4804 2807 4839 enim
2840 4804 3213 4856 quaerebatur
3242 4804 3312 4841 an
3357 4804 3497 4843 man
3575 4804 3835 4856 umquam

2205 4860 2637 4942 perpetrassent
2668 4856 3024 4942 Ebrietiani,
3076 4858 3270 4942 inquit
3302 4857 3493 4942 idem,
3528 4804 3837 4942 ἓλλνςξξό

2203 4922 2393 4997 δ’νορα,
2427 4927 2499 4997 ὡς
2533 4928 2607 4987 εἰς
2657 4922 2925 4998 ἀδίκημα,
2958 4922 3031 4984 lis
3063 4922 3427 4984 scribebatur
3454 4922 3642 4997 {nam
3689 4922 3837 4980 Chri-

2205 4999 2532 5054 stianorum
2560 4999 2758 5054 nullus
2782 4999 2841 5053 in
2866 4999 2983 5056 ullo
3005 5005 3095 5056 est
3118 5001 3375 5056 facinore
3400 5001 3795 5057 deprehensus
3825 5008 3837 5049 :

2205 5016 2532 5054 ΒῐῘΒΠΟΓυῐΠ
2560 5016 2758 5054 DUHUS
2782 5016 2841 5053 ιιι
2866 5016 2983 5056 uno
3005 5016 3095 5056 est
3118 5016 3375 5056 ῙΕΟΙΠΟΓΘ
3400 5016 3795 5072 deprehensus
3825 5016 3837 5049 ἶ

2205 5065 2382 5131 οὐδεὶς
2427 5066 2628 5144 ᾁδικῶν
2664 5071 2989 5144 Χριστιανὸς
3017 5068 3384 5144 γέλήλεγκται.
3419 5073 3688 5144 Nominis
3724 5074 3839 5124 tan-

2205 5148 2329 5212 tum
2385 5142 2601 5212 ubique
2650 5138 2795 5212 ratio
2847 5147 2903 5197 et
2946 5138 3168 5198 crimen
3200 5138 3348 5210 erat,
3383 5140 3542 5212 οὐδὶν
3578 5142 3635 5198 δὲ
3659 5138 3833 5212 ὄνομᾳ,

2204 5210 2285 5289 ἐφ’
2321 5208 2525 5289 ,ἑαυτοῦ
2571 5212 2657 5266 καὶ
2693 5209 2760 5266 δι’
2807 5213 3107 5289 amata
3144 5208 3389 5289 nov-(lpos:
3441 5210 3567 5271 οὔτε
3614 5208 3839 5289 χρηςςδν

2204 5237 2265 5289 εφ
2334 5237 2525 5287 εαυἾξΟυ
2571 5237 2657 5266 και
2693 5237 2744 5266 Οι
2807 5237 2997 5279 αυτοὶ)⁹
3048 5237 3107 5267 Ου
3150 5237 3248 5267 πον
3299 5237 3389 5285 ρον
3441 5237 3567 5271 Ουτε

2201 5282 2533 5354 νομίζεσθαι,
2569 5290 2625 5339 et
2654 5290 2842 5347 antea,
2877 5283 2937 5338 οὐ
2969 5283 3070 5360 γὰρ
3098 5286 3165 5339 τὰ
3196 5237 3433 5357 evigilata
3482 5288 3678 5357 μίσους
3705 5280 3832 5350 ἄξια,

2202 5352 2347 5409 ἀλλὰ
2404 5356 2466 5408 τὸ
2513 5352 2757 5409 ἀδίκημα
2803 5352 2957 5409 δίκης
3009 5356 3099 5409 καὶ
3145 5358 3432 5409 τιμωρίας.
3486 5360 3579 5409 Sic
3630 5355 3832 5409 passim

2202 5355 2347 5409 ἀλλὰ
2404 5356 2466 5408 τὸ
2513 5355 2757 5427 ἀδίκημα
2803 5355 3099 5425 diam-xci
3145 5355 3432 5433 τιμωρίας.
3484 5355 3579 5414 Sic
3629 5355 3833 5430 passim

2199 5427 2599 5501 Athenagoras
2629 5429 2738 5483 sub
2771 5428 3006 5484 initium
3038 5431 3260 5501 Apolog.
3300 5437 3369 5485 La
3398 5430 3502 5485 PR.
3638 5500 3649 5501 ί

2270 5498 2348 5624 (6)
2379 5500 2559 5569 Neque
2588 5500 2906 5556 institutum
2939 5498 3150 5571 dirigit.
3183 5506 3301 5558 Hoc
3346 5506 3434 5557 est
3474 5500 3830 5556 mandatum.

2293 5586 2376 5624 ra.
2411 5585 2540 5624 nae.
2571 5571 2662 5624 51.
2689 5571 3024 5624 institutum
3056 5573 3471 5624 Neronianum.
3508 5572 3639 5624 RIG.

2198 5570 2376 5639 Infra,
2411 5585 2540 5641 pag.
2571 5571 2662 5637 51,
2689 5571 3024 5629 institutum
3054 5570 3471 5631 Neronianum.
3508 5572 3639 5629 Rxe.
