4094 6186
463 331 582 391 635

984 330 1511 392 TERTULLIANI
1556 330 1880 392 OPERUM
1928 330 2125 390 PARS
2172 329 2219 389 l.
2257 357 2335 375 --
2363 330 2638 393 SEttlES
2683 333 2733 408 Ι,
2778 331 3338 394 APOLOGETICA.

3697 338 3798 399 636

465 479 696 518 omnem
722 462 884 516 uxori
910 460 1933 533 patientiam(13)ohtulisse,negasse
1961 460 2111 516 zelo-
2142 461 2196 527 Α
2229 461 2449 518 frustra
2476 464 2768 533 dicuntur,
2819 468 2875 521 et
2923 463 3136 520 fallunt
3183 479 3299 531 eos,
3347 464 3441 535 qui
3486 479 3598 520 rem
3641 469 3807 523 nomi-

464 556 689 623 typum,
726 550 1007 605 maluisse
1039 551 1188 622 lupae
1222 569 1398 622 quam
1434 551 1773 606 Christiana:
1804 551 2104 617 maritum;

463 640 577 709 ipsi
608 657 775 695 suam
808 639 975 694 licuit
1004 640 1061 694 in
1097 657 1432 711 perversum
1462 641 1763 695 demutare
1812 645 2105 705 naturam,

2218 552 2276 606 ni
2328 554 2611 609 addicunt
2660 571 2791 610 cum
2841 555 2912 609 de
2962 572 3021 608 re
3067 558 3253 608 status
3302 553 3540 608 nominis
3602 571 3798 626 compe-

2216 647 2322 698 tat.
2369 644 2449 697 Ex
2500 648 2690 699 tamen
2744 644 3033 715 ejusmoni
3073 659 3262 714 neque
3293 647 3623 713 congregant
3649 661 3807 714 neque

463 729 696 786 mulieri
749 747 862 785 non
913 730 1180 801 permisit
1229 731 1287 784 in
1339 730 1550 785 melius
1584 729 1907 784 reformari.
1940 733 2109 783 Pater
2216 732 2568 803 participant
2626 733 2932 788 nobiscum
2963 774 2976 799 ,
3035 732 3169 788 facti
3230 747 3329 803 per
3382 729 3580 786 delicta
3641 732 3806 787 denuo

461 819 647 875 ﬁlium
682 820 751 874 de
782 836 897 890 quo
929 818 1090 890 queri
1126 820 1377 874 desierat
1409 818 2106 874 exhaeredavit.Dominus

459 925 716 975 servum,
750 925 924 979 quem
961 911 1236 978 praeterea
1268 907 1665 963 necessarium
1712 910 1995 973 senserat,
2046 906 2104 960 in

460 997 825 1069 ergastulum
873 997 1066 1052 dedit.
1116 997 1302 1052 Simul
1352 998 1485 1068 quis
1536 996 1885 1052 intellexerit
1937 994 2104 1049 Chri-

459 1084 998 1154 stianum,mavult
1049 1090 1373 1141 nocentem.
1426 1085 1571 1140 Nam
1622 1090 1677 1140 et
1724 1087 1855 1156 ipsa
1898 1101 1999 1155 per
2044 1099 2104 1139 se

454 1176 783 1231 traducitur
812 1175 1147 1246 disciplina,
1181 1190 1285 1229 nec
1318 1173 1552 1229 aliunde
1585 1173 2103 1245 prodimur,'quam

457 1266 529 1320 de
563 1266 710 1320 bono
743 1270 962 1320 nostro.
996 1264 1053 1317 Si
1104 1268 1159 1318 et
1208 1261 1347 1317 mali
1398 1264 1467 1317 de
1516 1280 1622 1318 suo
1672 1262 1823 1318 malo
1874 1262 2106 1317 radiant

456 1355 728 1425 (13‘),cur
759 1370 865 1409 nos
899 1352 1004 1408 soli
1040 1357 1244 1409 contra
1275 1353 1545 1407 instituta
1594 1355 1811 1407 natura:
1862 1350 2103 1422 pessimi

455 1443 526 1499 de
555 1444 704 1499 bono
736 1442 1133 1498 denotamur?
1165 1443 1316 1508 Quid
1366 1442 1521 1497 enim
1571 1441 1801 1513 insigne
1846 1441 2101 1512 praeferi-

456 1548 590 1587 mus
622 1531 736 1587 nisi
768 1531 1019 1603 primam
1043 1530 1415 1603 sapientiam,
1441 1547 1556 1601 qua
1598 1529 1798 1584 lrivola
1828 1529 2098 1584 humana:

457 1637 669 1676 manus
702 1637 876 1691 opera
907 1637 1021 1675 non
1056 1622 1404 1685 adoramus;
1437 1618 1999 1690 abstinentiam,qua
2028 1618 2099 1671 ab

457 1708 649 1766 alieno
682 1713 1119 1780 temperamus;
1155 1708 1519 1779 pudicitiam,
1570 1724 1741 1777 quam
1792 1724 1896 1763 nec
1946 1708 2094 1764 565

2214 820 2391 875 vestri
2418 838 2432 888 ;
2484 821 2720 892 quando
2772 838 2843 876 ne
2888 820 3005 877 illis
3038 820 3275 893 quidem
3305 819 3657 885 misceamur,
3684 835 3811 890 quos

2213 915 2406 965 vestra
2452 911 2540 966 vis
2591 915 2767 983 atque
2818 910 3037 965 saevitia
3090 909 3161 964 ad
3213 908 3535 979 negandum
3587 907 3809 979 subegit.

2215 997 2427 1070 Utique
2485 998 2640 1054 enim
2700 999 2927 1054 facilius
2977 998 3128 1053 inter
3166 1014 3273 1053 nos
3319 995 3477 1051 inviti
3522 996 3811 1051 desertores

2214 1088 2562 1160 disciplinae,
2592 1106 2767 1160 quam
2812 1087 3122 1144 voluntarii
3176 1085 3616 1142 continerentur.
3660 1085 3811 1140 Ciste-

2213 1192 2343 1231 rum
2403 1178 2530 1233 sine
2576 1194 2753 1233 causa
2812 1177 3024 1232 vocatis
3094 1175 3453 1231 Christianos
3515 1190 3652 1244 quos
3718 1173 3813 1244 ipsi

2214 1270 2428 1337 negant
2477 1266 2815 1333 Christiani,
2866 1266 2963 1337 qui
2996 1281 3058 1321 se
3088 1280 3299 1337 negare
3330 1280 3442 1319 non
3474 1265 3674 1317 norunt
3700 1261 3812 1331 (14).

2280 1356 2334 1410 6.
2390 1356 2492 1411 His
2538 1356 3037 1427 propositionibus
3103 1351 3684 1425 responsionibusque
3724 1366 3816 1405 no-

2210 1444 2370 1499 stris.
2405 1462 2553 1517 quas
2581 1445 2795 1501 veritas
2825 1445 2895 1500 de
2926 1461 3033 1500 suo
3083 1441 3362 1515 suggerit,
3414 1438 3632 1511 quoties
3676 1454 3814 1493 com-

2211 1532 2485 1604 primitur
2532 1538 2588 1589 et
2634 1538 2968 1590 coarctatur
3014 1529 3373 1588 conscientia
3420 1532 3627 1593 vestra,
3651 1524 3813 1580 tacita

2208 1620 2553 1692 ignorantiae
2603 1640 2724 1679 suae
2771 1623 2978 1692 testis,
3034 1618 3352 1693 confugitis
3421 1618 3717 1673 aestuantes
3758 1612 3817 1668 ad

2210 1711 2437 1766 arulam
2472 1711 2878 1783 quamdam,id
2911 1714 3000 1766 est
3032 1709 3227 1781 legum
3261 1701 3817 1773 auctoritatem,quod

451 1798 638 1855 oculis
684 1798 1156 1853 contaminamus
1185 1815 1199 1866 ;
1251 1797 1737 1861 misericordiam,
1777 1813 1892 1865 qua
1922 1812 2100 1867 super
2130 1829 2175 1894 B
2211 1799 2416 1870 utique
2450 1817 2563 1855 non
2599 1799 2914 1872 plecterent
2944 1799 3097 1857 506
3129 1802 3348 1853 sectam
3382 1796 3575 1859 istam,
3618 1790 3720 1845 nisi
3760 1789 3818 1844 de

451 1887 781 1957 indigentes
805 1887 1129 1952 ﬂeotimur;
1165 1885 1352 1957 ipsam
1406 1886 1701 1941 veritatem
1750 1901 1867 1956 qua
1913 1886 2092 1940 oﬁ'en-

451 1978 684 2042 dimus;
717 1976 907 2047 ipsam
940 1975 1267 2030 libertatem
1295 1991 1398 2045 pro
1428 1991 1543 2045 qua
1575 1975 1724 2031 mori
1775 1975 2044 2030 novimus
2067 1975 2094 2027 ’ἒ

450 2065 558 2129 Qui
588 2064 710 2119 vult
742 2063 1065 2134 intelligere
1095 2064 1197 2134 qui
1227 2063 1347 2118 sint
1378 2062 1855 2131 Christiani,istis
1886 2063 2092 2119 indici-

448 2154 560 2210 bus
592 2157 794 2208 utatur
825 2169 1061 2208 necesse
1092 2156 1195 2207 est.

514 2243 570 2297 5.
604 2242 767 2306 Quod
799 2257 934 2312 ergo
982 2240 1175 2296 dicitis
1212 2257 1223 2294 :
1261 2240 1504 2312 pessimi
1553 2244 1608 2294 et
1656 2240 2094 2311 probrosissimi

447 2330 727 2400 avaritia,
773 2331 1045 2396 luxuria,
1096 2330 1520 2402 improbitate;
1582 2345 1693 2384 non
1749 2330 2093 2401 negabimus

446 2420 766 2490 quosdam;
801 2419 1017 2474 sufﬁcit
1045 2425 1101 2473 et
1133 2419 1240 2475 hoc
1273 2420 1343 2474 ad
1378 2418 1782 2473 testimonium
1836 2418 2093 2474 nominis

448 2509 668 2564 nostri:
703 2509 749 2564 si
785 2526 899 2564 non
935 2525 1161 2573 omnes,
1195 2508 1241 2563 si
1277 2525 1389 2563 non
1444 2507 1659 2579 plures.
1711 2506 1958 2563 Necesse
2005 2512 2095 2563 est

447 2596 507 2652 in
559 2614 821 2669 corpore,
866 2598 965 2669 [et]
1017 2604 1302 2667 quantum
1352 2598 1496 2652 velis
1537 2597 1761 2667 integro
1792 2604 1894 2651 aut
1924 2614 2089 2667 puro,

450 2691 514 2742 ut
544 2703 740 2741 nmvus
772 2686 987 2758 aliquis
1018 2686 1437 2752 efiruticet,aut
1466 2684 1770 2739 verrucula
1796 2690 2089 2757 exsurgat,

446 2780 547 2831 aut
576 2774 792 2846 lentigo
824 2776 1144 2832 sordescat.
1179 2775 1398 2830 Coelum
1432 2774 1625 2846 ipsum
1659 2774 1941 2828 serenitas
1972 2779 2091 2829 tam

447 2862 637 2918 oolata
667 2869 902 2935 purgat,
937 2870 1001 2919 ut
1035 2880 1149 2918 non
1202 2862 1454 2933 alicujus
1502 2862 1802 2917 nubeculas
1851 2862 2092 2918 ﬂocculo

447 2951 800 3023 resignetur.
834 2952 1062 3008 Modica
1092 2951 1323 3007 macula
1352 2951 1412 3006 in
1447 2951 1724 3017 tronte,in
1759 2960 1918 3022 parte
1948 2968 2091 3022 qua-

449 3040 584 3096 dam
616 3040 932 3113 exemplari
964 3041 1109 3107 visa,
1145 3057 1259 3111 quo
1291 3039 1641 3095 universitas
1692 3040 1912 3094 munda
1958 3046 2088 3095 est:

449 3131 638 3200 major
666 3131 802 3186 boni
855 3131 1042 3202 portio
1092 3130 1318 3185 modico
1369 3128 1520 3184 malo
1568 3129 1639 3182 ad
1688 3128 2089 3185 testimonium

2207 1889 2430 1943 meritis
2458 1890 2614 1959 apud
2646 1890 2976 1944 conditores
3023 1886 3217 1958 legum
3269 1881 3641 1940 constitisset.
3689 1875 3816 1940 Quid

2204 1992 2340 2048 ergo
2394 1977 2693 2049 prohibuit
2751 1976 2906 2049 apud
2950 1981 3317 2032 exsecutores
3364 1985 3593 2044 quoque
3641 1966 3815 2038 legum

2205 2065 2448 2137 proinde
2478 2070 2766 2132 constare,
2800 2082 2934 2120 cum
2960 2066 3031 2120 de
3064 2063 3285 2119 caeteris
3312 2058 3674 2123 criminibus,
3705 2069 3814 2124 quis

2205 2155 2475 2211 similiter
2506 2155 2733 2228 legibus
2766 2160 3041 2210 arcentur
3070 2170 3138 2209 ac
3168 2151 3520 2224 puniuntur,
3541 2144 3651 2201 nisi
3678 2143 3819 2214 prius

2206 2244 2565 2315 requiratur,
2601 2262 2769 2317 poena
2796 2242 3026 2299 cessat?
3056 2241 3212 2298 verbi
3238 2241 3449 2312 gratia,
3474 2231 3819 2296 homicidam,

2205 2333 2538 2389 adulterum
2575 2333 2721 2406 lege,
2773 2333 3090 2388 discutitur
3135 2335 3331 2385 tamen
3386 2328 3455 2382 de
3504 2321 3696 2379 ordine
3739 2317 3823 2372 ad-

2205 2423 2463 2489 missi;et
2494 2405 2689 2477 tamen
2722 2424 3017 2493 cognitum
3047 2425 3135 2475 est
3166 2418 3448 2474 omnibus
3479 2427 3655 2485 genus
3686 2405 3824 2463 facti.

2204 2510 2602 2567 Christianum
2660 2511 2913 2583 puniunt
2960 2511 3137 2582 leges.
3188 2509 3246 2562 Si
3298 2505 3457 2578 quod
3500 2506 3589 2558 est
3634 2498 3827 2553 factum

2203 2600 2541 2665 Christiani,
2574 2601 2699 2656 erui
2731 2600 2939 2667 debet;
2990 2597 3152 2654 nulla
3195 2597 3285 2652 lex
3338 2592 3612 2667 prohibet
3656 2583 3827 2655 inqui-

2204 2707 2346 2747 rere.
2397 2691 2615 2761 Atquin
2682 2706 2782 2761 pro
2840 2688 3068 2761 legibus
3128 2686 3265 2741 facit
3321 2678 3640 2753 inquisitio.
3696 2676 3827 2740 Quo-

2204 2782 2377 2836 modo
2410 2780 2563 2835 enim
2597 2779 2785 2851 legem
2829 2776 3166 2834 observabis
3212 2773 3476 2830 cavendo
3529 2766 3677 2841 quod
3724 2761 3829 2851 lege

2204 2870 2563 2942 prohibetur,
2614 2850 2887 2939 adempta
2940 2865 3244 2938 diligentia
3295 2859 3536 2919 cavendi
3568 2872 3665 2927 per
3692 2850 3827 2942 defe-

2204 2940 2362 3014 ctum
2416 2958 2771 3029 agnoscendi
2820 2956 2960 3028 quid
3011 2951 3332 3010 observes?
3381 2947 3553 3006 Nulla
3602 2941 3707 3000 sibi
3751 2940 3829 2993 lex

2203 3048 2375 3103 debet
2423 3046 2837 3101 conscientiam
2875 3044 3117 3115 justitiaa
3150 3059 3294 3109 suis,
3332 3041 3431 3097 sed
3466 3038 3551 3093 eis
3576 3051 3608 3090 a
3638 3029 3828 3123 quibus

2203 3141 2397 3208 captat
2428 3135 2800 3207 obsequium.
2849 3135 3131 3190 Caeterum
3181 3133 3465 3203 suspecta
3510 3125 3603 3181 lex
3643 3125 3746 3188 est,
3783 3131 3832 3208 A31

447 3195 776 3276 sui-utitur.
811 3195 955 3274 Cum
990 3224 1185 3273 tamen
1239 3218 1468 3289 aliquos
1520 3218 1591 3271 de
1638 3218 1852 3272 nostris
1903 3217 2090 3273 malos
2121 3195 2164 3262 CI
2205 3195 2435 3296 prabari
2479 3241 2541 3279 se
2572 3195 2685 3279 non
2718 3222 2858 3278 vult.
2894 3222 3094 3277 Merito
3126 3195 3309 3292 igitur
3337 3216 3567 3274 tamdiu
3591 3213 3753 3283 justas
3780 3204 3855 3277 in,

446 3307 730 3380 probatis,
773 3308 899 3377 jam
952 3308 1057 3362 hoc
1091 3307 1217 3377 ipso
1250 3306 1613 3361 Christianos
1640 3322 1754 3360 non
1790 3306 2087 3377 probatis;

445 3395 711 3467 quaerite,
746 3400 903 3451 secta
934 3396 1027 3451 cui
1059 3395 1293 3450 malitiae
1324 3395 1637 3465 depntalur
1662 3394 1689 3447 ?
1720 3394 1833 3465 Ipsi
1868 3395 1924 3449 in
1975 3394 2088 3450 col-

447 3484 667 3556 loquio,
702 3486 751 3540 si
783 3486 1017 3555 quando
1050 3485 1331 3539 adversus
1363 3500 1488 3549 nos,
1522 3500 1626 3537 cur
1655 3482 1772 3551 ille,
1821 3483 2089 3555 inquitis,

446 3573 773 3643 fraudetur,
811 3574 855 3627 si
910 3572 1271 3627 abstinentes
1303 3571 1658 3625 Christiani?
1688 3588 1792 3627 cur
1823 3572 2088 3639 immitis,

446 3661 495 3719 si
524 3661 977 3717 misericordes?
1007 3662 1161 3717 Adeo
1206 3659 1604 3715 testimonium
1656 3660 1918 3729 redditis,
1975 3679 2088 3717 non

445 3766 575 3806 esse
606 3748 750 3805 tales
782 3749 1167 3819 Christianos,
1198 3750 1339 3804 dum
1373 3766 1478 3804 cur
1506 3748 1652 3805 tales
1683 3750 1801 3805 sint
1845 3750 1948 3821 qui
1998 3752 2091 3806 di-

444 3851 658 3903 cuntur
686 3847 1023 3916 Christiani,
1078 3848 1450 3918 retorquetis.
1501 3847 1748 3903 Multum
1799 3849 2089 3904 distantias

440 3936 594 3993 inter
622 3937 845 3992 crimen
875 3940 931 3993 et
962 3953 1201 4006 nomen,
1234 3937 1385 3991 inter
1416 3935 1747 4007 opinionem
1781 3943 1838 3992 et
1883 3938 2092 3994 verita-

442 4028 582 4081 tem.
636 4025 782 4083 Nam
829 4028 885 4080 et
933 4026 1175 4080 nomina
1222 4024 1306 4080 sic
1355 4030 1493 4079 sunt
1536 4024 1821 4095 instituta,
1851 4030 1913 4081 ut
1943 4026 2090 4083 ﬁnes

442 4131 581 4171 suos
654 4114 911 4171 habeant
977 4115 1127 4169 inter
1173 4112 1288 4169 dici
1340 4119 1397 4169 et
1444 4130 1592 4169 esse.
1643 4114 1793 4178 Quot
1838 4115 2090 4187 denique

440 4202 772 4275 philosophi
803 4204 1098 4269 dicuntur,
1134 4219 1238 4258 nec
1268 4210 1459 4257 tamen
1490 4202 1675 4273 legem
1708 4202 2088 4275 philosophiae

439 4292 812 4365 adimplent?
843 4293 1060 4347 Omnes
1094 4306 1305 4347 nomen
1359 4292 1431 4347 de
1479 4290 1945 4362 professionibus
1992 4308 2090 4364 ge-

439 4386 637 4450 stant;
692 4382 979 4437 seducant
1030 4397 1241 4436 nomen
1295 4379 1679 4451 professionis
1728 4383 2088 4453 praestantia,

442 4470 541 4540 qui
576 4470 885 4541 superﬁcie
934 4469 1199 4525 vocabuli
1250 4469 1542 4524 infamant
1588 4469 1911 4525 veritatem.
1964 4475 2089 4526 Non

2199 3313 2563 3369 Christianos
2606 3318 2662 3367 et
2710 3312 3037 3367 reverendae
3078 3316 3136 3366 et
3182 3306 3567 3365 observandae
3614 3311 3833 3357 censen-

2199 3406 2314 3470 tur,
2350 3402 2610 3473 quaudiu
2646 3402 2949 3474 ignoratur
2978 3399 3131 3471 quod
3154 3385 3830 3482 persequunturmierito,

2199 3500 2333 3563 post
2379 3491 2735 3564 agnitionem
2785 3489 3172 3561 iniquissimae
3223 3490 3494 3558 reperta,
3546 3495 3678 3537 cum
3724 3487 3832 3564 suis

2200 3562 2504 3636 machaeris
2535 3586 2591 3635 et
2622 3578 2902 3652 patibulis
2933 3583 2991 3634 et
3021 3576 3293 3632 leonibus
3328 3574 3699 3646 despuuntur
3727 3582 3739 3619 :
3770 3562 3832 3616 le-

2199 3670 2289 3742 gis
2335 3671 2566 3740 iujustm
2615 3669 2803 3723 honor
2847 3667 3045 3723 nullus
3094 3671 3203 3721 est.
3260 3664 3335 3721 Ut
3384 3664 3595 3734 opinor
3634 3659 3829 3717 autem,

2200 3760 2503 3814 dubitatur
2534 3759 2604 3814 de
2635 3758 2945 3830 iniquitate
2993 3755 3191 3828 legum
3241 3751 3666 3825 quarumdam,
3714 3754 3829 3797 cum

2200 3848 2458 3920 quotidie
2490 3849 2652 3903 novis
2684 3846 2968 3903 consultis
2989 3844 3455 3915 constitutisque
3482 3835 3724 3896 durities
3746 3844 3830 3885 ne-

2200 3937 2536 4009 quitiasque
2566 3952 2768 3992 earum
2799 3934 3155 4006 temperetis.

2268 4026 2323 4080 7.
2358 4024 2521 4081 Unde
2551 4040 2709 4096 ergo,
2754 4023 3023 4094 inquitis,
3070 4024 3300 4077 tantum
3355 4020 3429 4075 de
3478 4014 3640 4072 vobis
3686 4010 3831 4065 fama

2202 4114 2387 4181 licuit,
2437 4114 2608 4183 cujus
2656 4111 3060 4169 testimonium
3108 4109 3413 4165 suffecerit
3443 4106 3687 4163 forsitan
3714 4111 3835 4153 con-

2200 4202 2488 4258 ditoribus
2519 4201 2757 4274 legum?
2787 4200 2927 4267 Quis
2958 4216 3077 4269 oro,
3108 4215 3364 4270 sponsor
3404 4200 3511 4253 aut
3551 4192 3666 4248 illis
3712 4191 3835 4242 tunc

2200 4295 2302 4347 aut
2330 4291 2536 4347 exinde
2564 4291 2728 4347 vobis
2760 4290 2831 4346 de
2863 4290 3019 4345 ﬁde?
3047 4293 3223 4345 Fama
3253 4290 3587 4344 est.Nonne
3615 4280 3733 4336 hmo
3760 4274 3838 4330 est

2282 4400 2442 4448 Fama
2469 4398 2567 4459 (15)
2600 4397 2816 4455 malum,
2847 4410 2954 4461 quo
2989 4408 3096 4461 non
3130 4393 3271 4461 aliud
3302 4392 3554 4461 velocius
3586 4382 3782 4439 ullum?

2821 4456 2991 4523 (Virg.
3028 4456 3234 4507 dineid.
3268 4471 3346 4516 iv,
3382 4459 3517 4518 ηε).

438 4558 641 4613 statim
691 4563 850 4625 sunt,
905 4558 1007 4630 qui
1055 4558 1366 4627 dicuntur;
1415 4557 1515 4615 sed
1567 4557 1707 4628 quia
1755 4575 1871 4613 non
1920 4566 2079 4614 sunt.
2114 4564 2161 4629 1)
2193 4562 2307 4618 Cur
2352 4558 2594 4628 malum,
2627 4557 2676 4613 si
2724 4573 2857 4612 vera
2913 4571 3147 4627 semper
3202 4554 3301 4623 sit,
3366 4571 3489 4609 non
3549 4542 3834 4606 mendacio

1374 4664 1376 4667 ’
1849 4665 2052 4728 Varia
2084 4668 2402 4730 lectiones.

507 4760 528 4796 °
558 4760 678 4831 Bia.
710 4761 1042 4817 assentiente
1072 4762 1300 4817 Haverc.
1333 4762 1544 4817 cmand.
1584 4761 1937 4819 mendacior.

1858 4862 2379 4927 Commentarius.

508 4954 619 5028 (13)
657 4958 893 5011 Omnem
925 4958 1090 5011 uxori
1116 4958 1461 5028 patientiam.
1501 4955 1814 5012 Gentilium
1845 4974 2087 5016 consue-

436 5026 699 5099 tudinem
733 5034 789 5081 et
819 5026 1330 5098 pessimos'mores
1362 5045 1427 5081 ac
1459 5030 1937 5099 corruptissimos
1963 5037 2089 5086 tan-

437 5097 703 5168 git,apud
737 5097 885 5169 ques
917 5100 1165 5154 maritus
1197 5099 1487 5169 profundo
1520 5097 1727 5155 somno
1758 5101 2085 5158 involutum

435 5168 851 5241 sepultumque
881 5187 943 5227 se
975 5171 1153 5226 veluti
1184 5168 1414 5226 ebrium
1447 5171 1787 5240 simulat,et
1818 5178 1883 5229 ut
1913 5173 2087 5232 habet

439 5239 644 5296 Juven.
678 5239 800 5298 Sat.
832 5247 898 5298 I:

1025 5313 1220 5361 Doctus
1250 5316 1493 5374 spectare
1524 5311 1760 5374 lacunar,

565 5373 760 5423 Doctus
791 5377 843 5423 et
872 5374 939 5423 ad
970 5375 1186 5424 calicem
1216 5373 1462 5437 vigilanti
1493 5379 1718 5426 stertere
1751 5373 1901 5427 naso.

437 5453 540 5509 Hic
586 5453 644 5508 in
693 5454 1046 5510 Christianis
1096 5453 1244 5510 nihil
1296 5455 1583 5526 ejusmodi
1634 5457 1716 5512 ait
1763 5474 2081 5514 occurrere.

443 5526 646 5672 1:233.)
680 5598 822 5653 Mali
851 5596 919 5653 de
968 5611 1066 5672 suo
1112 5597 1257 5672 malo
1305 5599 1551 5654 radiant.
1599 5600 1865 5672 Insignes
1912 5601 2083 5672 ﬁunt,

441 5669 947 5739 demonstrantur,
980 5668 1454 5726 denominantur.
1482 5674 1611 5726 Rm.

2266 4960 2375 5032 (14)
2410 4959 2516 5027 Qui
2541 4973 2844 5032 segnegare
2876 4960 3254 5032 nongnorunt.
3306 4959 3495 5032 Erant
3543 4953 3718 5032 enim.
3747 4961 3836 5021 pro

2194 5020 2479 5088 fratribus
2528 5031 2651 5086 suis
2694 5020 2848 5085 mori
2898 5028 3145 5084 invicem
3196 5030 3389 5101 parati
3425 5045 3439 5083 :
3480 5032 3661 5101 atque
3705 5020 3841 5101 hanc

2194 5109 2411 5159 mutuae
2432 5101 2744 5174 charitatis
2774 5099 3421 5174 constantiamethnici
3466 5099 3838 5174 mirabantur.

2194 5174 2357 5230 Unde
2405 5173 2507 5229 illa
2544 5173 2613 5245 in
2645 5174 2983 5245 Apologetico
3017 5188 3031 5228 :
3066 5194 3094 5222 «
3126 5171 3291 5245 Vide,
3321 5170 3734 5245 inquiunt,_ut
3762 5170 3840 5219 in-

2192 5246 2373 5370 viqem
2406 5261 2468 5370 si?
2499 5241 2767 5317 diligant,
2800 5248 2857 5300 et
2882 5248 2947 5301 ut
2976 5260 3081 5317 pro
3111 5241 3396 5300 alterutro
3415 5241 3589 5299 ‘mori
3615 5241 3733 5297 sint
3759 5250 3844 5308 ps-

2195 5335 2259 5370 1‘8.
2289 5334 2326 5370 l.
2358 5338 2386 5363 κ
2466 5332 2541 5370 IG.

2195 5317 2326 5373 rati.
2358 5338 2386 5363 ιι
2421 5317 2541 5371 RIG.

2264 5388 2376 5467 (ᾧ)
2420 5388 2608 5467 [Vo-Ima
2655 5397 2733 5443 eu
2772 5386 2895 5467 [me
2930 5388 3229 5467 famas—1
3275 5377 3843 5467 Apologeticicapits

2193 5456 2440 5543 septimo
2490 5457 2707 5543 famam
2756 5456 3165 5543 descripserat,
3216 5456 3837 5543 levem.,‘;.men‘da.ce‘£p.

2192 5526 2475 5601 injustam
2511 5546 2524 5586 :
2558 5528 2653 5583 hic
2682 5529 2885 5585 eadem
2917 5526 3340 5601 repetit,'quasi
3400 5528 3569 5601 illius
3624 5526 3837 5582 falsita-

2189 5599 2309 5684 tem
2357 5599 2910 5684 iterummrgu‘eret.
2953 5599 3228 5684 Crederes
3276 5600 3722 5684 Tertullianum
3740 5611 3838 5684 “re-

2192 5671 2417 5745 spicere
2446 5670 2520 5730 ad
2548 5667 2872 5732 Martialem
2903 5672 3003 5744 qui
3026 5672 3135 5730 lib.
3167 5689 3266 5747 vn,
3305 5670 3504 5745 epigr,
3535 5673 3593 5744 5,
3625 5671 3698 5727 de
3736 5667 3838 5726 Do-
