4094 6186
269 388 382 448 687

1496 392 1597 449 AD
1646 386 2063 448 NA'l‘lONES.
2100 416 2177 430 —
2220 386 2370 446 LIB.
2418 388 2467 447 Ι.

3570 390 3689 450 638

268 520 595 593 plurimum
629 519 789 591 (16)?
821 537 949 593 quae
982 538 1053 576 ne
1085 525 1211 577 tum
1231 523 1470 595 quidem
1506 538 1638 577 cum
1661 537 1795 575 vera
1826 521 1924 574 de-
1954 522 2009 587 Α
2038 534 2135 574 ces
2168 518 2540 575 divinitatem
2573 519 2685 591 (19)
2714 525 3060 589 consecutae,
3094 526 3178 577 tot
3220 522 3477 578 infantia)
3516 522 3691 577 truci-

271 611 399 676 fert,
436 628 470 664 a
500 608 747 665 libidine
780 611 1068 666 mendacii
1101 618 1311 679 cessat,
1346 617 1408 667 ut
1441 629 1554 666 non
1590 610 1735 665 falsa
1764 609 1921 664 veris

269 700 495 753 intexat
526 698 808 768 adjiciens
838 700 1173 767 detrahens,
1206 701 1483 757 varietate
1523 699 1914 755 confundens.

269 787 443 857 Quid,
479 788 634 859 quod
667 805 736 843 ea
765 789 1017 844 conditio
1048 789 1154 856 illi,
1190 795 1255 845 ut
1286 790 1519 845 nonnisi
1575 805 1710 844 cum
1762 804 1924 842 men-

270 878 419 933 titur
452 882 820 949 perseveret;
852 880 1058 935 tandiu
1092 881 1245 936 enim
1283 880 1440 948 vivit,
1476 881 1759 951 quamdiu
1808 894 1922 933 non

268 966 482 1039 probat
515 967 840 1039 quidquam
880 986 893 1037 ;
928 969 1219 1041 siquidem
1253 969 1579 1041 approbata
1629 968 1809 1036 cadit,
1869 970 1926 1022 et

268 1056 442 1127 quasi
479 1054 671 1111 ofﬁcio
704 1057 1015 1113 nuntiandi
1048 1059 1249 1114 functa
1280 1059 1507 1114 decedit
1540 1076 1551 1113 :
1587 1058 1793 1113 exinde
1832 1073 1925 1112 res

263 1150 525 1211 tenetur,
588 1162 680 1201 res
770 1147 1149 1215 nominatur;
1206 1164 1311 1203 nec
1369 1148 1681 1219 quisquam
1761 1146 1922 1211 dicit,

259 1233 425 1288 verbi
457 1235 690 1305 gratia:
724 1235 830 1290 Hoc
854 1236 1046 1293 Romae
1078 1238 1239 1292 aiunt
1276 1240 1482 1308 factum
1506 1253 1526 1298 ,'
1570 1240 1709 1291 aut:
1759 1237 1923 1290 Fama

256 1326 358 1388 est,
393 1322 561 1377 illum
577 1324 924 1394 provinciam
943 1330 1205 1380 sortitum
1236 1346 1255 1393 ,-
1286 1326 1419 1381 sed:
1454 1326 1552 1380 Ille
1579 1326 1925 1396 provinciam

257 1414 497 1467 sortitus
528 1421 623 1477 est,
656 1416 749 1468 et:
784 1414 889 1469 Hoc
916 1415 1127 1483 factum
1158 1421 1235 1470 est
1266 1417 1473 1471 Romae.
1497 1414 1678 1469 Nemo
1710 1413 1923 1468 famam

260 1501 564 1571 nominat,
599 1501 712 1556 nisi
745 1502 1026 1569 incertus,
1061 1503 1199 1575 quia
1224 1520 1393 1558 nemo
1454 1504 1531 1558 sit
1588 1503 1763 1573 fama,
1823 1502 1922 1557 sed

262 1589 635 1645 conscientia
664 1597 861 1647 certus
891 1608 906 1659 ;
932 1609 1102 1647 nemo
1129 1592 1297 1647 famae.
1314 1592 1517 1659 credit,
1550 1592 1660 1646 nisi
1684 1591 1922 1661 stultus,

260 1678 408 1750 quia
430 1679 672 1751 sapiens
695 1697 809 1735 non
841 1680 1026 1735 credit
1056 1680 1297 1736 incerto.
1337 1682 1528 1749 Fama,
1561 1686 1923 1752 quantacun-

260 1786 380 1840 que
404 1768 730 1824 ambitione
754 1769 968 1824 diffusa
1000 1775 1108 1836 est,
1154 1772 1224 1825 ab
1283 1787 1399 1825 uno
1452 1769 1770 1841 aliquando
1826 1785 1923 1823 ore

257 1862 466 1913 exorta
496 1858 575 1913 sit
607 1874 844 1913 necesse
873 1863 982 1929 est,
1014 1859 1221 1914 exinde
1252 1859 1310 1913 in
1333 1859 1605 1914 traduces
1635 1858 1920 1929 quodam-
1954 1899 2002 1963 B

264 1948 449 2002 modo
484 1946 820 2019 linguarum
845 1952 901 2002 et
930 1947 1162 2003 aurium
1196 1948 1344 2004 567
1403 1947 1587 2019 serpit
1631 1954 1687 2001 et
1734 1945 1921 2001 modi-

258 2052 402 2091 cum
436 2035 738 2107 originum
769 2036 979 2091 vitium
1010 2054 1276 2092 rumores
1309 2036 1602 2105 obscurat,
1640 2040 1703 2090 ut
1751 2051 1922 2090 nemo

256 2124 573 2195 recogitet,
599 2140 670 2179 ne
710 2124 967 2196 primum
998 2124 1143 2179 illud
1178 2142 1241 2180 os
1274 2124 1577 2180 mendacia
1599 2125 1922 2179 seminave-

252 2212 363 2282 rit,
400 2213 559 2284 quod
595 2229 749 2285 saepe
779 2214 844 2267 ﬁt
882 2218 982 2269 aut
1036 2212 1460 2269 saemulationis
1518 2213 1769 2285 ingenio,
1820 2217 1923 2268 aut

253 2301 624 2373 suspicionis
655 2302 918 2374 arbitrio,
951 2307 1053 2357 aut
1084 2302 1261 2358 etiam
1299 2320 1444 2357 nova
1475 2302 1790 2358 mentiendi
1825 2319 1921 2357 vo-

254 2389 515 2463 luptate.
548 2392 655 2446 Sed
689 2408 857 2463 pene,
916 2392 1069 2462 quod
1130 2391 1330 2448 omnia
1385 2396 1621 2463 tempus
1684 2391 1919 2461 revelat,

252 2464 523 2534 testibus
553 2479 862 2536 sententiis
913 2484 969 2536 et
1018 2480 1341 2553 proverbiis
1384 2481 1616 2545 vestris,
1676 2479 1921 2551 ipsaque

254 2571 501 2633 natura,
534 2584 660 2638 quas
688 2567 771 2624 ita
800 2568 1068 2625 ordinata
1098 2574 1205 2637 est,
1241 2573 1306 2624 ut
1338 2568 1481 2623 nihil
1514 2567 1711 2637 lateat,
1744 2568 1917 2623 etiam

254 2655 419 2728 quod
454 2656 613 2711 fama
661 2674 776 2712 non
834 2658 1109 2729 prodidit.
1162 2658 1389 2724 Videte,
1439 2656 1673 2729 qualem
1725 2656 1918 2728 prodi-

254 2746 414 2800 ciam
470 2744 583 2816 (i7)
633 2746 912 2803 adversus
968 2764 1075 2802 nos
1124 2746 1515 2813 subornastis,
1567 2746 1706 2816 quia
1762 2745 1917 2816 quod

254 2832 447 2889 semel
482 2833 692 2889 detulit
720 2840 1001 2907 tantoque
1032 2842 1294 2908 tempore
1317 2837 1384 2892 ad
1420 2836 1595 2891 ﬁdem
1645 2836 1915 2890 corrobo-

254 2922 438 2991 ravit,
470 2939 657 2994 usque
690 2924 883 2979 adhuc
915 2925 1161 2997 probare
1201 2942 1315 2980 non
1374 2924 1587 2997 potuit.
1653 2923 1918 2995 Principe

252 3016 534 3081 Augusto
563 3012 673 3083 (18)
708 3030 921 3069 nomen
980 3014 1089 3070 hoc
1140 3020 1331 3070 ortum
1393 3019 1501 3080 est,
1551 3013 1781 3068 Tiberio
1830 3012 1915 3067 di-

252 3099 517 3171 sciplina
551 3101 678 3171 ejus
710 3100 922 3171 illuxit,
975 3104 1085 3158 sub
1134 3104 1359 3159 Nerone
1409 3102 1701 3159 damnatio
1751 3102 1915 3156 inva-

245 3186 390 3259 luit,
425 3192 492 3243 ut
513 3188 639 3259 jam
670 3189 806 3246 hinc
838 3192 909 3247 de
938 3208 1189 3263 persona
1209 3191 1600 3264 persecutoris
1632 3190 1915 3263 pondere-

246 3277 328 3333 tis
382 3294 397 3331 :
448 3276 501 3331 si
552 3279 684 3348 pius
732 3278 831 3334 ille
898 3260 1416 3353 princeps,_impii
1476 3260 1811 3346 Christiani,
1865 3278 1913 3335 si
1946 3260 1987 3326 Ε

242 3370 481 3438 justus,
515 3366 563 3421 si
596 3373 817 3435 castus,
863 3368 1071 3440 injusti
1119 3374 1175 3424 et
1221 3369 1426 3425 incesti
1472 3368 1809 3435 Christiani,
1866 3369 1913 3424 si

255 3473 380 3511 non
421 3455 615 3512 hostis
648 3457 940 3529 publicus,
996 3475 1102 3515 nos
1154 3459 1369 3530 publici
1420 3460 1659 3526 hostes;
1711 3456 1915 3529 quales

254 3545 455 3599 simus
484 3546 795 3601 damnator
824 3547 949 3619 ipse
980 3548 1420 3617 demonstravit,
1453 3549 1655 3619 utique
1705 3545 1917 3601 mmula

255 3634 374 3688 sibi
416 3635 691 3704 puniens.
716 3639 785 3689 Et
812 3639 1009 3691 tamen
1046 3637 1371 3709 permansit
1400 3637 1587 3692 erasis
1639 3635 1917 3690 omnibus

256 3720 372 3777 hoc
409 3721 606 3777 solum
639 3723 975 3779 institutum
1009 3725 1432 3792 Neronianum,
1465 3727 1699 3797 justum
1751 3724 1915 3779 deni-

256 3826 376 3880 que
414 3815 477 3864 ut
509 3810 796 3867 dissimile
830 3813 920 3868 sui
952 3814 1225 3870 auctoris.
1262 3815 1444 3887 Igitur
1491 3814 1647 3869 atati
1706 3818 1916 3869 nostras

255 3898 532 3954 nondum
567 3899 707 3955 anni
735 3902 861 3956 250.
923 3902 1031 3958 Tot
1084 3901 1274 3975 iniqui
1336 3904 1578 3973 interea,
1645 3907 1731 3958 tot
1786 3918 1918 3956 cru-

2036 608 2202 673 datae,
2245 611 2327 663 tot
2362 626 2541 679 panes
2573 610 2880 675 cruentati,
2907 616 2992 665 tot
3024 615 3250 681 strages
3284 612 3683 678 lucernarum,

2034 701 2120 751 tot
2150 714 2374 752 errores
2408 699 2851 769 nuptiarum,et
2910 700 3101 755 adhuc
3154 699 3501 756 Christianis
3560 700 3686 755 sola

2036 787 2191 841 fama
2223 787 2499 843 decernit.
2544 788 2731 843 Habet
2760 790 2996 859 quidem
3054 792 3276 861 grande
3333 791 3683 845 fundamen-

2035 880 2156 930 tum
2192 876 2261 931 de
2293 875 2427 931 vitio
2460 877 2681 949 ingenii
2720 876 2983 944 humani,
3054 878 3284 934 felicius
3340 880 3399 933 in
3459 879 3683 935 acerbis

2035 964 2446 1037 atrocibusque
2480 967 2800 1035 mentitur;
2833 973 3054 1038 quanto
3086 972 3241 1023 enim
3267 969 3432 1040 proni
3458 970 3528 1023 ad
3558 985 3683 1023 ma-

2035 1052 2242 1121 litiam,
2277 1059 2438 1110 tanto
2470 1055 2539 1109 ad
2570 1053 2709 1109 mali
2745 1056 2912 1110 [idem
2947 1057 3261 1127 opportuni
3315 1057 3499 1123 estis;
3551 1057 3685 1111 faci-

2032 1140 2147 1196 lius
2178 1142 2431 1214 denique
2464 1142 2609 1197 falso
2644 1143 2819 1210 malo,
2854 1160 3032 1214 quam
3065 1161 3195 1200 vero
3224 1146 3370 1201 bono
3400 1145 3680 1201 creditur.

2033 1231 2091 1284 Si
2124 1248 2293 1300 quem
2322 1236 2514 1287 tamen
2548 1234 2703 1303 apud
2737 1250 2837 1287 vos
2864 1234 3187 1303 prudentia!
3222 1234 3416 1289 locum
3458 1233 3681 1306 iniqui-

2035 1325 2123 1375 tas
2156 1321 2488 1391 reliquisset
2519 1326 2589 1375 ad
2622 1321 3040 1393 explorandam
3071 1323 3238 1378 famis
3298 1325 3495 1393 fidem,
3564 1324 3682 1378 uti-

2033 1426 2143 1479 que
2164 1409 2401 1481 justitia
2422 1412 2697 1481 poscebat
2728 1410 3037 1481 dispicere,
3074 1429 3106 1465 a
3136 1413 3353 1482 quibus
3394 1412 3682 1483 potuisset

2034 1503 2090 1553 et
2119 1500 2262 1553 fama
2294 1499 2349 1553 in
2380 1498 2611 1569 vulgus,
2642 1504 2698 1553 et
2727 1498 2807 1553 ita
2840 1500 2895 1553 in
2919 1505 3107 1555 totum
3141 1501 3339 1556 orbem
3396 1501 3542 1557 dari.
3598 1500 3683 1557 Ab

2032 1586 2177 1657 ipsis
2208 1586 2361 1641 enim
2422 1586 2771 1641 Christianis
2833 1605 2947 1643 non
2999 1588 3225 1659 opinor,
3286 1606 3418 1644 cum
3476 1588 3566 1645 vel
3616 1605 3687 1645 ex

2035 1674 2221 1730 forma
2254 1692 2318 1730 ac
2351 1674 2475 1749 lege
2507 1676 2775 1730 omnium
2808 1677 3223 1747 mysteriorum
3257 1677 3477 1734 silentii
3537 1678 3683 1733 fides

2035 1765 2351 1831 debeatur;
2390 1771 2608 1835 quanto
2642 1765 2829 1836 magis
2860 1765 3091 1832 talium,
3124 1783 3252 1837 quas
3284 1766 3515 1838 prodita
3563 1784 3679 1822 non

2034 1853 2319 1908 evitarent
2352 1854 2587 1908 interim
2620 1855 2880 1909 humana
2911 1855 3681 1927 animadversionepraasen-

2033 1945 2273 1998 taneum
2308 1941 2715 2013 supplicium?
2746 1943 2805 1997 Si
2834 1960 2971 2014 ergo
3013 1960 3130 1999 non
3185 1944 3299 2016 ipsi
3357 1945 3681 2015 proditores

2033 2031 2147 2099 sui,
2183 2030 2450 2103 sequitur
2481 2036 2544 2087 ut
2575 2033 2854 2089 extranei.
2889 2032 2999 2088 Oro
3032 2049 3153 2103 vos,
3197 2032 3485 2088 extraneis
3528 2034 3684 2088 unde

2032 2119 2260 2188 notitia,
2293 2136 2428 2176 cum
2451 2120 2624 2176 etiam
2649 2122 2814 2191 justa
2857 2126 2915 2177 et
2973 2122 3123 2177 568
3183 2122 3343 2177 licita
3400 2122 3682 2194 mysteria

2031 2226 2264 2265 omnem
2316 2210 2541 2265 arbitrii
2585 2215 2925 2266 extraneum
2957 2216 3199 2266 caveant
3237 2212 3264 2265 ?
3313 2211 3426 2266 nisi
3485 2210 3687 2267 inclita

2030 2298 2229 2354 minus
2261 2303 2565 2370 spernunt.
2600 2300 2819 2370 Atquin
2868 2300 3158 2355 extraneis
3216 2305 3335 2355 tam
3393 2300 3684 2356 honorare

2030 2404 2205 2459 quam
2239 2387 2571 2459 confingere
2603 2387 2900 2459 competit.
2948 2429 2960 2441 .
3006 2431 3019 2442 .
3066 2408 3078 2421 ·
3145 2430 3156 2443 .
3217 2388 3679 2443 domesticorum

2031 2477 2337 2533 curiositas
2369 2478 2563 2531 furata
2593 2483 2681 2531 est
2713 2494 2812 2548 per
2832 2476 3075 2532 rimulas
3105 2482 3162 2532 et
3182 2493 3481 2533 cavernas.
3508 2477 3678 2545 Quid,

2030 2582 2163 2621 cum
2199 2565 2500 2621 domestici
2534 2581 2629 2620 eos
2663 2566 2827 2621 vobis
2860 2566 3156 2637 prodant?
3188 2566 3405 2622 Omnes
3435 2582 3467 2621 a
3501 2565 3679 2621 nullis

2028 2654 2215 2725 magis
2247 2653 2569 2726 prodimur,
2597 2660 2814 2724 quanto
2846 2656 3055 2727 magis,
3101 2656 3149 2711 si
3210 2655 3487 2712 atrocitas
3515 2658 3683 2712 tanta

2034 2743 2128 2814 sit,
2162 2761 2290 2814 qua:
2323 2742 2558 2814 justitia
2589 2743 3013 2814 indignationis
3044 2760 3277 2799 omnem
3309 2744 3678 2800 familiarita-

2026 2832 2102 2887 tis
2153 2832 2327 2887 fidem
2378 2832 2619 2903 rumpit,
2681 2849 2795 2887 non
2840 2833 3093 2904 potuerit
3142 2834 3461 2905 continere,
3520 2834 3673 2904 quod

2026 2921 2271 2985 horruit,
2308 2936 2495 2985 mens,
2528 2921 2679 2990 quod
2712 2921 2963 2990 expavit,
2995 2922 3243 2977 oculus?
3267 2922 3383 2977 Hoc
3448 2938 3679 2993 quoque

2028 3011 2262 3078 mirum,
2298 3008 2347 3063 si
2380 3014 2435 3063 et
2466 3007 2581 3074 ille,
2616 3008 2714 3079 qui
2748 3015 2910 3064 tanto
2938 3010 3317 3081 impatientiae
3352 3012 3488 3081 jure
3544 3027 3678 3082 pro-

2025 3098 2209 3165 siluit,
2245 3096 2469 3153 deferre
2500 3102 2556 3152 et
2589 3114 2700 3152 non
2737 3098 2984 3168 probare
3031 3099 3227 3170 gestit,
3284 3104 3340 3155 et
3396 3097 3511 3170 ille,
3573 3098 3673 3171 qui

2026 3188 2232 3254 audiit,
2258 3203 2369 3242 non
2406 3187 2509 3242 et"
2539 3186 2731 3243 videre
2764 3186 3024 3255 curavit;
3061 3188 3351 3258 siquidem
3397 3205 3502 3259 par
3556 3188 3677 3243 fru-

2027 3282 2157 3331 ctus
2189 3280 2277 3332 est
2306 3281 2362 3331 et
2393 3274 2689 3345 delatoris,
2750 3276 2797 3331 si
2858 3276 3011 3347 quod
3069 3276 3281 3332 detulit
3336 3278 3561 3349 probet,
3623 3281 3681 3333 et

2026 3365 2330 3432 auditoris,
2366 3365 2412 3421 si
2447 3366 2601 3436 quod
2635 3364 2800 3419 audit
2827 3366 3002 3421 etiam
3055 3365 3169 3420 sibi
3213 3367 3429 3422 credat.
3492 3367 3677 3433 Tunc,

2025 3454 2290 3526 inquitis,
2327 3454 2511 3525 primo
2543 3452 2799 3508 delatum
2833 3459 2888 3509 et
2917 3454 3240 3509 exhibitum
3273 3460 3381 3523 est,
3407 3456 3677 3510 auditum

2026 3549 2083 3600 et
2106 3545 2434 3615 inspectum
2469 3546 2577 3608 cst,
2610 3547 2785 3613 atque
2814 3544 3023 3599 exinde
3074 3545 3243 3599 famze
3299 3545 3679 3599 commenda-

2031 3639 2176 3689 tum.
2212 3632 2329 3687 Hoc
2361 3631 2597 3702 quidem
2632 3632 3042 3703 superscendit
3080 3650 3313 3688 omnem
3342 3633 3678 3689 admiratio-

2029 3739 2181 3789 nem,
2214 3722 2263 3775 si
2295 3720 2473 3775 semel
2502 3720 2933 3791 deprehensum
2960 3726 3049 3776 est
3076 3724 3229 3792 quod
3290 3738 3519 3793 semper
3573 3723 3681 3777 ad-

2026 3810 2302 3876 mittitur,
2338 3809 2446 3863 nisi
2471 3809 2793 3864 desivimus
2816 3809 2942 3879 jam
2976 3808 3113 3864 talia
3137 3810 3426 3867 factitare.
3458 3812 3677 3883 Atquin

2028 3903 2086 3955 et
2117 3898 2273 3953 idem
2294 3913 2591 3965 vocamur,
2621 3900 2678 3952 et
2708 3897 2765 3951 in
2798 3896 3009 3953 iisdem
3058 3898 3433 3970 deputamur,
3493 3903 3550 3955 et
3605 3901 3677 3955 de

1692 4008 1894 4072 Variae
1924 4006 2244 4069 lectiones.

322 4105 343 4139 ⁷
376 4104 602 4177 Rigalt.
636 4121 753 4162 non
785 4109 841 4163 et
869 4108 1116 4179 probare
1144 4139 1211 4151 —-
1242 4112 1298 4165 et
1328 4126 1443 4165 non
1475 4107 1692 4165 videre.

1706 4192 2223 4258 Commentarios.

257 4299 707 4357 mitianireditu
745 4302 834 4359 sic
866 4302 984 4359 ait:

313 4398 513 4461 Certus
543 4398 693 4449 abest
724 4404 929 4461 auctor,
961 4400 1051 4449 sed
1083 4414 1187 4450 vox
1218 4401 1320 4450 hoc
1348 4401 1563 4451 nuntiat
1611 4401 1803 4450 omnis.

312 4460 495 4510 Credo
528 4461 642 4521 tibi,
679 4476 864 4511 verum
900 4463 1093 4521 dicere,
1116 4465 1273 4521 fama,
1306 4464 1464 4513 soles.

251 4548 323 4603 Ut
357 4548 653 4604 nimirum
686 4550 852 4605 illum
884 4548 1161 4606 falsitatis
1193 4567 1326 4605 cum
1386 4552 1541 4606 fama
1590 4550 1916 4607 denrehen-

254 4568 323 4603 υι
357 4568 653 4604 nimirum
686 4568 852 4605 unum
884 4568 1161 4606 ialsnaus
1193 4568 1326 4605 cum
1386 4568 1541 4606 lama
1590 4568 1660 4606 ne
1706 4568 1911 4607 reuen-

248 4621 352 4675 dat
372 4628 440 4677 et
470 4622 794 4677 convincat.
828 4623 1132 4691 Legendus
1181 4622 1531 4678 Plutarchus
1563 4622 1619 4677 in
1646 4568 1911 4691 (fumab-

248 4694 429 4748 nibu:
491 4694 765 4748 Romanis.
824 4698 1032 4757 quaest.
1090 4695 1170 4747 5:
1206 4693 1302 4747 Διὰ
1351 4694 1404 4747 τί
1480 4692 1607 4754 τοὺς
1661 4694 1907 4757 τεθνάναι

248 4761 633 4855 ψῃμξςθὲντας
692 4762 777 4817 ἐπὶ
818 4760 994 4855 κξέγὶης
1293 4809 1307 4834 ,
1360 4762 1463 4851 χᾶν
1522 4764 1907 4855 ιηανέλθωσιν,

248 4832 312 4889 6'3
338 4832 348 4836 ”
379 4832 643 4908 δέχονται
706 4832 858 4889 uti?
900 4832 1085 4907 Θύραά,
1123 4833 1267 4890 ἀλλὰ
1294 4832 1401 4908 -τῷ
1456 4835 1680 4909 κεράμῳ
1738 4832 1907 4909 προσι

246 4902 541 4967 ϐαίνοντες
596 4903 724 4960 ιε’σω
782 4912 1027 4980 καθιᾶσιν
1061 4906 1254 4969 αὑτούς
1291 4924 1305 4977 ;
1340 4910 1495 4964 fama
1542 4911 1755 4980 quippe
1782 4909 1905 4961 ἀθυ-

247 4927 541 4967 οαινοντες
596 4927 724 4960 raw
782 4927 1027 4970 καυιασιν
1061 4927 1254 4969 aurove
1291 4927 1305 4977 ς
1340 4927 1495 4964 Iama
1542 4927 1755 4981 qu1ppe
1782 4927 1905 4961 αυυ-

247 4998 539 5061 ροστρμρς
569 4995 694 5061 seu,
743 4984 827 5061 ut‘
853 4979 1031 5035 habet
1068 4980 1665 5061 Nlicetaschoniates,
1710 4982 1907 5061 in_An-

245 5048 543 5135 dronicio.
600 5048 1041 5135 ἀεξυρογλωτιίος¹
1098 5052 1222 5135 Sic_
1257 5052 1551 5135 Thebaing
1607 5048 1697 5135 in,
1753 5054 1911 5135 facta

242 5126 478 5194 infecta
521 5121 674 5195 loqui
705 5121 877 5194 posse
907 5124 1142 5190 dicitur,
1175 5128 1231 5180 et
1260 5126 1414 5195 apud
1445 5123 1647 5180 Claud.
1682 5121 1908 5180 centra

242 5200 503 5251 Eutroo.
534 5193 638 5250 lib.
669 5210 748 5249 ιιι

294 5210 503 5266 utrOp.
534 5210 638 5250 nn.
669 5210 711 5249 ιι
735 5210 748 5249 :

305 5295 439 5344 Jam
468 5306 605 5356 vaga
636 5291 921 5355 pallentem
950 5292 1129 5343 densis
1158 5294 1449 5345 terroribus
1474 5292 1667 5343 aulam.

309 5358 490 5407 Fama
522 5356 711 5417 quatit.

316 5444 446 5516 (16)
477 5444 595 5516 Non
623 5443 907 5516 mendacio
953 5446 1286 5516 plurimum.
1335 5446 1425 5501 Sic
1482 5444 1660 5501 habet
1708 5458 1905 5499 exem-

240 5514 385 5590 plar
403 5514 727 5590 Agobardi.
754 5514 1211 5590 Emendabimus
1245 5519 1467 5573 reddita
1497 5516 1759 5590 litterula
1779 5531 1909 5586 quae

239 5586 571 5661 Exciditzgu
605 5586 729 5661 Non
760 5589 1094 5661 mendacior
1121 5589 1441 5661 plurimun.
1480 5610 1508 5637 »
1540 5589 1664 5661 Bia.

315 5658 743 5730 (i7)AQualem
818 5658 1148 5730 prodiciam'.
1218 5660 1544 5730 Prodiciam
1601 5659 1696 5714 hic
1742 5660 1911 5730 vocat

238 5726 442 5805 quam
467 5726 943 5802 in’Apolcget'ico,
973 5728 1251 5788 indicem.
1283 5734 1463 5801 Hanc,
1496 5729 1710 5803 inquit,
1756 5726 1908 5784 indi-

2029 4315 2153 4354 cem
2186 4298 2468 4353 adversus
2500 4313 2604 4352 nos
2638 4296 2929 4370 profertis,
2963 4315 3090 4370 quas
3149 4300 3302 4370 quod
3356 4298 3671 4370 aliquando

2021 4370 2291 4441 jactavit,
2330 4374 2610 4441 tantoque
2644 4368 2839 4438 spacio
2872 4371 2929 4423 in
2962 4368 3295 4441 opinionem
3329 4368 3671 4426 corrobora-

2026 4440 2128 4509 vit,
2158 4458 2344 4511 usque
2376 4440 2564 4495 adhuc
2596 4441 2841 4510 probare
2872 4458 2985 4496 non
3006 4440 3217 4498 valuit.
3251 4443 3378 4497 Hie.

2098 4512 2206 4583 (18)
2241 4513 2501 4583 Principe
2529 4512 2784 4579 Augusto,
2818 4518 2925 4567 etc.
2963 4518 3107 4567 Dum
3152 4531 3348 4569 rerum
3409 4512 3667 4583 potieba-

2026 4582 2123 4639 tur
2152 4587 2448 4653 Augustus
2480 4582 2620 4654 imp.
2657 4588 2830 4639 natus
2889 4590 2977 4638 est
3033 4584 3297 4641 Christus
3350 4582 3660 4654 Dominus,

1943 4631 1991 4696 D
2024 4631 2303 4739 regnante
2333 4631 2795 4739 Tiberiormortis
2821 4654 3173 4738 supplicium
3199 4672 3512 4739 perpessus
3534 4631 3663 4720 est:

2019 4733 2077 4783 at
2092 4724 2431 4807 imperante
2460 4724 2686 4806 Nerone
2714 4724 3040 4810 persecutio
3096 4724 3440 4810 gravissima
3466 4745 3667 4810 nexor-

2018 4804 2077 4853 ta
2106 4797 2213 4862 est,
2248 4798 2305 4851 in
2337 4813 2454 4869 qua
2485 4797 2763 4869 nimirum
2793 4797 3128 4869 interempti
3158 4806 3297 4855 sunt
3318 4800 3504 4856 sancti
3563 4800 3666 4855 Pc-

2018 4875 2143 4924 trus
2174 4874 2231 4923 et
2260 4868 2497 4923 Paulus.
2532 4867 2629 4921 Ls.
2664 4868 2763 4921 Pa.

2092 4939 2202 5011 (19)
2242 4941 2430 5011 Igitur
2480 4940 2640 4995 aetati
2694 4948 2897 4995 nostra?
2949 4939 3191 4995 nondum
3244 4942 3382 4995 anni
3435 4941 3563 4995 250.
3623 4942 3664 4995 Α

2024 5016 2162 5067 nato
2186 5010 2422 5066 Christo
2453 5011 2523 5065 ad
2554 5014 2825 5082 Severum
2858 5011 2967 5065 sub
3000 5028 3115 5082 quo
3144 5011 3293 5066 vixit
3351 5010 3663 5068 Tertullia-

2018 5100 2152 5148 nus,
2191 5083 2453 5138 nondum
2488 5080 2623 5136 anni
2654 5081 2760 5136 250
2790 5080 3157 5138 efﬂuxerant.
3218 5083 3360 5138 Nam
3420 5082 3663 5139 Eboraci

2018 5156 2079 5209 in
2114 5155 2412 5227 Britannia
2442 5152 2680 5227 majoris
2712 5152 2816 5207 filii
2844 5154 3176 5227 Caracallaa
3222 5154 3459 5210 insidiis
3492 5155 3668 5227 periit

2019 5228 2173 5283 circa
2204 5244 2297 5282 an.
2331 5225 2434 5280 Ch.
2464 5226 2591 5291 211,
2623 5226 2995 5295 regnavilque
3027 5228 3347 5282 oclodecim
3382 5225 3507 5282 fere
3556 5245 3663 5283 an-

2020 5299 2137 5367 nis,
2169 5299 2324 5353 unde
2354 5300 2514 5368 patet
2544 5297 2802 5351 nondum
2832 5297 3130 5355 efﬂuxisse
3160 5316 3345 5355 annos
3375 5300 3446 5353 50
3477 5298 3663 5355 aetatis

2016 5370 2502 5428 Christianorum.
2535 5368 2710 5422 Idem.

2087 5442 2199 5522 (29)
2237 5443 2327 5497 Tot
2356 5455 2537 5522 cruces
2566 5437 2939 5522 divinitatem,
2961 5446 3070 5497 etc.
3122 5441 3338 5522 Tiberii
3388 5440 3660 5522 immani:

2016 5509 2105 5568 tas
2138 5509 2231 5567 hic
2264 5509 2711 5584 reprehenditur
2735 5535 2757 5584 ;_
2806 5511 3103 5584 cujusrea
3162 5515 3272 5568 fuit
3329 5512 3548 5568 saevitia
3605 5516 3661 5564 et

2017 5581 2635 5649 sanguinis—fundendi
2666 5581 2814 5649 sitis,
2849 5588 2964 5639 uta
2986 5583 3365 5639 Constantino
3391 5584 3659 5638 Manasse

2016 5658 2075 5727 in
2107 5654 2305 5727 Ᾱνιῃαι.
2339 5656 2563 5712 dicetur
2591 5654 2791 5727 tutum
2824 5657 3097 5727 sanguine
3145 5657 3487 5727 permittam,
3548 5671 3658 5719 nr,-

2017 5723 2111 5789 λὸς
2147 5721 2332 5801 «Tum
2363 5720 2702 5803 πιφυρμᾶνος
2731 5722 2895 5781 Idem.
