4094 6186
511 309 629 371 639

1030 313 1559 374 TERTULLIANl
1607 314 1930 375 OPERUM
1978 311 2176 373 PARS
2222 311 2269 372 Ι.
2309 343 2382 353 -
2412 310 2687 372 SERIES
2732 311 2782 383 Ι,
2825 305 3382 379 APOLOGETICA.

3741 311 3842 372 640

514 440 607 496 die
637 442 1068 509 redundamus;
1102 458 1215 513 quo
1244 444 1264 477 ⁸
1296 443 1511 514 plures,
1539 444 1647 499 hoc
1678 444 1947 517 pluribus
1987 442 2154 500 odio-
2183 452 2235 521 Α
2269 443 2527 498 serendae
2559 441 2848 511 nationes,
2895 455 3029 496 ecce
3073 438 3448 511 proponimus
3499 437 3644 494 vobis
3695 440 3843 496 disci-

514 530 599 583 si:
635 530 823 601 magis
855 530 1129 585 increscit
1174 532 1395 599 odium,
1456 534 1811 588 increscente
1872 534 2153 598 materia;

514 617 849 687 proﬁciente
882 620 1257 675 multitudine
1290 638 1542 687 reorum,
1575 623 1714 693 quid
1746 624 1826 677 ita
1845 639 1956 676 non
1984 622 2157 692 proli-

512 708 591 760 cit
623 707 938 762 multitudo
968 710 1412 764 nuntiatorum?
1442 711 1603 774 Quod
1638 712 1841 779 sciam,
1904 716 1963 765 et
2021 728 2154 766 con-

515 797 769 850 versatio
800 796 987 851 nolior
1019 799 1167 852 facta
1191 804 1316 865 est;
1352 799 1515 854 scitis
1546 804 1601 855 et
1622 800 2157 856 diesconventuum

514 889 884 953 nostrarum;
922 888 1118 957 itaque
1148 894 1204 941 et
1233 889 1574 944 obsidemur
1629 895 1685 944 et
1742 889 2154 961 Opprimimur,

514 978 570 1028 et
599 973 659 1027 in
691 974 835 1044 ipsis
889 976 1119 1030 arcanis
1178 977 1725 1048 congregationibus
1802 978 2153 1033 detinemur.

517 1062 657 1125 Quis
682 1079 942 1135 unquam
977 1070 1169 1119 tamen
1196 1082 1422 1120 semeso
1451 1083 1629 1136 puero
1654 1067 2157 1138 supervenit(21)?

514 1152 649 1222 quis
678 1152 738 1206 in
771 1158 1069 1207 cruentato
1099 1170 1244 1225 pane
1274 1155 1518 1227 vestigia
1548 1157 1808 1211 dentium
1833 1158 2157 1227 deprehen-

518 1240 647 1295 dit?
677 1242 807 1311 quis
842 1242 1097 1296 tenebris
1126 1244 1429 1313 repentino
1460 1244 1685 1300 lumine
1742 1246 1987 1316 irruptis
2045 1248 2157 1302 im-

518 1330 741 1383 munda
770 1330 992 1401 aliqua,
1025 1348 1097 1385 ne
1118 1331 1358 1387 dixerim
1386 1333 1626 1397 incesta,
1650 1335 1867 1390 indicia
1888 1353 2158 1406 recogno-

510 1418 647 1472 vit?
677 1418 736 1473 Si
769 1418 1001 1489 praemio
1027 1419 1433 1491 impetramus,
1472 1439 1541 1477 ne
1570 1425 1718 1478 tales
1742 1424 1797 1477 in
1856 1424 2155 1496 publicum

512 1506 906 1574 extrahamur,
950 1524 1129 1579 quare
1161 1514 1216 1563 et
1237 1511 1671 1581 opprimimur?
1728 1511 2048 1567 Possumus
2102 1517 2160 1568 et

516 1597 755 1651 omnino
788 1614 900 1652 non
942 1598 1202 1665 extrahi;
1237 1601 1370 1670 quis
1401 1601 1555 1655 enim
1605 1602 1991 1673 proditionem
2047 1605 2157 1658 cri-

515 1685 692 1740 minis
723 1686 971 1757 alicujus
1004 1687 1388 1744 sinecrimine
1413 1690 1537 1759 ipso
1566 1696 1665 1744 aut
1685 1692 1972 1747 venditau
2004 1693 2155 1747 redi-

514 1775 665 1829 mit?
695 1775 803 1829 Sed
840 1776 979 1846 quid
1011 1777 1301 1832 extraneis
1328 1778 1793 1849 speculatoribus
1834 1786 1891 1835 et
1948 1780 2153 1835 indici-

515 1865 626 1918 bus
657 1865 993 1933 detractcm,
1028 1866 1124 1935 qui
1158 1866 1297 1920 talia
1351 1867 1662 1937 objiciatis,
1721 1886 1847 1938 qum
1908 1887 2024 1924 non
2082 1872 2153 1925 ab

516 1950 661 2020 ipsis
689 1950 854 2005 nobis
886 1968 1020 2005 cum
1081 1954 1336 2009 maxima
1387 1955 1796 2012 vociferatione
1856 1957 2154 2027 publicen-

515 2043 631 2108 tur,
662 2045 762 2094 aut
792 2041 985 2094 statim
1050 2041 1269 2111 audita,
1330 2043 1376 2096 si
1434 2043 1598 2114 prius
1655 2045 2156 2116 demonstrantur,

516 2131 617 2182 aut
648 2133 851 2199 postea
873 2134 1116 2200 reperta,
1152 2130 1197 2184 si
1229 2130 1462 2185 interim
1497 2132 1802 2207 celentur?
1858 2135 1991 2190 Sine
2046 2137 2159 2189 du-

518 2217 613 2271 bio
694 2217 851 2271 enim
936 2218 1228 2274 initiatum
1273 2219 1605 2276 volentibus
1666 2239 1793 2277 mos
1851 2228 1938 2279 est
1998 2225 2161 2295 prius

518 2308 672 2363 569
701 2311 766 2362 ad
800 2308 1147 2379 magistrum
1199 2328 1498 2366 sacrorum
1548 2312 1635 2367 vel
1695 2319 1918 2385 patrem
1978 2315 2159 2370 adire.

519 2399 668 2452 Tum
706 2396 801 2453 ille
831 2398 1022 2454 dicet:
1058 2399 1255 2454 Infans
1286 2400 1389 2454 tibi
1422 2402 1521 2472 qui
1567 2402 1760 2457 adhuc
1805 2403 1962 2474 vagit
1992 2405 2012 2439 ³
2069 2421 2163 2459 ne-

522 2487 837 2553 cessarius,
871 2487 971 2558 qui
999 2487 1340 2543 immolatur
1363 2495 1441 2557 ,et
1462 2490 1627 2561 panis
1649 2491 2038 2563 aliquantum,
2064 2493 2163 2563 qui

515 2573 575 2629 in
608 2576 895 2647 sanguine
927 2576 1297 2649 infringatur,
1330 2583 1608 2649 prmterea
1629 2580 2000 2647 candelabra,
2034 2598 2161 2652 qua

519 2679 692 2719 canes
747 2666 953 2720 annexi
1014 2667 1344 2737 deturbent,
1402 2674 1459 2723 et
1515 2670 1703 2724 offula:
1756 2687 1881 2742 quae
1930 2672 2162 2726 eosdem

521 2770 696 2809 canes
731 2754 807 2809 ‘0:
843 2755 944 2809 sed
978 2761 1033 2809 et
1065 2762 1249 2811 mater
1296 2764 1397 2812 aut
1450 2776 1614 2814 soror
1669 2760 1774 2813 tibi
1835 2759 2164 2815 necessaria

522 2847 632 2898 est.
662 2842 834 2907 Quid,
869 2844 917 2898 si
940 2843 1113 2899 nulla;
1144 2852 1316 2901 erunt
1337 2847 1363 2900 ?
1394 2849 1618 2920 opinor,
1671 2848 1970 2920 legitimus
1999 2849 2161 2905 Chri-

521 2933 748 2988 stianus
780 2949 909 2988 esse
934 2950 1045 2989 non
1081 2935 1344 3006 poteris?
1398 2937 1546 3003 llaec,
1605 2954 1703 2991 oro
1762 2954 1882 3008 vos,
1938 2939 2164 2994 denun-

519 3021 664 3077 tiata
696 3023 766 3077 ab
801 3021 932 3077 aliis
970 3023 1269 3079 sustinent
1299 3026 1503 3096 prodi?
1534 3026 1833 3082 Diversum
1866 3044 2013 3099 opus
2048 3044 2165 3083 non

524 3114 612 3167 est
633 3110 781 3167 scire
807 3111 941 3167 illos
971 3114 1013 3148 ¹¹
1045 3130 1059 3180 ;
1103 3113 1265 3184 prius
1300 3114 1538 3170 fallacias
1597 3117 1895 3189 negotium
1958 3132 2160 3189 perpe-

2268 531 2439 602 plinae
2471 535 2682 586 nostrae
2709 530 3108 602 sponsionem.
3141 527 3330 582 Vitam
3362 530 3614 581 (sternam
3641 532 3843 583 sectato-

2268 621 2429 675 ribus
2461 626 2517 675 et
2548 619 3056 675 conservatoribus
3086 618 3211 672 suis
3242 616 3498 687 spondet,
3528 631 3555 669 e
3600 616 3843 671 contrario

2268 712 2526 781 profanis
2552 714 2609 764 et
2664 708 2889 765 aemulis
2943 705 3299 779 supplicium
3356 710 3617 759 aeternum
3664 710 3841 759 aeterno

2266 799 2386 870 igni
2420 799 2853 865 comminatur;
2888 799 2957 852 ad
3013 801 3321 865 utramque
3350 810 3573 849 causam
3625 798 3845 849 mortuo-

2268 906 2397 944 rum
2457 888 2803 943 resurrectio
2854 885 3218 958 praedicatur.
3264 882 3582 937 Viderimus
3635 884 3696 938 de
3757 884 3847 938 fide

2265 978 2536 1045 istorum,
2570 980 2709 1032 dum
2744 992 2850 1031 suo
2895 977 3021 1031 loco
3051 975 3431 1046 digeruntur;
3487 972 3698 1027 interim
3749 987 3847 1027 cre-

2265 1068 2406 1135 dite,
2431 1066 2928 1138 quemadmodum
2960 1081 3087 1119 nos.
3121 1063 3264 1118 Volo
3290 1062 3443 1117 enim
3476 1061 3633 1127 scire,
3678 1061 3723 1116 si
3770 1076 3851 1130 per

2262 1158 2405 1214 talia
2425 1156 2645 1213 scelera
2667 1156 2825 1211 adire
2849 1154 3029 1226 parati
3050 1152 3212 1218 estis,
3236 1150 3699 1224 quemadmodem
3724 1149 3849 1204 nos?

2264 1247 2434 1313 Veni,
2468 1248 2515 1301 si
2549 1246 2679 1316 quis
2710 1262 2793 1308 es.
2824 1245 3093 1314 demerge
3126 1244 3342 1297 ferrum
3373 1240 3431 1295 in
3458 1240 3751 1303 infantem;
3782 1236 3850 1292 vel

2267 1339 2312 1393 si
2350 1337 2593 1391 alterius
2625 1336 2879 1391 officium
2912 1338 3021 1402 est,
3054 1336 3180 1386 tum
3212 1331 3384 1386 modo
3424 1333 3610 1400 specta
3639 1327 3853 1382 morien-

2266 1433 2381 1483 tem
2413 1426 2695 1491 animam,
2730 1429 3043 1494 antequam
3076 1420 3235 1487 vixit,
3277 1424 3430 1474 certe
3456 1417 3641 1489 excipe
3685 1416 3854 1471 rudem

2271 1517 2619 1590 sanguinem
2653 1514 2709 1569 in
2746 1530 2859 1585 quo
2883 1528 3091 1585 panem
3128 1515 3292 1565 tuum
3327 1508 3524 1572 saties,
3552 1522 3758 1561 vescere
3804 1504 3856 1558 li-

2268 1614 2508 1672 benter;
2543 1606 2765 1661 interea
2821 1602 3199 1657 discumbens
3242 1599 3546 1653 dinumera
3599 1594 3729 1663 loca,
3776 1592 3857 1647 ubi

2269 1704 2457 1751 mater
2486 1702 2586 1751 aut
2618 1710 2782 1750 soror
2810 1697 3005 1747 torum
3040 1687 3356 1761 presserit;
3394 1690 3528 1741 nota
3572 1683 3853 1755 diligenter,

2268 1793 2332 1842 ut
2357 1802 2490 1841 cum
2522 1784 2771 1839 tenebra:
2801 1779 3098 1843 irruerint,
3144 1777 3436 1830 tentantes
3494 1769 3702 1826 scilicet
3751 1766 3856 1821 dili-

2264 1876 2519 1947 gentiam
2554 1871 2945 1943 singulorum,
2980 1883 3094 1921 non
3128 1879 3282 1919 erres
3332 1866 3654 1917 cxtraneam
3694 1856 3855 1911 incur-

2265 1982 2441 2022 sans:
2477 1962 2771 2036 piaculum
2805 1956 3029 2022 feceris,
3063 1953 3175 2008 nisi
3220 1953 3531 2006 incestum.
3589 1947 3707 2041 Haec
3749 1958 3861 2041 cum

2268 2035 2637 2126 expunxeris,
2669 2050 2826 2104 vives
2862 2048 2920 2102 in
2944 2060 3151 2100 aevum.
3197 2040 3382 2113 Cupio
3436 2035 3863 2130 respondeam-si

2268 2122 2414 2199 tanti
2451 2142 2630 2197 facias
2661 2133 3090 2195 aeternitatem?
3124 2132 3241 2186 imo
3276 2130 3492 2185 idcirco
3540 2141 3639 2181 nec
3689 2122 3868 2190 credis,

2268 2236 2457 2304 etjam
2488 2233 2536 2287 si
2568 2228 2906 2291 credideris,
2939 2241 3086 2296 nego
3117 2229 3173 2278 te
3201 2220 3369 2285 velle,
3401 2223 3457 2274 et
3478 2218 3601 2289 jam
3630 2217 3675 2270 si
3701 2212 3869 2278 velles,

2271 2340 2417 2395 nego
2449 2327 2504 2377 te
2538 2335 2730 2392 posse.
2758 2318 2873 2372 Cur
2901 2320 3092 2369 autem
3116 2311 3214 2367 alii
3249 2308 3497 2382 possint,
3552 2305 3735 2397 sive:
3776 2316 3871 2397 non

2272 2393 2522 2483 potestis
2542 2407 2569 2462 ?
2600 2424 2704 2463 cur
2725 2422 2841 2460 non
2866 2401 3125 2475 possitis,
3148 2400 3196 2454 si
3221 2398 3318 2453 alii
3340 2393 3629 2469 possunt?
3646 2393 3872 2483 impuni-

2271 2476 2472 2568 tatem,
2506 2496 2889 2552 aeternitatem
2916 2495 3136 2563 quanto
3158 2492 3431 2543 constare
3450 2480 3666 2539 vultis?
3711 2483 3784 2568 An
3806 2476 3873 2531 he

2274 2567 2637 2641 nobisiomni
2670 2584 2840 2638 modo
2871 2579 3219 2637 redimenda:
3250 2572 3569 2631 videntur?
3597 2588 3663 2626 an
3694 2567 3874 2625 aliior—

2273 2674 2440 2730 dines
2475 2674 2737 2730 dentium
2772 2671 3261 2735 Christianorum,
3294 2670 3353 2721 et
3373 2663 3474 2721 alii
3503 2676 3704 2734 specus
3747 2654 3874 2713 570

2274 2764 2562 2831 faucium,
2593 2767 2649 2818 et
2700 2761 2797 2818 alii
2831 2761 2902 2816 ad
2927 2759 3132 2815 incesti
3182 2756 3491 2811 libidinem
3540 2746 3736 2806 nervi?
3773 2744 3875 2800 Non

2273 2855 2515 2926 Opinor;
2547 2852 2695 2907 satis
2720 2851 2876 2905 enim
2909 2853 2997 2904 est
3026 2846 3196 2902 nobis
3226 2844 3351 2900 sola
3377 2843 3614 2897 veritate
3640 2856 3671 2893 a
3714 2838 3877 2890 vestra

2273 2943 2559 3018 positione
2587 2939 2861 2997 discerni.
2910 2938 3167 2993 Tertium
3216 2951 3402 3007 genus
3442 2931 3704 3018 dicimur,
3733 2939 3877 3018 cyno-

2274 3012 2476 3105 pennaa
2508 3032 2553 3067 ¹²
2582 3030 2785 3102 aliqui,
2819 3028 2908 3084 vel
2941 3027 3247 3098 sciapodes
3290 3025 3426 3097 (22),
3475 3020 3561 3077 vel
3616 3015 3780 3088 aliqui
3822 3012 3877 3067 de

2278 3123 2659 3179 subterranea
2694 3119 3000 3191 antipodes
3030 3117 3163 3188 (23).

519 3205 728 3268 tratur,
762 3201 982 3272 ignaris
1017 3206 1074 3256 et
1132 3204 1311 3273 dapes
1364 3208 1421 3259 et
1474 3188 1695 3276 nuptiis
1749 3206 2162 3275 subjiciuntur.
2197 3188 2239 3255 C
2347 3212 2403 3267 8.
2437 3211 2495 3267 Si
2529 3227 2646 3281 qua
2676 3188 2838 3273 istic,
2865 3208 3019 3280 apud
3053 3222 3154 3262 vos
3185 3203 3395 3261 saltem
3428 3201 3574 3258 ratio
3596 3202 3699 3265 est,
3726 3190 3882 3281 edatis

524 3289 681 3344 Nihil
712 3290 865 3344 enim
901 3307 1159 3362 unquam
1196 3297 1345 3346 retro
1377 3293 1448 3346 de
1478 3293 1822 3349 Christianis
1871 3295 2165 3367 mysteriis

526 3378 857 3433 audierunt.
891 3380 1110 3435 Tamen
1145 3385 1344 3452 postea
1372 3387 1725 3453 cognoscant
1781 3400 2015 3439 necesse
2073 3387 2164 3439 est

519 3466 607 3522 vel
638 3466 768 3522 aliis
799 3484 946 3539 quos
975 3468 1262 3523 inducunt
1300 3472 1821 3541 praaministranda.
1880 3475 2161 3528 Cmterum

526 3572 703 3627 quam
736 3572 951 3611 vanum
986 3561 1073 3611 est
1106 3559 1378 3629 profanos
1417 3561 1566 3614 scire
1600 3563 1753 3633 quod
1789 3562 2009 3617 nesciat
2067 3579 2162 3617 sa-

525 3646 727 3700 cerdos
748 3644 775 3700 ?
803 3646 1018 3700 Tacent
1048 3645 1246 3717 igitur,
1271 3652 1325 3701 et
1355 3654 1590 3719 accepto
1634 3651 1847 3719 ferunt,
1907 3658 1958 3705 et
2018 3651 2163 3707 nihil

524 3733 822 3807 tragoediae
873 3733 1132 3806 Thyestea
1194 3735 1281 3791 vei
1340 3737 1652 3809 OEdipodis
1709 3744 2046 3811 erumpunt,
2106 3746 2165 3796 et

523 3842 639 3881 non
671 3824 1021 3896 protrahunt
1051 3826 1121 3880 ad
1156 3824 1463 3897 populum,
1493 3827 1603 3882 fide
1634 3826 1693 3882 in
1751 3829 2051 3885 ministros
2109 3834 2166 3885 et

525 3914 827 3987 magistris
858 3917 914 3969 et
946 3914 1015 3969 de
1049 3914 1196 3985 ipsis
1220 3914 1469 3987 potiores
1493 3918 1861 3987 morsusjam
1882 3918 2162 3973 doctis....

527 4004 784 4076 rapiunt.
819 4002 879 4059 Si
912 4003 1057 4058 nihil
1080 4003 1195 4059 tale
1227 4004 1522 4075 probetur,
1546 4006 1763 4075 grande
1794 4006 1986 4063 nescio
2021 4008 2162 4079 quid

524 4092 804 4148 aestimari
863 4097 1110 4164 oportet,
1169 4093 1339 4164 cujus
1396 4094 1794 4165 compensatio
1868 4099 2162 4152 tantarum

526 4181 899 4238 atrocitatum
927 4181 1240 4238 tolerantia
1268 4186 1514 4239 constat.
1566 4183 1791 4239 Misera:
1845 4189 2023 4256 atque
2053 4186 2163 4240 mi-

2274 3300 2442 3356 velim
2470 3279 2724 3373 primum
2747 3304 2803 3354 et
2833 3279 3156 3353 saeundum
3191 3310 3400 3366 genus,
3438 3288 3698 3381 utitade
3740 3279 3883 3381 tertio

2275 3395 2520 3446 constet.
2557 3387 3024 3444 Psammetichus
3054 3384 3291 3456 quidem
3325 3379 3551 3454 putavit
3581 3376 3679 3467 tibi
3712 3388 3767 3428 se
3810 3376 3883 3467 in-

2268 3477 2438 3552 genio
2451 3478 2808 3549 exploratus,
2831 3474 2881 3531 si
2904 3474 2974 3529 de
2996 3473 3185 3546 prima
3203 3470 3470 3543 generis:
3497 3465 3737 3523 diceitur
3755 3465 3884 3552 enim

2271 3548 2541 3622 infantes,
2574 3564 2788 3622 recenti
2838 3580 2869 3619 e
2942 3570 3111 3635 partu
3153 3576 3423 3617 seorsum
3487 3575 3521 3613 a
3573 3548 3883 3611 commercio

2272 3656 2575 3712 hominum
2636 3654 2875 3709 alendos
2940 3651 3254 3706 tradidisse
3318 3647 3557 3717 nutrici,
3624 3656 3784 3715 quam
3838 3638 3885 3690 et

2272 3746 2457 3817 ipsam
2491 3748 2763 3817 proptere
2791 3741 3206 3813 elinguaverat,
3240 3744 3305 3794 ut
3352 3739 3413 3793 in
3464 3740 3646 3792 totum
3688 3726 3883 3817 exsules

2270 3812 2429 3891 vocis
2457 3812 2726 3889 humana:
2760 3848 2876 3887 non
2904 3812 3104 3887 auditu
3140 3830 3467 3885 formarent
3488 3812 3881 3897 loquelam,sed

2273 3941 2379 3980 suo
2403 3927 2735 3995 prementes
2756 3937 2884 3976 eam
2917 3920 3167 3992 primam
3201 3916 3501 3972 nationem
3525 3908 3886 3995 designarent,

2274 4013 2365 4091 cu
2376 3990 2444 4067 uis
2466 4028 2677 4066 sonum
2711 3990 2935 4065 natura.
2952 4008 3251 4063 dictasset.
3288 4006 3485 4061 Prima
3504 4020 3611 4059 vox
3633 3997 3830 4091 Bekkos
3850 3990 3886 4091 ίῗ

2273 4078 2610 4155 renuntiata
2630 4103 2719 4155 est
2748 4099 2858 4169 (24)
2886 4115 2899 4166 ;
2941 4094 3341 4169 interpretatio
3372 4096 3505 4166 ejus
3549 4090 3717 4147 Panis
3760 4078 3889 4155 apud

2275 4187 2535 4259 Phrygas
2557 4203 2771 4243 nomen
2784 4190 2878 4243 est
2895 4204 2909 4258 ;
2924 4185 3177 4258 Phryges
3190 4182 3367 4257 primi
3381 4197 3572 4257 genus
3610 4174 3797 4236 exinde
3808 4171 3891 4225 ha-

1940 4284 2143 4346 Variae
2174 4284 2499 4347 lectiones.

593 4383 613 4417 ⁸
643 4382 764 4457 ltig.
799 4380 974 4454 quod.
1007 4380 1027 4414 θ
1061 4379 1241 4457 _C'odd_.
1267 4379 1409 4457 Mss.
1442 4384 1705 4457 vagetur.
1741 4382 1784 4457 f0
1821 4380 1979 4453 Apol.
2014 4384 2067 4453 8,
2104 4406 2129 4432 «
2157 4382 2364 4449 offulae,
2400 4400 2525 4457 quas
2559 4382 2691 4439 illos
2723 4383 2794 4437 ad
2827 4371 3892 4457 eversionemluminum_extgndant.:

530 4453 691 4525 Quod
711 4447 835 4527 ξ)ροῖ
869 4451 1304 4527 θχὶθΠά-ᾶηιῄίσ
1334 4464 1431 4507 aut
1476 4447 1877 4527 restiuendum'
1905 4459 2006 4508 aut
2054 4447 2585 4527 subintetligehdum
2640 4471 2756 4511 esse
2802 4458 2987 4527 censet
3041 4455 3275 4527 Haqerc.
3342 4454 3384 4489 ίί
3426 4453 3574 4527 ﬂigi
3628 4447 3895 4527 Diversum

529 4511 698 4599 opus.
728 4526 852 4581 Non
887 4529 977 4580 est
1009 4524 1158 4579 scire
1190 4522 1344 4593 illos,
1370 4530 1479 4581 etc.
1516 4525 1559 4561 ¹²
1591 4527 1710 4596 Itig.
1745 4525 2109 4597 Cynopennse
2136 4546 2149 4594 ;
2182 4527 2275 4583 sed
2302 4511 2372 4599 cf:
2408 4528 2562 4599 Apol.
2598 4530 2651 4594 8,
2708 4527 2752 4563 ¹³
2782 4526 2941 4582 Codd.
2976 4542 3106 4581 mss.
3142 4525 3371 4581 Pactos.
3407 4524 3493 4595 Cf.
3518 4511 3715 4577 Ἡενοά.
3742 4517 3793 4581 2,
3819 4511 3863 4565 2.

1951 4634 2471 4696 Commentarios.

598 4730 707 4801 (2i)
738 4729 956 4784 Semeso
986 4745 1151 4801 puero
1188 4729 1537 4801 supervenit.
1564 4728 1755 4785 Variis
1808 4731 2170 4801 argumentis
2200 4735 2246 4799 D
2277 4730 2575 4787 Gallorum
2647 4729 3022 4799 Mercurium,

526 4800 889 4875 impietatem
945 4800 1102 4855 illam
1153 4817 1280 4875 qua)
1330 4800 1696 4875 Christianis
1737 4800 2172 4875 impingebatur

528 4872 994 4943 arcet,7facitque
1022 4890 1129 4927 sua
1159 4873 1494 4943 eloquentia
1524 4876 1589 4926 ut
1619 4872 1839 4929 crimen
1875 4872 2019 4930 illud
2080 4874 2169 4929 in-

530 4942 813 4999 fanticidii
849 4942 961 4999 non
995 4944 1207 4999 haereat
1239 4942 1295 4999 in
1348 4943 1717 5000 Christianis.
1780 4946 2164 5002 Notissimum

524 5032 654 5072 esse
685 5017 853 5070 debet
884 5016 1236 5070 calumniam
1273 5014 1432 5070 illam
1467 5017 1837 5086 desumptam
1886 5019 2068 5073 fuisse
2098 5034 2166 5073 ex

526 5088 847 5145 infamibus
880 5089 1062 5159 sacris
1094 5087 1351 5156 Saturni,
1386 5105 1511 5158 quae
1544 5088 1603 5142 in
1633 5089 1825 5143 Africa
1862 5090 1983 5145 fieri
2028 5106 2164 5144 con-

527 5166 859 5225 sueverunt,
891 5161 949 5215 in
978 5160 1191 5229 quibus
1223 5162 1631 5215 mactabantur
1689 5160 1961 5218 infantes.
2023 5161 2164 5217 Pru-

525 5234 780 5299 dentius,
816 5233 918 5288 lib.
952 5250 1013 5299 II,
1050 5233 1179 5287 adv.
1203 5232 1593 5302 Symmachum
1616 5250 1634 5285 :

588 5349 833 5399 Caedibus
862 5349 1131 5397 infantum
1163 5349 1369 5397 fument
1389 5348 1633 5397 Saturnia
1653 5362 1819 5409 sacra,

587 5411 974 5475 Flebilibusque
1004 5415 1179 5461 truces
1209 5414 1461 5461 resonent
1489 5411 1755 5475 vagitibus
1791 5424 1915 5460 arm.

594 5518 749 5576 Nihil
774 5519 961 5592 magis
992 5518 1225 5592 obvium
1261 5518 1414 5592 apud
1450 5517 2164 5592 Lactantium,Minutium

523 5599 581 5650 et
638 5590 897 5649 caateros.
945 5592 1075 5663 Ipse
1131 5590 1529 5663 Tertullianus
1589 5594 1813 5663 contra
1852 5590 2164 5647 Gnosticos

523 5667 645 5722 haec
673 5665 889 5722 habet:
923 5685 951 5714 «
973 5659 989 5663 “
1012 5662 1283 5719 Sedenim
1340 5662 1690 5736 Scytharum
1749 5659 2019 5732 Dianam,
2065 5665 2167 5719 aut

3098 4732 3200 4784 aut
3244 4730 3522 4784 Afrorum
3569 4727 3894 4800 Saturnum.

2281 4803 2588 4859 hominum
2632 4804 2872 4859 victima
2922 4793 3139 4873 placari
3181 4802 3359 4873 apud,
3406 4798 3687 4856 saeculum
3734 4793 3891 4849 licuit.

2282 4876 2355 4931 Ls
2388 4880 2490 4930 Pa.
3860 4930 3869 4940 .

2351 4947 2461 5018 (22)
2526 4945 2866 5018 Cynopenna:
2926 4945 3130 5018 aliqui,
3200 4944 3287 5018 vel
3347 4942 3640 5018 Sciopodqs
3684 4942 3707 4991 -’
3760 4932 3894 5018 P98“

2276 5008 2598 5086 Pa'me'liusv,
2673 5008 2850 5089 quem
2911 5008 3181 5088 sequitur
3238 5008 3515 5089 Lacerda,
3574 5008 3895 5089 Cynophane,

2274 5091 2476 5173 sicque
2526 5077 2749 5173 sensus
2804 5092 2928 5173 est:
2974 5077 3289 5173 sumasne.
3318 5077 3532 5173 canino
3588 5077 3898 5173 {vultuhaut

2275 5154 2485 5217 canina
2524 5160 2895 5233 impudentia
2927 5165 2991 5215 ut
3013 5160 3399 5233 homicidium
3427 5164 3552 5233 tam
3572 5154 3742 5233 facile
3759 5162 3897 5233 epeo-

2273 5240 2465 5290 temus
2497 5219 3064 5289 seuinfanticidium
3089 5231 3117 5287 ?
3152 5230 3532 5287 Vowerenius
3556 5219 3805 5299 Cyclopes
3836 5219 3896 5275 le-

2273 5306 2359 5380 git
2376 5305 2710 5380 :Aat_Desid‘.
2750 5304 3031 5360 Heraldus
3051 5304 3228 5380 habet
3250 5305 3640 5380 _Cynqp_enna_3.
3678 5300 3819 5380 Ini-zu.

2346 5377 2456 5448 (23)
2483 5378 2566 5450 pe
2616 5376 2968 5450 subterraneo
3019 5370 3527 5450 Ληιίροάείτᾙὶὶ).
3581 5373 3647 5427 ἀρ
3700 5370 3891 5450 Anima,

2273 5447 2407 5519 Pag.
2440 5448 2565 5512 334,
2599 5448 2784 5505 dixit:
2848 5470 2876 5497 «
2925 5448 3201 5505 Animalia
3256 5447 3681 5504 subterraneum
3734 5447 3892 5496 viven-

2273 5521 2371 5574 tia.
2410 5541 2435 5568 »
2469 5519 2594 5573 RIG.

2344 5591 2458 5661 (24)
2486 5591 2682 5646 Prima
2702 5606 2807 5661 vox
2836 5592 3029 5647 Beccos
3085 5591 3418 5661 renuntiata,
3468 5590 3571 5661 est.
3636 5586 3889 5661 Deprava-

2274 5657 2403 5717 tum
2433 5665 2523 5719 est
2553 5662 2709 5734 quod
2736 5660 2798 5720 in
2830 5661 3026 5720 codice
3065 5660 3349 5736 Agobardi
3404 5657 3644 5732 legitur.
3698 5657 3888 5711 Pactam
