4094 6186
176 350 280 409 641

1394 336 1496 395 AD
1541 324 1956 393 NATIONES.
1994 360 2066 370 —-
2111 327 2256 386 LlB.
2303 326 2352 386 Ι.

3456 327 3574 385 642

174 485 405 540 bentur.
440 480 551 536 Sed
584 478 694 534 hoc
726 491 911 533 unum
938 473 1047 531 erit
1074 473 1146 529 de
1183 468 1544 527 vanitatibus
1604 468 1822 522 vestra-
1851 464 1908 530 A
1938 496 2148 535 causas
2203 494 2332 534 esse
2386 475 2585 532 vultis.
2640 475 2697 530 Si
2744 474 2969 530 Tiberis
3032 475 3464 545 redundaverit,
3526 477 3577 532 si

177 588 302 629 rum
322 569 662 626 fabularum
688 584 801 622 non
823 564 1008 620 otiose
1024 562 1191 618 nobis
1224 557 1681 626 retractandum,
1706 570 1819 627 quo

178 663 349 717 ﬁdem
409 663 667 714 vestram
723 654 1083 711 vanitatibus
1151 666 1327 723 quam
1375 646 1721 703 veritatibus
1780 644 1825 682 ¹⁴

178 751 437 806 deditam
472 748 875 803 demonstrare
907 742 1212 812 gestimus.
1244 742 1329 795 An
1363 737 1601 794 omnino
1633 734 1825 789 credi—

176 839 284 895 bile
318 839 424 903 sit,
449 836 552 891 tali
584 834 846 890 membro
871 832 1125 893 desecto,
1154 832 1379 885 vastato
1409 826 1596 896 ipsius
1620 824 1826 879 animis

178 945 396 999 organo
430 931 486 981 et
504 925 704 996 utique
736 921 1017 978 radicitus
1048 935 1218 985 caeso,
1242 916 1515 972 caetratis
1536 915 1827 982 faucibus,

178 1034 303 1090 qua
368 1016 548 1071 etiam
611 1013 981 1068 extrinsecus
1028 1006 1353 1080 periculose
1428 1004 1828 1069 vulnerantur,

179 1106 387 1164 exinde
418 1104 553 1159 tabe
584 1102 643 1156 in
679 1099 994 1172 praecordia
1024 1097 1324 1161 refluente,
1358 1100 1555 1166 postre
1595 1109 1691 1147 mo
1722 1090 1832 1146 ali-

179 1195 467 1269 quamdiu
502 1189 871 1247 cessantibus
893 1185 1214 1254 alimentis,
1247 1186 1425 1238 vitam
1461 1182 1677 1238 nutrici
1704 1197 1834 1253 per-

176 1287 426 1341 durasse
458 1281 485 1335 ?
515 1284 626 1351 Age
657 1294 835 1342 nunc,
865 1274 1321 1348 perseveraverit
1350 1270 1683 1327 Philomela:
1718 1285 1837 1324 me-

185 1370 615 1428 dicamentis...
648 1381 821 1438 quam
867 1369 924 1420 et
980 1363 1172 1435 ipsam
1226 1361 1659 1433 prudentiores,
1718 1376 1835 1415 non

183 1463 404 1533 linguae
433 1458 611 1523 caede,
646 1455 745 1510 sed
778 1452 1019 1525 pudoris
1046 1451 1258 1507 rubore
1290 1454 1513 1505 mutam
1550 1449 1839 1520 interpre-

187 1556 414 1607 tantur.
438 1547 497 1603 Si
516 1561 652 1617 ergo
669 1544 829 1611 vixit,
854 1542 1042 1614 potuit
1064 1539 1290 1595 eﬂ‘utire
1313 1538 1529 1610 aliquid
1557 1540 1834 1594 obtusum

175 1648 229 1697 et
260 1635 723 1695 exarticulatum
757 1648 970 1689 sonum
999 1630 1420 1699 tinuitumque,
1469 1628 1594 1683 sine
1627 1629 1836 1683 modu-

178 1731 300 1786 latu
338 1725 712 1792 labellorum,
745 1737 1003 1793 expanso
1035 1735 1153 1785 ore,
1187 1719 1390 1789 lingua
1420 1722 1716 1788 stupente,
1767 1717 1837 1771 de

1930 570 2097 625 Nilus
2157 585 2273 624 non
2322 566 2691 633 redundavit,
2742 566 2791 621 si
2842 565 3053 619 coelum
3104 564 3282 633 stetit,
3316 566 3365 621 si
3422 571 3579 622 terra

1935 658 2184 714 movit...
2217 657 2336 712 tiva
2363 655 2630 723 vastavit,
2664 655 2712 710 si
2746 655 2929 710 fames
2954 655 3182 725 afﬂixit,
3213 655 3407 710 statim
3453 673 3580 711 om-

1936 748 2098 802 nium
2155 764 2303 801 vox:
2335 746 2643 803 Christi....
2677 748 2823 799 tum.
2857 743 3029 808 Quasi
3063 744 3357 799 modicum
3402 746 3577 802 hahe-

1938 840 2039 891 ant
2068 840 2171 891 aut
2201 836 2360 891 aliud
2395 838 2654 890 metuere
2686 832 2697 886 Ξ
2742 832 2886 898 Quid
2945 833 3167 901 igitur?
3218 834 3456 905 Opinor,
3519 840 3583 889 ut

1939 931 2370 996 contemptores
2392 925 2631 978 deorum
2657 928 2982 976 vestrorum
3008 921 3128 985 haec
3152 923 3350 993 jacula
3378 940 3579 979 eorum

1940 1030 2345 1091 provocamus.
2398 1012 2469 1067 Ut
2527 1028 2705 1082 supra
2763 1011 3075 1079 edidimus,
3133 1012 3317 1066 aetatis
3376 1019 3582 1067 nostrae

1944 1104 2203 1159 nondum
2236 1104 2348 1173 (28)
2380 1101 2516 1156 anni
2549 1100 2813 1169 trecenti,
2845 1106 3074 1170 quantae
3104 1101 3300 1156 clades
3338 1108 3472 1157 ante
3526 1103 3581 1157 ld

1944 1193 2199 1264 spatium
2235 1207 2415 1263 supra
2448 1190 2783 1244 universum
2816 1190 3015 1244 orbem
3057 1190 3129 1243 ad
3162 1190 3426 1261 singulas
3483 1209 3584 1246 ur-

1944 1283 2046 1337 bes
2074 1286 2130 1336 et
2152 1280 2480 1352 provincias
2510 1278 2890 1333 ceciderunt?
2922 1286 3139 1349 quanta
3171 1278 3321 1333 bella
3351 1284 3589 1336 externa

1944 1376 2000 1426 et
2030 1369 2311 1424 intestina
2342 1369 2365 1422 Ρ
2398 1373 2538 1439 quot
2559 1372 2775 1439 pestes,
2813 1368 3013 1435 fames,
3036 1367 3222 1437 ignes,
3258 1368 3452 1424 hiatus
3475 1386 3589 1424 mo-

1944 1465 2158 1531 tusque
2190 1464 2477 1513 terrarum
2509 1455 2774 1512 seculum
2810 1455 3102 1527 digessit?
3126 1455 3229 1510 Ubi
3252 1462 3395 1511 tunc
3420 1458 3587 1513 Chri-

1947 1548 2145 1614 stiani,
2178 1564 2309 1602 cum
2336 1563 2426 1601 res
2458 1547 2718 1600 Romana
2738 1548 2826 1599 tot
2861 1544 3136 1599 historias
3161 1544 3428 1600 laborum
3459 1563 3591 1602 suo-

1947 1655 2076 1693 rum
2137 1633 2648 1692 subministravit?
2709 1634 2806 1687 uhi
2864 1639 3002 1687 tunc
3058 1634 3391 1703 Christiani,
3453 1652 3585 1691 cum

1948 1728 2313 1797 Hierenappe
2343 1725 2457 1793 (29)
2490 1728 2546 1778 et
2604 1722 2857 1792 Delphos
2916 1728 2972 1776 et
3025 1723 3254 1777 Rhodos
3288 1724 3329 1757 ¹⁸
3361 1726 3476 1795 (30)
3534 1729 3592 1780 et

179 1819 317 1875 solis
353 1815 629 1871 faucibus
657 1813 785 1883 cogi
815 1810 987 1875 licet;
1021 1809 1076 1863 id
1112 1809 1231 1863 fors
1262 1813 1400 1863 tunc
1423 1806 1676 1862 infantes
1701 1809 1839 1877 quia
1870 1830 1916 1894 B
1948 1818 2114 1871 creta
2144 1814 2350 1869 insulae
2385 1811 2587 1867 multis
2618 1826 2748 1866 cum
2782 1809 3047 1864 millibus
3090 1810 3396 1866 hominum
3456 1830 3589 1884 pes-

183 1909 456 1972 unicum,
493 1901 722 1958 facilius
767 1897 1163 1963 commentati,
1227 1896 1397 1968 paulo
1456 1894 1835 1963 modulatius,

185 1988 754 2068 utpotelinguatuli,
786 1989 845 2043 in
867 1993 1106 2042 ventum
1136 1985 1389 2055 alicujus
1412 1984 1837 2055 interpretatio.

189 2087 281 2141 nis
314 2079 696 2154 impegerint.
730 2077 842 2149 (25)
874 2076 1003 2132 Sint
1033 2090 1188 2129 nunc
1213 2073 1383 2144 primi
1415 2072 1691 2145 Phryges,
1724 2090 1839 2127 non

186 2180 391 2230 tamen
417 2168 577 2224 tertii
598 2166 913 2223 Christiani
945 2182 958 2231 ;
984 2166 1217 2234 quantae
1239 2162 1394 2216 enim
1419 2161 1543 2216 alia:
1575 2161 1839 2231 gentium

186 2262 375 2320 series
411 2262 547 2331 post
580 2257 834 2328 Phrygas
864 2254 891 2309 ?
921 2253 1134 2307 Verum
1172 2252 1508 2318 reccgitare;
1568 2266 1639 2305 ne
1696 2266 1843 2320 quos

183 2350 435 2409 tertium
482 2362 671 2418 genus
703 2343 919 2408 dicitis,
952 2340 1275 2414 principem
1300 2340 1491 2394 locum
1521 2339 1846 2407 obtineant,

187 2438 494 2512 siquidem
530 2451 643 2489 non
677 2433 799 2487 ulla
839 2448 985 2504 gens
1042 2446 1158 2485 non
1216 2428 1585 2493 Christiana;
1648 2429 1848 2500 itaque

188 2540 566 2601 quacunque
598 2537 741 2593 gens
784 2522 995 2591 prima,
1054 2517 1439 2572 nihilominus
1494 2516 1845 2573 Christiana.

187 2614 466 2674 Ridicule
501 2611 816 2677 dementia,
878 2607 1227 2662 novissimos
1282 2606 1476 2660 dicitis
1531 2611 1588 2661 et
1645 2609 1849 2663 tertios

192 2702 547 2763 nominatis.
580 2700 688 2755 Sed
720 2699 790 2753 de
821 2695 1236 2769 superstitione
1264 2694 1505 2749 tertium
1539 2711 1725 2765 genus
1757 2697 1851 2751 de-

192 2801 507 2869 putamur,
540 2805 653 2843 non
682 2789 752 2842 de
783 2787 1029 2850 ratione,
1063 2790 1124 2838 ut
1153 2783 1274 2838 sint
1321 2784 1592 2852 Romani,
1639 2785 1848 2855 Judaei,

195 2884 421 2941 dehinc
452 2877 797 2934 Christiani.
866 2875 967 2932 Ubi
1034 2878 1229 2928 autem
1284 2872 1515 2928 Graaci?
1563 2874 1647 2929 vel
1708 2876 1757 2930 si
1791 2876 1849 2931 in

193 2974 606 3029 Romanorum
638 2963 1154 3036 superstitionibus
1206 2965 1539 3030 censentur,
1589 2965 1853 3033 quando-

191 3061 449 3133 quidem
483 3057 628 3112 571
667 3054 842 3109 etiam
875 3052 1013 3106 deos
1057 3050 1286 3105 Graeciae
1341 3054 1525 3105 Roma
1582 3050 1854 3107 sollicita-

188 3151 271 3206 vit
299 3149 449 3220 (26),
478 3145 579 3200 ubi
611 3142 820 3199 saltem
851 3140 1121 3212 Egyptii,
1168 3144 1226 3193 et
1269 3139 1404 3211 ipsi,
1438 3140 1590 3210 quod
1641 3141 1844 3207 sciam,

190 3240 440 3312 privata:
472 3234 831 3301 curiosaequc
861 3227 1202 3301 religionis?
1234 3228 1426 3292 Porro,
1459 3229 1507 3281 si
1535 3234 1651 3283 tam
1686 3246 1849 3284 mon-

190 3326 444 3389 struosi,
478 3321 581 3394 qui
613 3320 741 3374 terii
774 3318 905 3384 loci,
940 3316 1144 3389 quales
1177 3316 1451 3384 habendi,
1502 3317 1603 3381 qui
1660 3319 1849 3391 primo

186 3425 243 3476 et
270 3412 546 3472 secundo
588 3408 981 3463 antecedunt?

251 3508 307 3561 9.
331 3503 451 3559 Sed
487 3498 627 3571 quid
652 3513 756 3568 ego
789 3496 969 3550 mirer
998 3511 1148 3550 vana
1178 3499 1391 3564 vestra,
1424 3510 1558 3549 cum
1607 3512 1677 3550 ex
1733 3499 1850 3552 for-

180 3613 279 3651 ma
312 3588 580 3648 naturali
614 3588 1034 3656 concorporata
1090 3588 1145 3638 et
1199 3587 1469 3638 concreta
1523 3584 1855 3642 intercessit

179 3682 418 3739 malitia
446 3683 505 3734 et
539 3674 791 3732 stultitia
810 3673 920 3729 sub
938 3673 1139 3728 eodem
1164 3672 1433 3743 mancipe
1453 3674 1667 3729 erroris
1690 3676 1802 3746 (27)
1826 3680 1853 3731 γ

188 3775 368 3840 Sane,
404 3768 553 3841 quia
585 3782 701 3820 non
734 3763 932 3829 miror,
965 3778 1301 3817 enumerem
1359 3779 1597 3819 necesse
1628 3772 1741 3832 est,
1797 3770 1855 3820 et

188 3880 293 3918 vos
309 3854 786 3929 recognoscendo
810 3850 1123 3913 miremini,
1144 3850 1200 3904 in
1227 3857 1509 3921 quantam
1541 3853 1852 3911 stultitiam

189 3946 499 4011 incidatis,
532 3942 634 4015 qui
666 3941 861 3997 omnis
894 3939 1079 3995 eladis
1110 3938 1360 4010 publica;
1387 3941 1475 3995 vel
1504 3941 1731 4013 injuriis
1750 3961 1856 4000 nos

1949 1904 2317 1961 sumierunt:
2369 1901 2453 1956 vel
2516 1916 2693 1971 quam
2752 1899 2915 1953 Plato
2974 1905 3257 1954 memorat
3314 1903 3593 1972 majorem

1947 1993 2143 2048 Asiam
2178 1996 2280 2047 aut
2312 1992 2555 2045 Africam
2587 1988 2873 2044 Atlantico
2904 1989 3051 2041 mari
3109 2004 3399 2055 mersam;
3459 2008 3593 2046 cum

1948 2082 2247 2136 Vulsinios
2280 2081 2350 2135 de
2376 2078 2539 2144 caelo,
2569 2077 2848 2148 Tarpeios
2878 2079 2945 2132 de
2978 2094 3083 2131 suo
3116 2085 3311 2132 monte
3332 2079 3600 2149 lperfudit

1949 2171 2124 2242 ignis,
2158 2186 2288 2224 cum
2322 2175 2489 2222 terrae
2517 2171 2677 2221 motu
2711 2182 2871 2221 mare
2914 2166 3278 2221 Corinthium
3337 2174 3598 2240 ereptum

1954 2266 2061 2324 est,
2095 2275 2227 2313 cum
2260 2262 2447 2311 totum
2481 2257 2680 2311 orbem
2710 2254 3097 2326 cataclysmus
3149 2256 3437 2311 abolevit?
3489 2257 3597 2312 Ubi

1952 2352 2114 2417 tunc,
2144 2363 2256 2401 non
2281 2347 2471 2399 dicam
2506 2350 2935 2415 contemptores
2987 2344 3225 2398 deorum
3259 2345 3595 2410 Christiani,

1956 2438 2057 2492 sed
2091 2436 2203 2507 ipsi
2242 2435 2314 2489 dii
2350 2433 2549 2497 vestri,
2583 2449 2733 2503 quos
2763 2431 3041 2486 cladeilla
3074 2432 3422 2502 posteriores
3454 2433 3601 2498 loca,

1958 2526 2172 2598 oppida
2200 2524 2547 2596 approbant,
2580 2522 2635 2575 in
2671 2521 2882 2588 quibus
2923 2522 3067 2589 nati,
3111 2521 3337 2586 morati,
3390 2524 3601 2593 sepulti

1959 2621 2119 2686 sunt,
2139 2615 2311 2669 etiam
2340 2629 2467 2683 quea
2487 2608 2919 2666 condiderunt?
2938 2625 3053 2663 non
3068 2607 3212 2663 alias
3232 2610 3387 2664 enim
3402 2628 3605 2682 super-

1959 2704 2209 2760 fuissent
2238 2703 2308 2756 ad
2330 2701 2699 2765 hodiernum,
2733 2698 2843 2752 nisi
2871 2697 3181 2768 posthuma
3213 2697 3397 2754 cladis
3420 2700 3600 2757 illius.

1959 2794 2066 2848 Sed
2102 2792 2358 2862 relegere
2380 2788 2762 2859 etirevolvere
2820 2803 2934 2840 non
2993 2787 3211 2840 curatis
3266 2788 3603 2844 testimonia

1961 2886 2291 2951 temporum
2352 2876 2521 2932 aliter
2576 2874 2739 2930 vobis
2796 2877 3151 2940 renuntiata,
3204 2875 3497 2946 imprimis
3529 2893 3602 2931 ne

1962 2972 2101 3025 deos
2115 2963 2780 3035 vestrosinjustissimos
2803 2963 3210 3034 pronuntiatis,
3237 2963 3334 3033 qui
3369 2969 3603 3035 propter

1963 3061 2392 3127 contemptores
2423 3054 2596 3108 etiam
2649 3051 2901 3106 cultores
2946 3068 3086 3105 suos
3144 3051 3402 3119 laedunt;
3459 3058 3601 3108 tunc

1964 3146 2115 3202 enim
2140 3143 2526 3214 vosmetipsos
2557 3156 2748 3195 errare
2782 3140 3064 3210 probatis,
3089 3139 3136 3193 si
3168 3140 3305 3193 deos
3336 3140 3600 3206 traditis,

1963 3234 2062 3306 qui
2111 3250 2214 3289 vos
2265 3250 2298 3287 a
2349 3230 2566 3286 meritis
2625 3230 3000 3299 profanorum
3059 3244 3171 3282 non
3234 3229 3597 3284 discernunt.

1958 3323 2119 3387 Quod
2154 3322 2226 3385 si,
2260 3326 2323 3375 ut
2354 3336 2505 3374 unus
2537 3324 2713 3388 atque
2744 3316 2999 3371 alius....
3035 3333 3167 3371 mus
3224 3318 3324 3382 ait,
3383 3318 3599 3373 idcirco

1959 3413 2124 3468 vobis
2156 3426 2387 3481 quoque
2414 3408 2769 3469 irascuntur,
2803 3405 3081 3476 quoniam
3116 3406 3188 3459 de
3215 3407 3369 3462 572
3404 3413 3604 3463 nostra

1961 3500 2351 3556 eradicatione
2378 3496 2689 3565 negligitis,
2721 3494 3057 3549 absolutum
3090 3499 3179 3549 est
3220 3495 3289 3549 de
3345 3494 3602 3551 inﬁrmi-

1961 3595 2081 3645 tate
2101 3593 2159 3643 et
2188 3586 2586 3643 mediocritate
2616 3601 2818 3639 eorum
2844 3600 2858 3650 ;
2892 3600 3029 3638 nam
3063 3600 3177 3638 non
3211 3583 3605 3641 irascerentur

1961 3679 2125 3735 vobis
2144 3679 2200 3732 in
2228 3673 3137 3739 animadversionecessantibus,
3164 3673 3209 3726 si
3229 3672 3343 3742 ipsi
3366 3675 3602 3746 exsequi

1964 3772 2205 3839 possent
2238 3778 2616 3835 ;quanquam
2651 3766 2707 3816 et
2740 3761 2883 3815 alias
2927 3761 3284 3815 conﬁtemini
3341 3762 3522 3829 istud,
3556 3764 3606 3818 si

1965 3856 2198 3928 quando
2258 3853 2389 3907 illos
2446 3850 2734 3922 supplicio
2794 3854 2992 3903 nostro
3036 3849 3314 3903 videmini
3375 3851 3600 3907 ulcisci.

1968 3943 2219 4000 Abaliud
2252 3959 2286 3996 a
2316 3942 2537 4012 majore
2568 3936 2898 3993 defenditur
2929 3937 3060 4008 (31).

1607 4078 1810 4140 Variae
1841 4079 2160 4140 lectiones.

263 4192 311 4226 ¹⁸
342 4187 525 4245 Scrib.
561 4202 693 4241 van.
730 4183 925 4256 potius
958 4199 1134 4255 quam
1168 4199 1282 4242 rev.
1320 4184 1362 4219 1⁵
1392 4183 1571 4240 Scrib.
1606 4186 1801 4255 Hiera,
1832 4186 2078 4259 Anaphe
2112 4184 2217 4256 (vel
2248 4183 2464 4255 Napea)
2496 4186 2552 4237 et
2584 4179 2772 4247 Delos,
2800 4183 2911 4248 etc,
2946 4177 3028 4249 Cf.
3063 4176 3204 4250 Apol
3228 4179 3313 4233 40.

1659 4331 2160 4393 Commentarius

193 4439 358 4511 Nam
385 4436 543 4511 apud
575 4431 1222 4511 Ηβγράοῐυωρεειιὶο-ξε
1249 4432 1347 4503 qui
1373 4433 1856 4511 hanchistoriam
1891 4443 1937 4507 D
1970 4446 2169 4497 tenam
2201 4439 2495 4511 intelligit,
2532 4437 2905 4507 magnarium
2939 4436 3105 4493 illum
3138 4432 3360 4491 fraudis
3400 4435 3455 4487 et
3486 4447 3610 4488 ma-

191 4502 1120 4582 Septimiotradiderescribitur
1138 4502 1546 4582 .Beixaoqﬁpud
1576 4506 1857 4582 Galerium

192 4572 444 4669 quoque
476 4578 576 4633 lib.
614 4578 786 4669 11,‘D_e
995 4572 1363 4669 Ἀλλ’κεῖλκςὶ
1396 4572 1616 4669 Βέκκςξὶ
1652 4578 1857 4669 ἐθέλεις

185 4645 285 4723 ’ς’ὸν
351 4645 550 4723 ίᾶρτον
611 4646 818 4718 καλεῖν,
878 4648 1059 4721 ὥσπερ
1116 4645 1175 4699 οἴ
1229 4648 1443 4723 Φρύγες
1502 4646 1657 4702 οὐδὲν
1717 4653 1851 4722 ἡμῖν

190 4721 449 4797 διαφέρει
480 4725 607 4797 RIG.

264 4789 387 4867 (2'5)
418 4796 705 4867 ιηρςηιαηι
728 4794 963 4867 alicujus
1004 4789 1472 4867 interpretationis
1504 4792 1853 4863 z'mpegcrint.

186 4861 318 4923 Hoc
356 4861 467 4930 est,
499 4865 833 4919 Temerario
864 4861 1076 4935 linguae
1110 4861 1166 4917 in
1198 4861 1558 4935 contrarium
1582 4861 1592 4863 ⁷
1620 4870 1855 4921 ventum

182 4940 323 4994 sive
359 4953 553 4993 aerem
570 4936 821 5008 appulsu
844 4934 1053 4992 sonum
1087 4935 1336 5006 alicujus
1358 4934 1857 5005 interpretationis

186 5011 527 5066 ediderint.
563 5014 726 5063 IDEM.

279 5085 405 5155 (26)
438 5086 577 5155 Deos
599 5078 821 5155 Gijwz'cw
876 5081 1049 5134 Roma
1096 5079 1436 5155 sollicitavit.
1466 5078 1534 5155 _ln
1585 5079 1858 5135 omnibus

181 5149 441 5217 Graecus
466 5153 674 5207 imitati
705 5157 845 5207 sunt
873 5153 1141 5218 Romani,
1178 5166 1363 5220 usque
1410 5149 1481 5220 ad
1532 5165 1756 5206 errores
1804 5159 1859 5207 et

182 5229 352 5287 vitia.
390 5243 403 5280 :
448 5224 496 5278 si
524 5242 649 5297 quae
676 5225 739 5297 in
764 5224 981 5279 Graecia
1014 5230 1149 5278 nata
1181 5218 1287 5297 aut
1309 5218 1546 5297 exculta
1577 5222 1700 5297 fuit
1755 5240 1854 5278 su-

272 5296 503 5357 rstitio,
540 5291 751 5350 "statim
797 5297 1035 5350 Romam
1090 5292 1433 5358 convolavit,
1492 5291 1590 5346 ubi
1652 5311 1858 5364 magno

272 5320 503 5357 ιδεωιιυ,
552 5320 751 5350 διᾶιιυι
800 5320 1035 5350 numam
1090 5320 1433 5358 uuuvumvu,
1495 5320 1590 5346 ιιυι
1652 5320 1856 5364 ιιηιιςῐιυ

182 5320 523 5431 Εὲωἱουω
558 5367 768 5437 plausu
786 5366 1201 5437 excipiebatur.
1236 5364 1643 5420 Sollicitabant
1660 5368 1856 5434 etiam,

183 5448 315 5501 hoc
344 5444 438 5495 est
472 5440 716 5493 numina
740 5438 837 5493 illa
871 5448 921 5492 et
952 5439 1237 5493 vanitates
1268 5437 1659 5492 Barbarorum
1691 5440 1861 5494 advo-

186 5516 429 5573 cabant
454 5528 467 5565 :
502 5510 587 5564 sic
608 5510 836 5573 Cybelle
856 5514 1039 5563 mater
1068 5512 1308 5564 deorum
1335 5506 1488 5562 ultro
1513 5508 1862 5567 Pessinunte

184 5591 465 5645 Romam
499 5580 807 5636 advolavit.
844 5580 915 5634 Ls
950 5581 1048 5634 Pa.

263 5657 395 5733 (2‘7)
425 5654 542 5710 Sub
572 5652 757 5709 eodem
778 5654 1034 5721 mancipe
1058 5651 1285 5707 erroris.
1342 5649 1556 5707 Malum
1600 5652 1721 5710 sive
1750 5655 1855 5711 Sa-

1970 4513 2107 4567 litis:
2141 4512 2585 4583 negotiatorem.
2620 4512 2745 4563 Βία.

2041 4585 2147 4656 (28)
2181 4575 2375 4639 ⁴ἂῗτίιιίδ
2422 4586 2628 4656 nostri};
2680 4579 2946 4649 nondum,
2997 4584 3115 4656 _etc.
3177 4579 3306 4656 Mox
3348 4575 3609 4656 dixerat,

1965 4647 2211 4712 nondum
2241 4658 2379 4711 anni
2407 4655 2531 4708 250.
2566 4651 2668 4705 llic
2698 4668 2829 4705 vere
2860 4647 3121 4707 nondum
3155 4650 3292 4705 anni
3342 4647 3609 4703 trecenti.

1968 4728 2029 4782 In
2062 4746 2127 4784 eo
2164 4736 2356 4783 tamen
2383 4732 2499 4780 tam
2532 4724 2690 4778 brevi
2723 4726 2932 4792 spatio,
2964 4729 3050 4778 tot
3106 4721 3300 4776 clades
3353 4719 3608 4792 existite-

1968 4805 2303 4866 runt,tanta
2332 4790 3227 4868 strageseditaCbristianorum
3254 4792 3309 4868 in
3330 4790 3611 4868 pmnibus

1966 4862 2127 4929 orbis
2156 4862 2541 4943 partibusfut
2570 4866 2888 4943 incredible
2920 4867 3158 4943 omninp
3215 4864 3271 4918 id
3330 4862 3614 4917 habeatur

1966 4937 2173 5017 parum
2205 4947 2422 4997 attente
2455 4938 2981 5017 considerantibus.
3020 4938 3090 4992 Ls
3113 4937 3210 5017 Pa.

2040 5017 2154 5085 (28)
2189 5018 2550 5077 Hierennape,
2584 5010 3063 5085 ProMHierenape,
3098 5013 3163 5063 ut
3191 5022 3391 5077 supra,
3423 5004 3612 5075 Cyno-

1972 5082 2155 5155 penne
2188 5105 2289 5153 pro
2322 5088 2647 5156 Cynopene.
2685 5082 2809 5156 Rm.

2041 5162 2149 5229 (150)
2178 5145 2239 5213 Et
2273 5145 2496 5225 Delphos
2527 5159 2579 5209 et
2612 5154 2837 5229 (iliades.
2881 5148 3245 5224 Apologetici
3277 5165 3403 5229 cap.
3467 5145 3615 5229 illud

1968 5224 2095 5285 trac
2112 5224 2291 5296 tavit;
2323 5224 2453 5283 vide
2492 5244 2618 5298 quis
2668 5226 2839 5280 habet
2869 5230 2924 5279 et
2946 5242 3070 5298 qua:
3119 5225 3400 5298 annotata
3432 5224 3612 5298 _sunt.

1970 5304 2176 5356 Nescio
2209 5291 2288 5355 an
2316 5291 2725 5368 corrigendum
2756 5301 2935 5359 esset,
2962 5291 3152 5361 llic-ra,
3183 5299 3239 5368 et
3258 5291 3614 5368 Anaphepro

1970 5375 2329 5444 Iliercnappc,
2363 5376 2421 5426 et
2451 5364 2729 5444 D'elosprg
2763 5370 3019 5444 Delphos.
3044 5364 3616 5444 immianusquippe

1969 5445 2070 5499 lib.
2106 5436 2258 5512 xvri';
2300 5436 2324 5492 ε’
2351 5444 2419 5498 Ut
2448 5443 2505 5497 in
2530 5436 2664 5496 Asia
2695 5436 2875 5495 Delos
2896 5440 3155 5508 emersit,
3208 5442 3264 5493 et
3318 5437 3511 5501 Hiera,
3561 5436 3620 5487 et

1970 5518 2228 5587 Anaphe,
2263 5521 2319 5571 et
2349 5514 2612 5579 Rhodus,
2642 5533 2669 5587 η
2704 5513 2779 5568 Le
2810 5516 2925 5587 P_n._
3232 5579 3281 5587 Α.
3522 5572 3532 5583 ,

2044 5579 2154 5659 (31)
2185 5579 2424 5643 Ᾰὺαιὶιιά
2468 5604 2503 5642 a
2557 5585 2767 5659 maiore
2825 5584 3189 5659 defe_nc_litur._
3229 5579 3321 5633 Sic
3362 5579 3615 5659 .om‘nin‘o

1970 5643 2186 5734 legitur
2215 5660 2274 5715 in
2305 5658 2606 5716 vetustiss.
2640 5643 2858 5712 codice.
2896 5643 3049 5711 Dixit
3098 5654 3292 5707 autem
3350 5643 3613 5703 Ahaliud.
