4094 6186
455 264 574 325 643

975 263 1501 325 TERTULLIANI
1546 258 1872 323 OPERUM
1914 258 2116 319 PARS
2162 258 2210 317 1.
2243 289 2322 303 —
2352 256 2627 318 SERIES
2672 258 2720 332 Ῑ,
2765 257 3335 321 APOLOGETICA.
3695 267 3793 327 8M

527 402 612 454 10.
647 399 867 453 Pudeat
887 397 1066 470 igitur
1085 399 1221 453 deos
1248 398 1317 451 ab
1352 397 1589 451 homine
1621 395 1874 451 defendi.
1908 394 2102 449 Ell‘un-
2131 395 2183 460 Α
2216 408 2351 464 ergo
2384 397 2523 446 tunc
2558 392 2744 463 primo
2776 394 3235 464 contempsistis,
3269 410 3375 449 non
3405 397 3556 451 veriti
3606 399 3797 458 scilicet

454 489 572 543 dite
596 489 719 558 jam
743 486 943 543 omnia
963 503 1202 557 venena,
1237 486 1434 542 omnia
1464 483 1772 541 calumniae
1804 482 1922 539 tela
1951 481 2103 536 inﬂi-

2213 480 2296 537 ita
2322 480 2650 547 instituere,
2687 485 2749 536 ut
2780 498 2981 537 omnes
3014 480 3123 538 coli
3146 499 3263 538 non
3315 490 3555 554 possent.
3598 489 3792 544 Atenim

453 578 572 649 gite
594 576 731 631 huic
764 575 1007 642 nomini,
1043 592 1157 631 non
1191 576 1430 630 cessabo
1462 574 1618 629 ultra
1667 570 1983 645 repellere;
2046 573 2105 625 at
2211 569 2297 624 illi
2330 569 2751 640 sapientissimi
2775 587 2839 625 ac
2871 570 3318 642 prudentissimi
3342 573 3796 646 majoresquorum

450 665 829 738 postmodum
863 665 1267 719 obtundentur
1295 664 1660 734 expositione
1679 662 1861 718 totius
1892 662 2100 715 nostra;

451 753 773 825 disciplinae
801 771 813 817 ;
846 770 1000 808 nunc
1024 770 1156 809 vero
1179 754 1379 809 eadem
1407 752 1533 824 ipsa
1553 754 1622 807 de
1641 756 1839 806 nostro
1862 764 2103 821 corpore

447 843 615 897 vulsa
651 843 705 895 in
739 858 840 897 vos
869 842 1237 913 retorquebo,
1274 843 1474 897 cadem
1506 841 1753 896 vulnera
1783 837 2098 894 criminum

450 933 510 986 in
543 931 703 985 vobis
737 930 969 985 defossa
1000 930 1363 999 monstrabo,
1394 947 1508 1001 quo
1541 928 1847 985 machaeris
1895 924 2101 981 vestris

452 1019 1104 1090 admentationibusque
1132 1020 1357 1075 cadetis
1382 1020 1442 1072 ¹⁶.
1468 1020 1597 1075 Jam
1616 1019 1827 1090 primo,
1853 1017 2007 1088 quod
2040 1015 2097 1069 in

452 1126 558 1163 nos
590 1107 843 1177 generali
865 1108 1240 1163 accusatione
1260 1107 1537 1180 dirigitis,
1570 1107 1890 1163 divortium
1914 1105 1985 1160 ab
2011 1103 2099 1158 in-

452 1196 675 1252 stitutis
691 1196 1004 1267 majorum,
1030 1196 1397 1251 considerate
1420 1197 1596 1252 etiam
1613 1200 1788 1267 atque
1810 1195 2011 1259 etiam,
2028 1209 2100 1248 ne

449 1286 751 1341 vobiscum
785 1285 1293 1340 communicemus
1325 1286 1546 1341 crimen
1578 1285 1916 1341 istud.Ecce
1944 1282 2095 1338 enim

455 1389 558 1446 per
586 1374 787 1429 omnia
816 1374 942 1427 vitae
975 1390 1040 1428 ac
1062 1373 1389 1445 disciplinae
1416 1380 1773 1446 corruptam,
1798 1374 1915 1427 imo
1940 1371 2097 1426 dela-

449 1468 567 1518 tam
601 1462 658 1517 in
691 1462 856 1517 vobis
889 1462 1303 1533 antiquitatem
1337 1480 1709 1536 recognosco,
1742 1463 1821 1518 De
1873 1461 2099 1532 legibus

450 1552 687 1623 quidem
712 1552 835 1621 jam
871 1568 1050 1623 supra
1081 1552 1301 1605 dictum
1340 1557 1447 1618 est,
1484 1554 1636 1623 quod
1672 1568 1766 1606 cas
1818 1549 1980 1605 novis
2032 1549 2101 1605 de

450 1640 543 1695 die
574 1638 859 1694 consultis
889 1638 1346 1711 constitutisque
1377 1640 1677 1695 obruistis.
1735 1639 1814 1693 De
1873 1638 2100 1709 reliqua

448 1745 584 1783 vero
636 1728 1096 1783 conversationis
1158 1727 1417 1782 humanas
1470 1728 1850 1799 dispositione
1906 1726 2095 1798 palam

448 1818 734 1887 subjacet,
769 1822 987 1887 quanto
1019 1834 1050 1871 a
1084 1817 1405 1887 majoribus
1451 1816 1862 1881 mutaverittis,
1914 1814 2095 1882 cultu,

448 1906 673 1975 habitu,
710 1910 1019 1976 apparatu,
1054 1907 1300 1977 ipsoque
1329 1906 1509 1972 victu,
1533 1906 1777 1978 ipsoque
1801 1921 2087 1960 sermone-

454 1994 600 2049 Nam
635 1994 949 2065 pristinum
972 1998 1037 2049 ut
1059 1995 1362 2050 rancidum
1395 1994 1684 2066 relegatis,
1712 1994 1945 2050 exclusa
1966 1994 2099 2049 ubi~

457 2098 570 2154 que
601 2082 924 2152 antiquitas
954 2083 1008 2136 in
1043 2082 1315 2154 negotiis,
1338 2083 1393 2137 in
1428 2083 1637 2139 ofﬁciis
1663 2102 1675 2151 ;
1698 2088 1876 2137 totam
1909 2087 2101 2137 aucto-

445 2170 679 2225 ritatem
712 2172 1003 2242 majorum
1058 2175 1250 2225 vestra
1291 2172 1611 2227 auctoritas
1658 2172 1889 2242 dejecit.
1923 2171 2095 2239 Sane,

445 2259 603 2331 quod
633 2258 797 2314 vobis
830 2259 1019 2330 magis
1052 2260 1264 2331 probro
1296 2264 1402 2330 est,
1433 2259 1689 2315 laudatis
1719 2276 1952 2331 scmper
2002 2276 2095 2314 ve-

444 2352 717 2418 tustates,
746 2352 803 2403 et
859 2347 1210 2403 nihilminus
1270 2350 1576 2405 recusatis.
1638 2352 1761 2416 Qua
1817 2348 2097 2421 perversi-

445 2439 566 2492 tate
600 2440 862 2492 tant......
900 2438 1187 2507 majorum
1224 2438 1375 2509 apud
1418 2455 1519 2493 vos
1567 2454 1907 2509 permanere
1963 2454 2093 2508 pro-

448 2526 573 2581 bari
609 2526 960 2595 debuerunt,
992 2542 1123 2580 cum
1161 2541 1228 2579 ea
1270 2543 1397 2597 quas
1441 2527 1701 2598 probatis
1761 2524 2043 2581 recusetis
2068 2524 2096 2579 ‘?

446 2616 554 2670 Sed
590 2618 646 2670 et
675 2614 871 2685 ipsum
904 2616 1056 2685 quod
1087 2615 1361 2670 videmini
1398 2633 1430 2671 a
1462 2616 1781 2686 majoribus
1811 2614 2093 2670 traditum

445 2702 788 2759 ﬁdelissime
820 2703 1118 2758 custodire
1150 2708 1207 2758 et
1236 2704 1563 2770 defendere,
1587 2705 1673 2759 vel
1698 2721 1812 2775 quo
1844 2704 2095 2758 maxime

448 2809 578 2847 reos
610 2809 725 2846 non
759 2791 1248 2865 transgressionis
1282 2792 1612 2863 postulatis,
1646 2794 1717 2848 de
1747 2810 1862 2865 quo
1903 2796 2091 2847 totum

450 2881 654 2936 odium
695 2880 1007 2936 Christiani
1044 2880 1301 2936 nominis
1324 2881 1640 2949 animatur,
1675 2882 1915 2937 deorum
1965 2881 2093 2936 dico

448 2970 764 3039 culturam,
797 2970 1038 3041 perinde
1069 2987 1103 3024 a
1129 2970 1295 3025 vobis
1327 2970 1548 3025 destrui
1573 2988 1639 3026 ac
1662 2971 1881 3042 despici
1906 2976 2095 3026 osten-

444 3060 602 3127 dam,
636 3058 748 3114 nisi
780 3060 933 3129 quod
967 3076 1078 3113 non
1116 3060 1364 3131 perinde
1402 3078 1413 3126 ;
1450 3076 1557 3115 nos
1589 3060 1743 3115 enim
1788 3064 2092 3131 contemp-

442 3152 601 3204 tores
634 3150 873 3203 deorum
907 3146 1109 3201 haberi
1145 3148 1306 3203 nulla
1356 3149 1504 3203 ratio
1564 3153 1672 3217 est,
1732 3149 1865 3219 quia
1920 3165 2091 3204 nemo
2123 3136 2166 3203 C
2205 3152 2350 3207 stica
2433 3150 2869 3205 consecratione
2954 3148 3295 3221 perhibetis,

446 3237 771 3293 contemnit
803 3238 957 3307 quod
1000 3237 1147 3291 sciat
1168 3238 1430 3291 omnimo
1458 3254 1571 3291 non
1603 3254 1751 3292 esse.
1787 3238 1945 3303 Quod
1979 3254 2098 3292 om-

449 3325 589 3379 nino
613 3328 721 3390 est,
754 3324 810 3378 id
847 3326 1137 3379 contemni
1175 3328 1386 3396 potest,
1420 3326 1574 3396 quod
1612 3325 1753 3379 nihil
1803 3332 1909 3393 est,
1952 3325 2096 3381 nihil

450 3413 691 3485 patitur.
729 3412 913 3483 Igitur
947 3412 1163 3484 quibus
1195 3417 1302 3481 est,
1336 3414 1406 3467 ab
1443 3414 1526 3468 eis
1560 3414 1816 3484 patiatur
1869 3431 2097 3469 necesse

447 3518 593 3557 esse.
632 3504 755 3568 Quo
790 3501 979 3573 magis
1004 3501 1360 3572 voneramini,
1396 3502 1698 3557 credentes
1730 3519 1856 3558 esse
1879 3509 1936 3559 et
1967 3521 2099 3559 con-

446 3594 797 3657 temnentes,
853 3589 1106 3645 colentes
1138 3593 1192 3645 et
1224 3590 1595 3661 despuentes,
1628 3590 1983 3648 honorantes
2041 3596 2098 3649 et

442 3678 798 3734 lacessentes
834 3677 985 3732 Licet
1007 3677 1180 3733 etiam
1207 3677 1341 3733 hinc
1366 3695 1776 3749 recognoscere
1804 3680 2095 3752 imprimis

446 3784 578 3822 cum
613 3766 710 3821 alii
744 3766 889 3822 alios
920 3767 1060 3822 deos
1093 3767 1305 3833 colitis,
1341 3782 1439 3822 eos
1493 3785 1641 3839 quos
1701 3786 1814 3824 non
1880 3770 2093 3841 colitis,

445 3857 600 3913 573
634 3855 835 3925 utique
876 3856 1287 3923 contemnitis;
1350 3856 1610 3928 praelatio
1671 3859 1913 3914 alterius
1969 3860 2095 3915 sine

441 3945 683 4002 alterius
700 3944 1056 3999 contumelia
1074 3961 1201 3999 esse
1233 3963 1347 4000 non
1373 3950 1582 4017 potest,
1604 3964 1705 4002 nec
1728 3946 1847 4003 ulla
1890 3948 2091 4004 electio

445 4051 558 4091 non
593 4034 1000 4105 reprobatione
1034 4036 1076 4067 ¹⁷
1109 4036 1499 4105 componitur.
1547 4035 1653 4102 Qui
1699 4036 1767 4091 de
1826 4037 2094 4109 pluribus

442 4124 692 4197 suscipit
723 4124 1001 4197 aliquem,
1037 4142 1169 4181 eum
1195 4142 1369 4196 quem
1396 4142 1510 4180 non
1535 4128 1778 4199 suscipit
1805 4129 2091 4200 despexit,

443 4214 556 4270 Sed
578 4219 664 4270 tot
695 4230 761 4270 ac
790 4214 937 4270 tanti
965 4214 1036 4269 ab
1070 4215 1347 4269 omnibus
1379 4214 1489 4270 coli
1524 4231 1635 4270 non
1664 4222 1934 4288 possunt.
1958 4219 2087 4273 Jam

2128 1773 2175 1837 B

2212 658 2498 715 institutis
2530 658 2864 715 renuntiare
2879 676 2992 715 non
3024 660 3231 727 nostis,
3258 662 3496 717 maxime
3517 662 3569 717 in
3587 680 3801 735 persona

2210 747 2453 803 deorum
2484 752 2835 818 vestrorum,
2868 748 2977 818 ipsi
3021 764 3250 821 quoque
3305 748 3462 821 impii
3517 752 3799 823 deprehen-

2210 837 2451 892 duntur.
2485 837 2753 905 Mentior,
2788 837 2840 893 si
2872 843 3562 909 nunquam‘censuerant,
3618 857 3679 895 ne
3722 843 3805 913 qui

2207 925 2527 997 imperator
2558 927 2777 994 fanum,
2810 927 2965 996 quod
3017 926 3074 980 in
3120 925 3323 997 proelio
3365 927 3617 994 vovisset,
3666 931 3803 1001 prius

2209 1014 2540 1071 dedicasset
2569 1031 2747 1087 quam
2775 1020 3014 1070 senatus
3036 1014 3356 1086 probasset,
3388 1019 3450 1070 ut
3477 1017 3699 1089 contigit
3741 1020 3803 1074 M.

2208 1102 2461 1171 XEmilio,
2495 1103 2595 1176 qui
2615 1108 2847 1159 voverat
2868 1102 3126 1160 Alburno
3156 1105 3281 1159 deo.
3313 1103 3515 1176 Utique
3544 1105 3683 1161 enim
3713 1105 3807 1162 im-

2208 1192 2568 1264 piissimum,
2591 1194 2707 1248 imo
2722 1192 3382 1249 contumeliosissimum
3407 1194 3705 1250 admissum
3719 1205 3809 1262 est,

2208 1282 2267 1338 in
2301 1282 2540 1337 arbitrio
2574 1287 2631 1337 et
2657 1280 2899 1337 libidine
2923 1282 3227 1338 sententia:
3250 1282 3518 1337 humanm
3535 1282 3706 1339 locare
3725 1282 3811 1339 ho-

2210 1387 2409 1425 norem
2443 1370 2777 1437 divinitatis,
2804 1375 2869 1425 ut
2898 1370 3044 1426 deus
3075 1388 3190 1426 non
3249 1369 3346 1441 sit,
3406 1371 3512 1427 nisi
3568 1371 3654 1426 cui
3706 1387 3813 1429 esse

2207 1458 2541 1532 permiserit
2570 1464 2811 1515 senatus
2860 1463 3019 1532 Saepe
3060 1476 3336 1515 censores
3365 1459 3678 1515 inconsulto
3730 1478 3812 1532 po-

2208 1547 2344 1620 pulo
2375 1546 2790 1603 adsolaverunt
2824 1565 2837 1615 ;
2872 1552 3024 1603 certe
3044 1548 3310 1603 Liberum
3344 1553 3560 1620 patrem
3576 1548 3679 1620 (32)
3700 1565 3813 1604 cum

2207 1654 2373 1692 sacro
2396 1654 2501 1691 suo
2534 1636 2804 1692 consules
2844 1641 3084 1691 senatus
3106 1636 3454 1693 auctoritate
3477 1638 3612 1693 urbe
3630 1654 3730 1692 non
3744 1654 3817 1693 so-

2206 1725 2531 1793 lummodo,
2564 1742 2765 1780 verum
2799 1724 2914 1781 tola
2946 1725 3115 1781 Italia
3146 1725 3609 1781 eliminaverunt.
3664 1726 3816 1781 Caete-

2208 1831 2337 1869 rum
2369 1819 2638 1885 Serapem
2672 1818 2729 1869 et
2791 1814 3001 1869 Isidem
3061 1814 3174 1886 (33)
3223 1818 3279 1869 et
3328 1814 3723 1887 Harpocratem
3773 1819 3822 1869 et

2207 1904 2474 1958 Anubem
2511 1903 2835 1975 prohibitos
2855 1902 3137 1975 Capitolio
3178 1903 3360 1958 Varro
3407 1907 3816 1968 commemorat,

2207 2008 2528 2064 eorumque
2561 1996 2787 2047 statuas
2820 2009 2851 2047 a
2884 1996 3089 2047 senatu
3121 1992 3401 2063 dejectas,
3463 1991 3686 2047 nonnisi
3740 2008 3825 2062 per

2206 2082 2323 2137 vim
2358 2081 2730 2153 popularium
2764 2084 3101 2136 restructas.
3135 2081 3245 2136 Sed
3265 2085 3459 2135 tamen
3483 2084 3540 2136 et
3570 2080 3824 2136 Gabinius

2208 2170 2410 2227 consul
2445 2168 2717 2224 Kalendis
2744 2168 3060 2233 Januariis,
3095 2185 3225 2223 cum
3260 2169 3356 2223 vix
3392 2168 3612 2225 hostias
3644 2169 3828 2240 proba-

2206 2265 2316 2324 ret,
2350 2277 2467 2329 prae
2499 2258 2867 2330 popularium
2901 2265 3073 2321 coetu,
3119 2257 3256 2328 quia
3316 2257 3464 2312 nihil
3519 2258 3588 2313 de
3641 2258 3828 2328 Serapa

2205 2356 2263 2406 et
2290 2351 2442 2407 Iside
2464 2350 2886 2414 constituisset,
2920 2350 3200 2421 potiorem
3235 2349 3448 2404 habuit
3468 2352 3701 2404 senatus
3720 2363 3831 2401 cen-

2206 2457 2406 2495 suram
2440 2456 2614 2510 quam
2647 2439 2929 2511 impetum
2961 2438 3140 2511 vulgi,
3173 2442 3228 2493 et
3259 2455 3394 2493 aras
3444 2436 3669 2492 institui
3716 2451 3829 2506 pro-

2205 2528 2419 2583 hibuit.
2452 2528 2688 2583 Habetis
2718 2527 2903 2599 igitur
2944 2527 3001 2581 in
3064 2527 3395 2599 majoribus
3453 2524 3683 2589 vestris,
3738 2520 3834 2578 etsi

2206 2633 2318 2671 non
2341 2632 2547 2671 nomen
2563 2660 2575 2681 ,
2600 2619 2861 2670 attamen
2886 2621 3101 2671 sectam
3123 2615 3549 2679 Christianam,
3574 2631 3694 2686 qua:
3712 2613 3834 2667 deos

2204 2705 2466 2777 negligit.
2493 2704 2734 2772 Horum,
2769 2704 2818 2758 si
2851 2721 2950 2760 vos
2974 2704 3181 2759 saltem
3204 2703 3508 2776 integrum
3534 2701 3836 2757 honoribus

2202 2795 2411 2850 vestris
2428 2794 2505 2849 rei
2522 2810 2649 2848 esse
2662 2793 2810 2848 lassa
2834 2792 3131 2864 religionis
3153 2818 3165 2860 ;
3184 2794 3284 2849 sed
3302 2792 3544 2848 invenio
3558 2791 3838 2862 conspiras

2204 2901 2263 2940 se
2286 2901 2317 2937 a
2338 2883 2498 2938 vobis
2522 2887 2641 2939 tam
2658 2882 3095 2955 superstitionis
3118 2898 3294 2953 quam
3314 2881 3647 2954 impietatis
3674 2878 3839 2952 profe-
3859 2902 3871 2913 -

2202 2978 2382 3028 ctum.
2400 2975 2625 3036 Quanto
2646 2972 2801 3027 enim
2831 2970 3274 3043 irreligiosiores
3298 2967 3842 3042 deprehendimini?

2202 3063 2465 3117 Privatos
2496 3062 2651 3115 enim
2686 3061 2843 3131 deos,
2878 3078 3027 3133 quos
3054 3066 3222 3115 Lares
3252 3064 3307 3115 et
3365 3060 3617 3115 Penates
3662 3058 3840 3113 dome-

3391 3148 3716 3204 domestica
3792 3143 3845 3197 li-

2206 3240 2395 3295 centia
2454 3240 2563 3311 (34)
2621 3238 2950 3294 inculcatis.
3021 3237 3409 3309 venditando,
3500 3232 3844 3309 pignerando

2203 3346 2306 3401 pro
2340 3329 2681 3383 necessitate
2715 3344 2779 3383 ac
2809 3326 3126 3383 voluntate.
3148 3327 3362 3382 Essent
3387 3326 3630 3396 quidem
3662 3323 3853 3380 tolera-

2205 3417 2413 3473 biliora
2441 3415 2730 3487 ejusmodi
2765 3414 3147 3470 contumacia
3179 3414 3521 3487 sacrilegia,
3568 3413 3678 3468 nisi
3711 3410 3849 3483 quod

2204 3506 2409 3574 eojam
2443 3503 2977 3569 contumeliosiora,
3008 3504 3162 3575 quod
3188 3504 3450 3566 modica,
3511 3503 3623 3558 Sed
3680 3499 3854 3571 aliquo

2205 3593 2410 3650 solatio
2471 3593 2828 3666 privatorum
2861 3596 2916 3648 et
2952 3591 3415 3648 domesticorum
3451 3593 3698 3647 deorum
3729 3603 3852 3659 que-

2205 3683 2334 3739 relae
2362 3685 2664 3754 juvantur,
2697 3683 2849 3754 quod
2871 3681 3133 3754 publicos
3179 3681 3424 3751 turpius
3469 3677 3847 3737 contumelio-

2202 3774 2446 3843 suisque
2476 3772 2766 3827 tractetis.
2799 3775 2928 3826 Jam
2963 3772 3412 3843 primum,quos
3447 3770 3509 3826 in
3536 3769 3848 3826 hastarium

2204 3861 2559 3934 regessistis,
2595 3861 2750 3917 574
2781 3858 3113 3931 publicanis
3162 3859 3337 3914 subd.
3376 3899 3393 3917 .
3434 3901 3447 3914 .
3504 3859 3585 3915 tis
3619 3859 3683 3929 ’⁸,
3713 3853 3855 3912 omni

2204 3950 2611 4022 quinquennio
2634 3950 2786 4004 inter
2815 3948 3125 4019 vectigalia
3146 3952 3343 4003 vestra
3368 3948 3739 4021 proscriptos
3768 3944 3857 3998 ad-

2202 4039 2417 4095 dicitis.
2452 4038 2543 4093 Sic
2576 4038 2917 4109 Serapeum,
2944 4036 3027 4091 sic
3048 4035 3409 4107 Capitolium
3435 4037 3688 4109 petitur,
3718 4030 3863 4089 addi-

2203 4130 2371 4198 citur,
2405 4127 2877 4182 conducitur“...
2912 4127 3019 4181 sub
3045 4126 3249 4181 eadem
3272 4142 3424 4181 voce
3443 4127 3758 4198 praeconis,
3777 4137 3861 4176 ea-

2203 4218 2637 4273 demexactione
2652 4220 2870 4287 quaesto
2880 4215 3255 4270 ris.Sedenim
3272 4215 3405 4287 agri
3426 4216 3659 4272 tributo
3675 4208 3863 4270 onusti

1883 4316 2088 4377 Variae
2121 4316 2443 4377 lectiones.
2574 4378 2577 4391 ,

518 4401 558 4436 ¹⁶
589 4400 709 4474 Βμίθ.
742 4401 1001 4474 adment.
1027 4403 1138 4474 tle.
1165 4400 1402 4472 jaculis.
1441 4403 1498 4474 "7
1527 4402 1609 4455 Ea:
1655 4403 1812 4473 Apol.
1872 4404 1958 4473 13,
2022 4406 2086 4460 in

2210 4406 2347 4474 rrig.
2398 4403 2524 4458 sine
2583 4401 3013 4473 reprobatione.
3078 4401 3119 4437 1°
3164 4403 3399 4457 Haverc.
3456 4418 3531 4458 ex
3579 4399 3733 4473 Apol.
3803 4395 3861 4450 15

344 4500 349 4505 -
444 4472 655 4527 emend.
689 4473 1002 4528 subditatis
1036 4473 1079 4509 ¹⁰
1106 4474 1239 4528 Ηαυ.
1272 4489 1341 4528 ex
1367 4473 1519 4544 Apol.
1556 4474 1641 4541 13,
1671 4474 1881 4529 emend.
1914 4476 2266 4531 conducitur
2286 4472 2562 4531 divinitas
2588 4472 2699 4530 sub
2725 4475 2931 4530 eadem
2961 4488 3122 4543 voce,
3153 4478 3265 4529 etc.

1933 4574 2456 4634 Commentairus.

447 4658 650 4714 eadem
682 4657 870 4714 forma
928 4675 1044 4728 qua
1097 4658 1275 4713 Graeci
1326 4651 1575 4726 ἔξαλλον.
1611 4658 1886 4726 Abaliud,

448 4732 697 4785 refertur
727 4731 796 4784 ad
830 4729 1008 4784 aliud.
1046 4746 1076 4783 a
1117 4745 1231 4799 quo
1264 4735 1353 4782 est
1379 4730 1534 4783 aliud
1576 4747 1588 4790 ;
1624 4734 1687 4784 ut
1723 4734 1886 4797 Deus,
1940 4729 2097 4788 aliud

446 4803 518 4857 ab
554 4801 809 4855 homine.
845 4801 1048 4865 Homo,
1088 4800 1272 4862 aliud,
1315 4817 1345 4854 a
1378 4800 1511 4855 Deo.
1548 4801 1673 4855 Rio.

520 4874 627 4941 (32)
662 4872 812 4927 Certe
842 4874 1097 4927 Liberum
1125 4876 1357 4942 patrem.
1394 4872 1595 4927 Ablata
1645 4873 1827 4928 fuisse
1870 4874 2007 4929 olim
2040 4879 2097 4930 et

447 4944 724 5017 abrogata
754 4959 920 4998 sacra
946 4942 1311 5017 Bacchiufere
1342 4959 1546 5017 omnes
1590 4947 1882 5017 testantur
1909 4946 2092 5017 scrip-

449 5020 626 5085 tores.
661 5014 1237 5085 S.Augustinus,lih.
1261 5031 1335 5081 v1,
1364 5014 1428 5068 de
1460 5015 1825 5077 Civ.,Livius,
1867 5014 2095 5073 1.xxxlv

450 5089 508 5138 et
538 5083 656 5139 alii.
714 5083 927 5140 Locum
990 5087 1082 5139 hic
1114 5086 1322 5140 addam
1382 5084 1674 5140 Ciceronis
1704 5103 1769 5141 ex
1827 5087 1926 5143 lib.
1962 5107 2000 5155 ι,
2033 5090 2096 5145 de

451 5158 703 5228 legibus:
738 5180 764 5207 «
797 5157 940 5221 Quid
974 5174 1131 5229 ergo.
1168 5158 1380 5227 inquit,
1400 5157 1827 5229 agetJacchus,
1862 5160 2094 5215 Eumoi-

451 5228 715 5299 pidasque
748 5228 953 5297 nostri,
987 5233 1324 5302 etaugsuta
1355 5228 1452 5283 illa
1476 5229 1775 5300 mysteria,
1800 5231 2091 5302 siquidem

450 5315 617 5353 sacra
649 5306 933 5354 nocturna
966 5299 1229 5355 tollimus
1259 5301 1285 5355 ?
1321 5322 1347 5349 ››
1374 5302 1442 5355 LE
1475 5299 1571 5354 Pa.

517 5371 628 5435 (33)
662 5371 933 5426 Caeterum
963 5371 1220 5441 Serapem
1248 5380 1298 5427 et
1351 5372 1571 5427 Isidem.
1609 5371 1766 5426 Idem
1822 5373 1937 5427 fere
1994 5373 2096 5429 ob-

438 5441 573 5515 jicit
602 5442 706 5508 lib,
739 5460 798 5508 11,
830 5445 1121 5515 Arnobius
1154 5462 1167 5511 ;
1197 5444 1344 5508 Quid
1373 5443 1400 5498 ?
1430 5461 1530 5499 vos
1589 5444 1929 5515 Egyptiaca
1985 5463 2095 5501 nu-

449 5514 631 5578 mina,
660 5514 881 5587 quibus
912 5514 1147 5587 Serapis
1171 5520 1344 5587 atque
1384 5516 1491 5571 Isis
1524 5520 1637 5587 ~est
1669 5514 1928 5586 nomen,
1982 5534 2095 5573 non

447 5591 579 5657 post
609 5585 877 5641 Pisonem
909 5591 966 5643 et
993 5585 1307 5643 Gabinium
1340 5602 1493 5644 coss.
1520 5585 1579 5641 in
1626 5585 1941 5645 numerum
2000 5606 2096 5645 ve-

1944 4662 2097 4733 quod
2130 4663 2176 4728 D
2210 4665 2465 4716 strorum
2497 4659 2781 4717 retulistis
2817 4661 3054 4716 deorum
3088 4659 3115 4715 ?
3146 4680 3166 4709 ι
3203 4658 3453 4716 Dixerat
3481 4659 3669 4717 etiam
3704 4660 3869 4711 Luca-

2212 4749 2362 4788 nus:

2296 4853 2397 4897 Nos
2427 4848 2480 4896 in
2512 4846 2712 4909 templa
2738 4850 2885 4897 tuam
2918 4847 3164 4896 Romana
3192 4846 3520 4909 accepimus
3542 4846 3695 4909 Isim,

2298 4912 2677 4973 Semideosque
2706 4923 2884 4972 canes,
2921 4914 2973 4959 et
3003 4911 3159 4959 sistra
3181 4909 3444 4972 jubentia
3466 4910 3673 4967 luctus,

2275 5018 2497 5082 Quibus
2518 5033 2587 5072 ex
2608 5016 2751 5071 locis
2782 5016 2960 5088 hujus
2983 5016 3091 5073 loci
3110 5015 3405 5088 expeditio
3442 5016 3657 5089 colligi
3676 5012 3876 5087 potest.

2204 5095 2369 5156 IDEM,

2278 5162 2390 5230 (34)
2452 5159 2752 5215 Domestica
2810 5159 3054 5224 licentia,
3100 5162 3216 5230 etc,
3292 5156 3474 5221 Quod
3565 5156 3876 5213 vanitatem

2207 5227 2459 5286 maxime
2491 5231 2686 5305 arguit
2718 5230 2772 5283 in
2806 5230 2955 5284 fictis
2990 5230 3108 5285 illis
3141 5227 3274 5305 diis,
3308 5230 3612 5286 solebant
3665 5233 3881 5305 veteI'es

2205 5304 2476 5375 vendere,
2502 5296 2872 5375 subbastare,
2906 5307 2961 5357 et
2989 5307 3215 5375 mutare
3240 5302 3385 5375 deos
3410 5319 3597 5366 suos,
3631 5296 3881 5375 sicut

2206 5374 2290 5429 xit
2319 5374 2541 5443 Apolog.
2580 5374 2667 5435 13,
2698 5379 2991 5428 mutantes
3040 5373 3354 5441 aliquando
3422 5378 3765 5428 Saturnum
3825 5373 3877 5443 in

2206 5440 2573 5500 cacabulum.
2605 5444 2920 5501 Minervam
2954 5446 3012 5499 in
3054 5444 3311 5509 trullam,
3379 5461 3500 5516 pro
3534 5445 3757 5501 affectu
3790 5440 3884 5495 aut

2207 5516 2573 5573 necessitate.
2606 5516 2768 5572 IDEM.
