4094 6186
483 316 597 375 647

1004 313 1531 375 TERTULLIANI
1578 310 1903 372 OPERUM
1947 310 2146 370 PARS
2191 310 2239 371 Ι.
2266 340 2343 355 -
2370 309 2646 372 SERIES
2692 312 2741 386 Ι,
2788 312 3355 375 APOLOGETICA.

3592 45 4039 125 π

3726 324 3828 383 648

487 444 1041 504 mendatolibidinis
1070 444 1356 500 desiderio
1380 459 1483 516 per
1513 443 2129 499 commemorationem
2163 444 2217 510 Α
2250 441 2600 510 adutamini,
2634 444 2924 500 redimitis
2947 444 2996 499 si
3020 462 3138 515 qua
3170 444 3587 518 delinquitis,et
3612 456 3831 521 prostre-

486 539 829 594 amicarum.
865 535 1084 590 Exinde
1116 533 1249 605 quis
1283 550 1396 589 non
1432 538 1736 605 poetarum
1760 549 1827 588 ex
1875 531 2130 588 auctori-

484 633 605 682 tate
636 624 917 697 principis
949 624 1101 680 570
1134 622 1225 678 sui
1258 622 1317 678 in
1350 624 1489 678 deos
1546 621 1827 693 insolens,
1860 626 1961 676 aut
2000 638 2133 677 vera

486 716 783 787 prodendo
816 718 915 768 aut
945 712 1093 768 falsa
1143 711 1458 783 ﬁngendo?
1514 712 1582 766 Et
1634 710 1838 783 tragici
1892 710 2130 782 quidem

486 809 586 860 aut
608 802 813 858 comici
840 804 1244 873 pepercerunt,
1280 804 1347 854 ut
1369 816 1478 855 non
1511 816 1802 855 aerumnas
1833 815 1897 853 ac
1932 816 2130 871 pmnas

487 895 575 949 dei
621 890 1254 963 prmfarentur?Taceo
1287 890 1357 943 de
1396 887 1785 960 philosOphis,
1840 904 1982 959 quos
2033 905 2130 943 su-

486 982 685 1053 perbia
713 978 1043 1035 severitatis
1072 984 1127 1034 ct
1158 978 1376 1033 duritia
1406 977 1731 1049 disciplinae
1764 978 1837 1032 ab
1868 976 2027 1031 omni
2060 977 2131 1032 ti-

484 1087 642 1125 more
673 1086 931 1138 securos,
976 1066 1297 1122 nonnullus
1354 1066 1531 1122 etiam
1585 1065 1820 1121 afﬂatus
1867 1066 2129 1121 veritatis

485 1161 765 1214 adversus
799 1160 937 1213 deos
965 1156 1137 1228 erigit
1162 1156 1446 1227 :denique
1464 1160 1519 1211 et
1548 1156 1813 1211 Socrates
1840 1155 1897 1209 in
1929 1159 2131 1210 contu-

486 1248 719 1304 meliam
743 1263 944 1302 eorum
979 1262 1260 1318 quercum
1294 1250 1351 1300 et
1382 1260 1583 1299 canem
1617 1250 1673 1299 et
1716 1244 1945 1299 hircum
1969 1245 2128 1313 "ju-

482 1342 573 1393 rat
606 1338 739 1409 (42).
790 1336 933 1391 Nam
977 1342 1035 1390 et
1091 1335 1139 1389 si
1199 1334 1415 1389 idcirco
1460 1334 1775 1389 damnatus
1824 1339 1932 1401 est,
1993 1350 2126 1388 cum

482 1425 819 1499 paenituerit
846 1422 1229 1479 Athenienses
1253 1422 1667 1493 damnationis,
1698 1422 2125 1478 discriminate-

484 1533 576 1571 res
628 1530 860 1586 quoque
916 1512 1289 1584 impenderit,
1337 1511 1668 1566 restituitur
1724 1511 2126 1566 testimonium

484 1605 727 1668 Socrati,
756 1609 811 1659 et
842 1619 1083 1674 possum
1126 1607 1482 1670 retorquere,
1544 1601 1851 1671 probatum
1909 1616 2037 1655 esse
2070 1600 2127 1654 in

484 1693 603 1760 illo,
639 1693 793 1763 quod
824 1707 975 1745 nunc
1010 1690 1354 1761 reprobatur
1386 1689 1443 1743 in
1479 1689 1667 1744 nobis.
1701 1688 1807 1743 Sed
1841 1692 1896 1743 et
1927 1688 2126 1759 Dioge-

482 1770 585 1837 nes
617 1781 810 1837 nescio
835 1780 971 1850 quid
996 1778 1053 1832 in
1100 1778 1405 1833 Herculem
1443 1776 1606 1844 lusit,
1643 1782 1699 1831 et
1728 1776 1975 1832 Romani
2009 1776 2125 1832 stili

482 1872 789 1942 Diogenes,
821 1868 995 1923 Vatro
1023 1871 1311 1922 trecentos
1341 1865 1533 1932 Joves,
1568 1884 1669 1921 seu
1700 1867 1993 1937 Jupiteres
2045 1866 2127 1919 di-

485 1960 733 2013 cendum
762 1961 868 2024 est,
905 1957 1031 2011 sine
1062 1955 1353 2026 capitibus
1387 1956 1860 2011 inducit.Caatera
1882 1953 2131 2011 lascivias

483 2047 720 2120 ingenia
750 2046 923 2100 etiam
958 2044 1284 2116 voluptates
1316 2050 1539 2099 vestras
1572 2062 1671 2115 per
1702 2044 1957 2099 dedecus
1990 2045 2127 2099 deo-

484 2153 615 2191 rum
640 2133 1368 2205 administrant.Dispicitc
1388 2134 1538 2203 apud
1555 2150 1652 2188 vos
1675 2133 2049 2189 Lentulorum
2074 2138 2130 2188 et

482 2224 819 2281 Hostiorum
846 2221 1159 2292 sacrilegas
1194 2227 1551 2292 venustates,
1589 2227 1782 2277 utrum
1817 2222 2024 2278 mimos
2058 2240 2129 2276 an

480 2316 619 2370 deos
650 2316 873 2368 vestros
907 2311 965 2365 in
998 2310 1259 2383 strOphis
1306 2316 1359 2366 et
1383 2311 1535 2382 jocis
1588 2311 1865 2379 rideatis;
1925 2312 2024 2367 sed
2075 2316 2130 2367 et

483 2401 856 2457 histrionicas
877 2398 1102 2455 litteras
1120 2416 1331 2470 magna
1352 2417 1483 2455 cum
1504 2400 1796 2471 voluptate
1829 2399 2128 2471 suscipitis

481 2508 609 2563 quas
642 2505 873 2545 omnem
902 2489 1216 2543 fmditatem
1246 2490 1555 2561 designant
1586 2489 1849 2544 deorum.
1883 2491 2127 2545 Constu-

481 2584 728 2653 prantur
751 2595 946 2633 coram
980 2577 1141 2633 vobis
1167 2578 1505 2647 majestates
1523 2579 1579 2632 in
1601 2595 1840 2651 corpore
1871 2580 2126 2651 impuro.

480 2670 789 2725 Famosum
822 2671 878 2722 et
905 2666 1264 2721 diminutum
1289 2672 1466 2738 caput
1486 2668 1676 2739 imago
1691 2669 2006 2737 cujuslibet
2036 2670 2128 2737 dei

479 2756 671 2813 vestit.
705 2757 883 2827 Luget
916 2755 1010 2811 Sol
1045 2755 1229 2809 filium
1261 2755 1505 2811 fulmine
1526 2756 1845 2811 extinctum
1879 2756 2127 2812 lwtanti-

480 2848 591 2902 bus
624 2845 808 2901 vobis.
842 2843 1055 2916 Cybela
1097 2850 1393 2916 pastorem
1446 2847 1705 2917 suspirat
1756 2846 2126 2902 fastidiosum

479 2952 597 2991 non
630 2933 1112 2989 erubescentibus
1144 2933 1329 3002 vobis,
1352 2938 1409 2988 et
1430 2934 1734 2990 sustinetis
1762 2935 1921 2991 Jovis
1944 2935 2128 3006 elogia

480 3022 791 3080 modulari.
827 3021 1003 3077 Plane
1036 3022 1427 3095 religiosiores
1457 3024 1596 3080 estis
1628 3023 1686 3079 in
1726 3025 2123 3096 gladiatorum

478 3113 970 3183 cavea,ubisuper
1000 3113 1347 3183 sanguinem
1375 3113 1908 3184 humanum,super
1930 3114 2123 3185 inqui-

479 3205 755 3258 namenta
777 3182 1355 3272 pmnarum,proinde
1386 3201 1604 3256 saltant
1652 3201 1732 3256 dii
1784 3182 1984 3268 vestri,
2012 3182 2123 3257 _ar-
2155 3182 2198 3249 C

479 3294 757 3362 gumenta
781 3294 838 3344 et
869 3290 1146 3344 historias
1179 3290 1528 3345 nocentibus
1569 3291 1900 3362 erogandis,
1929 3297 2031 3346 aut
2062 3292 2121 3346 in

477 3378 624 3450 ipsis
656 3377 734 3433 dii
760 3383 1034 3433 nocentes
1086 3378 1434 3449 puniuntur.
1500 3379 1768 3435 Vidimus
1824 3397 1974 3451 szspe
2032 3398 2121 3436 ca-

478 3470 727 3522 stratum
762 3466 915 3520 Anin
949 3467 1123 3521 deum
1158 3484 1190 3521 a
1220 3466 1772 3539 Pessinunte,etqui
1806 3469 1967 3524 vivus
1999 3486 2116 3525 cre-

478 3556 747 3611 mabatur
777 3554 1079 3611 Herculem
1114 3556 1402 3611 induerat.
1434 3557 1695 3612 Risimus
1726 3562 1782 3613 et
1811 3558 2118 3614 meridiani

468 3643 594 3699 ludi
625 3644 695 3699 de
718 3644 832 3699 diis
864 3644 1084 3711 lusum,
1109 3662 1227 3715 quo
1262 3644 1362 3700 Dis
1393 3645 1745 3715 Pater,Jovis
1776 3649 1970 3717 frater,
1991 3648 2118 3718 gla-

467 3733 763 3789 diatorum
796 3734 1104 3805 exsequias
1136 3751 1269 3789 cum
1307 3735 1515 3791 malleo
1548 3736 1802 3805 deducit,
1837 3754 1953 3809 quo
1974 3743 2117 3793 Mer-

464 3821 688 3891 curius,
742 3823 800 3877 in
870 3822 1098 3877 calvitio
1149 3824 1508 3894 pennatulus1
1565 3826 1699 3896 (43),
1748 3826 1807 3880 in
1865 3828 2118 3883 caduceo

468 3911 758 3983 ignitulus
792 3912 925 3983 (44),
962 3928 1207 3983 corpora
1236 3913 1569 3969 exanimata
1590 3916 1737 3971 577
1797 3915 1922 3985 jam
1966 3932 2119 3972 mor-

469 4004 661 4055 temve
690 3999 1038 4056 simulantio
1064 4018 1093 4056 e
1126 4002 1380 4057 cauterio
1412 4004 1643 4073 probat.
1698 4003 1944 4075 Singula
2009 4004 2123 4059 ista

458 4105 702 4161 quaeque
743 4089 938 4144 adhuc
973 4089 1329 4161 investigare
1359 4091 1489 4162 quis
1524 4092 1763 4163 possit?
1821 4093 1879 4149 Si
1942 4094 2120 4149 hono-

466 4195 586 4234 rem
620 4179 971 4249 inquietant
1002 4179 1418 4247 divinitatis,si
1454 4181 1780 4252 majestatis
1822 4183 2123 4254 fastigium

454 4267 747 4337 adsolant,
804 4268 875 4323 de
921 4274 1263 4340 contemptu
1325 4269 1525 4340 utique
1586 4275 1929 4341 censentur,
2000 4277 2121 4327 tam

460 4372 675 4411 eorum
711 4357 809 4428 qui
843 4357 1137 4426 ejusmodi
1171 4358 1462 4425 factitant,
1524 4376 1702 4430 quam
1761 4378 1956 4417 eorum
2025 4364 2127 4433 qui

466 4444 551 4498 ita
583 4445 942 4516 suscipiunt.
978 4448 1166 4511 Quare
1200 4447 1415 4516 nescio,
1444 4465 1512 4503 ne
1543 4448 1677 4519 plus
1698 4450 1770 4505 de
1825 4451 1987 4506 vobis
2044 4437 2127 4507 dii

2243 548 2338 589 mo
2374 532 2509 589 licet
2558 533 2722 589 vobis
2777 534 2835 588 in
2895 550 2994 590 eos
3025 551 3173 606 quos
3224 534 3516 607 voluistis;
3572 556 3668 596 nos
3719 559 3832 600 vero

2243 622 2301 677 in
2336 626 2522 678 totum
2556 638 2918 680 aversamur.

2315 758 2402 812 11.
2435 757 2547 812 Nec
2577 760 2808 812 tantum
2842 757 2899 812 in
2933 757 3043 812 hoc
3074 757 3309 813 nomine
3337 758 3415 814 rei
3445 760 3667 817 deserta
3699 779 3835 819 com-

2243 846 2441 900 munis
2472 845 2793 917 rcligionis,
2826 847 2925 901 sed
2952 848 3325 917 superducta
3350 854 3711 905 monstruosa:
3753 868 3837 906 su-

2241 934 2620 1005 perstitionis.
2670 935 2840 1001 Nam,
2882 938 2948 989 ut
2990 935 3251 1006 quidam,
3312 937 3634 993 somniastis
3686 944 3839 1010 caput

2241 1023 2539 1079 asininum
2574 1040 2700 1079 -sse
2730 1024 2902 1080 deu'n
2932 1028 3224 1079 uestrum.
3250 1028 3407 1080 Hanc
3437 1025 3722 1081 Cornelius
3748 1027 3839 1082 Ta-

2241 1113 2394 1169 citus
2425 1113 2819 1185 suspicionem
2846 1113 3001 1169 fecit.
3034 1113 3089 1168 Is
3119 1113 3272 1169 enim
3303 1114 3381 1185 Eia
3440 1119 3636 1185 quarta
3680 1115 3838 1171 histo-

2240 1203 2459 1257 riarum
2491 1218 2755 1268 suarum,
2791 1202 2891 1257 ubi
2922 1203 2991 1257 de
3023 1201 3175 1257 bello
3224 1202 3465 1258 Judaico
3521 1202 3731 1272 digerit,
3781 1205 3841 1259 ab

2239 1290 2463 1361 origine
2488 1291 2681 1362 gentis
2710 1307 2954 1345 exorsus
2978 1296 3035 1345 et
3062 1295 3182 1346 tam
3201 1292 3270 1345 de
3300 1291 3428 1363 ipsa
3454 1290 3662 1361 origine
3689 1307 3840 1361 quam

2239 1380 2309 1433 de
2341 1380 2577 1435 nomine
2610 1378 2910 1451 religionis
2950 1385 3016 1434 ut
3043 1379 3227 1435 voluit
3283 1384 3736 1451 argumentatus.
3763 1381 3846 1436 Ju-

2238 1467 2394 1523 daaos
2423 1469 2597 1523 refert
2635 1469 2695 1522 in
2752 1467 3119 1539 expeditione
3156 1468 3341 1524 vastis
3400 1468 3459 1522 in
3516 1466 3651 1523 locis
3702 1484 3846 1539 aqua:

2238 1556 2437 1628 inopia
2467 1556 2819 1621 laborantes,
2852 1558 3111 1628 onagris,
3165 1558 3265 1627 qui
3324 1557 3395 1612 de
3450 1561 3613 1628 pastu
3658 1573 3843 1628 aquam

2237 1647 2477 1717 petituri
2509 1645 3280 1713 aestimabanturﬁndicibus
3312 1646 3489 1701 fontis
3513 1646 3557 1681 ³⁸
3587 1662 3715 1701 usos
3741 1662 3847 1700 eva-

2238 1738 2389 1791 sisse
2413 1761 2427 1801 ;
2450 1735 2533 1790 ita
2561 1736 2634 1789 ob
2664 1751 2791 1790 eam
2827 1736 3071 1806 gratiam
3098 1734 3425 1791 consimilis
3455 1735 3646 1791 bestias
3667 1750 3846 1806 super-

2161 1819 2206 1882 B
2242 1826 2427 1880 ficiem
2458 1825 2739 1880 aJudseis
2789 1825 2920 1891 coli,
2980 1825 3117 1880 inde
3164 1824 3375 1896 opinor
3430 1828 3844 1896 praesumptum,

2240 1931 2347 1969 nos
2378 1930 2609 1984 quoque
2630 1914 2967 1969 utJudaicas
2990 1913 3292 1984 religionis
3310 1916 3662 1986 prepinquos
3683 1912 3844 1968 eidem

2241 2003 2557 2059 simulacro
2590 2002 2827 2057 initiari.
2864 2004 3092 2057 Atenim
3147 2004 3301 2058 idem
3363 2002 3661 2058 Cornelius
3705 2000 3849 2056 Taci-

2238 2097 2356 2161 tus,
2392 2108 2533 2146 sane
2564 2092 2658 2147 ille
2686 2092 3126 2148 mendaciorum
3162 2091 3635 2164 loquacissimus,
3659 2089 3850 2145 oblitus

2239 2181 2651 2237 al'iirmationis
2675 2198 2795 2236 suae
2815 2180 2870 2235 in
2893 2180 3316 2252 posterioribus
3339 2178 3850 2250 refert,Pompeium

2241 2287 2519 2342 magnum
2550 2270 2767 2326 Judzeis
2790 2269 3098 2324 debellatis
3128 2271 3436 2341 captisque
3469 2263 3852 2337 Hierosolymis

2238 2360 2523 2432 templum
2556 2360 2749 2414 adisse
2780 2363 2835 2412 et
2892 2363 3327 2429 perscrutatum
3375 2357 3521 2414 nihil
3581 2353 3851 2412 simulacri

2240 2448 2658 2521 reperisse.Ubi
2681 2464 2817 2518 ergo
2849 2447 2900 2502 is
2932 2448 3073 2502 deus
3105 2446 3330 2502 fuerit?
3364 2447 3563 2515 utique
3585 2458 3849 2514 nusquam

2240 2539 2428 2609 magis
2450 2554 2629 2608 quam
2652 2537 2710 2590 in
2742 2534 2961 2604 templo
2984 2539 3101 2589 tam
3140 2534 3533 2601 memorabili,
3556 2530 3851 2605 prasertim

2238 2628 2515 2684 omnibus
2547 2630 2753 2697 printer
2783 2624 3186 2680 sacerdotibus
3215 2624 3443 2689 clauso,
3493 2639 3606 2694 quo
3634 2637 3740 2676 non
3766 2633 3850 2673 ve-

2239 2722 2505 2772 rerentur
2524 2718 2886 2769 extraneum.
2918 2713 3029 2768 Sed
3062 2712 3202 2784 quid
3235 2728 3343 2785 ego
3388 2712 3712 2777 defendam,
3738 2723 3852 2780 pro-

2238 2806 2430 2861 fessus
2460 2803 2693 2858 interim
2738 2802 3167 2858 confessionem
3198 2801 3582 2873 temporalem
3615 2797 3852 2853 omnium

2234 2896 2292 2950 in
2327 2894 2489 2949 vobis
2515 2910 2580 2947 ex
2614 2892 2737 2963 pari
2772 2891 3312 2946 transferendorum
3336 2890 3365 2945 Ἰ
3403 2890 3679 2947 Credetur
3726 2887 3853 2941 deus

2238 2989 2433 3039 noster
2462 2982 2691 3037 asinina
2713 2980 2913 3052 aliqua
2952 2996 3235 3051 persona;
3261 2984 3418 3036 certe
3459 2977 3737 3050 negabitis
3767 2988 3853 3029 vos

2233 3074 2434 3130 eadem
2458 3072 2672 3127 habere
2703 3070 3029 3125 nobiscum.
3064 3069 3216 3124 Sane
3246 3086 3351 3125 vos
3372 3074 3530 3125 totos
3562 3066 3752 3122 asinos
3778 3077 3853 3117 co-

2238 3163 2360 3217 litis
2389 3166 2594 3216 etcum
2622 3175 2729 3215 sua
2760 3159 2979 3230 Epona,
3002 3162 3057 3212 et
3071 3158 3562 3228 omniajumenta
3590 3159 3645 3210 et
3672 3166 3857 3226 pecora

2236 3257 2292 3308 et
2313 3251 2712 3320 bestias,quas
2745 3247 2984 3318 perinde
3010 3262 3143 3301 cum
3187 3245 3314 3302 suis
3349 3244 3707 3318 praesepibus
3734 3256 3853 3295 con-

2233 3340 2495 3398 secratis.
2528 3340 2597 3393 Et
2626 3338 2735 3392 hoc
2765 3335 3005 3391 forsitan
3033 3335 3267 3391 crimini
3301 3336 3483 3402 datis,
3530 3333 3681 3405 quod
3723 3330 3857 3384 inter

2233 3429 2481 3484 cultores
2512 3425 2778 3483 omnium
2819 3428 3048 3480 tantum
3084 3424 3325 3479 asinarii
3368 3439 3607 3479 sumus.
3671 3418 3769 3473 Sed
3807 3420 3855 3470 et

2231 3518 2330 3589 qui
2360 3534 2466 3571 nos
2524 3515 2718 3571 crucis
2767 3513 3063 3569 antistites
3108 3514 3391 3582 afﬁrmat,
3454 3520 3855 3568 consecraneus

2228 3606 2337 3661 erit
2367 3609 2585 3661 noster.

2302 3741 2386 3795 12.
2423 3738 2620 3795 Crucis
2651 3735 2927 3809 qualitas,
2958 3734 3195 3807 signum
3227 3737 3315 3789 est
3346 3735 3426 3791 de
3458 3734 3646 3807 ligno;
3695 3729 3852 3786 etiam

2227 3831 2297 3886 de
2321 3828 2565 3885 materia
2583 3826 2772 3883 colitis
2794 3842 2972 3896 penes
3004 3840 3106 3880 vos
3128 3839 3262 3878 eum
3279 3822 3515 3896 efﬁgie;
3541 3830 3851 3893 quanquam

2229 3919 2383 3975 sicut
2417 3922 2673 3972 vestrum
2706 3914 2965 3969 humana
3000 3912 3188 3984 figura
3217 3900 3324 3977 est,
3358 3911 3448 3967 ita
3496 3914 3555 3967 et
3614 3913 3855 3965 nostrum

2230 4006 2486 4081 propria.
2520 4003 2786 4059 Viderint
2814 4018 2967 4056 nunc
2999 4000 3365 4067 liniamenta,
3431 4000 3575 4055 dum
3638 4012 3747 4052 una
3797 3992 3861 4047 sit

2232 4097 2524 4169 qualitas;
2560 4093 2771 4149 viderit
2797 4090 3155 4154 forma,dum
3186 4089 3384 4161 ipsum
3420 4089 3501 4145 sit
3533 4088 3630 4145 Dei
3651 4099 3861 4157 corpus.

2232 4185 2395 4250 Quod
2428 4184 2479 4238 si
2510 4183 2581 4237 de
2612 4181 2766 4239 578
2798 4181 2905 4236 hoc
2936 4178 3266 4234 diii‘erentia
3297 4176 3636 4245 intercedit,
3666 4175 3863 4246 quanto

2236 4272 2619 4345 distinguitur
2649 4290 2679 4327 a
2712 4270 2904 4325 crucis
2937 4268 3138 4340 stipite
3168 4267 3360 4322 Palias
3399 4268 3597 4326 Attica
3626 4270 3682 4320 et
3718 4266 3865 4318 Ceres

2241 4362 2463 4429 Pharia,
2498 4378 2625 4433 quae
2650 4360 2777 4415 sine
2809 4361 2995 4413 forma
3017 4356 3146 4410 rudi
3172 4355 3301 4427 palo
3332 4361 3394 4411 et
3426 4355 3557 4411 solo
3615 4347 3863 4409 staticulo

2239 4450 2381 4522 ligni
2408 4449 2676 4505 informis
2697 4443 3349 4518 repraesentatur7Pars
3386 4444 3607 4511 crucis,
3648 4447 3703 4497 et
3750 4434 3866 4509 qui-

465 4533 641 4588 vestri
664 4534 923 4606 quamde
943 4535 1113 4590 nobis
1131 4542 1471 4607 querantur.
1518 4579 1530 4592 .
1579 4578 1591 4591 .
1638 4580 1649 4592 .
1697 4580 1709 4593 .
1743 4554 1811 4594 ex
1830 4538 1944 4594 alia
1963 4544 2124 4611 parte
2159 4526 2202 4590 D
2237 4541 2368 4595 dem
2405 4540 2715 4611 majus,est
2746 4538 2859 4609 (45)
2882 4551 3054 4593 omne
3085 4534 3448 4605 robur,quod
3483 4534 3557 4591 de
3587 4536 3735 4589 recta
3762 4530 3866 4583 sta-

1895 4674 2097 4734 Variae
2129 4674 2449 4735 lectiones.

538 4777 580 4821 ’⁷
609 4777 806 4848 Rigalt.
844 4775 1065 4845 heram,
1098 4776 1193 4832 sed
1224 4775 1453 4832 hircum
1486 4778 1831 4835 scribendum
1872 4796 1988 4837 esse
2017 4780 2169 4837 docet
2198 4780 2353 4849 Apol.
2376 4773 2475 4834 ’14.

1920 4899 2438 4960 Commentarius.

469 5017 698 5057 merum
722 5002 925 5075 ιζιαάοδ
958 5002 1026 5067 ΙΙ,
1059 5003 1271 5075 v.453,
1294 5003 1390 5056 ubi
1423 5004 1815 5073 Sarpedonem
1857 5003 2113 5061 intuitus

2250 5018 2419 5059 urare
2450 5017 2718 5075 anserem
2744 5004 2807 5075 et
2838 4998 3163 5075 platanum,
3190 5017 3217 5075 ζ)
3239 4992 3464 5075 ξμνύςξγ
3491 4995 3589 5049 τὸν
3618 4991 3749 5075 κόν-α
3790 4986 3872 5075 sui

467 5076 717 5145 Jupiter,
740 5074 1033 5128 Junonem
1056 5072 1826 5146 alioquitur,sunimumque
1857 5094 2030 5146 quem
2052 5095 2119 5131 ex

468 5146 595 5215 ejus
624 5151 811 5200 morte
844 5146 1042 5200 futura
1071 5145 1375 5199 hauriebat
1406 5146 1688 5217 dolorem,
1724 5145 1979 5204 indicat:

536 5258 701 5329 :thci
733 5248 1008 5329 {pignore
1034 5271 1149 5329 plen
1188 5249 1530 5329 Σωιρπήδονᾳ⁵
1555 5253 1816 5329 φίλςεατον
1848 5250 2078 5329 ἄνδρων,

542 5322 705 5396 Μοῖρ’
738 5320 841 5374 sive
874 5320 1219 5395 Πατρὸκλοιο
1250 5320 1603 5378 Μενοιτιάδείο
1645 5322 1901 5398 δαμῆναι.

544 5429 703 5491 Quod
736 5432 795 5481 ut
832 5428 946 5483 alia
970 5429 1201 5484 inﬁnita
1231 5433 1337 5487 deo
1371 5448 1486 5486 non
1521 5431 1711 5488 solum
1772 5437 1874 5488 aut
1926 5432 2117 5500 heroe,

471 5500 783 5575 indignum
821 5502 921 5555 sed
955 5503 1075 5556 viro
1110 5504 1243 5557 forti
1276 5504 1521 5575 indigna
1552 5510 1711 5559 sunt.
1748 5506 1843 5560 La.
1871 5508 1962 5561 Pr.

546 5574 659 5645 (42)
693 5574 960 5641 Quacum
990 5578 1042 5628 et
1070 5590 1273 5630 canem
1299 5582 1350 5631 et
1393 5587 1572 5645 [eram
1628 5579 1793 5645 iurat.
1850 5577 1960 5631 Alii
2022 5576 2119 5630 ha-

476 5644 866 5713 benthz’rcum,
901 5645 985 5702 sic
1019 5645 1270 5717 legimus
1303 5648 1358 5702 in
1382 5644 1599 5719 Apolog.
1626 5671 1645 5696 ι
1671 5647 1904 5703 Solebat
1941 5647 2117 5703 etiam

2229 5067 2317 5148 ίτὸγ
2350 5080 2495 5148 χῆνα
2521 5073 2612 5148 καὶ
2641 5067 2937 5145 πκμὶταῦον.
2991 5067 3352 5140 Theophilus
3384 5067 3493 5123 lib.
3521 5085 3607 5135 m,
3656 5067 3724 5123 ad
3772 5067 3873 5117 Au-

2228 5146 2486 5218 tolycum
2519 5146 2679 5218 lusu.

2326 5208 2416 5286 43)
2449 5208 2508 5273 in.
2536 5217 2765 5273 calvitio
2794 5210 3158 5289 pemzqtuluf.
3194 5208 3400 5289 Galero
3449 5211 3767 5289 _pen_nato._

2325 5281 2408 5355 44)
2444 5291 2499 5344 1η
2532 5290 2736 5344 caduco
2778 5281 3065 5358 ίῄηἱίαζυδ.
3100 5284 3409 5358 Se_rpentes
3445 5281 3689 5355 implexi
3718 5281 3872 5346 virgm

2226 5354 2462 5431 linguas
2498 5359 2775 5430 ignitulas
2800 5354 3131 5431 viorabant.
3158 5354 3287 5431 ῐίιθΓ

2302 5424 2414 5501 (Ἆὸ)
2444 5424 2577 5487 Pars
2608 5433 2803 5495 crucis,
2835 5434 2883 5485 et
2913 5428 3133 5501 quidem
3163 5426 3344 5501 majus
3389 5428 3491 5489 est,
3518 5427 3631 5501 etc.
3684 5424 3873 5475 Cruces

2230 5497 2406 5558 nobis
2477 5504 2870 5575 reliquuntur,
2927 5497 3460 5575 'nobis_figuntur,
3545 5500 3607 5575 at
3679 5508 3751 5575 ex.
3814 5501 3871 5575 eo

2230 5575 2527 5629 maximus
2558 5567 2620 5630 in
2651 5592 2756 5630 nos
2816 5574 2999 5629 honos
3057 5568 3365 5625 redundat.
3417 5567 3596 5638 Apud
3670 5568 3871 5638 veteres

2229 5646 2447 5718 quippe
2477 5646 2838 5704 Christianos
2870 5661 3011 5701 crux
3040 5655 3274 5713 semper
3306 5635 3492 5697 rebus
3518 5639 3581 5696 in
3615 5635 3871 5694 omnibus
