4094 6186
240 350 350 409 849

1467 354 1571 414 ΔΙ)
1618 352 2032 415 NATIONES.
2069 384 2145 397 —
2180 353 2323 413 LIB.
2370 354 2419 414 Ι.

3529 352 3651 413 650

239 483 391 538 tione
424 482 719 555 deﬁgitur.
752 484 863 539 Sed
898 483 1066 539 nobis
1089 487 1210 540 tota
1230 500 1372 540 crux
1393 484 1722 555 imputatur
1752 498 1887 539 cum
1925 486 1973 553 Α
2003 499 2114 539 nus
2146 487 2438 551 censetur,
2473 486 2632 540 tanto
2661 483 2819 554 origo
2849 481 3193 539 convenitur
3222 482 3281 537 in
3326 497 3555 554 genere.
3587 482 3649 538 Si

243 576 523 626 antemna
554 572 801 628 scillicet
832 589 940 628 sua
968 588 1102 628 cum
1138 572 1238 628 illo
1270 572 1473 629 sedilis
1505 588 1740 628 excessu
1778 572 1894 645 (46)

242 662 347 715 Hoc
378 660 623 732 quidem
652 678 758 717 vos
807 662 1278 732 incnsabiliores,
1337 662 1439 735 qui
1503 662 1781 717 mutilum
1835 667 1893 717 et

237 757 511 805 truncum
543 750 787 805 dicastis
818 748 1042 822 lignum
1072 752 1227 821 quod
1261 750 1357 806 alii
1390 750 1628 823 plenum
1648 756 1706 805 et
1735 755 1891 806 stru-

236 845 389 894 ctum
414 832 928 895 consecraverunt.
963 841 1267 895 Enimvero
1298 840 1370 895 de
1410 841 1636 912 reliquo
1668 841 1893 910 integra

235 934 316 982 est
345 926 557 999 religio
589 929 752 983 vobis
785 929 1025 1001 integrae
1078 929 1286 994 crucis,
1348 930 1500 984 sicut
1558 930 1889 984 ostendam.

235 1015 522 1087 lgnoratis
557 1021 753 1071 autem
790 1017 966 1072 etiam
999 1017 1287 1090 originem
1318 1019 1493 1073 istam
1526 1018 1651 1072 deis
1683 1017 1893 1072 vestris

232 1106 297 1159 de
324 1105 723 1176 istopatibulo
750 1106 1109 1178 provenisse.
1128 1107 1273 1162 Nam
1297 1124 1467 1163 omne
1506 1107 1891 1162 simulacrum

234 1211 329 1249 seu
353 1194 522 1265 ligno
555 1211 658 1250 seu
692 1194 888 1267 lapide
929 1197 1316 1268 desculpitur,
1348 1212 1450 1252 seu
1484 1214 1594 1251 iere
1623 1195 1892 1251 defundi-

234 1289 344 1349 tur,
380 1300 488 1338 seu
516 1301 869 1356 quacunque
898 1283 1011 1340 alia
1041 1285 1423 1357 locupletiore
1468 1286 1708 1341 materia
1761 1302 1891 1356 pro-

234 1372 494 1442 ducitur,
530 1372 786 1443 plasticm
820 1390 1029 1427 manus
1089 1376 1420 1444 pracaedant
1474 1388 1714 1428 necesse
1767 1377 1889 1427 estf

228 1459 421 1530 plasta
444 1466 645 1514 autem
684 1459 914 1533 lignum
947 1463 1137 1516 crucis
1170 1464 1227 1516 in
1270 1463 1460 1533 primo
1493 1464 1719 1531 statuit,
1746 1478 1891 1533 quo-

233 1550 389 1603 niam
421 1548 540 1620 ipsi
575 1565 808 1620 quoque
839 1551 1067 1621 corpori
1100 1555 1301 1606 nostro
1331 1552 1510 1606 tacita
1565 1557 1621 1605 et
1673 1556 1896 1605 secreta

231 1636 389 1693 linea
420 1638 616 1692 crucis
659 1638 813 1694 situs
842 1644 954 1694 est.
987 1640 1149 1704 Quod
1212 1646 1386 1711 caput
1443 1639 1676 1705 emicat,
1739 1641 1893 1711 quod

233 1726 406 1797 spina
438 1726 736 1798 dirigitur,
768 1728 921 1797 quod
954 1727 1334 1783 humerorum
1378 1728 1769 1799 obliquatio...
1834 1728 1893 1783 Si

233 1815 519 1870 statueris
552 1816 852 1871 hominem
892 1818 1165 1871 manibus
1224 1817 1521 1888 expansis,
1574 1817 1889 1887 imaginem

234 1904 425 1959 crucis
456 1904 686 1959 feceris.
726 1905 866 1960 Huic
896 1904 1077 1976 igitur
1108 1906 1364 1971 exordio,
1410 1910 1467 1959 et
1495 1905 1653 1960 velut
1708 1912 1895 1960 statu-

236 1993 380 2047 mini
428 1993 645 2065 argilla
701 1995 955 2065 desuper
1012 1994 1232 2050 intexta
1290 1993 1569 2066 paulatim
1631 1996 1897 2050 membra

236 2082 518 2153 complet.
550 2088 608 2138 et
637 2098 847 2153 corpus
880 2084 1076 2151 struit,
1120 2090 1177 2139 et
1228 2083 1514 2149 habitum,
1544 2100 1718 2155 quem
1771 2083 1894 2155 pla-

235 2175 351 2228 cuit
380 2171 633 2243 argillze,
669 2173 828 2228 intus
859 2173 1018 2228 cruci
1052 2173 1265 2245 ingerit
1300 2199 1313 2241 ;
1373 2174 1509 2229 inde
1565 2175 1783 2228 circino
1840 2179 1898 2229 et

240 2261 508 2333 plumbis
538 2261 794 2316 modulis
828 2263 1171 2334 praeparatio
1204 2263 1504 2318 simulacri
1529 2263 1587 2318 in
1618 2280 1893 2333 marmor,

237 2351 291 2406 in
324 2353 550 2415 lutum,
586 2349 673 2404 vel
722 2368 821 2418 aes,
856 2350 943 2405 vel
992 2352 1389 2423 quodcunque
1446 2352 1667 2424 placuit
1719 2353 1893 2407 deum

236 2439 984 2511 ﬁeri,transmigratur.A
1045 2455 1214 2495 cruce
1273 2440 1500 2513 argilla,
1561 2442 1633 2497 ab
1690 2441 1898 2513 argilla

234 2529 368 2584 deus
401 2546 415 2585 :
453 2528 895 2598 quodammodo
926 2529 1140 2583 transit
1170 2546 1310 2584 crux
1340 2531 1400 2584 in
1416 2532 1585 2585 deum
1646 2547 1748 2602 per
1803 2548 1895 2585 ar—

232 2618 458 2689 gillam.
497 2617 740 2673 Crucem
776 2616 955 2689 igitur
974 2619 1334 2675 consecratis
1366 2636 1399 2674 a
1455 2636 1567 2691 qua
1617 2620 1898 2693 incipitur

232 2711 640 2764 consecratus.
673 2705 935 2778 Exempli
966 2707 1157 2780 gratia
1212 2708 1438 2763 dictum
1498 2708 1627 2778 erit,
1688 2726 1897 2781 nempe

229 2796 299 2851 de
326 2795 499 2852 olivm
534 2796 740 2851 nucleo
763 2800 819 2850 et
842 2812 990 2851 nuce
1013 2796 1223 2867 persici
1254 2802 1308 2852 et
1331 2812 1513 2868 grano
1549 2799 1764 2869 piperis
1787 2800 1895 2855 sub

229 2888 387 2939 terra
432 2887 766 2955 temperato
802 2884 975 2940 arbor
1005 2883 1268 2956 exsurgit
1297 2884 1355 2938 in
1413 2901 1630 2955 ramos,
1692 2887 1748 2940 in
1804 2904 1896 2943 co-

232 2990 418 3039 mam,
443 2974 507 3027 in
550 2972 805 3043 speciem
837 2973 929 3028 sui
960 2974 1213 3045 generis.
1246 2978 1385 3028 Eam
1445 2974 1494 3029 si
1553 2976 1893 3043 transferas,

234 3061 324 3117 vel
351 3062 420 3117 de
446 3061 704 3116 brachiis
738 3062 866 3133 ejus
898 3062 954 3117 in
988 3062 1161 3117 aliam
1213 3062 1478 3118 subolem
1539 3064 1744 3133 utaris,
1805 3065 1896 3120 cui

232 3151 627 3223 deputabitur
684 3152 839 3222 quod
873 3151 941 3206 de
998 3151 1237 3206 traduce
1298 3152 1614 3223 provenit?
1646 3170 1760 3208 non
1812 3154 1895 3209 illi

1923 1860 1972 1925 B

2000 571 2181 643 igitur
2209 571 2267 627 in
2308 589 2518 645 genere
2550 572 2791 628 deorum
2837 588 3077 627 crucum
3118 570 3403 643 originem
3437 570 3649 640 colitis,

2004 658 2095 713 hic
2122 660 2232 714 erit
2255 659 2502 715 nucleus
2534 665 2589 715 et
2618 675 2866 732 granum
2900 658 3298 731 primordiale.
3333 675 3399 714 ex
3434 660 3650 731 quibus

2002 748 2157 817 apud
2204 764 2305 802 vos
2358 748 2809 803 simulacrorum
2870 747 3025 804 silvae
3085 751 3504 818 propagentur.
3562 749 3649 804 Ad

2003 837 2317 891 manifesta
2339 838 2463 907 jam
2496 839 2539 872 3°
2573 854 2583 892 :
2620 837 2905 892 Victorias
2937 842 3001 891 ut
3028 837 3296 904 numina,
3329 841 3385 891 et
3408 837 3647 908 quidem

2003 926 2344 997 augustiora
2402 932 2621 998 quanto
2682 926 2922 995 laetiora,
2980 926 3361 981 veneramini.
3436 930 3645 982 Con....

2002 1014 2320 1086 one3°quid
2346 1015 2556 1071 melius
2579 1015 2859 1070 extollant
2884 1016 3036 1072 579
3062 1031 3261 1070 cruces
3283 1018 3477 1071 erumt
3497 1016 3651 1071 inte-

2004 1104 2160 1158 stina
2193 1105 2628 1175 quodammodo
2660 1109 3030 1174 tropaeorum.
3064 1105 3265 1175 Itaque
3288 1104 3345 1157 in
3376 1104 3651 1160 Victoriis

2003 1199 2060 1247 et
2090 1209 2288 1248 cruces
2319 1194 2454 1248 colit
2484 1193 2800 1249 castrensis
2835 1192 3058 1264 religio,
3091 1193 3262 1264 signa
3293 1194 3517 1261 adorat,
3569 1194 3648 1249 si-

2003 1297 2118 1353 gna
2149 1283 2389 1352 dejerat,
2425 1282 2592 1354 signa
2618 1282 2731 1353 ipsi
2760 1282 2888 1337 Jovi
2922 1282 3169 1351 praefert.
3197 1283 3306 1337 Sed
3352 1282 3449 1338 ille
3503 1282 3649 1338 ima-

2004 1371 2207 1442 ginum
2240 1376 2557 1443 suggestus
2591 1377 2647 1426 et
2678 1372 2859 1427 totius
2880 1371 3008 1426 auri
3042 1371 3234 1426 cultus
3268 1372 3506 1427 monilia
3527 1389 3652 1427 cru-

2004 1476 2137 1514 cum
2172 1465 2327 1515 sunt.
2356 1462 2447 1513 Sic
2488 1460 2662 1515 etiam
2697 1462 2756 1515 in
2818 1461 3115 1515 cantabris
3174 1464 3353 1531 atque
3406 1460 3653 1530 vexillis,

2004 1566 2130 1620 quae
2156 1566 2267 1603 non
2290 1549 2515 1603 minore
2543 1550 2855 1605 sanctitate
2878 1548 3089 1604 militia
3110 1550 3386 1617 custodit,
3420 1550 3657 1622 siphara

2015 1638 2114 1691 illa
2145 1643 2338 1693 vestes
2372 1654 2612 1693 crucum
2649 1643 2809 1693 sunt.
2851 1638 3235 1705 Erubescitis,
3288 1639 3516 1711 opinor,
3566 1640 3657 1695 in-

2005 1726 2191 1781 cultas
2220 1731 2276 1781 et
2307 1726 2493 1782 nudas
2524 1742 2693 1782 erues
2726 1726 2939 1782 colere.

2079 1817 2164 1869 13.
2186 1816 2297 1870 Alii
2324 1815 2493 1887 plane
2516 1816 2836 1871 humanius
2860 1816 3042 1873 solem
3062 1816 3461 1874 Christianum
3478 1819 3654 1874 deum

2000 1905 2317 1971 aestimant,
2354 1906 2510 1977 quod
2542 1904 2867 1962 innotuerit
2897 1907 2970 1962 ad
2999 1906 3238 1963 orientis
3288 1912 3512 1980 partem
3565 1908 3655 1964 fa-

2003 2009 2131 2049 cere
2163 2011 2269 2050 nos
2300 1995 2695 2067 precationem
2733 1995 2848 2064 (47)
2902 1995 2990 2050 vel
3048 1995 3140 2050 die
3198 1994 3341 2051 solis
3389 1995 3653 2051 laetitiam

2004 2100 2230 2139 curare.
2264 2084 2409 2150 Quid
2440 2100 2544 2140 vos
2578 2084 2774 2140 minus
2806 2084 2997 2140 facitis
3025 2084 3052 2138 ?
3074 2084 3197 2138 Non
3229 2083 3492 2156 plerique
3518 2086 3655 2141 atie-

2005 2174 2258 2228 ctatione
2288 2173 2570 2227 adorandi
2600 2172 2917 2244 aliquando
2949 2173 3127 2228 etiam
3163 2173 3419 2229 cmlestia
3459 2175 3531 2230 ad
3560 2192 3657 2231 so-

2005 2262 2077 2316 lis
2110 2261 2343 2316 initium
2398 2261 2565 2317 labra
2610 2260 2909 2317 vibratis?
2961 2262 3077 2317 Vos
3131 2267 3285 2318 certe
3333 2263 3493 2329 estis,
3554 2265 3657 2335 qui

2004 2351 2178 2406 etiam
2214 2351 2271 2405 in
2303 2350 2649 2406 laterculurn
2677 2354 2900 2422 septem
2933 2351 3158 2405 dierum
3206 2350 3388 2406 solem
3437 2353 3654 2424 recepi-

2004 2440 2131 2501 stis,
2164 2444 2220 2494 et
2248 2456 2316 2494 ex
2348 2440 2555 2494 diebus
2578 2439 2773 2511 ipsum
2810 2439 3179 2511 praelegistis,
3214 2456 3328 2511 quo
3374 2440 3466 2496 die
3496 2440 3653 2497 lava-

2005 2544 2167 2583 crum
2204 2526 2589 2592 subtrahatis,
2622 2528 2803 2581 autin
2836 2543 3138 2598 vesperam
3191 2528 3496 2597 ditferatis,
3556 2534 3659 2586 aut

2007 2617 2191 2671 otium
2222 2621 2279 2670 et
2309 2616 2623 2688 prandium
2657 2615 2895 2670 curetis.
2947 2616 3111 2679 Quod
3172 2617 3412 2688 quidem
3465 2619 3656 2676 facitis

2004 2704 2401 2761 exorbitantes
2432 2710 2490 2760 et
2519 2704 2634 2776 ipsi
2667 2721 2701 2759 a
2730 2704 2941 2760 vestris
2973 2706 3044 2761 ad
3076 2704 3300 2762 alienas
3317 2706 3650 2781 religiones.

2004 2794 2189 2849 Judaei
2215 2794 2369 2849 enim
2402 2793 2556 2864 festi,
2588 2793 2843 2849 Sabbata
2873 2799 2929 2849 et
2959 2812 3122 2852 coena
3152 2813 3321 2868 pura,
3354 2800 3651 2870 ctjudaici

2007 2884 2156 2939 ritus
2186 2883 2563 2939 lucernarum
2594 2887 2648 2938 et
2678 2882 2906 2953 jejunia
2934 2900 3067 2939 cum
3100 2886 3319 2959 azymis
3350 2892 3409 2943 et
3437 2888 3654 2945 oratio~

2009 2991 2109 3028 nes
2140 2971 2444 3040 littorales,
2478 2989 2605 3044 qua!
2664 2972 2867 3043 utique
2916 2972 3108 3029 aliena
3139 2979 3278 3030 sunt
3336 2993 3369 3032 a
3422 2978 3536 3033 diis
3565 2995 3658 3033 ve-

2006 3062 2165 3117 stris.
2201 3062 2407 3127 Quare,
2442 3065 2507 3115 ut
2537 3060 2608 3115 ab
2629 3075 2868 3115 excessu
2902 3066 3178 3127 revertar,
3216 3063 3316 3134 qui
3357 3063 3543 3119 solem
3600 3070 3657 3120 et

2014 3151 2165 3207 diem
2190 3152 2318 3220 ejus
2340 3150 2509 3204 nobis
2534 3150 2918 3221 exprobratis,
2952 3152 3248 3221 agnoscite
3297 3152 3655 3209 vicinitatem

230 3255 417 3311 grano
454 3247 561 3294 aut
605 3239 739 3294 nuci
774 3245 876 3294 aut
905 3240 1111 3295 nucleo
1132 3240 1159 3293 ‘I
1191 3239 1335 3295 Nam
1371 3257 1505 3295 cum
1536 3242 1744 3297 tertius
1768 3259 1896 3314 gra-
1930 3218 1973 3287 (ἶ
2014 3257 2128 3294 non
2162 3238 2332 3310 longe
2362 3254 2395 3292 a
2426 3239 2678 3292 Saturno
2710 3243 2765 3291 et
2797 3238 3059 3293 sabbatis
3089 3240 3301 3295 vestris
3332 3257 3554 3297 sumus.

230 3330 340 3383 dus
392 3329 663 3383 secundo
718 3329 1056 3395 ascribitur,
1101 3344 1261 3398 aeque
1320 3328 1510 3399 primo
1576 3332 1893 3399 secundus,

226 3418 309 3472 sic
337 3416 562 3472 tertius
590 3416 874 3486 redigitur
906 3417 976 3470 ad
1037 3414 1296 3488 primum
1356 3418 1745 3474 transmissus
1795 3437 1897 3491 per

225 3505 589 3559 secundum.
623 3502 735 3559 Nec
763 3502 983 3559 diutius
1006 3519 1184 3575 super
1212 3504 1328 3559 isto
1360 3510 1893 3577 argumentandum

222 3599 327 3660 est,
363 3592 615 3664 quando
648 3592 905 3648 naturali
934 3591 1373 3663 praescriptione
1420 3610 1593 3650 omne
1651 3598 1892 3653 omnino

221 3697 411 3753 genus
430 3698 686 3738 censum
718 3683 788 3737 ad
834 3681 1118 3752 originem
1170 3682 1366 3750 refert,
1417 3688 1752 3756 quantoque
1803 3703 1892 3757 go-

2082 3330 2166 3382 14.
2193 3328 2479 3397 Novajam
2499 3326 2570 3381 de
2589 3327 2702 3381 Deo
2723 3332 2921 3383 nostro
2941 3328 3094 3383 fema
3131 3330 3444 3401 suggessit,
3488 3332 3643 3386 Adeo

2006 3435 2192 3490 nuper
2222 3415 2459 3487 quidam
2489 3415 2929 3487 perditissimus
2960 3417 3018 3472 in
3048 3417 3161 3473 ista
3190 3419 3446 3491 civitate,
3477 3421 3654 3476 etiam

2005 3524 2121 3563 suae
2155 3504 2455 3577 religionis
2494 3506 2777 3572 desertor,
2812 3505 2935 3561 solo
2969 3506 3321 3563 detrimento
3353 3509 3504 3565 cutis
3544 3510 3654 3565 Ju-

2003 3597 2184 3662 daaus,
2221 3594 2424 3664 utique
2456 3594 2643 3666 magis
2702 3598 2834 3666 post
2891 3595 3213 3652 bestiarum
3264 3614 3519 3666 morsus,
3578 3599 3653 3654 ad

2003 3701 2149 3756 quas
2169 3700 2231 3740 se
2257 3681 2501 3739 locando
2531 3683 2646 3755 (48)
2677 3682 2940 3755 quotidie
2972 3687 3251 3757 totojam
3284 3703 3523 3759 corpore
3553 3688 3652 3744 de-

1664 3875 1867 3937 Variee
1896 3875 2220 3937 lectiones.

224 4012 270 4047 ²⁹
301 4013 525 4085 Rigalt.
561 4012 636 4067 At
663 4027 799 4067 man
835 4036 849 4081 ;
885 4011 1080 4069 Verius
1112 4011 1242 4068 Hau.
1276 4012 1347 4067 ad
1382 4029 1541 4070 man.
1575 4014 1619 4049 ³ο
1647 4016 1784 4071 Ηαυ.
1819 4014 2271 4088 contignatione.

1691 4192 2217 4254 Commentarius.

229 4334 663 4401 adhibebatur,
697 4333 1053 4405 signumque
1081 4333 1242 4389 illius
1274 4338 1407 4390 ante
1430 4349 1521 4389 res
1554 4350 1756 4389 omnes
1783 4334 1900 4389 im-

226 4408 634 4477 primebatur,
667 4412 799 4475 lpse
855 4406 1077 4478 Tertul,
1110 4408 1174 4462 de
1217 4407 1443 4478 Δ(ιόνοηα
1490 4409 1601 4478 Mil.
1655 4406 1901 4478 Cyrillus

226 4473 449 4532 catecb.
495 4493 560 4532 IV
593 4493 616 4548 :7
660 4473 810 4528 H—Otﬁt
857 4473 914 4529 δὲ
964 4480 1125 4529 τοῦτο
1157 4475 1230 4548 7τὸ
1277 4482 1525 4548 omnim),
1576 4473 1765 4539 ἐσθίῖυν
1810 4475 1901 4529 καὶ

224 4548 395 4637 ξίῖων
439 4591 455 4614 ,
527 4547 837 4617 καθήμενος
877 4592 889 4615 ,
928 4546 1386 4637 ’κοιταζρμενοςς
1441 4546 1851 4637 ἐξανεστάξιενος
1887 4591 1900 4617 ,

227 4620 448 4695 λαλῷν)
510 4623 855 4695 περιπατῶν,
918 4619 1249 4695 ἁπαξαπλῶς
1305 4619 1355 4672 ἐν
1414 4622 1569 4673 παντὶ
1597 4619 1899 4695 πράγματιο

298 4718 325 4741 ιι
359 4694 480 4747 Fac
507 4692 656 4745 illud
685 4692 947 4761 signum,
978 4694 1292 4747 comedens
1324 4698 1379 4748 et
1410 4695 1634 4759 bibens,
1669 4692 1900 4747 sedens.

2010 4333 2152 4387 dares
2211 4329 2446 4405 dicitur,
2505 4329 2813 4385 Unicornis
2859 4331 2919 4385 in
2980 4332 3173 4389 medio
3224 4332 3459 4405 stipata.
3527 4339 3654 4392 RIG.

2083 4405 2190 4477 (47)
2216 4404 2329 4477 _Ad
2358 4404 2585 4477 orientis
2612 4406 2825 4477 partem
2877 4406 3063 4473 facere
3118 4421 3215 4461 nos
3256 4404 3654 4477 precationem.

2009 4475 2397 4529 Verissimum
2430 4475 2945 4545 certissimumque
2966 4480 3055 4530 est
3085 4475 3445 4551 Christianos
3468 4481 3654 4536 orien-

2014 4554 2127 4601 tem
2162 4562 2364 4601 versus
2400 4562 2599 4620 preces
2627 4563 2765 4620 suas
2799 4564 3139 4620 nuncupare
3185 4549 3387 4607 sclitos
3421 4569 3434 4618 ;
3497 4552 3658 4607 illius

2013 4625 2205 4674 autem
2241 4617 2684 4673 consuetudinis
2728 4619 2849 4672 hac
2879 4617 3021 4674 erat
3053 4621 3218 4676 ratio.
3254 4617 3519 4679 Christus
3548 4625 3660 4679 Do-

2015 4691 2311 4767 niinusin
2334 4706 2502 4767 cruce
2533 4691 2890 4767 constitutus
2914 4692 3289 4767 adgoc’casum’
3319 4696 3663 4767 respiciebat

229 4769 565 4845 recubans,
591 4771 845 4845 erectus,
885 4763 1152 4845 loquens,
1206 4765 1560 4845 ambulans,‘
1590 4782 1700 4845 uno
1732 4765 1906 4845 verbo
1942 4782 1983 4845 D
2017 4764 2152 4817 inde
2182 4761 2497 4845 Christiani
2529 4765 2805 4845 tanquam
2835 4762 3036 4845 defixis
3071 4766 3127 4819 in
3162 4761 3452 4845 Christum
3478 4769 3663 4825 oculis

230 4836 283 4889 in
320 4838 497 4890 omni
533 4834 891 4888 occasione.»
940 4836 1193 4890 Basilius
1255 4836 1468 4905 Magi
1528 4837 1591 4890 de
1759 4836 1902 4905 Spir.

229 4923 278 4962 c.
310 4909 410 4973 Z7,
448 4907 609 4961 illud
670 4906 902 4979 reponit
948 4909 1101 4961 inter
1158 4908 1502 4961 traditiones
1559 4908 1912 4979 apostolicae

228 4997 347 5033 non
382 4980 679 5047 scriptas.
718 4978 788 5030 Ls
822 4979 917 5030 Pa.

300 5052 424 5120 (46)
462 5049 609 5103 Cum
639 5050 738 5103 illo
768 5049 960 5103 sedilis
990 5063 1232 5103 excessu.
1266 5048 1452 5103 Sedile
1501 5050 1689 5104 crucis
1737 5048 1907 5120 palus

226 5122 340 5177 fuit
394 5121 664 5189 brevior,
720 5120 913 5174 medio
971 5121 1157 5190 stipiti
1210 5121 1521 5190 impactus.
1590 5121 1905 5175 Excessum

226 5211 367 5249 vero
404 5191 628 5249 sedilis
662 5191 823 5258 dicit,
856 5192 994 5264 quia
1029 5192 1197 5262 palus
1228 5190 1336 5247 iste
1368 5194 1424 5246 in
1460 5209 1574 5264 quo
1624 5194 1908 5247 sedebant

228 5265 551 5326 cruciarii,
592 5264 892 5335 eminebat
922 5263 979 5317 in
1014 5263 1207 5335 medio
1239 5263 1530 5335 stipitegad
1592 5280 1778 5335 usum
1819 5280 1907 5318 se-

225 5338 422 5408 dilis;
476 5334 713 5408 ’_Ev_fri7p
771 5334 932 5408 piéqip
979 5332 1335 5408 unwépsvov
1380 5332 1536 5408 ξύλον
1597 5334 1670 5395 ὡς
1728 5333 1909 5407 κέρας,

223 5408 313 5460 καὶ
369 5406 521 5461 αὑτὸ
572 5402 813 5480 ’ἐξιχονς-
854 5402 933 5479 ἐφ’
986 5405 1030 5476 ᾧ
1072 5402 1412 5480 ίέπόχοῦνταίι
1472 5406 1522 5460 οἱ
1575 5402 1911 5480 σταυρούμε-

702 5477 958 5546 ustinus,
1012 5477 1238 5549 Dialogo
1285 5479 1492 5534 advers.
1574 5480 1674 5549 ’I‘ry
1711 5477 1912 5535 'honem

702 5565 857 5603 naeus
906 5550 1007 5604 lib.
1057 5567 1115 5606 Il.
1174 5566 1300 5606 can.
1364 5553 1450 5605 42.
1504 5551 1631 5606 lose
1677 5497 1912 5606 habitus

1720 5567 1914 5606 θῡιῐιιε

229 5624 437 5679 crucis
472 5621 632 5693 ﬁnes
664 5626 720 5673 ct
750 5626 1127 5677 summitates
1158 5621 1331 5677 habet
1372 5624 1652 5693 quinque,
1686 5625 1832 5677 duos
1854 5623 1911 5675 in

229 5692 657 5768 longitudine,
683 5700 739 5747 et
772 5709 952 5768 unum
986 5694 1043 5768 in
1078 5696 1266 5750 medio
1291 5692 1399 5768 rubi
1450 5692 1781 5768 requiescit,
1817 5694 1914 5763 qui

232 5764 427 5827 clavis
464 5764 759 5836 afﬁgitur.
806 5764 980 5821 Palus
1011 5766 1121 5823 iste
1147 5767 1458 5822 medianus
1488 5766 1591 5821 lib.
1626 5764 1775 5825 αάυζ
1813 5771 1915 5825 Ju-

224 5500 337 5543 νοι,
394 5476 616 5545 inquit

225 5552 551 5609 Judaeum.
598 5552 857 5603 Ireneus
906 5550 1007 5604 lib.
1057 5567 1115 5616 Il,
1162 5566 1300 5622 cap.
1364 5553 1450 5605 42.
1504 5551 1631 5621 Ipse

554 5893 819 5959 Panos.
864 5892 917 5958 Ι.

2021 4849 2225 4913 versus
2257 4833 2538 4913 orientem
2573 4849 2635 4913 se
2669 4834 3068 4913 obvertebant.
3099 4908 3113 4913 _
3138 4840 3193 4889 S.
3256 4838 3662 4913 Hieronymus,

2027 4907 2093 4960 ad
2124 4921 2247 4975 cap.
2291 4904 2693 4985 v1p_rophelee_
2720 4908 2897 4985 Amos
2932 4924 2952 4985 _:
3008 4930 3033 4957 «
3095 4908 3161 4985 In_
3188 4904 3493 4985 mysteriis
3540 4904 3663 4985 pri;

2016 4994 2156 5031 num
2188 4977 2597 5031 renuntiamus
2647 4976 2719 5043 ei,
2781 4977 2881 5049 qui
2930 4978 2986 5031 in
3045 4976 3343 5037 occidente
3399 4990 3488 5040 est
3540 4976 3667 5040 .nos

2018 5050 2224 5119 bisque
2256 5050 2506 5103 moritur
2534 5064 2666 5103 cum
2697 5049 2972 5119 peccatis,
3008 5057 3063 5106 et
3086 5054 3169 5107 sic
3200 5056 3348 5111 versi
3371 5059 3443 5112 ad
3474 5058 3666 5112 orien-

2016 5127 2133 5175 tem
2155 5124 2401 5193 pactum
2434 5120 2650 5175 inimus
2683 5136 2815 5175 cum
2850 5121 2980 5176 Sole
3009 5124 3278 5193 justitiae,
3336 5132 3393 5181 et
3451 5127 3503 5182 ei
3562 5146 3669 5184 nos

2020 5192 2350 5272 servituros!
2368 5209 2497 5272 esse
2528 5193 2950 5272 promittimus.
2988 5192 3025 5241 >{
3050 5196 3276 5272 Prol‘ani
3308 5204 3366 5253 et
3391 5200 3665 5272 gentiles,

2021 5263 2119 5336 qui
2151 5263 2413 5339 veritatis
2445 5264 2684 5339 omnino
2716 5270 2883 5339 erant
2907 5271 3193 5339 expertes,
3215 5263 3673 5329 obvert'ebantur

2021 5352 2256 5408 quoque
2290 5336 2357 5409 ad
2393 5336 2698 5403 orientem,
2736 5338 2835 5391 sed
2896 5336 3200 5409 orientem,
3252 5342 3435 5401 solem
3495 5347 3671 5401 deum

2023 5424 2197 5464 suum
2235 5408 2379 5462 falso
2412 5409 2737 5463 credentes.
2774 5409 2851 5463 Ls
2882 5412 2981 5464 Pa.

2089 5479 2199 5549 (48)
2239 5479 2427 5549 Utique
2456 5482 2630 5605 mapz':
2660 5486 2777 5551 post
2805 5482 3103 5536 bestiarum
3137 5500 3371 5555 morsus,
3424 5486 3492 5542 ad
3535 5503 3671 5558 quas

2108 5550 2349 5605 locando.
2389 5551 2514 5605 lDSO
2570 5552 2695 5605 Π)Γο
2725 5552 2795 5605 ad
2827 5557 3101 5605 Mart-ures
3134 5573 3145 5605 :
3182 5578 3209 5605 ((
3263 5559 3414 5605 01ml:
3453 5559 3671 5605 otiosos

2021 5550 2349 5624 sejocando.
2389 5551 2514 5621 ipso
2546 5550 2695 5606 libro
2725 5552 2795 5605 ad
2827 5557 3101 5624 Martyres
3134 5573 3145 5609 :
3182 5578 3209 5605 ‹‹
3263 5550 3414 5623 Quot
3453 5550 3671 5612 otiosos

2027 5622 2317 5695 affectatio
2350 5639 2647 5677 armorum
2679 5624 2746 5677 ad
2792 5622 3053 5695 gladium
3114 5622 3322 5683 locat?
3378 5629 3539 5683 Certe
3599 5628 3670 5681 ad

2026 5696 2178 5749 feras
2212 5693 2369 5766 ipsas
2404 5693 3168 5763 aifectationedcscendunt,
3204 5701 3347 5754 etde
3378 5698 3672 5754 morsibus

2029 5770 2087 5824 et
2116 5768 2186 5823 de
2220 5766 2593 5825 cicatricibus
2616 5768 2999 5825 formosiores
3026 5770 3135 5825 sibi
3187 5769 3513 5828 videntur.»
3546 5770 3675 5830 Rie.

3316 5900 3392 5965 21
