4094 6186
483 320 599 379 651

1007 314 1529 373 ΤΕιὶΤυΙλιίΑΝΙ
1576 315 1899 375 OPERUM
1948 314 2123 373 PARS

2237 360 2238 369 χ
2272 347 2343 356 --
2385 313 2660 375 SEllIES
2702 313 2752 385 Ι,
2799 312 3361 373 APOLOGETICA.

3723 319 3825 379 652

484 447 657 513 cutit,
689 460 824 502 cum
850 444 1092 515 incedit,
1115 445 1401 516 picturam
1432 444 1491 498 in
1539 461 1644 501 nos
1678 446 1984 518 proposuit
2015 446 2126 500 sub
2160 446 2215 513 Α
2244 443 2590 517 sanguinem
2615 443 2825 500 elicitis
2856 443 2884 499 ?
2914 459 3124 516 parum
3144 443 3364 499 infante
3392 444 3690 514 vescimini,
3712 450 3831 519 quia

485 538 601 593 ista
654 532 1078 608 proscriptione
1120 549 1133 586 :
1195 532 1605 588 ONOKOITHZ
1636 534 1699 588 ⁸¹.
1736 538 1790 589 Is
1847 551 1941 590 era
1972 534 2131 590 auri-

485 627 596 681 bus
627 623 1041 691 cantericrum,
1071 627 1128 677 et
1159 622 1388 693 intoga,
1409 638 1546 677 cum
1574 622 1745 688 libro,
1778 622 1956 678 altero
1987 623 2132 694 pede

483 713 787 787 ungulato.
838 712 908 767 Et
939 711 1186 766 credidit
1246 712 1458 783 vulgus
1509 713 1727 781 judazo.
1757 713 1918 779 Quod
1976 712 2132 767 enim

483 804 641 861 aliud
677 818 863 875 genus
893 799 1279 856 seminarium
1312 805 1402 856 est
1431 801 1686 855 infamiae
1719 805 1931 855 nostrae
1962 800 1989 855 ?
2022 800 2132 855 Ita-

482 908 594 965 que
646 893 707 946 in
760 890 882 946 tola
937 890 1169 945 civitate
1218 888 1510 958 ὀνοκοίτης
1541 891 1907 960 praedicatur.
1940 891 2044 944 Sed
2077 893 2135 944 et

485 986 592 1039 hoc
623 986 864 1052 tamque
889 983 1190 1034 externum
1226 988 1277 1033 et
1303 978 1649 1033 auctoritate
1698 979 1979 1051 temporis
2029 979 2133 1032 de-

485 1072 757 1130 stitutum
776 1073 831 1124 et
853 1067 1135 1139 qualitate
1159 1067 1413 1123 auctoris
1431 1067 1758 1136 infirmum,
1779 1068 2030 1122 libenter
2045 1084 2136 1123 ex-

486 1161 699 1234 cipiam
752 1157 947 1213 studio
998 1158 1396 1227 retorquendi.
1454 1156 1775 1212 Videamus
1821 1156 2004 1229 igitur
2059 1174 2130 1211 an

483 1251 579 1306 hic
639 1263 871 1321 quoque
927 1246 1232 1301 nobiscum
1303 1246 1845 1317 deprehendemini.
1934 1246 2133 1317 Neque

482 1339 639 1396 enim
672 1340 914 1393 interest
945 1351 1063 1407 qua
1093 1336 1299 1403 forma,
1325 1334 1465 1388 dum
1498 1333 1787 1389 deformia
1816 1332 2133 1389 simulacra

483 1444 759 1485 curemus
788 1427 815 1481 Ἰ
843 1428 990 1480 Sunt
1012 1440 1190 1495 penes
1222 1440 1323 1477 vos
1355 1423 1562 1478 canino
1615 1422 1769 1479 580
1823 1424 2015 1493 capite
2076 1427 2133 1477 et

482 1517 718 1575 leonino
748 1520 805 1572 et
835 1515 906 1570 de
937 1515 1078 1568 bove
1110 1517 1166 1567 et
1186 1514 1255 1567 de
1288 1512 1465 1567 ariete
1499 1516 1553 1566 et
1575 1511 1735 1566 hirco
1767 1512 1994 1567 cornuti
2028 1512 2129 1579 dii,

482 1607 773 1680 caprignae
829 1603 921 1660 vel
975 1600 1216 1673 anguini
1305 1605 1362 1655 et
1432 1600 1601 1656 alites
1664 1600 1880 1672 planta,
1942 1601 2132 1655 fronte

480 1702 539 1753 et
566 1701 728 1768 tergo
754 1694 887 1767 (49).
922 1691 1069 1758 Quid
1103 1690 1297 1761 itaque
1338 1693 1608 1745 nostrum
1644 1690 1887 1745 unicum
1947 1690 2130 1744 deno-

478 1785 617 1842 tatis
638 1785 661 1840 ?

552 1875 638 1931 15.
672 1872 877 1927 Plures
909 1869 1195 1925 Onocoetze
1226 1882 1405 1938 penes
1436 1883 1540 1922 vos
1580 1866 2124 1939 deprobenduntur.

477 1964 533 2019 Si
564 1963 622 2018 in
657 1962 782 2017 deis
839 1958 1196 2030 mqualitate}
1227 1955 1654 2023 concurrimus,
1716 1957 2002 2028 sequitur,
2063 1961 2128 2010 ut

479 2049 751 2109 sacriﬁcii
769 2048 861 2103 vel
888 2046 1039 2103 sacri
1070 2061 1302 2118 quoque
1323 2046 1476 2099 inter
1506 2062 1611 2100 nos
1634 2044 1942 2100 diversitas
1964 2044 2127 2099 nulla

481 2142 579 2211 sit,
594 2144 658 2195 ut
673 2156 741 2194 ex
753 2137 864 2194 alia
882 2134 1071 2208 specie
1085 2133 1539 2206 comparationis
1553 2133 1697 2189 satis
1714 2134 1857 2189 satis
1876 2135 1993 2188 fiat.
2010 2134 2126 2189 Nos

479 2227 843 2286 infanticidio
866 2224 1106 2281 litamus
1134 2224 1253 2279 sive
1282 2223 1587 2279 initiamus
1610 2223 1637 2277 ?
1660 2223 1795 2292 Vos,
1832 2223 1880 2278 si
1912 2225 1981 2279 de
2006 2240 2125 2277 me-

480 2319 668 2376 moria
697 2317 986 2379 abierunt,
1021 2313 1321 2386 quaecede
1342 2312 1619 2381 hominis,
1653 2330 1899 2385 qumque
1931 2314 2123 2368 infan-

477 2408 693 2465 ticidiis
714 2404 1091 2476 transegisse,
1114 2402 1542 2474 recognoscatis
1565 2419 1671 2457 suo
1702 2404 1905 2458 ordine
1932 2420 1944 2470 ;
1971 2419 2125 2457 nunc

479 2498 637 2554 enim
661 2494 988 2551 differimus
1012 2491 1306 2564 pleraque,
1342 2507 1413 2546 ne
1444 2492 1646 2546 eadem
1676 2491 1981 2546 videamur
2002 2491 2127 2546 ubi-

481 2603 595 2660 que
626 2587 959 2640 retractare.
986 2580 1251 2649 Interim,
1276 2584 1342 2635 ut
1388 2579 1527 2648 dixi,
1570 2596 1637 2634 ex
1667 2578 1782 2634 alia
1814 2585 1977 2650 parte
2008 2596 2125 2635 non

479 2679 643 2733 deest
674 2671 1021 2744 adaequatio.
1044 2670 1189 2741 Nam
1221 2668 1329 2724 etsi
1362 2685 1467 2723 nos
1510 2668 1677 2723 aliter
1732 2668 1868 2739 (50),
1926 2674 2123 2724 tamen

483 2783 599 2823 non
631 2762 800 2819 aliter
828 2778 930 2816 vos
962 2759 1070 2830 (51)
1102 2774 1335 2830 quoque
1361 2757 1717 2813 infanticidia
1770 2758 1871 2829 qui
1933 2758 2125 2812 infan-

481 2862 571 2911 tes
600 2853 788 2910 editos
816 2848 1123 2906 enecanies
1154 2846 1382 2919 legibus
1422 2846 1654 2919 quidem
1710 2846 2123 2919 prohibemini,

484 2945 585 3002 sed
618 2941 788 2999 nullaa
821 2939 1010 3015 magis
1032 2937 1188 3009 leges
1219 2942 1339 2992 tam
1362 2936 1624 3008 impune,
1647 2940 1766 2991 tam
1792 2952 1995 2991 secure
2015 2938 2125 2992 sub

483 3033 746 3092 omnium
780 3026 1151 3087 conscientiae
1182 3027 1357 3081 unius
1390 3044 1549 3081 ειη...
1583 3025 1817 3081 tabellis
1872 3025 2122 3081 eludun-

479 3129 597 3182 tur.
629 3122 739 3179 Sed
773 3136 878 3175 nec
909 3134 975 3173 eo
1033 3117 1274 3185 distant,
1334 3114 1381 3170 si
1440 3132 1542 3170 vos
1599 3132 1717 3170 non
1778 3115 1891 3170 ritu
1951 3115 2123 3183 sacri,

482 3230 671 3286 neque
702 3212 808 3265 deo
839 3206 1077 3264 necatis.
1112 3206 1331 3275 Atquin
1365 3204 1423 3258 in
1456 3204 1565 3259 hoc
1622 3205 1909 3275 asperius,
1970 3205 2124 3276 quod

482 3304 697 3376 frigore
727 3303 784 3355 et
815 3298 967 3353 fame
988 3301 1091 3351 aut
1150 3293 1519 3363 bestiis.,.,...
1549 3293 1649 3359 tis,
1711 3298 1812 3348 aut
1867 3293 2128 3365 longiore

484 3395 545 3449 in
576 3389 744 3463 aquis
776 3391 961 3443 morte
1008 3383 1371 3454 demergitis.
1406 3385 1472 3436 At
1502 3386 1560 3437 et
1594 3381 1642 3436 si
1670 3398 1924 3454 quo......
1958 3384 2129 3438 dissi-

484 3481 687 3539 milius
748 3492 925 3549 penes
954 3490 1055 3529 vos
1089 3473 1172 3538 ﬁt,
1202 3488 1268 3527 eo
1300 3470 1570 3537 addicite,
1631 3488 1747 3543 quo
1794 3476 1985 3527 vestra
2041 3474 2127 3544 pi-

484 3590 669 3648 gnora
699 3587 954 3627 ex........
988 3568 1119 3633 s,et
1171 3562 1557 3635 supplebitur.
1611 3563 1734 3618 Imo
1789 3580 2125 3635 superacer-

483 3663 718 3721 vabitur
744 3660 804 3715 in
830 3657 1008 3729 ivobis
1066 3652 1493 3725 quidquid......
1552 3652 1773 3707 ratione
1829 3653 2125 3709 defecerit.

484 3754 593 3810 Sed
619 3752 691 3807 de
731 3766 798 3806 ea
845 3742 1165 3816 impietatis
1222 3740 1413 3796 hostia
1445 3740 1811 3809 dicimur....,
1845 3742 1985 3797 dum
2047 3744 2128 3799 ita

489 3855 724 3917 quoque
755 3840 813 3894 in
846 3834 1009 3892 vobis
1062 3829 1519 3902 recognoscitur,
1582 3830 1676 3885 ubi
1738 3832 2129 3902 opportunius

490 3933 747 4008 positum
779 3930 889 3995 est,
921 3940 1035 3980 non
1068 3920 1255 3976 multo
1286 3919 1651 3975 secernimur
1679 3936 1713 3974 a
1741 3926 1935 3977 vestra
1964 3938 2129 3977 vora-

486 4027 680 4094 citate,
712 4019 761 4076 si
792 4016 895 4073 illa
923 4011 1221 4086 impudica
1268 4014 1377 4081 est,
1431 4017 1629 4065 nostra
1678 4025 1810 4065 vero
1854 4010 2125 4079 crudelis,

482 4108 901 4185 conjungimnr
922 4104 969 4160 si
1002 4104 1147 4158 forte
1177 4104 1407 4168 natura,
1457 4117 1567 4170 qua
1628 4115 1860 4171 semper
1906 4100 2130 4157 saevitia

479 4221 613 4263 cum
645 4193 1019 4271 impudicitia
1046 4190 1386 4247 concordat.

552 4294 639 4349 16.
672 4291 1017 4357 Quanquam
1051 4279 1189 4352 quid
1248 4278 1467 4344 minus,
1501 4276 1616 4332 imo
1649 4278 1789 4349 quid
1823 4294 1941 4332 non
2003 4294 2124 4333 am-

476 4383 633 4456 plius
662 4376 853 4434 facitis
882 4373 909 4427 7
940 4385 1146 4443 parum
1190 4366 1411 4423 scilicet
1468 4366 1744 4422 humanis
1800 4366 2126 4437 visceribus

474 4468 739 4535 inhiatis,
773 4463 909 4536 quia
937 4460 1095 4514 vivos
1130 4462 1188 4513 et
1222 4457 1471 4528 puberes
1530 4456 1821 4512 devoratis
1845 4457 1871 4511 ?
1916 4473 2122 4527 parum

2245 533 2530 589 infantem
2564 538 2752 589 totum
2787 548 3159 606 praecoquum
3192 532 3575 603 perbanritis?
3613 535 3831 594 Ventum

2246 626 2334 677 est
2366 624 2435 677 ad
2469 623 2670 679 horam
2707 623 3077 678 lucernarum
3109 626 3165 677 et
3194 620 3459 677 caninum
3484 623 3833 681 ministerium

2244 717 2302 766 et
2327 712 2561 784 ingenia
2589 713 2986 768 tenebrarum.
3021 712 3144 775 Quo
3176 710 3234 766 in
3266 710 3389 766 loco
3419 718 3601 768 metuo
3646 731 3711 769 ne
3758 731 3836 771 ce-

2246 801 2403 855 dam.
2440 801 2584 865 Quid
2619 802 2775 856 enim
2809 800 2926 856 tale
2957 802 3015 856 in
3070 801 3234 856 vobis
3291 800 3549 856 detinebo
3572 801 3599 855 ?
3652 802 3835 858 Verum

2237 890 2359 961 jam
2422 889 2656 945 laudate
2716 888 3026 945 consilium
3083 888 3289 944 incesti
3343 890 3658 956 verecundi,
3704 890 3836 960 quod

2246 978 2573 1034 adulteram
2609 983 2837 1034 noctem
2873 980 3187 1034 commenti
3233 994 3461 1043 sumus,
3518 994 3587 1033 ne
3638 983 3730 1033 aut
3766 978 3840 1032 lu-

2242 1083 2389 1133 cem,
2425 1072 2525 1121 aut
2580 1084 2775 1123 veram
2833 1072 3062 1123 noctem
3114 1066 3652 1122 contaminaremus.
3706 1067 3831 1124 58]

2244 1156 2397 1227 quod
2441 1156 2616 1211 etiam
2671 1155 2998 1212 luminibus
3060 1155 3302 1212 terrenis
3359 1156 3695 1226 parcendum
3746 1155 3842 1211 exi-

2244 1246 2637 1315 stimavimus,
2697 1246 2851 1316 quod
2922 1248 3187 1301 nostram
3274 1259 3500 1315 quoque
3576 1243 3841 1299 conscien-

2245 1334 2386 1388 tiam
2447 1332 2755 1389 ludimus:
2820 1335 3238 1405 quodcumque
3289 1332 3440 1387 enim
3499 1331 3751 1399 facimus,
3802 1331 3842 1386 si

2243 1422 2536 1493 volumus,
2561 1422 2956 1494 suspicamur.
2985 1422 3264 1477 Caeterum
3297 1422 3515 1477 incesta
3534 1425 3713 1476 vestra
3756 1435 3843 1491 pro

2242 1530 2351 1567 sua
2405 1510 2671 1567 libertate
2724 1518 2779 1567 et
2835 1512 2964 1567 luce
3017 1511 3176 1566 omni
3233 1516 3290 1566 et
3346 1515 3510 1566 nocte
3584 1509 3729 1564 omni
3797 1512 3845 1562 et

2240 1606 2363 1656 tota
2393 1600 2519 1656 caeli
2570 1600 2931 1656 conscientia
2980 1600 3277 1666 fruuntur,
3329 1598 3596 1671 quodque
3650 1595 3845 1651 felicius

2241 1690 2563 1762 proveniat,
2590 1706 2723 1745 cum
2757 1688 2948 1761 palam
2982 1689 3277 1744 misceatis
3306 1688 3525 1742 incesta
3563 1690 3674 1741 toto
3728 1701 3843 1739 con-

2242 1779 2362 1835 scio
2395 1778 2558 1849 caelo,
2594 1779 2701 1834 soli
2733 1780 2843 1850 ipsi
2874 1777 3197 1850 ignoratis;
3231 1794 3336 1832 nos
3384 1792 3516 1831 vero
3571 1774 3735 1829 etiam
3796 1772 3841 1827 in

2238 1868 2498 1923 tenebris
2533 1866 2750 1922 scelera
2809 1872 3011 1921 nostra
3077 1880 3491 1938 recognoscere
3540 1877 3841 1935 possumus.

2236 1957 2414 2013 Plane
2445 1957 2650 2026 Persas,
2684 1956 2907 2011 Ctesias
2940 1956 3082 2021 edit,
3108 1960 3222 2010 tam
3256 1954 3510 2010 scientes
3550 1967 3711 2023 quam
3750 1966 3845 2004 non

2236 2049 2540 2104 horrentes
2572 2064 2705 2104 cum
2739 2048 3030 2103 matribus
3061 2048 3239 2103 libere
3270 2048 3442 2103 fiunt.
3483 2045 3588 2100 Sed
3646 2050 3700 2099 et
3746 2046 3848 2096 Ma-

2236 2137 2504 2203 cedones,
2537 2136 2591 2190 id
2626 2136 2780 2207 quod
2809 2135 3220 2207 probaverunt,
3256 2134 3451 2207 palam
3480 2137 3563 2189 est
3594 2131 3847 2195 factitare,

2237 2226 2528 2298 siquidem
2582 2242 2715 2279 cum
2776 2225 3003 2296 primus
3061 2241 3297 2280 scenam
3359 2240 3560 2279 eorum
3625 2220 3851 2290 OEdipus

2236 2315 2476 2369 intravit
2504 2314 2835 2369 trucidatus
2868 2313 3091 2379 oculos,
3124 2314 3243 2369 risu
3270 2330 3338 2368 ac
3393 2313 3588 2368 derisu
3642 2323 3849 2379 excepe-

2236 2408 2410 2470 runt;
2445 2404 2758 2475 Ltragazdus
2816 2406 3227 2458 consternatus
3289 2406 3541 2457 retracta
3592 2410 3851 2470 persona:

2235 2492 2534 2563 Nunquid,
2568 2492 2667 2563 ait,
2703 2491 2947 2559 domini,
2981 2491 3254 2563 displicui
3303 2490 3519 2545 vobis?
3571 2484 3852 2559 responde-

2236 2585 2374 2636 runt
2420 2582 2790 2637 Macedones:
2852 2585 2975 2636 Imo
3034 2585 3096 2635 tu
3157 2580 3396 2651 quidem
3463 2577 3713 2651 pulchre.
3757 2574 3857 2628 Aut

2236 2671 2488 2741 scriptor
2518 2670 2875 2725 vanissimus
2908 2668 2956 2724 si
2987 2668 3174 2738 finxit,
3207 2673 3309 2723 aut
3341 2668 3596 2740 (Edipus
3651 2665 3855 2719 demen-

2234 2759 2504 2814 tissimus
2536 2759 2585 2813 si
2617 2759 2699 2813 ita
2730 2759 2896 2814 fecit:
2931 2763 3104 2829 atque
3130 2756 3337 2813 exinde
3359 2756 3506 2813 alter
3526 2755 3577 2811 al
3609 2752 3852 2809 alterum.

2236 2844 2440 2915 ἤλαυνε
2471 2848 2702 2903 dicebat
2732 2845 2809 2907 εἰς
2838 2846 2935 2914 τήν
2973 2845 3180 2919 μητέρα
3208 2846 3272 2901 ³³.
3306 2846 3418 2901 Sed
3467 2861 3584 2899 una
3626 2839 3730 2907 vel,
3760 2836 3856 2893 alia

2237 2953 2379 3009 gens
2402 2935 2686 3008 quantula
2717 2935 2948 2991 macula
2974 2935 3153 2991 totius
3182 2934 3343 2990 orbis
3368 2939 3391 2991 ἱ)
3415 2934 3532 2989 Nos
3570 2931 3719 2987 enim
3747 2943 3855 2984 om-

2238 3042 2369 3081 nem
2384 3025 2698 3081 infecimus
2716 3024 2921 3091 solem,
2938 3041 3170 3079 omnem
3188 3023 3514 3096 polluimus
3538 3013 3858 3077 Oceanum?

2238 3116 2380 3171 Date
2412 3114 2589 3186 igitur
2620 3114 2879 3186 aliquam
2928 3113 3224 3168 nationem
3281 3117 3591 3169 vacantem
3648 3109 3716 3164 ab
3769 3105 3858 3172 eis,

2240 3222 2367 3275 qum
2399 3220 2565 3259 omne
2595 3202 2902 3258 hominum
2935 3219 3122 3275 genus
3153 3202 3222 3257 ad
3269 3202 3565 3257 incestum
3620 3196 3856 3252 trahunt.

2237 3295 2289 3349 Si
2325 3311 2438 3365 qua
2470 3309 2614 3365 gens
2646 3292 2957 3347 concubitu
2989 3291 3117 3363 ipso
3149 3295 3204 3345 et
3235 3292 3428 3347 astatis
3462 3305 3529 3345 ac
3560 3302 3726 3344 sexus
3777 3298 3861 3337 ne-

2237 3384 2529 3451 cessitate,
2561 3398 2631 3437 ne
2655 3381 2901 3436 dixerim
2935 3380 3179 3435 libidine
3209 3385 3263 3435 et
3294 3379 3554 3445 luxuria,
3588 3378 3756 3441 caret,
3806 3386 3864 3425 ea

2237 3472 2348 3528 erit
2378 3488 2507 3542 quas
2538 3471 2757 3525 carebit
2784 3470 3009 3525 incesto
3042 3488 3056 3539 ;
3090 3469 3137 3524 si
3168 3484 3283 3539 qua
3327 3469 3405 3523 ab
3463 3467 3720 3523 humana
3747 3475 3864 3516 cou-

2238 3560 2459 3617 ditione
2491 3560 2717 3631 privata
2745 3560 2998 3630 quadam
3032 3563 3242 3613 natura
3272 3561 3506 3613 remota
3534 3558 3640 3621 est,
3674 3556 3734 3607 ut
3785 3564 3865 3603 ne-

2238 3666 2351 3723 que
2382 3649 2723 3722 ignorantia:
2757 3664 2943 3719 neque
2972 3647 3152 3702 errori
3183 3662 3377 3717 neque
3406 3644 3572 3701 casui
3626 3637 3867 3713 opposita

2239 3742 2335 3809 sit,
2367 3755 2434 3794 ea
2462 3738 2572 3793 erit
2602 3754 2725 3809 quae
2756 3737 2879 3793 sola
2932 3736 3278 3791 Christianis
3335 3733 3693 3807 respondere
3748 3743 3865 3782 con-

2240 3828 2492 3887 stantius
2549 3827 2753 3898 possit.
2814 3825 3104 3897 Respicite
3159 3825 3340 3896 igitur
3390 3822 3686 3880 luxuriam
3738 3818 3871 3872 inter

2238 3934 2464 3977 errores
2495 3921 2551 3971 et
2580 3921 2784 3971 ventos
2830 3915 3232 3983 ﬂuctuantem,
3286 3914 3334 3967 si
3398 3914 3617 3969 desunt
3672 3903 3871 3981 populi,

2239 4026 2389 4082 quos
2426 4006 2496 4061 ad
2530 4005 2636 4060 hoc
2668 4004 2903 4060 sceleris
2936 4005 3236 4059 incursent
3260 4002 3381 4058 lata.
3414 4002 3564 4057 vada
3594 4003 3647 4055 et
3688 4008 3871 4068 aspera

2238 4098 2483 4155 erroris.
2520 4094 2817 4168 Imprimis
2840 4110 2973 4149 cum
3006 4093 3259 4148 infantes
3288 4096 3524 4148 vestros
3554 4090 3749 4146 alienae
3778 4083 3871 4139 mi-

2238 4187 2564 4243 sericordiae
2598 4184 2892 4256 exponitis
2924 4187 3025 4237 aut
3049 4182 3107 4236 in
3141 4182 3525 4252 adoptionem
3551 4174 3872 4234 melioribus

2237 4278 2598 4349 parentibus,
2635 4271 3069 4330 obliviscimini.
3105 4276 3325 4343 quanta
3379 4269 3638 4325 materia
3665 4259 3873 4324 incesti,

2236 4364 2739 4431 subministratur,
2781 4366 2998 4432 quanta
3055 4360 3284 4416 occasio
3337 4360 3585 4415 casibus
3640 4353 3876 4426 aperitur

2238 4454 2411 4509 Plane
2461 4453 2614 4511 582
2674 4469 2741 4507 ex
2789 4450 2986 4522 aliqua
3043 4448 3355 4520 disciplina
3416 4446 3740 4504 severiores
3788 4440 3877 4496 aut

468 4535 805 4618 humanum
832 4548 1178 4621 sanguinem
1208 4544 1498 4612 lambitis,
1532 4545 1810 4616 quoniam
1863 4546 2127 4600 futurum
2162 4542 2209 4609 D
2240 4548 2395 4599 certo
2427 4546 2692 4615 respectu
2723 4538 3013 4611 ejusmodi
3044 4542 3356 4594 eventuum
3390 4555 3425 4593 a
3458 4535 3706 4591 libidine
3744 4535 3874 4584 tem-

1919 4707 2122 4769 Variae
2152 4707 2472 4769 lectiones.

529 4865 571 4901 ⁸¹
615 4854 969 4919 δσνίὸσηάαηι
997 4867 1115 4909 ωδε
1149 4849 1438 4921 ὀνοκοίτης
1461 4867 1530 4908 ex
1576 4851 1729 4924 Apol.
1788 4852 1876 4907 16.
1917 4858 2200 4922 apparet;
2232 4849 2351 4919 Rig.
2385 4852 2436 4903 et
2484 4846 2582 4903 hoc
2627 4849 2687 4901 in
2740 4846 2778 4901 ι.
2816 4853 2867 4900 et
2918 4845 2980 4900 in
3028 4842 3305 4915 Apologet.
3356 4859 3432 4898 se.
3502 4837 3871 4897 Onochoctes.

456 4938 501 4973 ³³
538 4936 618 5008 Cf.
652 4931 871 5006 Apolog.
903 4927 957 4983 9.

1902 5026 2424 5089 Commentarius.

523 5182 634 5253 (49)
667 5180 839 5253 Alites
863 5176 1077 5253 planta,
1107 5174 1292 5253 [rapte
1332 5180 1399 5253 et
1428 5179 1609 5253 _tcrgo
1664 5170 1725 5223 In
1786 5167 2108 5253 enemplari

448 5240 663 5326 legitur
696 5268 709 5309 :
754 5240 921 5326 Alites
966 5240 1138 5326 pla‘n'a
1181 5244 1372 5326 fronte
1391 5245 1439 5297 et
1471 5250 1635 5326 ter‘gp.
1670 5242 1947 5323 mendose
1979 5257 1991 5296 :
2026 5240 2106 5323 lc-

447 5313 705 5398 gehdum
740 5340 752 5379 :
781 5313 1009 5398 Planta,
1041 5313 1225 5389 fronte
1254 5323 1307 5369 et
1339 5318 1506 5384 tergo.
1543 5313 1896 5368 Mercurium
1949 5313 2105 5367 enim

447 5395 741 5456 designat.
780 5395 908 5449 Βία.

986 5474 1110 5541 ags.
1136 5456 1324 5541 aliter.
1394 5455 1508 5510 Nos
1529 5454 1934 5541 ‘infan'ticidae,
1968 5469 2102 5510 cum

442 5526 702 5598 infantes
728 5538 798 5593 ad
863 5528 1152 5590 sacrificia
1199 5531 1397 5581 nostra
1430 5526 1644 5582 credere
1675 5528 1967 5582 dicimur:
2000 5544 2101 5581 vos

443 5611 832 5673 infanticidia,
865 5603 1256 5678 quiiinfautes
1286 5616 1486 5678 recens
1516 5599 1711 5678 editos.
1734 5617 1836 5670 pro
1861 5599 2101 5678 arbitrio

441 5691 637 5741 vestro
661 5671 921 5739 necatis“:
952 5677 1066 5732 Nos
1097 5690 1198 5744 pro
1226 5676 1450 5741 nostra,
1474 5671 1769 5744 utdicitis,
1796 5671 2096 5744 religione.

442 5760 559 5812 Vos
594 5772 697 5828 pro
729 5750 968 5811 arbitrio
998 5741 1210 5802 vestro.
1242 5746 1358 5801 Vos
1408 5743 1649 5816 quidem
1682 5744 1957 5809 infantes,
1998 5741 2099 5798 ali-

2216 5172 2305 5223 ter
2336 5184 2401 5223 ac
2434 5184 2538 5223 nos
2570 5166 2788 5222 caedere
2832 5161 3106 5227 dicimur,
3166 5160 3387 5218 caeditis
3416 5177 3431 5228 ;
3494 5155 3867 5230 verumtatem

2215 5240 2455 5297 caeditis.
2490 5240 2566 5295 Eo
2602 5238 2782 5311 igitur
2811 5235 2966 5307 quod
3000 5226 3431 5307 caaditis,aaque
3465 5230 3614 5288 estis
3646 5226 3869 5284 infanti-

2215 5313 2377 5368 οίᾱω.
2409 5312 2571 5367 IDEM.

2284 5365 2625 5453 (5717)”Tanien
2656 5397 2765 5453 non
2794 5379 3099 5453 aliter‘vos.
3131 5373 3493 5453 Infanticidii
3547 5365 3867 5453 crimenuct

2212 5442 2418 5511 caetera
2448 5452 2672 5525 ﬂagitia
2703 5452 2762 5507 in
2795 5449 3056 5525 gendiles
3100 5451 3418 5520 retorquet,
3456 5446 3562 5518 qui
3595 5442 3866 5525 Christia-

2212 5544 2318 5582 nos
2352 5519 2557 5581 earum
2588 5540 2781 5599 rerum
2802 5519 3184 5599 postulabant
3214 5519 3467 5593 quarum
3504 5519 3675 5599 erant
3703 5522 3860 5599 eque-

2211 5599 2305 5669 cii,
2341 5602 2398 5653 et
2429 5614 2578 5669 quas
2610 5596 2719 5655 soli
2769 5586 3019 5669 ghostici
3078 5586 3442 5667 perpetrasse
3499 5586 3856 5647 dicebantur,

2212 5672 2288 5727 LE
2322 5670 2420 5725 Pa.
