4094 6186
89 53 213 143 m

94 134 101 143 ι

311 274 429 334 653

1541 275 1647 335 ΑΙ)
1689 274 2110 336 NATIONES.
2140 304 2220 319 —-
2244 271 2398 333 LIB.
2440 274 2494 334 Ι.

3602 273 3723 334 654

308 406 525 480 paratis
553 423 925 480 quocumque
954 407 1081 464 loco
1111 407 1272 463 domi
1302 411 1404 463 aut
1436 423 1694 480 peregre,
1729 412 1794 464 ut
1840 424 1957 463 non
1990 413 2044 479 Α
2071 405 2339 461 Forsitan
2370 410 2428 462 et
2452 406 2622 478 signa
2679 406 2949 478 quaedam
2997 406 3333 463 retexuerit.
3380 406 3565 479 Igitur
3613 407 3718 464 Dei

307 497 594 570 dispersio
627 496 924 552 seminum
958 500 1015 552 et
1052 497 1237 552 saltus
1270 495 1486 568 ubique
1541 495 1786 551 luxuriae
1851 513 1951 552 ne-

305 585 628 642 scientibus
660 586 809 642 tilios
841 587 995 654 edat,
1021 602 1169 657 quos
1200 584 1432 657 autipsi
1457 586 1832 657 postmodum
1856 602 1951 656 pa-

304 679 518 741 rentes,
555 679 657 730 aut
700 674 821 730 alii.
866 717 879 730 .
928 716 941 729 .
987 717 999 730 .
1047 717 1059 730 .
1094 675 1417 743 incursent,
1479 675 1714 746 quando
1771 674 1948 729 etiam

303 769 542 819 uitatum
576 764 895 819 moderatio
925 763 1169 819 libidine
1198 762 1435 820 exclusa
1484 765 1578 819 sit.
1635 766 1947 829 Quotoum-

304 870 413 926 que
446 852 758 921 adulteria,
814 858 1216 925 quotcumque
1273 856 1498 924 stupra,
1552 857 1949 925 quotcumque

303 942 610 1016 publicatae
641 942 903 999 libidinis
946 982 961 999 .
1003 984 1019 999 .
1061 983 1075 999 .
1122 983 1137 998 .
1174 983 1187 997 .
1220 942 1341 998 sive
1372 942 1581 998 stativo
1615 941 1699 996 vel
1742 943 1950 997 ambu-

299 1032 504 1088 latorio
536 1032 729 1100 titulo,
762 1035 847 1088 tot
876 1031 1186 1104 sanguinis
1247 1032 1588 1101 mixtiones,
1651 1036 1732 1087 tot
1786 1048 1945 1087 com-

300 1122 543 1196 pagines
575 1120 824 1194 generis,
858 1125 945 1176 tot
974 1121 1109 1175 inde
1150 1122 1424 1177 traduces
1472 1121 1543 1175 ad
1602 1119 1893 1176 incestum
1931 1139 1944 1189 ;

300 1214 455 1267 unde
485 1212 631 1266 adeo
663 1210 861 1265 mimis
893 1214 949 1265 et
980 1210 1259 1265 commdis
1290 1214 1771 1282 argumentorum
1789 1226 1945 1265 venas

297 1302 513 1365 fluunt,
545 1300 698 1355 unde
730 1300 842 1355 ista
873 1316 1105 1371 quoque
1139 1299 1271 1354 talis
1305 1303 1436 1354 ante
1476 1299 1760 1371 tragmdia
1814 1316 1946 1354 eru-

295 1390 395 1461 pit.
431 1390 717 1445 Fusciano
748 1389 1016 1460 praefecto
1048 1389 1185 1459 (53),
1242 1388 1394 1454 urbi,
1447 1388 1714 1459 judicata
1770 1387 1939 1459 puni-

297 1480 453 1534 tione
509 1483 709 1533 reatus
769 1478 903 1549 (53),
956 1477 1196 1532 fortuita
1254 1477 1611 1550 negligentia
1669 1478 1945 1532 comitata

296 1567 715 1638 ultrajanuam
748 1582 1095 1638 progressus
1128 1568 1255 1635 iter,
1288 1566 1777 1637 praetereuntibus
1824 1571 1942 1621 tra-

295 1661 422 1711 ctus
456 1657 630 1711 domo
660 1656 893 1711 excidit.
945 1654 1242 1710 Graculus
1272 1655 1359 1711 vel
1392 1673 1424 1710 a
1452 1655 1637 1709 limite
1684 1655 1941 1711 Graeculo

296 1762 457 1801 more
486 1746 599 1815 (54)
621 1749 953 1815 captaverat
997 1744 1225 1799 intrans
1258 1746 1323 1814 3‘,
1348 1745 1482 1800 inde
1505 1750 1767 1799 mutatus
1789 1745 1938 1799 Asiae

294 1838 496 1889 aetates
528 1838 772 1889 Romam
803 1832 861 1887 in
892 1832 1173 1889 venalicio
1205 1833 1470 1889 refertur.
1504 1834 1657 1888 Emit
1710 1834 1939 1906 impru-

295 1924 438 1979 dens
473 1927 724 1995 pateret
769 1923 956 1977 utitur
1011 1922 1227 1977 Graeco.
1288 1921 1528 1990 Dehinc,
1586 1928 1652 1978 ut
1722 1926 1936 1991 vostra,

294 2012 725 2068 adolescentem
769 2010 1044 2066 dominus
1077 2011 1134 2065 in
1167 2028 1377 2083 agrum
1411 2016 1467 2066 et
1496 2012 1730 2066 vincula
1758 2011 1938 2084 legat.

294 2102 416 2157 Illic
445 2103 573 2172 jam
605 2102 827 2155 dudum
861 2101 1243 2171 praedagogus
1274 2105 1329 2155 et
1360 2102 1557 2156 nutrix
1587 2118 1787 2173 poenas
1835 2103 1940 2156 da-

295 2192 453 2246 bant.
491 2194 960 2262 Reprmsentatur
988 2190 1074 2244 eis
1107 2194 1231 2244 tota
1255 2206 1453 2253 causa,
1489 2191 1747 2245 referunt
1793 2191 1942 2246 invi-

294 2297 417 2336 cem
450 2280 642 2335 exitus
672 2295 851 2335 suos:
886 2277 993 2347 illi,
1026 2279 1182 2349 quod
1235 2278 1511 2335 alumnus
1571 2280 1629 2334 in
1690 2280 1943 2351 pueritia

296 2370 609 2442 periisset;
671 2367 789 2435 ille,
862 2383 925 2423 se
984 2384 1218 2439 quoque
1271 2385 1305 2423 a
1359 2368 1611 2439 pueritia
1669 2369 1937 2441 periisse,

292 2464 565 2515 ceterum
585 2458 787 2513 eodem
810 2460 1019 2512 eventu
1045 2457 1240 2512 Romae
1262 2461 1464 2513 natum
1480 2458 1724 2515 honesta
1745 2459 1939 2515 domo.

2059 494 2379 561 voluntate,
2414 500 2478 549 ut
2507 500 2673 552 tanta
2702 496 2915 552 saeculo
2960 496 3186 551 macula
3246 497 3719 568 exprobraretur,

2059 584 2313 655 Spiritus
2353 585 2444 639 Dei
2488 586 2600 657 (55)
2630 586 2700 641 de
2749 586 2842 641 die
2900 587 3197 642 concutit:
3248 589 3517 663 tempora
3575 604 3710 643 cum

2059 678 2227 728 (state
2257 676 2636 745 respondent,
2671 673 2892 746 aliquid
2928 680 2983 731 et
3016 674 3171 730 oculi
3204 677 3274 731 de
3331 676 3705 733 lineamentis

2057 765 2462 833 recordentur,
2547 765 2933 836 proprietates
3015 765 3310 820 nonnulla:
3369 766 3707 840 infcorpore

2058 857 2455 909 recensentur.
2494 854 2788 919 Dominos,
2823 853 2940 909 imo
2964 854 3088 923 jam
3140 858 3414 925 parentes
3472 860 3706 912 tantum

2058 942 2291 1013 prolatis
2323 943 2723 1014 inquisitionis
2755 942 3058 1014 diligentia
3090 942 3361 1015 impellit.
3389 944 3707 1017 [nvestiga-

2056 1035 2152 1086 tur
2180 1031 2589 1087 venaliciarius
2618 1032 2751 1103 (56),
2785 1030 3092 1086 infeliciter
3139 1031 3450 1088 invenitur.
3533 1034 3709 1090 Reve~

2054 1119 2171 1175 lato
2200 1120 2437 1184 scelere,
2472 1125 2739 1192 parentes
2771 1120 2882 1175 sibi
2916 1121 3123 1192 laqueo
3152 1122 3481 1180 medentur.
3544 1128 3704 1181 Bona

2057 1209 2175 1263 filio
2225 1209 2376 1265 male
2402 1209 2704 1281 superstiti
2766 1209 3073 1281 prmfeotus
3133 1210 3392 1279 ascribit,
3454 1230 3569 1269 non
3630 1215 3703 1271 ad

2058 1298 2477 1366 haereditatem,
2510 1302 2608 1353 sed
2644 1299 2713 1353 ad
2749 1299 3111 1369 stipendium
3139 1300 3328 1371 stupri
3363 1306 3417 1356 et
3475 1302 3703 1361 incesti.

2053 1387 2207 1442 Satis
2238 1392 2362 1442 erat
2394 1403 2577 1443 unum
2609 1387 2763 1441 istud
2790 1388 3121 1459 exemplum
3174 1388 3416 1459 publicas
3474 1393 3707 1449 erubes-

2054 1476 2258 1531 centiae
2291 1477 2446 1533 583
2478 1475 2769 1547 ejusmodi
2801 1476 3089 1531 scelerum
3121 1476 3585 1536 delitescentium
3644 1482 3703 1537 in

2053 1566 2235 1620 vobis.
2270 1566 2428 1620 Nihil
2461 1564 2641 1620 semel
2673 1564 2861 1619 evenit
2888 1564 2947 1619 in
2983 1566 3156 1621 rebus
3178 1566 3477 1636 humanis,
3524 1571 3705 1627 semel

2051 1654 2224 1725 plane
2253 1654 2377 1709 erui
2409 1658 2621 1725 potest.
2654 1654 2727 1708 De
2751 1655 3136 1709 sacramentis
3168 1660 3379 1710 nostrae
3404 1657 3702 1730 religionis

2050 1744 2258 1816 opinor
2285 1744 2613 1813 intentatis,
2645 1748 2704 1799 et
2735 1748 2874 1799 sunt
2904 1744 3069 1816 paria
3098 1746 3310 1801 vestris
3351 1747 3526 1804 etiam
3580 1767 3697 1807 non

2052 1834 2461 1891 sacramentis.

2126 1925 2210 1980 17.
2245 1924 2325 1978 De
2357 1921 2857 1978 obstinationibus
2896 1938 3028 1979 vero
3083 1924 3172 1979 vel
3230 1928 3701 2000 praesumptioni-

2052 2014 2183 2083 bus,
2218 2013 2266 2067 si
2291 2029 2406 2084 qua
2427 2011 2781 2085 proponitis,
2815 2029 2886 2067 ne
2916 2012 3041 2073 ista:
3075 2014 3312 2085 quidem
3337 2016 3407 2071 ad
3430 2032 3703 2075 commu-

2053 2103 2285 2158 nionem
2321 2100 2776 2172 comparationis
2804 2101 3101 2157 absistunt
3130 2104 3258 2175 (57).
3291 2105 3485 2161 Prima
3514 2108 3702 2164 obsti-

2052 2191 2208 2246 natio
2238 2195 2346 2261 est,
2380 2208 2506 2263 quae
2539 2191 2797 2246 secunda
2828 2192 2898 2245 ab
2926 2191 3010 2246 eis
3068 2191 3271 2265 religio
3326 2196 3706 2254 constituitur

2050 2280 2385 2335 Caesarianae
2426 2281 2776 2351 majestatis,
2811 2280 2965 2350 quod
2999 2280 3306 2353 irreligiosi
3340 2284 3605 2341 dicamur
3643 2287 3703 2344 in

2050 2374 2323 2436 Caesares,
2384 2384 2574 2439 neque
2630 2368 2919 2440 imagines
2976 2385 3179 2425 eorum
3236 2373 3705 2446 repropitiando,

2054 2476 2243 2531 neque
2274 2457 2476 2531 genios
2508 2458 2823 2529 dejerando
2874 2457 3073 2514 hostes
3132 2459 3333 2532 pepuli
3392 2479 3697 2537 nuncupa-

1722 2575 1925 2637 ναι-ἰὼ
1954 2575 2275 2637 lectiones.

356 2694 402 2727 "
426 2692 757 2764 Corruptum
787 2690 933 2748 hunc
965 2692 1142 2748 locum
1168 2692 1244 2748 ita
1269 2690 1581 2747 emendavit
1611 2692 1819 2762 Rigalt.
1860 2694 1917 2746 ut
1940 2709 2043 2764 pro
2072 2694 2218 2763 vulg.
2265 2695 2510 2748 senatus
2562 2690 2822 2747 scriberet
2879 2693 3077 2748 reatus
3134 2700 3185 2749 et
3231 2711 3284 2750 υ.
3323 2693 3555 2754 intrans
3611 2700 3701 2758 dc-

294 2764 449 2821 teret.

1734 2853 2261 2915 Commentarius.

363 2962 775 3033 (52)Fusciano
798 2964 1085 3033 praefecto.
1149 2961 1278 3017 Scio
1329 2961 1613 3016 Fusciano
1663 2960 1941 3016 senatorii

286 3034 514 3089 ordinis
544 3035 689 3104 viro,
722 3033 1126 3104 -:ondiscipulo
1158 3034 1233 3089 M.
1267 3033 1545 3088 Antonini
1606 3033 1940 3104 philosophi

282 3105 427 3177 imp.
462 3105 652 3176 Hujus
683 3106 951 3162 meminit
978 3105 1176 3161 Julius
1204 3105 1564 3177 Capitolinus
1596 3106 1651 3159 in
1684 3106 1759 3160 M.
1820 3110 1939 3159 An-

280 3176 486 3234 tonino
517 3185 574 3231 et
603 3178 663 3233 in
701 3179 1030 3233 Pertinace:
1067 3176 1405 3249 prmfectum
1438 3176 1596 3245 Urbi,
1624 3182 1687 3249 et
1746 3177 1938 3231 homi-

280 3267 417 3306 nem
452 3250 750 3305 sincerum
777 3250 958 3305 tuisse
978 3248 1170 3305 refert.
1196 3249 1410 3303 Iterum
1431 3248 1733 3304 consulem
1760 3249 1940 3303 fuisse

278 3321 462 3375 tradit
497 3322 863 3391 Lampridius
895 3322 954 3375 in
985 3321 1326 3377 Commodo.
1359 3320 1622 3375 Fusciani
1649 3320 1939 3375 Numidia:

2053 2960 2231 3027 bitur,
2266 2958 2690 3034 nullagrutione
2721 2958 2968 3034 defendi,
2988 2975 3160 3034 posse
3192 2978 3319 3034 quae
3352 2966 3518 3022 uncis
3570 2968 3698 3027 ideo

2052 3030 2912 3106 comprehendi_voluimus,_at
2940 3030 3342 3106 detrahantur.
3376 3039 3585 3106 Quare,
3618 3043 3702 3099 sic

2052 3101 2255 3185 pergat
2285 3101 2919 3185 historiaziGrzeculuos
2977 3102 3236 3185 Graeculo
3282 3101 3451 3185 more
3502 3101 3701 3185 capta.

2048 3181 2228 3259 verat.
2289 3176 2430 3259 Inde
2480 3178 2743 3259 mutatus
2785 3176 2961 3259 .Asiaa.
2994 3180 3180 3259 (etate,
3242 3183 3350 3259 etc.
3418 3176 3698 3259 Denique,

2049 3249 2295 3303 ditatem
2333 3246 2485 3299 Asim
2518 3246 2747 3312 dixerit,
2782 3244 2841 3299 in
2865 3245 3003 3302 Asia
3031 3250 3412 3306 transactam.

2121 3321 2230 3390 (54)
2263 3318 2713 3393 Graculemore.
2739 3321 2907 3393 Hunc
2938 3334 3163 3393 morem
3206 3322 3456 3393 explicat
3512 3326 3700 3385 Julia-

280 3392 464 3473 legati
500 3388 804 3473 mentioﬁt
836 3398 881 3473 μ..
911 3409 968 3446 νι
998 3398 1063 3447 de
1093 3393 1193 3473 leg.
1216 3396 1408 3462 praest.
1445 3408 1597 3473 quae
1655 3398 1742 3446 est
1791 3393 1935 3473 Tryf
1968 3393 2009 3459 C
2048 3408 2160 3473 nus
2191 3388 2380 3446 Caasar
2410 3388 2897 3473 libellouquodam
2927 3391 3214 3473 acephalp'
3235 3388 3509 3473 editionis
3542 3398 3700 3457 Peta-

278 3463 462 3535 phloni
498 3464 907 3536 respondentis
937 3464 1261 3519 secundum
1293 3463 1770 3519 constitutionem
1814 3463 1929 3519 divi

280 3537 365 3589 Pii
401 3536 474 3590 ad
508 3536 787 3591 Tnscium
826 3536 1172 3591 Fuscianum
1205 3539 1331 3590 R10.

353 3608 471 3678 (53)
492 3608 743 3663 Judicata
773 3609 1064 3678 punitione
1114 3614 1314 3663 reatus.
1375 3604 1478 3660 Hic
1533 3622 1666 3678 vero
1696 3606 1930 3678 _nonni-

281 3675 369 3733 hil
401 3675 1166 3749 indulsimus—conjecturis.
1214 3679 1277 3733 In
1332 3677 1636 3749 exemplari
1695 3675 1927 3749 legitur,

280 3772 308 3823 (ς
341 3751 620 3806 Judicata
651 3750 955 3823 punitione
985 3755 1243 3823 senatus.
1278 3770 1303 3800 ιι
1341 3750 1501 3823 Quod
1535 3753 1730 3823 aperte
1769 3765 1931 3823 men:

279 3822 498 3877 dosum
530 3819 814 3877 estham
847 3822 985 3894 quid
1018 3821 1162 3877 illud
1222 3821 1457 3876 tandem
1517 3819 1931 3894 signiﬁcabat?

286 3916 307 3942 ι
366 3894 690 3977 _Tragazdia
726 3892 992 3977 judicata
1060 3894 1363 3977 punitione
1393 3899 1687 3977 'senatus.
1742 3892 1930 3977 Quare

280 3971 483 4020 autem
504 3964 787 4021 ’meminit
811 3964 1077 4022 Fusciani
1110 3965 1361 4033 praefecti
1393 3964 1554 4029 Urbi,
1598 3965 1646 4018 si
1668 3964 1931 4033 judicata

281 4038 463 4093 fuerit
497 4038 801 4118 punitione
832 4036 1127 4094 senatus?
1156 4037 1477 4118 lmo,nnihil
1507 4036 1606 4118 llic.
1633 4036 1928 4118 punitum,

280 4125 475 4179 neque
498 4107 539 4164 ’τι
569 4114 799 4179 senatu,
857 4126 1041 4180 neque
1098 4126 1130 4163 a
1188 4110 1455 4180 praefecto
1514 4107 1672 4163 Urbi.
1730 4109 1931 4180 Itaque

278 4180 391 4236 hoc
413 4179 672 4251 primum
706 4186 921 4249 statuo,
956 4179 1359 4252 praecedentia
1416 4180 1682 4252 siceresse
1728 4179 1930 4235 distin-

283 4253 559 4323 guenda:
599 4273 626 4303 α
654 4252 818 4308 Unde
848 4251 989 4307 adeo
1007 4252 1207 4307 mimis
1236 4256 1292 4307 et
1312 4251 1588 4307 commdis
1612 4268 1929 4321 argumen-

284 4322 482 4378 torum
512 4338 669 4378 vena;
704 4323 915 4379 fluunt.
950 4323 1113 4379 Unde
1144 4324 1257 4377 ista
1301 4339 1549 4393 quoque,
1606 4322 1743 4379 talis
1797 4328 1931 4378 ante

281 4396 590 4467 tragoedia,
619 4397 833 4466 erupit.
868 4418 896 4446 »
934 4397 1050 4450 ista
1080 4394 1324 4467 scillicet
1349 4410 1495 4449 vena
1525 4395 1728 4467 comici
1765 4412 1929 4466 argu-

286 4466 497 4532 menti,
530 4484 653 4537 quae
687 4467 821 4522 talis
854 4472 983 4523 ante
1005 4466 1436 4538 tragmdiafuit.
1457 4466 1670 4520 Deinde
1692 4483 1931 4521 narrare

284 4538 497 4609 incipit
527 4539 893 4607 tragmdiam,
926 4537 1128 4594 casum
1165 4538 1331 4610 plane
1363 4537 1783 4592 miserandum.
1817 4539 1927 4593 Fu-

282 4611 487 4664 sciano
521 4612 790 4682 prafeoto
844 4610 999 4682 Urbi
1029 4610 1294 4679 judicata
1352 4610 1652 4682 punitione
1710 4616 1929 4676 reatus,

281 4680 601 4737 facinerosi
636 4682 915 4737 nimirum
951 4680 1221 4751 alicujus,
1256 4680 1468 4751 populo
1501 4681 1571 4735 ad
1626 4687 1927 4752 spectacu-

2046 3462 2229 3533 vianze
2260 3477 2391 3533 pag.
2426 3462 2527 3513 157
2564 3477 2576 3517 :
2611 3459 2899 3533 "Qezep‘oi
2950 3459 3254 3517 τᾶίπαιδία
3301 3470 3396 3519 τοῦ
3427 3466 3699 3525 πλακοῦν-

2038 3554 2131 3593 τος
2166 3529 2555 3613 ἐξαὲτριὶἄέντες,
2585 3535 2663 3603 τῷ
2683 3529 2898 3613 ,καῖ’δὶς
2951 3534 3051 3613 καὶ.
3089 3535 3212 3613 ςιρὶις
3244 3538 3523 3613 προϊὲσθαι
3573 3544 3694 3597 rcci-

2040 3600 2223 3684 0093319
2285 3600 2606 3684 ἀκολουρεῖν
2637 3600 2645 3603 ⁷
2682 3604 2896 3684 satiare};
2928 3623 2948 3684 ς
3007 3603 3101 3666 εἶθ’
3128 3600 3296 3660 ’ὅταν’
3339 3611 3690 3684 ἁποστήσωσι

2040 3676 2228 3751 eropon)
2292 3679 2398 3729 τῶν
2461 3675 2689 3746 οἱκιῶν,
2741 3671 3112 3747 ἐμϐάλλοντες
3200 3680 3276 3741 εἱς
3354 3686 3480 3737 ναῦν
3538 3671 3690 3743 ’ἀπέ-

2042 3746 2218 3804 Bavio.
2253 3753 2379 3803 RIG.

2110 3822 2219 3891 (55)
2250 3821 2495 3901 Spiritus
2524 3819 2595 3901 de
2611 3818 2987 3901 dieuconcutit.
3019 3819 3102 3901 “In
3162 3824 3479 3901 exemplari
3537 3828 3681 3901 legi.

2042 3889 2172 3946 tur:
2208 3889 2235 3943 ii
2269 3892 2524 3962 Spiritus
2557 3889 2655 3945 Dei
2688 3890 2780 3943 die
2827 3890 3099 3945 concutit.
3164 3915 3190 3942 η
3250 3889 3422 3951 Nullo
3482 3889 3680 3959 sensu.

2041 3962 2404 4038 _Vocabulu_m_
2450 3963 2557 4038 Dei
2593 3962 3209 4038 proxime__antecedit,
3250 3984 3458 4038 neque
3516 3974 3688 4029 debet

2040 4036 2134 4090 hic
2166 4035 2447 4107 reperiri;
2506 4033 2699 4088 visum
2750 4032 3035 4100 scribere,
3083 4056 3111 4083 ‹‹
3165 4032 3414 4107 Spiritus
3469 4042 3539 4098 de
3595 4046 3686 4101 die

2041 4105 2319 4163 concutit.
2356 4128 2383 4155 »
2414 4105 2571 4159 lusu.

2112 4182 2225 4247 (56)
2286 4178 2661 4246 Investigatur
2730 4174 3131 4232 venaliciarius.
3193 4178 3295 4234 Hie
3372 4182 3685 4242 adverten-

2041 4252 2181 4306 dum
2232 4247 2675 4305 venaliciarium
2736 4263 2849 4302 non
2894 4263 3037 4326 esse
3093 4255 3496 4326 mercatorem.
3583 4261 3685 4315 sed

2041 4338 2430 4393 mangonem;
2464 4324 2968 4393 mangonesenim
3002 4324 3232 4393 proprie
3261 4341 3375 4379 non
3409 4328 3687 4387 dicuntur

2042 4390 2411 4463 mercatores,
2447 4392 2586 4463 quia
2612 4390 2841 4446 venalia
2899 4390 3191 4462 mancipia
3248 4412 3361 4451 non
3422 4406 3561 4456 sunt
3625 4404 3686 4459 in

2042 4482 2233 4521 merce
2290 4466 2824 4540 discernunturqua
2878 4477 3196 4540 _merc_es_a
3252 4470 3580 4540 venalibus,
3631 4480 3690 4531 et

2042 4543 2335 4593 mercatus
2367 4556 2399 4593 a
2428 4534 2707 4590 venalicia
2732 4533 2769 4588 l.
2806 4536 2830 4589 1
2865 4533 2992 4589 Cod.
3027 4535 3092 4589 de
3132 4538 3312 4594 Nund.
3372 4551 3423 4599 et
3462 4533 3689 4603 mereat.

2042 4608 2578 4681 Mancipiavenalia
2611 4623 2723 4662 non
2776 4605 3109 4681 referuntur
3163 4610 3232 4663 ad
3293 4628 3384 4669 res
3444 4618 3692 4675 mobiles

2044 4678 2307 4752 proprie;
2344 4697 2503 4744 nam,
2536 4679 2670 4752 licet
2697 4678 3109 4752 resvendatur
3139 4698 3252 4735 non
3284 4688 3479 4742 tamen
3512 4692 3693 4746 tradi-

283 4753 413 4835 lum
472 4760 879 4835 concurrente,
943 4749 1179 4835 fortuita
1248 4749 1601 4823 negligentia
1632 4749 1933 4835 comitum
1968 4752 2012 4815 D
2045 4749 2166 4835 tur,
2196 4771 2323 4835 qua:
2354 4750 2611 4835 exceptio
2658 4750 2810 4835 apud
2862 4749 3323 4835 jurisconsultos
3382 4760 3688 4818 solemnis,

287 4826 447 4879 ultra
469 4828 717 4897 januam
753 4842 1098 4898 progressus
1130 4826 1256 4893 iter,
1301 4826 1787 4896 prwtereuntibus
1820 4831 1936 4879 tra-

287 4903 441 4961 ctus,
477 4899 647 4953 domo
680 4899 910 4953 excidit.
942 4901 1061 4951 Hoc
1094 4898 1165 4953 de
1213 4912 1359 4968 puro
1397 4913 1518 4968 _sex
1557 4902 1656 4951 aut
1711 4898 1942 4951 circiter

286 4985 479 5024 annos
512 4975 649 5025 nato
681 4968 1132 5040 intelligendum
1165 4966 1295 5040 esse
1327 4966 1411 5023 vel
1441 4984 1507 5021 ex
1557 4984 1622 5022 eo
1674 4969 1737 5022 {lt
1792 4968 1942 5022 veri-

281 5040 506 5109 simile,
539 5042 695 5111 quod
729 5042 778 5097 is
812 5038 1149 5096 meminerit
1181 5055 1241 5094 se
1274 5038 1330 5093 in
1394 5040 1646 5107 pueritia
1674 5041 1936 5111 periisse,

286 5113 505 5167 dehinc
537 5118 831 5169 mutatum
873 5118 1059 5181 astate,
1096 5111 1345 5167 relatum
1381 5111 1649 5179 Romam,
1712 5116 1768 5166 et
1811 5114 1939 5183 jam

280 5183 718 5266 adolescentem
751 5184 1073 5266 in_vincu_la
1102 5184 1402 5266 legatum.‘
1425 5183 1521 5238 Sic
1572 5183 1753 5266 igitur
1808 5201 1940 5266 pro-

285 5256 453 5313 cedat
486 5256 769 5312 historia:
806 5256 1063 5312 Fortuita
1093 5254 1444 5325 negligentia
1473 5254 1755 5311 comitum
1790 5254 1943 5310 ultra

270 5330 528 5399 januam
569 5344 918 5400 progressus
960 5328 1089 5396 iter,
1152 5326 1638 5400 praetereuntibus
1673 5332 1939 5400 etractus,

286 5400 465 5455 domo
492 5398 727 5456 excidit.
763 5400 1118 5472 Sequiturin
1151 5398 1351 5472 eodem
1388 5398 1785 5472 manuscripto
1843 5416 1943 5455 co-

283 5472 435 5527 dice.
470 5495 500 5521 ‹‹
531 5472 833 5529 Graeculus
856 5470 951 5529 vel
981 5491 1012 5527 a
1045 5471 1248 5525 limine
1278 5470 1539 5525 Graeculo
1592 5470 1750 5527 more
1811 5489 1944 5543 cap-

282 5549 514 5599 taverat
543 5544 793 5600 intrans.
831 5567 857 5595 ››
892 5548 956 5599 ut
978 5544 1099 5599 hinc
1135 5546 1433 5614 postrema
1463 5543 1660 5615 dictio,
1698 5548 1941 5615 intrans,

282 5615 698 5687 interpretatio
730 5618 995 5674 videatur
1050 5617 1180 5687 ejus
1241 5615 1396 5685 quod
1455 5622 1851 5687 praecesserat,
1911 5634 1945 5673 a

286 5687 506 5746 limine.
541 5691 703 5756 Quod
726 5691 776 5747 si
817 5688 1212 5763 probavimus,
1247 5688 1450 5743 eadem
1508 5705 1685 5761 opera
1741 5690 1943 5761 proba-

2050 4820 2258 4880 Mereis
2292 4820 2837 4893 autem—appellacio
2887 4822 2957 4893 ad
3019 4838 3110 4877 res
3162 4829 3390 4884 tantum
3447 4834 3696 4891 mobiles

2051 4898 2301 4978 pertinet
2341 4902 2405 4952 ut
2461 4891 2709 4950 habetur
2766 4891 2825 4964 (l.
2884 4892 2954 4945 69
3014 4894 3071 4948 D.
3133 4895 3195 4954 de
3258 4903 3415 4956 Vsrb.
3474 4908 3691 4978 signif.)

2054 4970 2130 5024 LE
2163 4974 2264 5023 PR.

2124 5041 2237 5116 (57)
2271 5040 2346 5095 Ne
2368 5037 2597 5116 quidem
2646 5034 2725 5116 ad
2759 5036 3239 5116 communionsni
3264 5051 3696 5116 comparationis

2054 5107 2345 5187 absistunt.
2376 5107 2812 5187 Emendatiein
2837 5113 3120 5187 promptu
3149 5107 3435 5173 videatur.
3459 5121 3503 5174 A
3536 5138 3702 5177 com-

2056 5185 2336 5258 munione
2393 5178 2882 5258 _comparationis
2923 5178 3278 5258 absistunt:
3341 5188 3550 5247 Verum
3621 5194 3703 5249 ita

2055 5256 2362 5329 scripsisse
2391 5250 2815 5329 Tertullianum
2850 5250 3141 5329 egistimo,
3165 5256 3703 5320 adcommunionem.

2056 5320 2281 5402 Etenim
2315 5330 2475 5402 amat
2520 5320 3451 5402 hujuscemodi.compositiones,
3512 5337 3701 5392 adstu-

2053 5399 2310 5480 dendum:
2352 5392 2802 5480 ladsac'r‘iﬁcium,
2872 5392 3301 5480 adizegiefentur.
3362 5392 3466 5480 Hie
3523 5409 3705 5480 igitur

2057 5471 2155 5536 ait,
2191 5487 2261 5524 ne
2294 5470 2406 5545 ista
2439 5468 2677 5539 quidem
2726 5482 2883 5545 qua}.
2913 5466 3191 5545 objicitis,
3251 5466 3578 5534 absistunt”
3605 5480 3707 5533 ad-

2055 5543 2529 5620 communionem
2563 5539 3045 5620 comparationis,
3080 5542 3185 5597 hoc
3215 5552 3326 5620 est,
3356 5567 3470 5604 non
3520 5550 3707 5620 impe-

2055 5616 2225 5693 diunt
2254 5614 2575 5693 qpominus
2631 5610 2805 5667 sistat
2852 5625 2913 5666 se
2954 5612 3367 5675 adcommunio
3398 5610 3705 5693 compara-

2056 5686 2257 5744 tionis.
2274 5686 2417 5744 ’RIe.
