4094 6186
368 335 486 395 655

876 333 1405 393 TERTULLIANI
1453 330 1774 393 UPERUM
1824 332 2028 390 PARS
2075 332 2123 392 ῐ.
2170 365 2247 374 -
2294 331 2567 392 SERIES
2612 330 2662 403 Ι,
2708 330 3273 391 APOLOGETICA.

3662 333 3781 392 656

368 482 523 523 mur.
558 466 643 521 Ita
668 480 803 521 vero
835 465 932 531 sit,
967 481 1100 520 cum
1123 482 1190 520 cx
1219 465 1385 521 vobis
1406 463 1742 520 nationibus
1761 462 2021 534 quotidie
2050 465 2099 532 Α
2135 464 2392 536 exspuit,
2423 466 2609 519 totum
2630 462 2937 519 eradicataa
2956 463 3340 520 confessionis
3362 463 3786 531 ministerium,

369 557 646 624 Caesares,
693 559 752 610 et
809 553 1085 623 Parthici,
1145 558 1202 609 et
1254 552 1488 621 Medici,
1550 557 1607 608 et
1664 551 2019 607 Germanici.

367 644 487 701 Hoc
518 644 643 699 loco
672 646 934 701 Romana
972 658 1115 714 gens
1169 641 1399 710 viderit,
1460 641 1520 695 in
1579 641 1796 712 quibus
1852 640 2020 695 indo-

370 732 526 789 mitae
557 736 615 787 et
642 736 927 787 extranea:
961 731 1244 786 nationes.
1283 733 1394 785 Vos
1426 735 1620 785 tamen
1672 731 1743 785 de
1803 729 2021 784 nostris

370 823 650 877 adversus
711 824 941 875 nostros
999 820 1370 891 conspiratis.
1429 818 1821 892 Agnoscimus
1880 834 2020 873 sane

369 914 688 967 Romanam
723 909 784 963 in
814 909 1069 964 Caesares
1104 908 1296 964 ﬁdem.
1332 908 1505 964 Nulla
1532 924 1785 979 unquam
1820 909 2017 977 conju-

370 1000 521 1057 ratio
580 999 792 1071 erupit,
881 997 1081 1053 nullus
1141 998 1199 1052 in
1259 1002 1466 1054 senatu
1523 997 1611 1054 vel
1665 998 1725 1052 in
1782 996 2017 1068 palatiis

369 1090 517 1162 ipsis
549 1089 662 1160 (58)
696 1088 938 1159 sanguis
966 1088 1011 1122 ⁸³
1037 1088 1279 1142 Caesaris
1314 1092 1512 1142 notam
1546 1087 1669 1141 fixit
1696 1112 1709 1153 ;
1742 1085 1901 1141 nulla
1957 1086 2017 1141 in

366 1176 683 1250 provinciis
715 1176 983 1231 aﬂ‘ectata
1016 1177 1315 1247 majestas.
1355 1176 1561 1230 Adhuc
1611 1174 1786 1246 Syriae
1845 1176 2018 1229 cada-

365 1283 569 1324 verum
602 1265 880 1322 odoribus
911 1264 1176 1336 spirant;
1229 1265 1419 1320 adhuc
1478 1263 1676 1319 Galliae
1737 1263 2016 1319 Rhodano

368 1373 476 1412 suo
505 1373 623 1412 non
655 1354 872 1410 lavant.
904 1354 1016 1409 Sed
1048 1354 1253 1410 omitto
1286 1354 1531 1409 vesaniaz
1554 1353 1824 1417 crimina,
1882 1353 2019 1421 quia

368 1461 475 1501 nec
504 1445 621 1500 ista
676 1446 1002 1500 Romanum
1056 1459 1267 1498 nomen
1327 1443 1672 1498 admittunt.
1732 1442 2017 1498 Vanitatis

370 1534 680 1606 sacrilegia
710 1534 1076 1603 conveniam,
1108 1538 1165 1587 et
1206 1532 1393 1603 ipsius
1443 1531 1769 1586 vernaculae
1825 1531 2016 1602 gentis

370 1624 807 1680 irreverentiam
861 1637 1299 1695 recognoscam,
1358 1626 1415 1676 et
1470 1620 1710 1675 festivos
1766 1620 2015 1690 libellos,

372 1730 521 1784 quos
551 1716 760 1768 statuae
789 1712 987 1767 sciunt
1020 1712 1152 1782 (59),
1186 1714 1245 1766 et
1292 1708 1389 1764 illa
1448 1708 1686 1780 obliqua
1740 1725 2015 1763 nonnun-

2133 553 2243 609 Sed
2277 554 2487 609 vestris
2522 554 2631 609 ista
2661 553 2733 608 ad
2778 552 3051 625 gloriam,
3098 552 3316 609 nostris
3373 553 3447 609 ad
3503 552 3787 609 duritiam

2132 642 2445 713 deputatis.
2482 642 2774 697 Destruite
2800 658 2954 697 nunc
2996 641 3243 714 gloriam
3294 642 3609 711 majorum,
3669 658 3791 714 quo

2132 748 2239 786 nos
2273 749 2504 803 quoque
2535 731 2852 787 destruatis
2909 731 3174 787 Contenti
3231 735 3417 787 estote
3476 730 3793 787 detrahere

2130 820 2307 875 etiam
2339 820 2499 875 laudi
2533 825 2841 892 parentum
2873 821 2943 875 ad
2976 836 3255 891 praesens,
3288 837 3359 875 ne
3392 819 3557 876 nobis
3588 819 3790 877 locum

2128 909 2298 964 detis.
2334 915 2407 965 De
2440 910 2533 966 his
2564 910 2829 965 forsitam
2863 915 2921 965 et
2943 916 3272 981 temporum
3296 909 3552 981 qualitas
3573 910 3790 966 robus-

2127 998 2294 1054 tioris
2326 998 2695 1070 antiquitatis
2726 999 2981 1070 exegerit
3006 999 3243 1071 ingenia
3263 998 3520 1065 duriora,
3546 1004 3604 1055 at
3625 1015 3792 1055 nunc

2127 1086 2522 1159 tranquillitas
2557 1088 2717 1159 pacis
2747 1092 2803 1143 et
2858 1087 3094 1160 ingenia
3151 1086 3386 1144 mitiora
3440 1093 3498 1143 et
3554 1094 3792 1144 mentes

2127 1175 2436 1232 hominum
2464 1176 2639 1232 etiam
2668 1177 2728 1231 in
2763 1181 3066 1232 extraneos
3092 1178 3272 1247 (6t)...
3306 1178 3476 1249 Ergo,
3509 1176 3794 1249 inquitis,

2129 1266 2422 1319 veteribus
2480 1282 2581 1320 vos
2637 1270 2994 1337 comparate,
3071 1265 3238 1321 nobis
3286 1282 3524 1321 necesse
3570 1271 3661 1321 est
3722 1266 3790 1321 in

2126 1353 2289 1409 vobis
2325 1354 2458 1409 odio
2491 1354 2767 1426 prosequi
2800 1355 2953 1425 quod
2988 1372 3021 1410 a
3073 1354 3243 1410 nobis
3303 1370 3417 1409 non
3476 1354 3793 1426 probatur,

2128 1442 2265 1513 quia
2297 1459 2401 1498 nec
2433 1443 2728 1498 invenitur
2756 1444 2815 1499 in
2850 1442 3037 1498 nobis.
3070 1432 3433 1515 Respondete
3478 1443 3657 1515 igitur
3716 1445 3797 1499 ad

2125 1532 2389 1604 singulas
2421 1532 2665 1604 species.
2700 1536 2823 1587 Non
2880 1533 3085 1588 eadem
3141 1548 3279 1589 voce
3340 1532 3605 1604 exempla
3684 1533 3799 1588 de-

2126 1637 2322 1692 posco.
2356 1620 2417 1676 Si
2476 1626 2812 1692 contemptu
2871 1620 3095 1675 scilicet
3152 1620 3359 1677 mortis
3418 1621 3651 1693 gladius
3717 1621 3800 1676 de

2126 1709 2452 1779 majoribus
2484 1709 2711 1765 fabulas
2742 1709 2897 1774 fecit,
2959 1710 3164 1780 utique
3224 1726 3339 1764 non
3400 1710 3524 1764 vita:
3584 1726 3800 1766 amore

374 1818 552 1875 quam
584 1800 739 1856 dicta
771 1817 804 1855 a
831 1799 1077 1856 concilio
1114 1803 1283 1870 atque
1318 1798 1648 1863 maledicta,
1691 1814 1817 1869 qua)
1876 1798 2013 1853 circi
2046 1837 2093 1900 Β
2126 1798 2318 1871 gladio
2351 1816 2452 1853 vos
2482 1800 2555 1854 ad
2585 1798 2833 1854 lanistas
2854 1797 3191 1869 auctoratis,
3217 1800 3317 1853 sed
3337 1798 3543 1854 mortis
3566 1815 3796 1854 nomen

373 1894 605 1947 sonant.
637 1890 696 1944 Si
728 1906 841 1944 non
875 1890 1078 1954 armis,
1120 1888 1328 1945 saltem
1384 1888 1588 1959 lingua
1644 1904 1875 1959 semper
1924 1904 2015 1943 re-

370 1979 556 2035 belles
613 1979 775 2033 estis.
841 1979 949 2033 Sed
1000 1978 1180 2042 aliud,
1231 1976 1456 2046 opinor,
1497 1980 1606 2042 est,
1659 1993 1773 2031 non
1816 1977 2020 2046 jurare

370 2084 475 2141 per
504 2066 743 2140 genium
773 2065 1040 2123 Caesaris.
1073 2066 1387 2121 Dubitatur
1437 2065 1593 2121 enim
1641 2065 1712 2119 de
1764 2065 2018 2136 perjuris

362 2157 519 2228 jure,
553 2171 688 2211 cum
720 2172 793 2210 ne
833 2171 935 2226 per
964 2155 1105 2210 deos
1137 2154 1374 2225 quidem
1405 2159 1631 2209 vestros
1661 2169 1729 2208 ex
1758 2155 1871 2208 ﬁde
1920 2153 2019 2208 de-

362 2244 587 2315 jeretis.
622 2243 731 2299 Sed
764 2259 879 2298 non
903 2243 1155 2299 dicimus
1177 2244 1351 2298 deum
1374 2242 1785 2314 imperatorem
1811 2261 1823 2297 ε
1845 2259 2021 2313 super

368 2333 480 2389 hoc
511 2333 690 2400 enim,
726 2333 879 2404 quod
912 2331 1087 2403 vulgo
1120 2333 1306 2399 aiunt,
1341 2347 1584 2387 sannam
1612 2331 1861 2386 facimus
1883 2332 2014 2403 (60).

463 2419 549 2475 18.
578 2420 697 2474 Imo
730 2418 832 2491 qui
864 2419 1038 2474 deum
1070 2420 1349 2475 Caesarem
1382 2418 1599 2482 dicitis,
1636 2422 1693 2474 et
1716 2419 2016 2487 deridetis,

371 2508 618 2565 dicendo
652 2509 804 2579 quod
838 2525 953 2563 non
993 2513 1102 2577 est,
1136 2513 1193 2563 et
1239 2507 1393 2563 male
1442 2507 1658 2576 dicitis,
1715 2508 1854 2579 quia
1902 2526 2017 2563 non

370 2595 498 2653 vult
524 2611 653 2652 esse
683 2597 836 2669 quod
872 2596 1066 2652 dicitis
1091 2614 1105 2665 ;
1139 2598 1364 2652 mavult
1391 2596 1547 2652 enim
1577 2597 1789 2667 vivere,
1840 2613 2016 2668 quam

373 2686 519 2741 deus
550 2685 697 2742 fieri.
731 2684 1042 2757 Reliquum
1065 2685 1478 2742 obstinationis
1514 2685 1576 2741 in
1622 2685 1721 2741 illo
1763 2686 2015 2757 capitulo

372 2772 690 2842 collocatis,
724 2774 881 2831 584
910 2776 1065 2845 quod
1100 2790 1286 2845 neque
1324 2774 1553 2846 gladios
1584 2790 1771 2846 neque
1789 2791 2013 2844 cruces,

370 2878 562 2935 neque
593 2864 813 2920 bestias
836 2869 1079 2933 vestras,
1115 2880 1226 2919 non
1264 2864 1481 2935 ignem,
1534 2881 1648 2919 non
1700 2868 2012 2936 tormenta,

370 2954 441 3009 ob
472 2953 789 3010 duritatem
821 2969 887 3009 ac
917 2958 1316 3025 contemptum
1350 2952 1573 3019 mortis,
1596 2954 1793 3009 animo
1851 2970 2014 3009 recu-

368 3059 587 3101 semus.
625 3046 697 3098 At
727 3043 884 3099 enim
916 3043 1037 3097 haec
1069 3045 1267 3098 omnia
1298 3043 1453 3114 apud
1484 3042 1707 3113 priores
1739 3043 2012 3113 majores,

367 3147 481 3203 que
508 3136 733 3187 vestros
764 3148 880 3187 non
911 3130 1205 3187 contemni
1238 3132 1427 3198 mode,
1461 3132 1563 3186 sed
1594 3131 1770 3187 etiam
1802 3148 2018 3203 magna

366 3218 540 3275 laude
569 3220 802 3291 pensari
833 3236 900 3274 ac
926 3221 1138 3275 virtute
1170 3219 1523 3275 didicerunt.
1580 3219 1823 3275 Gladius
1875 3225 2019 3291 quot
2051 3205 2091 3271 C

367 3312 424 3363 et
453 3312 703 3379 quantos
734 3308 888 3363 viros
922 3307 1315 3363 voluntarios!
1353 3308 1512 3379 piget
1531 3309 1827 3380 prosequi.
1880 3309 2021 3364 Cru-

370 3395 455 3453 cis
502 3413 636 3453 vero
693 3396 1008 3452 novitatem
1066 3412 1388 3451 numerosae
1420 3397 1707 3452 abstrusas
1765 3397 2024 3468 Regulus

372 3488 563 3541 vester
592 3485 844 3541 libenter
891 3483 1200 3539 dedicavit.
1256 3485 1479 3556 Regina
1531 3486 1757 3557 Egypti
1816 3486 2021 3541 bestiis

376 3574 501 3631 suis
533 3591 640 3629 usa
660 3580 767 3629 est.
805 3574 973 3646 Ignes
1004 3579 1134 3645 post
1163 3573 1682 3646 Carthaginensem
1742 3576 2019 3631 feminam

373 3661 699 3718 Asdrubale
735 3662 942 3716 marito
976 3662 1034 3716 in
1076 3662 1351 3717 extremis
1406 3663 1603 3734 patriae
1662 3664 2016 3719 constantio-

366 3768 490 3808 rem
522 3752 802 3807 docuerat
832 3751 1106 3807 invadere
1136 3751 1268 3822 ipsa
1298 3751 1463 3806 Dido.
1489 3752 1593 3807 Sed
1628 3755 1686 3807 et
1726 3757 2018 3808 tormenta

364 3840 578 3897 mulier
603 3841 794 3896 Attica
823 3840 1091 3913 fatigavit
1121 3844 1368 3913 tyranno
1397 3857 1639 3914 negans,
1693 3847 2013 3913 postremo,

364 3946 436 3986 ne
464 3929 694 3987 deceret
724 3946 939 4002 corpus
970 3936 1028 3985 et
1059 3944 1254 3997 sexus,
1283 3928 1550 4001 linguam
1580 3947 1751 3987 suam
1783 3936 2014 4003 pastam

2130 1887 2355 1943 militiae
2386 1888 2538 1943 datis
2568 1888 2703 1958 (62).
2728 1886 2783 1940 Si
2818 1888 3049 1942 laminae
3079 1886 3255 1943 alicui
3314 1889 3385 1943 de
3442 1887 3646 1943 bestiis
3702 1888 3795 1942 fa-

2131 1993 2298 2031 mosa
2329 1993 2487 2031 mors
2518 1980 2627 2042 est,
2652 1975 2845 2031 medio
2878 1977 3138 2047 quotidie
3170 1976 3332 2048 pacis
3356 1982 3562 2049 sponte
3594 1976 3798 2032 libera

2134 2066 2206 2121 ad
2261 2065 2480 2120 bestias
2533 2064 2651 2119 itis.
2710 2065 2765 2119 Si
2825 2080 3080 2132 crucem,
3142 2065 3469 2135 conligendi
3520 2066 3799 2137 corporis

2129 2153 2482 2221 machinam,
2519 2152 2717 2209 nullus
2744 2153 2938 2208 adhuc
2970 2170 3039 2208 ex
3068 2153 3505 2226 vobisRegulus
3521 2154 3759 2227 pepigit
3786 2172 3801 2222 ;

2129 2247 2389 2298 attamen
2411 2244 2536 2312 jam
2572 2241 2726 2314 ignis
2758 2246 3129 2314 contemptus
3160 2243 3344 2298 evasit
3376 2244 3507 2313 (63),
3549 2260 3619 2298 ex
3669 2260 3801 2315 quo

2129 2349 2189 2388 se
2221 2332 2461 2403 quidam
2494 2332 2755 2404 proxime
2783 2331 3153 2387 vestiendum
3210 2331 3525 2387 incendiali
3584 2333 3803 2389 tunica

2129 2422 2199 2477 ad
2233 2426 2459 2476 certum
2494 2436 2921 2492 usquequaque
2951 2419 3145 2476 locum
3203 2420 3554 2478 auctoravit.
3586 2422 3645 2475 Si
3693 2421 3805 2477 ﬂa-

2126 2510 2247 2582 gris
2277 2510 2488 2565 mulier
2518 2508 2838 2580 insullavit,
2875 2510 2979 2564 hoc
3023 2525 3256 2581 quoque
3314 2508 3574 2581 proxime
3633 2510 3803 2566 inter

2125 2597 2453 2653 venatorios
2484 2597 2594 2668 (64)
2628 2597 2777 2654 585
2814 2596 3020 2652 ordine
3074 2603 3414 2653 transcurso
3471 2613 3801 2654 remensus

2125 2692 2234 2752 est,
2268 2691 2333 2740 ut
2361 2692 2584 2741 taceam
2616 2687 2686 2740 de
2714 2686 2995 2741 Laconica
3023 2685 3209 2757 gloria
3237 2687 3373 2757 (65).

2197 2776 2283 2829 19.
2317 2778 2655 2846 Hucusque,
2683 2774 2909 2845 opinor,
2954 2774 3246 2830 horrenda
3312 2775 3797 2832 obstinationum

2124 2864 2589 2920 Christianarum
2618 2880 2631 2918 ε
2668 2880 2795 2935 quas
2827 2862 2876 2918 si
2900 2862 3205 2919 vobiscum
3238 2863 3796 2933 communicamus,

2124 2960 2395 3025 superest
2411 2952 2727 3009 deridenda
2749 2968 3131 3024 personarum
3154 2954 3520 3010 conferamus
3545 2972 3558 3021 ;
3585 2971 3797 3026 quan-

2125 3060 2300 3114 quam
2333 3044 2405 3098 de
2450 3043 2934 3115 persuasionibus
2964 3043 3158 3099 omnis
3200 3042 3516 3099 obstinatio
3577 3048 3800 3100 nostra

2131 3132 2542 3204 praestruitur:
2580 3137 2942 3187 mortuorum
2964 3132 3119 3188 enim
3143 3132 3557 3204 presumimus
3592 3149 3805 3188 resur-

2131 3224 2467 3277 rectionem.
2499 3224 2640 3291 Spes
2673 3220 3115 3276 resurrectionis
3147 3220 3450 3276 fastidium
3482 3226 3572 3276 est
3620 3236 3803 3279 mor-

2133 3312 2230 3365 tis.
2264 3310 2467 3365 Ridete
2498 3308 2677 3381 igitur
2701 3309 3135 3380 quantumlibet
3157 3308 3605 3381 stupidissimas
3628 3326 3806 3366 men-

2133 3404 2221 3455 tes
2256 3416 2387 3471 quae
2419 3398 2770 3454 moriuntur.
2794 3402 2857 3453 ut
2906 3398 3149 3466 vivant;
3209 3399 3310 3453 sed
3371 3414 3485 3469 quo
3548 3398 3802 3458 facilius

2132 3489 2373 3544 rideatis
2405 3492 2460 3543 et
2490 3486 2807 3543 resolutius
2838 3486 3298 3555 decachinnetis,
3332 3492 3561 3559 arrepta
3612 3506 3804 3560 spon-

2130 3578 2225 3649 gia
2256 3576 2341 3632 vel
2370 3575 2605 3631 interim
2638 3575 2839 3647 lingua
2878 3575 3066 3630 delete
3121 3574 3345 3631 litteras
3396 3574 3630 3630 interim
3695 3595 3800 3633 ve-

2130 3672 2304 3734 stras,
2338 3682 2462 3736 quae
2495 3664 2768 3721 similiter
2799 3669 3134 3719 asseverant
3164 3664 3389 3719 animas
3420 3664 3477 3719 in
3532 3680 3801 3737 corpora

2129 3755 2440 3810 redituras.
2500 3756 2766 3809 Attamen
2825 3756 3046 3823 quanto
3106 3753 3519 3824 acceptabilior
3573 3761 3799 3813 nostra

2128 3842 2506 3916 praesumptio
2537 3848 2645 3910 est,
2679 3858 2805 3913 quae
2834 3840 2895 3896 in
2927 3842 3131 3897 eadem
3181 3858 3426 3913 corpora
3481 3842 3799 3902 redituras

2130 3932 2431 3988 defendit?
2462 3932 2630 3987 vobis
2663 3935 2861 3987 autem
2894 3934 3113 4001 quanto
3143 3930 3355 3986 vanius
3384 3930 3669 3987 traditum
3710 3938 3806 3991 est

1797 4106 2000 4169 Variae
2044 4107 2367 4169 lectiones.

432 4202 476 4240 ³⁸
503 4202 593 4262 Ila
621 4204 756 4260 Hau.
777 4219 800 4268 ;
825 4203 953 4261 cod.
984 4218 1085 4259 ms.
1122 4201 1455 4274 sanguinis.

1803 4324 2328 4385 Commentarius.

426 4456 541 4527 (58)
575 4457 665 4512 Vel
698 4458 753 4512 in
780 4458 1018 4527 palatiis
1051 4456 1205 4527 ipsis.
1239 4459 1635 4512 Romanorum
1695 4456 2011 4513 crudelita-

358 4528 571 4610 tem-in
605 4544 741 4609 suos
767 4529 1151 4610 imperatores
1180 4528 1396 4610 arguit,
1431 4530 1533 4599 qui
1589 4529 1647 4583 in
1677 4530 1890 4610 _re_gi_a,
1951 4529 2007 4583 in

357 4598 616 4697 palatiis,
652 4600 710 4654 in
762 4598 886 4697 ips‘o
941 4604 1148 4655 senatu
1208 4600 1505 4697 Erincipes
1526 4598 2006 4697 Lct_)nlt.'odi:ebant:
2042 4633 2087 4697 D

358 4685 491 4742 cum
522 4674 711 4725 tamen
748 4671 911 4727 nulla
940 4687 1132 4742 neque
1156 4671 1363 4726 seditio
1401 4690 1435 4727 a
1493 4672 1832 4729 christianis
1880 4691 2011 4728 con-

357 4741 660 4814 citaretur,
696 4758 884 4814 neque
918 4741 1085 4799 novis
1120 4758 1382 4813 unquam
1415 4743 1588 4801 rebus
1617 4746 1855 4801 studere
1902 4746 2011 4800 visi

357 4812 596 4868 fuerint.
632 4814 702 4867 La
732 4812 833 4868 Pa.

429 4883 543 4954 (59)
596 4892 735 4956 Quos
786 4888 992 4959 statuae
1045 4894 1244 4940 sczunt.
1307 4886 1523 4942 Adfixis
1582 4891 1684 4942 aut
1731 4886 2009 4959 appensis

361 4955 433 5010 ad
466 4955 695 5011 statuas
722 4956 973 5012 tabellis.
1007 4959 1133 5024 Rio,

436 5026 541 5109 (60)
577 5028 725 5109 Quod
754 5030 915 5109 vulgo
970 5028 1152 5109 aiunt,
1214 5043 1447 5109 spuitam
1499 5029 1776 5109 [animum
1809 5031 2007 5109 Sanna

360 5097 671 5155 derisionis
703 5101 924 5169 species
946 5104 1034 5155 est
1063 5114 1192 5169 qua;
1226 5098 1399 5154 ﬁebat
1428 5116 1524 5154 ore
1572 5101 1821 5157 distorto
1874 5100 2005 5155 vul-

360 5172 564 5243 tuque,
598 5178 699 5227 aut
729 5179 887 5228 certa
916 5170 1232 5243 digitorum
1264 5187 1620 5243 manuumve
1678 5172 2003 5227 conforma-

358 5240 538 5307 tione,
572 5249 671 5299 aut
702 5245 873 5299 ductu
908 5240 1196 5298 labiorum
1231 5246 1356 5297 sine
1382 5242 1500 5297 ullo
1556 5246 1751 5299 verbo.
1809 5248 2003 5299 Sanna

359 5311 554 5385 Greece
607 5316 797 5385 μήκων
828 5314 1136 5370 Adhibitas
1170 5312 1346 5385 fuisse
1380 5313 1512 5369 illas
1544 5320 1767 5373 Sannas
1799 5320 1856 5370 et
1884 5316 2003 5371 oris

358 5384 742 5442 distorsiOnes
800 5388 870 5441 ad
930 5384 1382 5457 terrefaciendos
1438 5386 1733 5457 plorantes
1791 5404 2000 5456 pueros

358 5461 517 5527 patet
536 5474 603 5513 ex
634 5459 889 5514 Arnobio
921 5458 1022 5512 lib.
1069 5474 1138 5512 v:
1205 5455 1394 5525 Usque
1439 5455 1670 5514 adeone
1725 5455 1999 5515 mortales

358 5528 556 5585 saeculi
587 5528 746 5586 illius
776 5547 840 5586 ac
870 5530 1151 5599 temporis
1182 5528 1354 5582 corde
1388 5530 1615 5584 fuerant
1660 5532 1848 5599 vacui,
1908 5549 1996 5587 ra-

360 5601 657 5674 tionisque
674 5618 1001 5674 sensusque
1026 5599 1267 5674 nullius,
1294 5606 1357 5654 ut
1381 5600 1452 5655 ab
1476 5603 1750 5657 actionib.
1777 5602 1997 5674 impro-

362 5672 453 5727 bis
485 5671 767 5747 tanquam
800 5671 1046 5747 parvuli,
1082 5671 1378 5747 pusionos,
1414 5688 1796 5743 personarum
1830 5671 1994 5729 nion-

364 5744 734 5806 truosissima
766 5744 1036 5805 torvitate
1058 5744 1261 5802 sannis
1304 5744 1480 5802 etiam
1524 5746 1995 5818 constringeren-

2122 4462 2242 4523 tur,
2275 4461 2333 4511 et
2363 4454 2575 4510 maniis
2598 4454 2625 4510 ?
2660 4475 2687 4503 »
2721 4452 2881 4509 Unde
2912 4452 3227 4508 sanniones
3285 4452 3425 4508 dicti
3483 4453 3791 4512 homines.

2123 4528 2285 4582 vultu
2317 4527 2506 4600 magis
2525 4524 3794 4600 quamfacetiisautdicetiisridiculi._Genus

2123 4602 2298 4656 etiam
2332 4597 2862 4669 sannae—quoddam
2895 4602 3047 4669 erat,
3075 4598 3226 4668 quod
3272 4597 3494 4651 ciconia
3528 4597 3795 4669 idiceba-

2122 4678 2240 4741 tur,
2275 4690 2409 4727 cum
2443 4668 2643 4742 nempe
2674 4668 2909 4742 ciconiae
2943 4668 3155 4742 collum
3190 4668 3462 4742 manibus
3508 4668 3787 4742 tingeba-

2120 4740 2234 4800 tur.
2281 4745 2359 4798 De
2418 4740 2623 4798 sannis
2683 4746 2741 4813 et
2791 4740 3187 4813 derisionibus
3245 4741 3400 4811 apud
3461 4740 3791 4813 plerosque

2121 4816 2305 4871 multa
2333 4816 2511 4886 legas,
2548 4812 2702 4886 apud
2739 4811 3025 4886 Persium.
3059 4811 3177 4886 Sat.
3214 4828 3231 4865 I
3263 4818 3318 4866 et
3347 4830 3401 4886 γ,
3438 4813 3527 4886 [λεῄ
3558 4816 3666 4866 Pn.

2190 4889 2299 4959 (61)
2332 4883 2524 4942 Etiam
2554 4883 2611 4942 in
2643 4888 2959 4959 extraneos.
2997 4884 3122 4954 Ipse
3153 4884 3211 4937 in
3237 4884 3589 4954 Apologetico
3620 4883 3789 4939 Chri-

2119 4952 2349 5014 stianus
2379 4964 2433 5013 et
2464 4963 2623 5012 extra
2656 4952 2844 5009 ﬁdelis
2868 4952 3128 5009 vocatur.
3161 4952 3286 5009 R16.

2188 5032 2299 5101 (62)
2334 5031 2437 5085 Sed
2466 5030 2886 5101 mortis‘ngngen
2917 5024 3149 5101 mjlz'tiaz
3176 5026 3339 5101 dalis.
3371 5024 3620 5101 V‘Nempe
3666 5041 3788 5101 Aar-

2116 5092 2464 5158 mi‘doctores
2497 5108 2553 5157 et
2583 5092 3091 5169 onloScSacaalouc
3131 5096 3438 5169 appellatis
3496 5092 3782 5165 lanistas,

2114 5175 2289 5229 ducto
2322 5175 2391 5230 dc
2421 5174 2654 5228 laniena
2683 5167 2988 5225 vocabulo.
3024 5167 3182 5224 IDEM.

2186 5248 2297 5318 (63)
2328 5247 2532 5301 Evasit.
2568 5240 2816 5318 Exarsit,
2848 5256 3065 5312 perque
3097 5239 3295 5297 omnia
3326 5237 3592 5295 membra
3635 5254 3776 5295 eva-

2112 5318 2188 5372 sit
2217 5316 2605 5374 concremata.
2640 5316 2804 5369 IDEM.

2183 5390 2295 5459 (64)
2337 5392 2485 5445 Inter
2531 5386 2862 5443 amatorios.
2923 5380 3088 5438 Libro
3146 5382 3219 5439 ad
3260 5382 3553 5453 Martyras.
3607 5382 3777 5438 Inter

2108 5467 2451 5515 venatorum
2490 5459 2742 5513 laureas.
2776 5460 2941 5509 IDEM.

2180 5532 2290 5601 (65)
2326 5533 2386 5587 Ut
2416 5536 2624 5585 taceam
2671 5529 2735 5583 de
2782 5526 3055 5601 Lacgm'ca
3092 5524 3305 5601 gloria.
3339 5524 3430 5579 Sic
3457 5522 3613 5601 apud
3662 5524 3773 5580 Pe-

2106 5595 2389 5671 tronium,
2423 5601 2783 5670 Eumolpus:
2822 5619 2850 5647 «
2878 5600 2948 5651 Et
2978 5613 3082 5671 ego
3116 5598 3355 5671 quidem
3388 5602 3506 5652 tres
3556 5595 3771 5669 plagas

2106 5668 2395 5747 Spartana
2426 5668 2732 5731 nobilitate
2761 5668 3035 5727 concoxi.’
3058 5692 3079 5719 ι
3116 5669 3191 5725 La
3219 5670 3318 5726 Pa.
