4094 6186
307 348 422 405 657

1521 346 1623 405 AD
1670 345 2090 404 NATIONES.
2125 376 2203 388 --
2238 344 2381 402 LIB.
2429 345 2505 404 ll.

122 0 1952 30 Μ

2451 0 2456 2 .
2467 0 2494 20 _i_
2507 0 2550 20 —
2567 0 2598 18 .l
2625 0 3772 20 ..ὴ-Μ.
3777 0 3960 16 ιωλ-’.ντο
3997 9 4002 16 1

3600 343 3718 403 658

301 479 560 534 hominis
594 478 870 551 spiritum
929 479 987 533 in
1042 495 1184 534 cane
1237 479 1322 534 vel
1372 480 1531 535 mulo
1594 481 1693 533 aut
1737 493 1957 551 pavone
1987 480 2039 547 Α
2072 478 2167 548 tis,
2201 481 2358 547 (nam
2391 478 2726 534 omniaista
2748 478 2806 533 in
2831 477 3001 534 nobis
3024 477 3164 534 solis
3186 479 3378 546 erunt,
3410 480 3465 533 et
3490 492 3522 530 a
3549 476 3718 531 nobis

300 568 684 624 rediturum?
743 571 885 623 Item
935 568 1228 639 judicium
1290 568 1711 623 annuntiamus
1769 587 1801 624 a
1844 568 1959 623 Deo

301 677 403 732 pro
430 662 716 732 cujusque
747 660 973 716 meritis
1006 666 1132 732 post
1166 662 1469 715 interitum
1504 662 1956 717 destinatum.ld

298 766 402 806 vos
437 750 615 806 Minoi
649 754 704 804 et
729 749 1178 804 Rhadamantbo
1202 750 1516 815 ascribitis,
1536 751 1787 820 justiore
1818 751 1961 805 inte-

302 839 412 895 rim
463 840 717 895 Aristide
761 843 1047 894 recusato.
1097 840 1171 892 Eo
1215 839 1438 909 judicio
1470 838 1704 910 iniquos
1747 843 1960 895 aeterno

306 927 454 999 igni,
488 927 620 999 pios
646 931 701 982 et
732 927 954 983 insotes
1001 943 1228 982 amoeno
1265 927 1323 981 in
1374 927 1498 983 loco
1549 928 1800 983 dicimus
1835 946 1959 998 per-

299 1018 645 1088 petuitatem
707 1021 1134 1072 transacturos.
1194 1018 1360 1088 Apud
1421 1034 1522 1071 vos
1558 1061 1569 1073 .
1607 1058 1667 1070 ..
1733 1033 1961 1090 quoque

301 1103 886 1177 Pyriphlegethontis
921 1109 976 1160 et
999 1105 1178 1177 Elysii
1202 1123 1315 1161 non
1350 1105 1463 1161 alia
1486 1107 1738 1161 conditio
1770 1107 1963 1178 dispo-

303 1192 488 1249 nitur.
523 1193 638 1248 Nee
670 1193 908 1265 mythici
943 1210 1007 1249 ac
1038 1194 1246 1266 poetici
1283 1194 1386 1250 soli
1417 1193 1555 1249 talia
1585 1199 1824 1263 canunt,
1860 1195 1962 1250 sed

301 1287 355 1339 et
388 1283 730 1355 philosophi
776 1284 890 1354 (66)
940 1284 1009 1340 de
1043 1284 1373 1339 animorum
1427 1285 1878 1356 reciprocatione
1906 1291 1962 1342 et

295 1371 512 1444 judicii
563 1372 978 1428 distributione
1027 1374 1398 1428 confirmant.
1453 1375 1737 1441 Quoniam
1784 1375 1962 1447 igitur

299 1479 504 1533 usque,
537 1461 925 1533 iniquissimae
979 1462 1265 1529 nationes,
1303 1480 1416 1517 non
1469 1464 1810 1535 agnoscitis,
1844 1465 1960 1519 imo

297 1550 546 1622 insuper
567 1550 951 1606 exsecramini
977 1556 1218 1619 vestros,
1244 1552 1291 1606 si
1319 1551 1462 1606 nihil
1486 1552 1638 1608 inter
1657 1570 1757 1608 vos
1780 1554 1960 1608 diver-

301 1639 447 1695 sitas
482 1641 676 1706 habet,
712 1640 759 1694 si
806 1657 989 1695 unum
1036 1645 1090 1695 et
1141 1641 1328 1695 eidem
1366 1658 1620 1710 sumus;
1675 1643 1813 1712 quia
1844 1660 1960 1698 non

300 1729 514 1784 odistis
547 1729 701 1799 quod
726 1729 868 1784 estis
896 1747 907 1784 :
934 1730 1065 1784 date
1095 1730 1328 1785 dextras
1359 1731 1574 1801 potius,
1608 1731 1962 1802 compingite

2071 571 2210 626 solis
2244 572 2642 639 revincuntur,
2691 572 2905 643 quibus
2951 570 3113 627 illata
3163 575 3300 626 sunt
3331 569 3368 641 ς)
3423 568 3720 641 agnitione

2070 661 2290 716 scilicet
2323 663 2559 717 diversre
2611 663 2814 732 partis,
2851 663 3003 716 unde
3055 662 3298 716 scientia
3342 661 3630 716 instructa
3661 661 3718 714 et

2070 750 2379 804 consilium
2414 751 2662 822 inspirat
2720 755 2774 803 et
2814 749 3107 820 judicium
3167 750 3472 822 gubernat.
3509 747 3718 803 Vestra

2069 840 2319 910 denique
2351 839 2640 895 sententia
2663 844 2772 909 est,
2808 856 2877 894 ne
2909 856 3145 894 causam
3175 838 3309 910 quis
3331 837 3556 909 judicet
3579 836 3714 907 (68),

2071 929 2182 984 nisi
2218 930 2446 984 duobus
2479 929 2716 984 auditis.
2749 929 2906 992 Quod
2943 929 2998 982 in
3025 929 3191 984 nobis
3224 927 3363 983 solis
3395 925 3712 998 negligitis,

2072 1023 2295 1074 natura)
2325 1019 2460 1073 vitio
2494 1018 2854 1088 satisfacitis,
2891 1021 2952 1072 ut
2983 1036 3107 1089 quae
3139 1018 3197 1071 in
3222 1017 3390 1071 nobis
3422 1031 3537 1070 non
3569 1015 3718 1070 refu-

2071 1109 2225 1178 tetis,
2279 1108 2334 1162 in
2389 1107 2518 1163 aliis
2554 1151 2566 1162 .
2601 1153 2610 1163 .
2647 1150 2710 1162 ..
2762 1107 2862 1173 tis,
2913 1113 3014 1163 aut
3071 1123 3323 1179 quorum
3383 1109 3610 1160 reatum
3655 1103 3716 1158 in

2070 1198 2234 1253 vobis
2268 1197 2677 1264 memineritis,
2712 1213 2777 1252 ea
2810 1197 2868 1250 in
2912 1197 3053 1252 alios
3079 1197 3313 1267 jactetis
3347 1239 3355 1248 .
3396 1236 3408 1249 .
3447 1235 3458 1249 .
3497 1237 3508 1249 .
3544 1209 3717 1266 opere

2071 1287 2468 1358 occupatiores
2501 1285 2683 1357 eritis,
2718 1285 2773 1340 in
2809 1290 3115 1341 extraneos
3147 1286 3311 1353 casti,
3343 1284 3402 1339 in
3431 1282 3716 1339 vosmeti-

2073 1394 2209 1448 psos
2241 1378 2469 1445 incesti,
2501 1376 2847 1431 exsertiores
2882 1375 3044 1444 foris,
3096 1373 3342 1446 subjecti
3377 1373 3550 1429 domi.
3586 1372 3716 1427 Haec

2071 1471 2159 1521 est
2189 1466 2490 1536 iniquitas,
2529 1470 2591 1519 ut
2622 1465 2785 1537 gnari
2840 1466 2910 1520 ab
2945 1464 3187 1537 ignaris,
3239 1463 3489 1519 absoluti
3539 1478 3572 1516 a
3602 1461 3716 1517 reis

2063 1556 2420 1626 judicemur.
2483 1555 2712 1609 Auferte
2791 1553 3071 1625 stipulam
3149 1554 3219 1609 de
3278 1551 3441 1609 oculo
3501 1553 3714 1618 vestro,

2072 1649 2170 1698 aut
2226 1644 2455 1698 trabem
2515 1644 2585 1697 de
2660 1643 2826 1697 oculo
2902 1648 3129 1714 vestro,
3190 1647 3256 1697 ut
3306 1640 3584 1713 stipulam
3644 1639 3716 1694 de

2071 1733 2260 1787 alieno
2291 1732 2609 1787 extrahatis
2634 1731 2696 1785 ³⁸.
2741 1731 3060 1786 Emendate
3106 1730 3495 1801 vosmetipsos
3529 1728 3714 1800 prius,

297 1817 524 1882 oscula,
563 1818 804 1873 miscete
836 1816 1201 1890 complexus,
1234 1819 1458 1873 cruenti
1509 1836 1638 1873 cum
1676 1821 1956 1890 cruentis,
1992 1859 2036 1921 Β
2072 1827 2134 1875 ut
2166 1821 2526 1877 Christianos
2556 1820 2860 1891 puniatis;
2895 1820 3008 1874 nisi
3050 1821 3199 1890 quod
3241 1816 3714 1886 emendaveritis,

295 1908 509 1963 incesti
562 1923 694 1962 cum
756 1908 1015 1979 incestis,
1075 1909 1363 1980 conjurati
1418 1926 1552 1964 cum
1612 1911 1955 1981 conjuratis,

301 1998 589 2052 obstinati
622 2002 678 2052 et
718 1999 849 2053 vani
884 2016 1016 2053 cum
1066 2000 1408 2070 mqualibus.
1468 2001 1684 2055 Pariter
1714 2003 1956 2058 deorum

302 2087 553 2141 numina
586 2087 739 2144 588
789 2086 1066 2154 lresimus,
1101 2091 1316 2160 pariter
1365 2089 1825 2162 indignationem
1861 2107 1956 2146 eo-

295 2192 428 2232 rum
478 2192 884 2247 provocamus.
937 2177 1174 2232 Habetis
1229 2184 1283 2233 et
1313 2195 1413 2233 vos
1475 2180 1711 2234 tertium
1768 2197 1954 2251 genus

299 2265 432 2336 (6'7),
469 2265 574 2320 elsi
611 2282 724 2319 non
757 2266 827 2320 de
850 2265 1016 2320 tertio
1041 2265 1175 2334 ritu,
1203 2270 1458 2322 attamen
1495 2269 1564 2322 de
1591 2269 1757 2323 tertio
1792 2286 1954 2324 sexu.

299 2353 451 2408 Illud
488 2355 683 2424 aptius
744 2355 813 2409 de
869 2355 992 2409 viro
1025 2359 1081 2409 et
1134 2355 1369 2423 femina,
1422 2356 1562 2411 viris
1620 2363 1675 2411 et
1723 2358 1956 2414 feminis

289 2444 590 2514 junctum.
656 2448 770 2498 Aut
828 2444 1115 2514 numquid
1153 2445 1277 2516 ipso
1310 2463 1411 2500 vos
1470 2445 1712 2518 collegio
1772 2447 1954 2502 offen-

298 2531 542 2588 dimus?
596 2532 752 2587 Solet
811 2533 1116 2604 aequalitas
1190 2534 1585 2590 aemulationis
1646 2536 1954 2591 materiam

297 2621 878 2676 subministrare.Sic
896 2621 1109 2691 ﬁgulus
1135 2623 1512 2695 figulo,faber
1537 2623 1696 2678 fabro
1718 2623 1951 2680 invidet.

299 2710 416 2766 Ιωο
440 2711 571 2780 jam
605 2711 675 2765 de
728 2710 841 2765 fine
893 2710 1172 2766 simulata
1229 2711 1516 2768 confessio
1575 2712 1786 2784 redigit
1817 2729 1953 2767 con-

299 2800 610 2855 scientiam
641 2800 712 2854 ad
757 2800 1057 2856 veritatem
1098 2803 1154 2856 et
1198 2801 1271 2855 ad
1322 2801 1713 2856 constantiam
1744 2803 1952 2857 verita-

2070 1927 2184 1965 non
2243 1911 2519 1982 punietis,
2555 1912 2670 1965 imo
2715 1909 2880 1965 eritis
2937 1907 3272 1978 Christiani,
3306 1908 3424 1963 imo
3483 1906 3530 1961 si
3592 1905 3716 1960 fue-

2078 1999 2211 2054 ritis
2271 1999 2612 2064 Christiani,
2676 1998 2835 2054 erilis
2873 1997 3188 2053 emendati.
3233 1996 3444 2051 Discite
3474 1995 3624 2066 quod
3655 1992 3719 2048 in

2070 2089 2236 2144 nobis
2269 2089 2577 2159 accusatis,
2632 2092 2688 2144 et
2723 2104 2838 2142 non
2887 2085 3263 2142 accusabitis.
3305 2083 3722 2156 Recognoscite

2068 2178 2207 2250 quid
2243 2179 2299 2232 in
2331 2179 2495 2233 vobis
2545 2195 2658 2232 non
2703 2177 3014 2245 accusetis,
3066 2181 3122 2231 et
3154 2173 3526 2230 accusabitis.
3566 2173 3725 2227 Patet

2065 2267 2243 2321 etiam
2275 2266 2413 2320 hinc
2449 2266 2631 2331 vobis,
2668 2269 2956 2337 quantum
3003 2265 3226 2335 aperire
3275 2263 3640 2333 potuerimus
3673 2260 3726 2330 (e

2068 2354 2267 2426 paucis
2300 2355 2427 2409 istis
2457 2354 2779 2421 libellulis),
2814 2353 3028 2409 erroris
3061 2352 3344 2424 inspectio
3375 2356 3431 2406 et
3457 2348 3723 2405 veritatis

2066 2444 2406 2515 recognitio.
2460 2445 2737 2498 Damnate
2787 2443 3116 2507 veritatem,
3169 2442 3268 2496 sed
3313 2441 3638 2510 inspectam
3671 2435 3724 2492 si

2065 2533 2329 2604 potestis,
2364 2537 2420 2588 et
2446 2533 2686 2604 probate
2709 2548 2985 2587 errorem.
3012 2531 3122 2586 Sed
3153 2533 3451 2602 repertum
3476 2528 3525 2583 si
3557 2531 3724 2599 puta-

2065 2623 2158 2678 tis.
2196 2622 2411 2686 Quodsi
2462 2620 2862 2694 praescribitur
2911 2620 3072 2675 vobis
3123 2634 3378 2675 errorem
3426 2632 3622 2673 amare
3665 2618 3724 2673 et

2064 2713 2258 2768 odisse
2286 2712 2623 2783 veritatem;
2658 2728 2762 2767 cur
2794 2711 2946 2782 quod
2984 2710 3197 2766 amatis
3230 2713 3287 2765 et
3338 2706 3569 2779 odistis,
3603 2721 3719 2761 non

2066 2801 2344 2856 noveritis
2366 2803 2393 2855 γ

1732 2935 1934 2995 Variae
1975 2934 2298 2995 lectiones.

370 3046 414 3080 ³⁸
442 3047 663 3101 Haverc.
701 3045 770 3102 ad
798 3047 1031 3120 Apolag.
1066 3047 1134 3102 39
1163 3048 1379 3103 emend.
1415 3047 1651 3102 Auferte
1679 3048 1907 3104 trabem
1938 3049 2009 3104 de
2040 3048 2207 3103 oculo
2239 3051 2452 3114 vestro,
2481 3052 2544 3104 ut
2576 3047 2857 3120 stipulam
2889 3048 2960 3104 de
2990 3045 3182 3102 alieno
3217 3043 3556 3100 extrahatis.

1746 3182 2268 3243 Commentarius.

369 3294 481 3375 (θεᾷ)
514 3293 618 3349 Sed
647 3303 697 3350 et
733 3294 1062 3375 philosophi.
1108 3298 1234 3375 Non
1267 3294 1462 3375 solum
1507 3299 1684 3366 poetae
1734 3297 1951 3368 quibus
1982 3308 2027 3373 ο
2067 3297 2403 3375 habendum
2438 3314 2472 3352 a
2525 3297 2686 3365 viris,
2721 3298 2822 3352 sed
2877 3296 2971 3351 vix
3028 3313 3062 3351 a
3111 3293 3346 3350 feminis
3395 3289 3715 3348 nobilibus.

297 3365 500 3438 omnia
559 3367 1045 3422 comminiscendi
1105 3371 1366 3437 potestas
1432 3365 1567 3422 data
1621 3365 1769 3438 est;
1803 3385 1953 3423 vana

297 3437 400 3491 illa
431 3438 664 3492 somnia
697 3443 754 3492 et
792 3438 958 3493 vacui
1007 3439 1229 3493 cerebri
1279 3439 1665 3495 deliramenta
1722 3437 1951 3495 invexe-

296 3513 474 3585 runt;
511 3510 611 3563 sed
632 3510 823 3585 etiam
878 3509 1235 3585 phi1030phi,
1283 3510 1439 3585 iique
1488 3513 1777 3585 majorum
1810 3529 1952 3585 gen-

291 3580 462 3706 Eutr;J
508 3584 571 3634 ut
632 3580 815 3648 Plato,
855 3583 952 3651 qui
1013 3580 1949 3654 metempsychosin“tuitus'est.

341 3669 375 3706 Ε
469 3668 527 3705 R.

341 3669 375 3706 Ε
423 3668 527 3705 t’R.

361 3723 478 3793 (67)
515 3723 738 3777 Habetis
777 3730 828 3778 et
849 3739 945 3776 vos
977 3726 1200 3779 tertium
1219 3742 1415 3793 genus.
1443 3725 1769 3780 Alexander
1783 3731 1952 3782 Seve-

291 3811 415 3859 rus,
446 3799 722 3867 narrante
755 3795 1112 3867 Lampridio,
1147 3797 1382 3851 tertium
1425 3813 1612 3867 genus
1643 3797 1950 3853 hominum

291 3866 596 3922 eunuchos
627 3882 755 3922 esse
786 3866 1040 3936 dicebat,
1073 3884 1178 3923 nec
1218 3866 1562 3937 videndum,
1599 3884 1705 3924 nec
1750 3868 1807 3923 in
1840 3887 1950 3924 usu

2068 3370 2193 3424 Rm.

2134 3441 2247 3520 (68)
2280 3440 2364 3520 Ne
2383 3455 2606 3495 causam
2664 3435 3362 3520 guis_judicet.__Justitize
3393 3435 3717 3520 legequs-

2065 3507 2275 3575 tulan't,
2311 3517 2372 3566 ut
2418 3528 2608 3566 causae
2659 3507 2758 3566 fiat
2789 3507 3158 3581 disceptatio,
3211 3513 3528 3581 antequam
3554 3507 3718 3581 judi-

2062 3583 2217 3638 cium
2255 3584 2489 3647 feratur,
2523 3583 2678 3638 unde
2719 3585 2871 3653 apud
2923 3579 3222 3647 Senecam,
3261 3580 3461 3648 Medea,
3495 3583 3605 3635 act.
3641 3579 3714 3648 Ιῐ,

2061 3672 2143 3711 se.
2178 3673 2240 3723 ιι,
2273 3655 2356 3710 sic
2385 3660 2689 3711 Creontem
2722 3655 3080 3726 alloquitur:

2243 3817 2344 3874 Qui
2375 3817 2561 3865 statuit
2589 3815 2812 3878 aliquid,
2845 3819 2997 3878 parte
3027 3813 3269 3878 inaudita
3299 3812 3484 3878 altera.

2254 3873 2484 3942 Equum
2518 3879 2637 3927 licet
2670 3873 2932 3936 statuerit,
2965 3876 3109 3925 haud
3151 3890 3338 3938 aequus
3367 3875 3486 3925 fuit.
3527 3875 3592 3923 Ls
3621 3873 3712 3923 Pa.

1448 4157 1822 4253 LIBER
1895 4156 2567 4254 SECUNDUS.

362 4434 416 4487 1.
450 4433 620 4489 Nunc
670 4434 740 4491 de
799 4435 921 4491 deis
977 4434 1208 4503 vestris,
1269 4436 1618 4493 miserandis
1661 4438 1949 4509 nationes,
1981 4447 2027 4511 D
2060 4438 2499 4511 prwscriptione
2521 4436 2736 4493 discuti
2768 4435 2984 4502 liceret,
3009 4435 3068 4490 in
3094 4433 3360 4506 expedito
3378 4437 3534 4490 esset
3555 4450 3707 4491 nun-

288 4522 572 4594 congredi
599 4523 899 4580 vobiscum
931 4525 1192 4581 defensio
1224 4529 1424 4581 nostra
1468 4526 1776 4594 desiderat,
1813 4545 1948 4599 pro-

284 4625 507 4664 vocans
538 4609 728 4682 ipsam
762 4614 1181 4670 conscientiam
1203 4618 1453 4670 vestram
1486 4616 1557 4670 ad
1588 4617 1948 4672 censendum

287 4715 362 4754 an
397 4715 532 4754 vere
562 4700 676 4770 dei,
710 4705 774 4756 ut
802 4700 1004 4771 vultis,
1032 4719 1104 4758 an
1136 4702 1310 4770 falso,
1333 4707 1396 4758 ut
1425 4704 1576 4760 scire
1598 4722 1712 4760 non
1746 4705 1944 4762 vultis.

284 4785 423 4841 Haec
457 4786 614 4841 enim
647 4789 890 4843 materia
911 4795 1000 4844 est
1030 4789 1242 4845 erroris
1264 4789 1507 4845 humani
1543 4807 1644 4862 per
1664 4793 1946 4848 artificem

281 4875 444 4944 ejus,
478 4892 547 4929 ne
572 4875 905 4947 ignorantia
926 4879 1142 4934 erroris
1169 4879 1280 4949 (66)
1316 4920 1328 4933 .
1368 4921 1379 4934 .
1416 4919 1428 4930 .
1473 4920 1485 4934 .
1531 4922 1543 4935 .
1581 4919 1593 4933 .
1621 4897 1735 4950 quo
1760 4882 1946 4952 magis

281 4963 366 5017 rei
404 4963 556 5019 sitis.
592 4965 801 5020 Patent
831 4966 1002 5033 oculi,
1039 4983 1141 5022 nec
1175 4968 1410 5034 vident;
1441 4968 1817 5037 hiantaures,
1844 4987 1945 5025 nec

279 5050 577 5119 audiunt;
611 5068 707 5107 cor
756 5057 954 5126 stupet
1005 5053 1245 5125 saliens,
1290 5056 1475 5111 nescit
1523 5057 1758 5113 animus
1789 5059 1944 5128 quod

282 5142 575 5211 agnoscit.
622 5141 904 5215 Denique,
957 5143 1006 5200 si
1056 5148 1282 5202 tantam
1337 5146 1777 5218 perversitatem
1829 5165 1946 5204 una

2058 4528 2388 4597 tiatio,cum
2413 4543 2618 4584 omnes
2642 4526 2787 4582 587
2816 4525 2960 4582 istos
2995 4525 3132 4580 deos
3164 4524 3234 4580 ab
3258 4523 3596 4580 hominibus
3618 4524 3707 4580 in-

2059 4617 2320 4688 stitutos,
2345 4633 2459 4673 non
2485 4659 2497 4672 .
2526 4659 2536 4671 .
2570 4659 2582 4670 .
2611 4659 2623 4672 .
2644 4616 2780 4672 hinc
2799 4614 3061 4670 excidere
3083 4614 3257 4670 ﬁdem
3275 4630 3419 4670 verm
3441 4614 3711 4671 divinita-

2059 4705 2153 4772 tis,
2181 4723 2296 4777 quo
2329 4705 2476 4760 nihil
2528 4705 2728 4777 utique
2773 4704 3091 4774 aliquando
3141 4707 3395 4774 coeptum
3443 4704 3708 4760 divinum

2058 4794 2237 4850 videri
2265 4796 2392 4864 jure
2451 4794 2655 4866 possit.
2690 4794 2801 4850 Sed
2851 4793 3006 4849 enim
3063 4792 3250 4848 multa
3298 4795 3454 4860 sunt,
3489 4793 3709 4864 quibus

2056 4883 2333 4939 teneritas
2389 4883 2761 4940 conscientia:
2817 4883 3143 4938 obduralur
3200 4882 3258 4936 in
3321 4880 3708 4938 callositatem

2056 4971 2364 5027 voluntarii
2415 4973 2649 5028 erroris.
2708 4971 2932 5042 Ingenii
2991 4987 3168 5026 manu
3211 4969 3427 5027 veritas
3473 4972 3707 5027 obside-

2055 5065 2149 5116 tur
2182 5061 2292 5133 (70)
2319 5078 2332 5127 ;
2365 5066 2422 5117 at
2450 5063 2578 5133 ipsa
2601 5063 2669 5117 de
2703 5077 2810 5117 sua
2831 5060 3043 5115 virtute
3075 5075 3281 5115 secura
3312 5064 3419 5116 est.
3453 5059 3710 5124 Quidni?

2060 5166 2459 5221 quoscumque
2491 5152 2600 5221 (7-1)
2652 5150 2794 5217 vult,
2843 5151 2912 5204 de
2945 5148 3089 5220 ipsis
3137 5149 3485 5207 adversariis
3519 5150 3707 5208 socios

1737 5277 2260 5339 Commentarius.

352 5384 822 5464 (_69)__Ignora‘ntiq
868 5390 1078 5464 erroris
1109 5434 1124 5453 .
1163 5429 1176 5444 .
1215 5430 1226 5443 .
1257 5390 1642 5463 supplendum,
1676 5391 1938 5464 tollatur,

280 5461 380 5510 aut
413 5457 632 5528 aliquid
659 5461 860 5516 simile.
898 5461 1024 5516 Rm.

352 5527 474 5598 (70)
507 5527 747 5600 ’Ingenti
802 5549 970 5588 manu
1028 5532 1230 5588 veritas
1286 5532 1596 5589 obsidetur.
1657 5537 1940 5600 Quoniam

280 5603 612 5676 eapugnari
644 5620 758 5660 non
804 5608 1075 5676 poterant
1122 5603 1439 5676 Christiani
1491 5605 1603 5661 nisi
1638 5609 1940 5664 mendacio

281 5671 720 5746 obruerentur;
766 5671 1069 5733 veritatem
1118 5675 1722 5746 nationesiquautum
1771 5681 1829 5735 in
1879 5696 1941 5735 se

280 5745 412 5797 erat
460 5745 827 5816 premebant,
885 5747 1194 5818 verbisque
1253 5752 1309 5804 et
1338 5745 1651 5808 calumniis
1691 5752 1940 5811 infinitis

2051 5410 2240 5468 causes
2269 5395 2542 5452 sumlicet
2567 5395 2885 5468 deploratae
2905 5393 3447 5468 patrocinabantur.
3477 5397 3704 5453 Veritas

2053 5467 2212 5524 nullo
2248 5469 2364 5525 fere
2395 5467 2734 5525 testimonio
2768 5467 3013 5539 indiget,
3046 5467 3208 5523 nullo
3239 5469 3531 5526 verlorum
3556 5475 3704 5593 etpe-

3551 5556 3608 5610 pl
3643 5555 3696 5594 ιι.

2125 5683 2236 5758 (7i)
2263 5684 2633 5758 Quoscumque.
2671 5685 2729 5741 In
2781 5680 3102 5755 exemplari
3149 5679 3378 5751 legitur,
3431 5681 3704 5746 Quaecun-

2049 5769 2170 5826 que.
2203 5769 2331 5811 tuo.
