4094 6186
475 328 592 388 659

995 330 1526 390 TERTULLIANI
1572 330 1890 390 OPERUM
1940 329 2138 389 ΡΜῐὲ
2185 332 2231 388 I.
2270 364 2339 372 —
2375 329 2645 389 SERIES
2692 333 2738 403 l,
2786 331 3347 392 APOLOGETICA.

3717 335 3818 394 660

469 464 940 533 protectoresque
972 461 1205 517 sibimet
1225 461 1560 531 assumit,et
1589 478 1820 518 omnem
1844 460 2006 517 illam
2028 479 2119 516 cx-
2150 464 2205 529 Α
2234 462 2521 533 sapientia
2570 462 3057 534 philosophorum
3088 463 3221 534 (75),
3254 462 3417 532 cujus
3463 462 3823 520 inﬁrmitatem

467 553 865 622 pugnatorum
891 550 1329 605 multitudinem
1355 550 1464 621 (72)
1486 550 2124 623 prosternit.Adversus

470 639 591 695 haec
613 639 796 711 igitur
843 639 1011 695 nobis
1068 640 1366 711 negotium
1416 644 1523 705 est,
1576 640 1856 695 adversus
1886 640 2122 693 institu-

471 729 662 785 tiones
696 729 1009 800 majorum,
1034 729 1410 784 auctoritates
1429 733 1793 801 receptorum
1827 728 2126 800 (73),leges

471 818 1478 891 dominantium,argumentationes
1496 818 1873 889 prudentium
1895 834 1909 885 ;
1930 818 2125 872 adver-

473 923 579 963 sus
634 912 1026 976 vetustatem,
1086 906 1611 977 consuetudinem,
1670 907 2121 962 necessitatem:

474 997 756 1055 adversus
787 996 1073 1069 exempla,
1105 996 1394 1069 prodigia,
1426 994 1735 1061 miracula,
1768 1012 1893 1067 quae
1927 993 2126 1050 omnia

474 1086 869 1142 adulterinam
920 1086 1098 1143 istam
1154 1084 1521 1141 divinitatem
1581 1085 2122 1140 corroboraverunt.

471 1176 659 1239 Quare
700 1176 1028 1232 secundum
1078 1180 1301 1231 vestros
1345 1173 1818 1241 commentarios,
1871 1190 2020 1245 quos
2057 1189 2126 1228 ex

471 1264 632 1320 omni
659 1265 967 1337 theologiae
989 1280 1199 1337 genere
1230 1264 1491 1336 cepistis,
1516 1264 1766 1335 gradum
1796 1264 2121 1331 conferens,

472 1354 752 1425 quoniam
786 1355 972 1426 major
1002 1358 1061 1409 in
1094 1354 1437 1424 hujusmodi
1467 1370 1644 1426 penes
1673 1370 1775 1408 vos
1806 1354 2124 1407 auctoritas

470 1442 829 1513 litterarum,
863 1461 1038 1516 quam
1072 1460 1266 1499 rerum
1295 1448 1401 1511 est,
1433 1442 1578 1515 elegi
1607 1443 1678 1498 ad
1710 1442 2123 1513 compendium

470 1532 751 1589 Varronis
783 1550 957 1605 opera
986 1534 1117 1604 (74),
1154 1533 1252 1604 qui
1301 1549 1497 1588 rerum
1541 1532 1871 1587 divinarum
1903 1548 1971 1586 ex
2001 1547 2122 1585 om-

472 1622 649 1678 nibus
703 1627 855 1678 retro
913 1622 1158 1694 digestis
1213 1626 1665 1687 commentatus,
1725 1620 2003 1675 idoneum
2063 1637 2125 1675 se

472 1709 643 1767 nobis
675 1728 918 1784 scepum
966 1712 1256 1782 eprsuit.
1302 1711 1469 1765 Hunc
1510 1710 1559 1765 si
1612 1710 1990 1781 interrogem,
2024 1710 2123 1781 qui

471 1798 868 1856 insinuatores
891 1801 1135 1856 deorum
1157 1800 1184 1854 ?
1200 1804 1300 1855 aut
1322 1798 1703 1871 philosophos
1726 1798 1995 1870 designat
2021 1803 2123 1854 aut

472 1889 723 1960 populos
755 1894 857 1944 aut
889 1893 1110 1960 poetas.
1156 1887 1393 1959 Triplici
1443 1887 1599 1942 enim
1639 1902 1851 1961 genere
1879 1887 2121 1942 deorum

476 1994 720 2034 censum
743 1978 1044 2034 distinxit:
1073 1994 1254 2033 unum
1274 1994 1403 2033 esse
1425 1976 1913 2050 pbysicum,quod
1934 1976 2117 2049 philo-

473 2067 644 2140 sophi
661 2072 984 2124 retractant
1007 2084 1019 2134 ;
1040 2067 1197 2123 aliud
1222 2065 1727 2140 mythicum,quod
1751 2066 1904 2121 inter
1922 2074 2118 2137 poetas

470 2157 803 2226 volutetur;
833 2156 1069 2212 tertium
1094 2154 1330 2227 gentile,
1354 2155 1509 2226 quod
1534 2153 1734 2226 populi
1761 2153 1872 2209 sibi
1901 2154 2118 2226 quique

468 2248 915 2319 sdoptaverunt.
976 2246 1160 2318 Igitur
1215 2261 1348 2299 cum
1406 2243 1739 2316 philosOphi
1805 2243 2113 2316 physicum

463 2336 819 2408 conjecturis
847 2334 1275 2400 concinnarint,
1318 2338 1498 2405 poetae
1532 2334 1812 2405 myticum
1842 2333 1912 2388 de
1946 2333 2113 2388 fabu-

459 2425 535 2482 lis
567 2424 872 2490 traxerint,
908 2422 1107 2496 populi
1138 2421 1355 2495 gentile
1405 2420 1558 2477 ultro
1608 2424 2110 2493 prasumpserint,

459 2516 706 2574 ubinam
753 2514 967 2570 veritas
1015 2510 1400 2567 collocanda?
1447 2509 1508 2564 in
1564 2511 1962 2581 conjecturis?
2009 2511 2107 2565 sed

456 2604 682 2660 incerta
712 2602 1011 2673 conceptio
1040 2604 1131 2656 est
1158 2618 1171 2668 ;
1202 2600 1262 2655 in
1295 2599 1556 2654 fabulis?
1595 2599 1695 2654 sed
1727 2599 1876 2653 foeda
1906 2599 2111 2653 relatio

462 2697 595 2759 est;
629 2693 688 2747 in
721 2689 1187 2763 adoptionibus?
1232 2689 1332 2744 sed
1366 2687 1601 2759 passiva
1647 2691 1704 2743 et
1734 2687 2111 2758 municipalis

458 2782 760 2853 adoptatio
792 2785 901 2837 est.
948 2778 1211 2849 Denique
1258 2778 1411 2849 apud
1452 2775 1834 2849 philosophos
1866 2776 2107 2845 incerta,

460 2870 600 2942 quia
628 2869 792 2926 varia
818 2887 831 2937 ;
867 2868 1022 2940 apud
1057 2872 1254 2939 poetas
1285 2865 1485 2921 omnia
1516 2864 1780 2938 indigna,
1814 2866 1957 2936 quia
1984 2871 2111 2921 tur-

458 2962 555 3033 pia
582 2977 596 3029 ;
628 2960 784 3032 apud
813 2956 1061 3030 populos
1092 2955 1327 3028 passiva
1347 2954 1566 3024 omnia,
1594 2956 1731 3026 quia
1759 2955 2106 3010 voluntaria.

457 3054 637 3106 Porro
671 3048 965 3114 divinitas,
997 3046 1049 3102 si
1089 3061 1287 3101 veram
1318 3049 1618 3113 retractes,
1638 3044 1720 3099 ~ea
1768 3044 2108 3100 deﬁnitione

458 3143 570 3210 est,
602 3142 668 3194 ut
696 3136 854 3194 istud
886 3151 1075 3207 neque
1096 3133 1705 3206 argumentationibus
1731 3132 1969 3188 incertis
1991 3134 2109 3189 col-

2232 552 2423 622 prima
2452 552 2572 607 haec
2594 557 2951 607 contestatur
2969 552 3218 607 varietas
3239 550 3587 623 Opinionum,
3615 553 3825 608 veniens

2235 642 2302 696 de
2334 641 2664 712 ignorantia
2692 643 2975 698 veritatis.
3010 642 3149 709 Quis
3181 646 3375 696 autem
3408 641 3625 711 sapiens
3653 658 3831 713 expers

2233 730 2514 797 veritatis,
2550 732 2648 802 qui
2692 732 2880 803 ipsius
2913 730 3210 803 sapientiae
3245 746 3310 784 ac
3361 730 3604 785 veritatis
3634 736 3828 801 patrem

2233 823 2289 873 et
2319 819 2625 874 dominum
2657 821 2829 875 deum
2883 819 3154 892 ignoret?
3189 863 3202 875 .
3242 862 3255 874 .
3293 861 3307 873 .
3344 859 3355 873 .
3392 860 3404 874 .
3440 861 3452 873 .
3484 818 3669 874 divina
3707 818 3833 875 alias

2234 908 2558 963 enuntiatio
2612 909 2940 964 Salomonis
2994 912 3175 978 (Prov.
3210 925 3287 972 1x,
3345 909 3451 975 10;
3501 910 3585 962 Ps.
3618 924 3689 973 x1,
3719 908 3831 978 40):

2234 996 2494 1065 Initium,
2531 998 2743 1069 inquit,
2790 997 3085 1070 sapientiai
3128 1002 3319 1053 metus
3352 998 3407 1052 in
3459 999 3647 1051 Deum.
3678 1000 3832 1051 Porro

2234 1086 2465 1142 timoris
2494 1088 2655 1158 origo
2700 1088 2908 1143 notitia
2946 1093 3035 1142 est
3082 1088 3228 1159 (76);
3276 1086 3408 1157 quis
3454 1087 3604 1141 enim
3632 1085 3837 1140 timebit

2234 1176 2386 1246 quod
2444 1175 2717 1248 ignorat?
2750 1178 2833 1232 Ita
2891 1176 2990 1247 qui
3042 1182 3218 1233 Deum
3275 1174 3553 1241 timuerit,
3601 1174 3837 1230 omnium

2235 1264 2499 1320 notitiam
2533 1272 2589 1321 et
2618 1265 2915 1321 veritatem
2942 1263 3506 1335 assecutus,plenam
3538 1267 3699 1333 atque
3728 1278 3839 1334 per-

2235 1355 2442 1409 fectam
2477 1356 2825 1425 sapientiam
2875 1353 3179 1411 obtinebit.
3223 1354 3339 1409 Hoc
3388 1359 3579 1408 autem
3609 1351 3841 1423 philoso-

2235 1443 2383 1515 phiae
2418 1460 2531 1498 non
2566 1442 2791 1514 liquido
2824 1443 3126 1499 successit.
3178 1442 3335 1499 Licet
3365 1441 3516 1497 enim
3552 1457 3648 1512 per
3671 1440 3841 1494 curio-

2234 1533 2462 1588 sitatem
2496 1533 2845 1588 omnimodas
2868 1532 3204 1588 litteratura:
3236 1530 3623 1603 inspiciendis,
3656 1527 3842 1583 divinis

2235 1638 2466 1694 quoque
2498 1621 2815 1694 Scripturis
2857 1628 2920 1677 ut
2950 1621 3381 1693 antiquioribus
3431 1619 3650 1692 possint
3681 1617 3844 1673 videri

2236 1709 2611 1781 incursasse,
2671 1717 2727 1766 et
2803 1711 2937 1766 inde
2993 1709 3276 1765 nonnulla
3332 1709 3672 1780 dempsisse,
3725 1723 3841 1761 cum

2234 1803 2428 1856 tamen
2463 1802 2573 1871 (77)
2609 1842 2621 1855 .
2659 1842 2673 1856 .
2709 1842 2721 1855 .
2759 1842 2771 1855 .
2805 1843 2817 1855 .
2851 1841 2863 1854 .
2903 1806 3034 1855 ut...
3086 1800 3338 1872 probant
3375 1814 3502 1854 sese
3550 1803 3646 1852 aut
3671 1794 3847 1852 omnia

2232 1889 2562 1961 despexisse
2587 1894 2688 1944 aut
2720 1907 2835 1944 non
2863 1890 3140 1944 omnibus
3167 1930 3179 1944 .
3218 1930 3229 1943 .
3265 1929 3278 1943 .
3317 1930 3331 1942 .
3376 1930 3388 1942 .
3425 1929 3437 1941 .
3473 1891 3613 1941 Nam
3644 1890 3696 1940 et
3721 1883 3846 1940 alias

2230 1978 2488 2034 veritatis
2520 1979 2868 2049 simplicitas
2898 1996 3001 2050 per
3021 1977 3537 2050 scrupulositatem
3564 2017 3575 2030 .
3611 2018 3623 2030 .
3658 2016 3670 2029 .
3704 1973 3847 2029 .ve”

2228 2067 2341 2122 ﬁde
2375 2072 2562 2135 nutat,
2596 2072 2653 2123 et
2681 2067 2761 2123 ita
2789 2068 3097 2123 accedente
3124 2065 3368 2123 libidine
3398 2064 3592 2137 glorise
3632 2064 3699 2119 ad
3731 2078 3838 2134 pio-

2224 2156 2337 2227 prii
2366 2156 2581 2228 ingenii
2616 2174 2791 2229 opera
2840 2163 3119 2225 mutasse,
3149 2172 3251 2228 per
3298 2155 3454 2227 quod
3489 2155 3547 2209 in
3579 2153 3839 2208 incertum

2222 2245 2367 2299 abiit
2396 2245 2566 2300 etiam
2602 2247 2756 2316 quod
2792 2246 3216 2308 invenerant.et
3259 2245 3415 2299 facta
3440 2249 3530 2299 est
3558 2257 3838 2311 argumen-

2221 2335 2509 2389 tationum
2543 2334 2851 2389 inundatio
2899 2335 2969 2389 de
3026 2333 3325 2391 stillicidia
3385 2350 3499 2389 uno
3548 2336 3715 2403 atque
3741 2328 3840 2385 alio

2222 2423 2518 2490 veritatis;
2582 2426 2811 2479 invento
2865 2424 3020 2478 enim
3080 2422 3452 2479 solummodo
3508 2438 3609 2487 eo,
3655 2436 3759 2475 non
3788 2422 3842 2471 ut

2220 2511 2578 2582 invenerant,
2612 2517 3027 2585 exposuerunt,
3064 2516 3127 2567 ut
3158 2512 3227 2567 de
3273 2512 3558 2583 qualitate
3578 2510 3620 2544 ³³
3650 2508 3768 2579 ejus
3796 2509 3845 2561 et

2219 2602 2289 2655 de
2317 2606 2525 2656 natura
2554 2607 2610 2656 et
2627 2602 2751 2672 jam
2779 2602 2850 2657 de
2882 2603 3021 2658 sede
3043 2602 3376 2673 disceptent
3402 2618 3415 2657 :
3451 2597 3715 2673 platonici
3737 2594 3844 2667 qui-

2218 2691 2349 2746 dem
2382 2696 2685 2746 curantem
2709 2708 2903 2746 rerum
2928 2696 2982 2747 et
3012 2691 3299 2746 arbitrum
3332 2696 3390 2747 et
3412 2689 3668 2762 judicem
3693 2683 3842 2756 ;Epi-

2217 2779 2377 2835 curei
2408 2780 2661 2836 otiosum
2684 2784 2741 2836 et
2768 2780 3171 2849 inexercitum,
3191 2784 3266 2849 et,
3301 2783 3369 2834 ut
3388 2779 3474 2835 ita
3502 2777 3844 2841 dixerim,ne-

2219 2868 2435 2924 minem
2461 2886 2474 2937 ;
2510 2870 2768 2941 positum
2793 2886 2923 2925 vero
2945 2874 3107 2925 extra
3128 2869 3444 2935 mundum,
3471 2865 3645 2922 Stoici
3672 2881 3685 2931 ;
3709 2865 3843 2918 intra

2220 2959 2529 3024 mundum,
2562 2958 2868 3015 Platonici.
2887 2960 3069 3024 Quem
3088 2976 3205 3013 non
3226 2958 3463 3029 penitus
3486 2954 3840 3016 admiserant,

2220 3063 2407 3117 neque
2438 3064 2609 3103 nosse
2667 3051 3003 3119 potuerunt,
3060 3063 3248 3117 neque
3300 3048 3529 3116 timere,
3586 3060 3686 3099 nec
3725 3041 3842 3095 inde

2218 3152 2442 3207 sapere,
2475 3136 2869 3191 exorbitantes
2901 3134 3123 3191 scilicet
3149 3137 3222 3190 ab
3254 3135 3427 3191 initio
3460 3130 3764 3206 sapientiae,
3794 3126 3842 3180 id

454 3209 695 3299 ligatur,
722 3239 912 3297 neque
934 3222 1147 3279 fabulis
1168 3221 1432 3293 indignis
1457 3222 2109 3293 contaminetur,neque
2140 3209 2183 3275 C
2223 3230 2331 3292 est,
2365 3230 2522 3279 metu
2552 3226 2611 3279 in
2646 3224 2847 3281 Deum.
2898 3224 3135 3279 Exstant
3184 3223 3529 3280 testimonia
3557 3227 3674 3277 tam
3704 3220 3845 3290 igno-

456 3315 875 3388 adoptionibus
923 3312 1171 3385 passivis
1215 3311 1548 3381 judicetur;
1583 3311 1781 3365 haberi
1811 3312 1968 3366 enim
2001 3312 2100 3367 de-

455 3406 573 3471 bet,
606 3402 759 3459 sicut
789 3407 899 3469 est,
932 3400 1084 3457 588
1118 3405 1293 3469 certa,
1325 3399 1573 3469 integra,
1606 3399 2106 3470 communis,quia

2215 3321 2351 3367 ratis
2385 3331 2560 3384 quam
2588 3314 2868 3368 dubitatis
2900 3313 3052 3368 inter
3101 3312 3491 3386 philosophos
3518 3306 3844 3367 Divinitatis.

2218 3402 2498 3474 Diogenes
2522 3401 2828 3458 consultus
2850 3402 2989 3472 quid
3009 3402 3065 3456 in
3080 3402 3240 3457 caelis
3257 3408 3505 3474 agatur:
3530 3400 3847 3470 Nunquam,

457 3492 682 3550 scilicet
710 3492 999 3548 omnium.
1048 3492 1330 3544 Craterum
1380 3505 1554 3559 quem
1586 3488 1768 3543 Deum
1825 3492 2056 3544 credam
2079 3490 2106 3544 7
2214 3492 2424 3562 inquit,
2460 3492 2718 3547 escendi.
2752 3491 2903 3548 589
2940 3492 3106 3559 Item,
3129 3509 3203 3547 an
3236 3492 3327 3547 dei
3367 3496 3565 3548 essent
3591 3490 3619 3546 τ
3645 3485 3851 3552 Nescio,

460 3597 634 3654 quem
668 3578 924 3651 suspicio
967 3577 1298 3644 aestimavit,
1334 3593 1508 3648 quem
1559 3577 1807 3633 historia
1841 3578 2105 3647 jactavit,

461 3686 639 3743 quem
664 3668 869 3724 civitas
900 3666 1128 3722 voluit?
1160 3666 1409 3738 Dignius
1441 3664 1626 3721 multo
1659 3666 1953 3721 neminem
1988 3684 2109 3722 cre-

462 3761 621 3831 dam,
654 3775 834 3830 quam
881 3756 1274 3812 dubitandum
1322 3759 1425 3810 aut
1471 3755 1811 3827 pudendum
1847 3761 1948 3811 aut
1972 3758 2110 3812 ado-

466 3854 721 3993 “gusti
754 3934 1133 4009 physicorum
1184 3932 1504 3989 auctoritas
1536 3932 2022 4006 philosophorum
2053 3940 2119 3991 ut

2222 3582 2430 3651 inquit,
2493 3580 2604 3635 nisi
2668 3586 2730 3635 ut
2793 3582 2914 3635 sint
2968 3581 3254 3649 expedire.
3316 3580 3543 3637 Thales
3594 3577 3849 3643 Milesius,

2221 3672 2413 3724 Crcsso
2446 3668 2790 3735 sciscitanti,
2840 3669 2980 3740 quid
3032 3670 3102 3723 de
3152 3669 3244 3724 dei
3303 3672 3712 3733 arbitraretur,
3740 3666 3854 3737 post

2222 3758 2446 3829 aliquot
2475 3756 2831 3813 deliberandi
2865 3764 3247 3826 commeatus,
3296 3759 3452 3814 nihil
3499 3754 3851 3814 renuntiavit.

2224 3851 2488 3902 Socrates
2519 3846 2644 3917 ipse
2665 3847 2803 3902 deos
2828 3845 2973 3902 istos
2994 3846 3165 3917 quasi
3196 3852 3397 3903 certus
3424 3847 3690 3920 negabat.
3714 3843 3853 3900 Idem

2225 3935 2555 4007 [Esculapio
2577 3935 2967 4007 gallinaceum
2990 3935 3174 3991 secari
3200 3938 3377 4007 quasi
3400 3942 3599 3993 certus
3614 3920 3851 4007 iubebat.

464 4025 825 4099 mancipium
892 4022 1196 4097 sapientiae
1269 4023 1692 4095 patrocinatur.
1752 4027 1901 4080 Sane
1958 4040 2122 4081 mera
2229 4025 2300 4081 Et
2324 4024 2453 4080 ideo
2476 4040 2609 4079 cum
2632 4028 2748 4081 tam
2778 4022 3444 4083 incertaetinoonstans
3475 4019 3855 4083 deﬁniendide

1895 4199 2098 4260 Variae
2137 4198 2461 4261 lectiones.

528 4356 571 4392 ⁸⁷
601 4357 745 4411 Ηαυ.
772 4351 843 4409 ad
870 4352 1022 4425 Apol.
1057 4352 1128 4408 47
1159 4351 1524 4423 plerumque.
1601 4351 1643 4386 ⁸⁸
1677 4350 1889 4425 Rigalt.
1926 4352 2274 4412 invenerunt
2303 4384 2369 4397 —
2401 4352 2742 4427 qualitatis;
2776 4355 2839 4426 cf
2856 4354 3077 4428 Apolog.
3113 4355 3203 4413 47.

1908 4534 2422 4597 Commentarius.

476 4669 626 4743 pitu,
662 4666 955 4743 _&n106<_6_
981 4670 1149 4743 (1509:
1179 4671 1277 4743 τῆς
1310 4664 1567 4743 ἀλὴθείας
1606 4665 1737 4743 Δἔφυ,
1768 4668 1869 4741 qui
1915 4686 2119 4726 versus
2152 4673 2198 4739 D

478 4739 771 4813 Euripidis
800 4757 868 4796 ea
899 4740 1183 4795 thniss.
1219 4739 1432 4813 citetur
1462 4758 1494 4794 a
1522 4739 1757 4796 Juliano
1788 4739 1939 4813 imp.
1972 4747 2117 4813 orat.

476 4814 533 4880 7,
594 4810 966 4919 subjicitque“
1026 4814 1179 4919 idem
1251 4810 1525 4919 ἐρίθοιιὲ
1600 4810 1955 4886 πιαγράφιάς
2018 4812 2117 4919 vim

480 4904 607 4919 ην...
667 4904 757 4919 -m.
835 4888 1005 4919 ...ηιςς
1081 4902 1144 4919 νη
1246 4894 1429 4919 "Amm.
1528 4886 1691 4919 εἴη-οη.
1764 4903 1891 4919 num
1947 4902 2045 4919 um.
2091 4902 2117 4919 ο

480 4904 611 4960 φησι
667 4880 757 4938 τὸν
848 4880 1005 4951 leua?)
1081 4880 1167 4935 καὶ
1246 4880 1429 4934 ἄδικον
1494 4880 1892 4955 δεῖσθαι,’ῥυ’ω
1947 4880 2119 4940 verba

477 4975 546 5012 ex
586 4957 789 5012 eodem
835 4904 966 5010 ioco
1021 4952 1319 5027 Euripidis
1357 4953 1772 5027 adducuntur.
1828 4958 1921 5013 Sic
1964 4958 2119 5027 apud

477 5029 773 5084 Stohaaum
804 5026 1134 5099 Escbyluﬁs,
1176 5024 1462 5099 Theodor.
1505 5025 1605 5099 lib.
1640 5044 1658 5081 1
1691 5028 1917 5099 Therap.
1952 5024 2118 5084 eam.

475 5107 683 5157 Czesar.
707 5103 851 5154 orat.
880 5100 963 5161 14,
983 5102 1039 5151 et
1060 5097 1293 5150 Simeon
1324 5096 1639 5151 Cancellar.
1665 5104 1789 5153 orat
1840 5096 1888 5152 1Ὕ.
1916 5101 1993 5153 La
2016 5100 2114 5154 Pa.

548 5172 658 5241 (72)
692 5172 1155 5243 iExpugnatOrum
1202 5168 1635 5224 multitudinem.
1688 5170 1747 5243 In
1790 5170 1937 5227 libro
1968 5175 2117 5243 Ago-

474 5240 647 5295 bardi
692 5240 939 5310 legitur:
998 5245 1427 5309 expugnatorem
1472 5242 1907 5298 multitudinem.
1954 5240 2117 5308 Quod

475 5312 708 5367 defendi
742 5328 913 5385 posse
938 5312 1062 5380 jam
1096 5310 1439 5385 monuimus
1477 5312 1725 5385 ad_itlud
1758 5314 2117 5385 Apologetici,

474 5385 706 5468 (ξομ-25
732 5381 753 5436 ;⁷
781 5382 1052 5468 Graeciam
1099 5381 1504 5468 debellatorem.
1538 5383 1631 5438 Sic
1658 5385 1750 5439 hic
1781 5381 1898 5468 tam
1926 5381 2120 5468 t'acilis

475 5452 589 5511 fuit
616 5456 839 5526 lapsus,
874 5458 938 5526 ut
982 5453 1041 5526 in
1072 5452 1232 5523 apice
1284 5453 1505 5507 nullius
1557 5456 1832 5511 momenti
1863 5462 2117 5514 veterem

476 5524 717 5584 manum
746 5525 905 5594 sequi
934 5524 1079 5578 velle
1103 5526 1518 5594 superstitione
1557 5543 1671 5581 non
1704 5534 1915 5583 careat.
1953 5530 2079 5585 RIG.

546 5602 658 5671 (75)
710 5598 1080 5655 Auctoritates
1128 5602 1491 5673 receptoram.
1542 5600 1674 5673 Quae
1716 5599 1842 5669 jam
1892 5602 2118 5673 pridem

475 5668 726 5744 recepta,
785 5684 1106 5725 consensus
1174 5668 1394 5740 publici
1452 5668 1858 5727 auctoritatem
1892 5668 2118 5729 'obten-

475 5743 642 5803 dunt.
677 5744 845 5803 Iesu.

1246 4878 1441 4955 ἄδικονῄ
1474 4878 1892 4955 Ῠδεῖσθαιξᾲιίω
1947 4878 2123 4940 verba.

2303 4671 2415 4741 (74)
2463 4672 2717 4747 Varroni;
2773 4688 2963 4747 opera.
3015 4673 3097 4730 Ne
3154 4674 3535 4747 tergiversari
3594 4677 3856 4739 videatur,

2231 4749 2403 4820 atque
2434 4746 2499 4798 ut
2517 4743 2773 4820 gentiles
2795 4745 3000 4815 quavis
3026 4743 3341 4820 sponsione
3360 4753 3614 4820 premat,
3647 4748 3856 4820 illorum

2230 4816 2591 4893 testimonia,
2622 4820 3006 4893 auctoresque
3054 4816 3208 4893 apud
3255 4816 3502 4877 eosdem
3534 4816 3856 4893 probatissi-

2230 4902 2356 4941 mos
2384 4887 2621 4942 excutit.
2664 4886 2983 4943 Varronem
3036 4886 3257 4947 scilicet
3303 4886 3707 4950 Romanorum
3750 4905 3855 4945 om-

2232 4958 2392 5013 nium
2426 4958 2861 5013 doctissimum.
2898 4960 2974 5014 Ls:
3000 4958 3100 5015 Pa.

2300 5030 2442 5113 (7.5)”
2468 5034 2619 5086 Mero
2664 5032 2936 5113 sapientia
2965 5032 3443 5113 philosophorum
3471 5077 3485 5091 .
3548 5037 3681 5103 Quae
3730 5026 3858 5089 nihil

2229 5100 2651 5175 Christianum,
2682 5100 2829 5155 nihil
2861 5100 3127 5160 divinum
3160 5100 3335 5175 sapit.
3368 5110 3501 5163 Rm.

2302 5173 2413 5247 (76)
2445 5175 2613 5247 Porro
2644 5176 2860 5247 timoris
2901 5177 3073 5247 origo,
3121 5173 3324 5233 notitia
3352 5188 3455 5234 est.
3491 5180 3573 5235 Ex
3604 5176 3685 5233 illi
3712 5173 3855 5229 Salo-

2232 5245 2422 5319 monis
2472 5245 2595 5301 loco
2650 5245 3484 5319 verissimei'argumentatur.
3539 5255 3605 5307 ut
3660 5262 3854 5304 numen

2229 5318 2526 5391 adstruat:
2578 5319 2744 5391 Apud
2796 5318 3043 5387 gentiles
3086 5318 3396 5391 vulgatum
3449 5326 3616 5377 erat:
3656 5321 3855 5375 Primus

2230 5390 2290 5441 in
2320 5390 2607 5463 orbe_Deos
2634 5390 2766 5463 fecit
2795 5391 2963 5463 timor
2995 5434 3006 5445 .
3046 5432 3058 5445 .
3097 5390 3473 5463 .VNullusque
3524 5400 3667 5449 tunc
3695 5392 3853 5447 ferme

2227 5459 2481 5536 eratqui
2510 5476 2623 5514 non
2658 5461 2739 5515 ita
2769 5462 3010 5518 sentiret
3035 5479 3099 5519 ac
3130 5459 3490 5536 loqueretur.
3524 5467 3601 5522 Ls
3631 5466 3729 5519 Pa.

2266 5530 2412 5612 .(77)
2444 5530 2581 5585 Cum
2597 5538 2795 5612 tamen
2827 5574 2840 5588 .
2878 5575 2891 5588 .
2930 5576 2941 5587 .
2980 5576 2995 5592 .
3032 5575 3045 5589 .
3078 5530 3311 5612 Lacuna
3339 5535 3443 5612 illa
3474 5537 3561 5592 sic
3590 5532 3852 5612 explenda

2227 5602 2495 5681 videt_ur_:
2528 5625 2555 5651 «
2589 5606 2728 5681 Cum
2762 5609 2958 5661 tamen
3008 5609 3277 5677 credunt,
3315 5609 3574 5681 probant
3615 5602 3740 5665 sese
3766 5608 3853 5661 aut

2228 5673 2425 5800 pmnia
2455 5674 2805 5748 despexisse,
2836 5683 2940 5735 aut
2986 5696 3103 5736 non
3141 5673 3416 5740 omnibus
3467 5681 3799 5739 credidisse.
3825 5695 3850 5725 ιι

2257 5761 2396 5800 nam.

2257 5761 2396 5804 DEM.
