4094 6186
279 299 387 358 661

1492 303 1594 359 AD
1644 300 2064 360 NATIONES.
2102 334 2174 342 —-
2211 300 2351 358 LIB.
2401 301 2476 358 ll.

3570 299 3686 359 662

268 429 384 484 Deo
415 427 794 501 philosophia
826 430 1305 502 deprehenditur,
1334 447 1502 502 quem
1525 431 1748 503 potuit.
1779 475 1791 486 .
1830 473 1841 486 .
1881 471 1916 486 ..
1947 434 2000 500 Α
2032 446 2223 502 neque
2241 430 2415 485 finem
2437 429 2528 485 sui
2551 429 2772 500 patitur
2797 428 3368 501 :quomodoquidam
3386 429 3686 500 assignant

265 535 326 573 re
357 519 509 588 ejus,
546 536 719 590 quem
751 536 864 575 non
895 519 1115 589 liquido
1186 521 1420 576 tenebat
1476 521 1867 576 determinare
1896 520 1919 575 ?

265 609 339 663 De
373 609 604 664 mundo
638 651 650 663 .
687 651 698 662 .
738 651 750 663 .
783 647 799 664 .
864 610 1140 675 dicimus,
1173 615 1337 664 Hunc
1397 611 1551 665 enim
1614 611 1919 682 physicum

277 696 589 768 theologiee
620 715 805 769 genus
838 705 1152 771 coguntzq
1189 740 1200 754 .
1239 743 1251 755 .
1289 742 1302 754 .
1346 741 1356 756 .
1402 742 1414 754 .
1453 706 1508 754 ta
1537 700 1677 754 deos
1733 701 1918 754 tradi-

259 785 494 854 derunt,
531 791 595 841 ut
637 787 947 859 Dionysius
1005 788 1227 844 stoicus
1270 787 1551 843 trifariam
1608 789 1744 842 deos
1776 787 1920 842 divi-

257 874 380 940 dat,
419 892 620 946 unam,
655 877 780 931 vult
812 877 1090 948 speciem,
1125 896 1248 948 quae
1288 877 1346 931 in
1382 881 1657 948 promptu
1693 877 1790 940 sit,
1831 881 1913 944 ut,

253 963 465 1030 solem,
500 964 738 1019 lunam.
769 1005 781 1020 .
811 1007 823 1019 .
855 1009 866 1021 .
904 1008 917 1021 .
951 967 1149 1021 aliam.
1185 984 1313 1038 quas
1355 984 1467 1021 non
1502 970 1920 1037 compareatut

253 1052 621 1125 Neptunum,
655 1055 960 1125 reliquam,
997 1073 1123 1126 quae
1167 1057 1236 1110 de
1270 1056 1607 1110 hominibus
1641 1056 1708 1109 ad
1772 1053 1915 1108 divi-

251 1141 508 1197 nitatem
542 1143 832 1198 transisse
863 1143 1096 1212 dicitur,
1133 1148 1196 1199 ut
1252 1143 1578 1214 Herculem,
1631 1144 1915 1215 Amphia-

251 1245 444 1285 reum.
469 1231 649 1302 Eque
678 1231 1011 1286 Arcesilaus
1043 1231 1260 1286 trinam
1294 1232 1540 1287 formam
1589 1230 1912 1285 divinitatis

247 1318 434 1386 ducit,
471 1320 794 1392 Olympios,
829 1324 1020 1387 Astra,
1055 1320 1362 1388 Titaneos;
1397 1321 1466 1375 de
1492 1319 1645 1376 Caelo
1678 1325 1732 1374 et
1766 1321 1909 1374 Ter-

245 1425 334 1472 ra,
370 1425 442 1463 ex
475 1408 588 1477 his,
621 1409 872 1465 Saturno
903 1414 957 1464 et
993 1414 1132 1480 Ope,
1194 1409 1552 1481 Neptunum,
1610 1409 1807 1464 Jovem
1858 1413 1914 1463 et

246 1497 469 1553 Orcum
513 1503 570 1553 et
599 1502 868 1553 crateram
902 1499 1359 1554 successionem.
1385 1498 1737 1553 Xenocrates
1768 1500 1910 1552 Aca-

252 1587 530 1641 demicus
565 1587 835 1642 bifariam
868 1588 1006 1642 facit
1038 1587 1334 1659 Olympios
1393 1592 1449 1642 et
1483 1587 1767 1655 Titanios,
1810 1589 1910 1658 qui

248 1677 323 1731 de
357 1676 519 1731 Caelo
551 1680 609 1730 et
667 1677 863 1732 Terra.
904 1677 1307 1749 Egyptiorum
1357 1676 1618 1748 plerique
1661 1682 1912 1748 quatuor

245 1767 394 1820 deos
425 1766 694 1831 credunt,
729 1765 921 1821 Solem
953 1771 1008 1820 et
1037 1771 1280 1835 Lunam,
1317 1765 1535 1820 leum
1569 1767 1906 1821 acTerram.

241 1856 397 1907 Cum
430 1852 655 1924 reliquo
677 1853 799 1925 igni
833 1870 1090 1925 superno
1136 1855 1272 1909 deos
1331 1858 1486 1908 ortos
1545 1854 1906 1910 Democritus

2033 518 2362 585 elementis,
2398 536 2526 591 quae
2557 520 2695 574 deos
2750 519 2972 587 volunt,
3035 518 3493 591 generationem,
3549 535 3682 574 cum

2031 610 2195 665 stoici
2231 615 2442 678 negent
2471 609 2784 680 quicquam
2818 609 2930 663 Deo
2956 608 3158 663 nasci?
3193 610 3355 676 Item,
3391 608 3680 680 quomodo

2028 698 2251 768 volunt,
2278 716 2425 770 quos
2450 700 2519 753 de
2539 699 2845 753 elementis
2870 703 3039 753 natos
3065 698 3433 765 ferunt,deos
3456 697 3678 765 haberi,

2033 804 2165 842 cum
2202 789 2386 843 Deum
2421 792 2630 858 negent
2664 787 2826 843 nasci
2850 788 2877 842 ?
2908 789 3107 860 Itaque
3129 788 3278 857 quod
3314 787 3517 842 mundi
3550 787 3678 854 erit,

2029 876 2138 931 hoc
2166 876 2473 932 elementis
2506 878 2850 946 ascribetur,
2905 877 3044 934 coelo
3103 878 3230 932 dico
3289 881 3345 932 et
3400 881 3565 931 terrae
3624 879 3681 932 et

2029 966 2324 1021 sideribus
2344 972 2399 1022 et
2417 966 2557 1037 igni,
2577 984 2703 1037 quze
2719 968 2855 1022 deos
2869 971 2924 1021 et
2945 969 3186 1022 deorum
3202 969 3473 1038 parentes
3487 966 3680 1020 adver-

2027 1072 2128 1110 sus
2163 1060 2430 1125 negatam
2455 1055 2892 1126 generationem
2925 1055 3022 1111 Dei
3056 1060 3112 1110 et
3143 1055 3505 1110 nativitatem
3556 1054 3677 1108 fru-

2025 1148 2146 1200 stra
2177 1145 2331 1199 credi
2365 1144 2671 1216 proposuit
2702 1144 2898 1200 Varro.
2925 1145 2991 1198 Et
3013 1145 3112 1214 qui
3133 1143 3680 1200 Varroindicaverat

2023 1231 2303 1287 animalia
2334 1248 2461 1286 esse
2489 1230 2696 1286 cmlum
2723 1235 2779 1286 et
2803 1236 2979 1287 astra.
3004 1232 3164 1295 Quod
3185 1233 3232 1287 si
3257 1232 3336 1285 ita
3357 1235 3464 1298 est,
3498 1230 3674 1287 etiam

2025 1319 2294 1374 mortalia
2325 1321 2440 1374 sint
2464 1336 2666 1375 ncesse
2695 1325 2803 1390 est,
2836 1320 3160 1375 secundum
3218 1319 3496 1376 animalis
3557 1319 3670 1375 for-

2022 1425 2213 1475 mam;
2251 1426 2386 1462 nam
2418 1410 2528 1463 etsi
2564 1408 2958 1464 immortalem
2993 1413 3224 1464 constat
3245 1410 3525 1474 animam,
3559 1409 3672 1480 ipsi

2018 1498 2125 1553 hoc
2157 1497 2264 1552 soli
2293 1497 2510 1568 licebit,
2548 1515 2666 1552 non
2698 1499 2874 1553 etiam
2906 1498 2993 1552 illi
3014 1498 3106 1553 cui
3131 1499 3481 1568 adnectitur,
3507 1498 3563 1552 id
3584 1501 3672 1552 est

2019 1586 2264 1658 corpori.
2301 1588 2480 1642 Nemo
2515 1593 2713 1644 autem
2751 1588 2989 1659 negabit
3021 1588 3267 1643 mortale
3299 1605 3511 1659 corpus
3542 1604 3669 1644 esse

2019 1693 2154 1731 cum
2187 1680 2242 1731 et
2264 1676 2675 1748 contingamus
2701 1681 2837 1732 eaet
2868 1677 3281 1749 contingamur
3302 1677 3489 1743 abeis,
3513 1680 3670 1732 certa

2019 1782 2261 1837 corpora
2291 1782 2359 1821 ex
2389 1766 2504 1820 illis
2532 1766 2797 1821 decidere
2815 1767 3140 1821 videamus.
3164 1766 3306 1839 Ergo
3322 1765 3668 1822 sianimalia

2018 1856 2284 1925 deposita
2315 1855 2538 1910 ratione
2569 1855 2800 1919 animre,
2851 1873 2965 1926 qua
3015 1873 3326 1926 corporum
3386 1855 3664 1921 conditio,

242 1943 612 2014 suspicatur,
637 1944 808 2014 cujus
834 1943 1022 1998 instar
1053 1943 1172 1997 vult
1221 1960 1349 1998 esse
1403 1947 1671 1998 naturam
1732 1945 1904 2000 Zeno.
1941 1977 1987 2041 Β
2017 1944 2306 2014 mortalia,
2340 1962 2454 2000 non
2489 1945 2711 2016 utique,
2746 1945 2825 2000 dii
2849 1945 3153 2000 elementa.
3197 1947 3471 2001 Ettamen
3509 1945 3666 2000 unde

249 2032 422 2087 Unde
456 2037 516 2087 et
544 2036 728 2088 Varro
763 2033 958 2104 ignem
993 2034 1196 2088 mundi
1223 2031 1488 2088 animum
1522 2032 1676 2102 facit,
1721 2039 1781 2087 ut
1814 2050 1909 2103 pe-

261 2122 440 2176 rinde
473 2122 531 2175 in
565 2122 786 2177 mundo
819 2121 972 2193 ignis
1002 2122 1201 2177 omnia
1249 2123 1556 2194 gubernet,
1606 2122 1761 2177 sicut
1790 2121 1919 2176 ani-

270 2227 413 2265 mus
443 2210 505 2264 in
549 2211 738 2266 nobis.
789 2210 965 2281 Atqui
1028 2212 1365 2266 vanissime.
1414 2217 1560 2266 Nam
1620 2228 1751 2266 cum
1811 2216 1918 2267 est.

266 2300 489 2369 inquit,
521 2299 577 2352 in
612 2300 804 2368 nobis,
856 2299 966 2371 ipsi
999 2316 1246 2367 sumus;
1300 2317 1432 2354 cum
1483 2299 1655 2354 exivit
1713 2299 1922 2353 emori-

265 2405 430 2442 mur.
465 2389 612 2458 Ergo
634 2393 690 2444 et
721 2388 874 2460 ignis
906 2405 1036 2444 cum
1059 2389 1128 2443 de
1154 2389 1374 2443 mundo
1405 2405 1508 2460 per
1540 2387 1770 2460 fulgura
1790 2405 1922 2459 pro-

268 2477 590 2546 ﬁciscitur,
624 2479 884 2532 mundus
914 2478 1216 2532 emoritur.

337 2567 397 2620 3.
437 2567 535 2620 llis
567 2569 650 2621 ita
681 2566 1114 2636 eXpeditie(78),
1141 2565 1407 2620 videmus
1433 2565 1741 2638 physicum
1768 2566 1923 2621 istud

265 2655 340 2710 ad
379 2655 489 2710 hoc
519 2655 929 2725 subornatum,
962 2659 1024 2709 ut
1056 2655 1193 2710 deos
1248 2654 1535 2709 elementa
1593 2655 1926 2719 contendat,

265 2760 408 2798 cum
431 2743 528 2798 his
559 2744 737 2799 etiam
770 2744 914 2799 alios
945 2744 1082 2799 deos
1117 2748 1284 2798 natos
1324 2742 1536 2814 alleget
1569 2759 1581 2798 :
1617 2742 1715 2797 Dei
1773 2743 1928 2798 enim

268 2832 515 2888 nonnisi
543 2833 614 2888 de
662 2833 788 2889 deis
821 2837 1217 2889 nascerentar.
1244 2834 1398 2898 Quos
1416 2833 1695 2903 quoniam
1728 2833 1785 2885 in
1815 2849 1932 2901 my-

288 2922 453 2977 thico
486 2923 638 2993 apud
673 2927 872 2992 poetas
903 2921 1136 2994 plenius
1166 2939 1269 2976 suo
1298 2921 1422 2977 loco
1441 2921 1928 2988 examinabimue,

274 3015 478 3065 tamen
497 3011 650 3082 quod
672 3011 899 3083 deipsis
919 3010 1152 3066 interim
1174 3011 1610 3065 retractandum
1634 3015 1750 3076 est;
1778 3010 1931 3080 quod

283 3100 362 3153 ad
391 3105 734 3170 praesentem
768 3100 1023 3172 speciem
1057 3100 1209 3168 facit,
1245 3098 1424 3155 simul
1457 3103 1513 3153 et
1551 3100 1620 3153 de
1663 3097 1934 3170 prmeenti

271 3187 477 3259 specie
508 3188 578 3241 ad
613 3188 795 3260 ipsos.
832 3230 844 3243 .
883 3230 895 3243 .
933 3232 944 3244 .
982 3229 995 3242 .
1030 3206 1101 3242 an
1153 3188 1447 3243 ostensuri
1504 3204 1734 3256 sumus,
1795 3188 1934 3242 deos

276 3275 444 3331 nullo
481 3277 650 3331 modo
709 3277 893 3334 videri
950 3294 1122 3349 posse
1178 3277 1280 3348 qui
1331 3278 1400 3332 de
1454 3275 1758 3332 elementis
1814 3275 1937 3331 nati

283 3365 594 3432 dicuntur,
629 3370 692 3420 ut
724 3367 851 3436 jam
884 3367 1021 3422 hinc
1053 3367 1501 3438 praeiudicatum
1536 3366 1631 3435 sit,
1664 3367 1802 3420 deos
1821 3364 1935 3420 ele-

271 3458 481 3508 menta
513 3471 628 3508 non
663 3470 812 3519 esse,
847 3472 982 3510 cum
1017 3455 1116 3526 qui
1149 3456 1218 3510 de
1249 3454 1554 3510 elementis
1587 3454 1704 3509 nati
1729 3455 1935 3509 dicun-

2025 2034 2426 2105 animalia(79)
2457 2034 2702 2090 Varroni
2726 2035 2996 2089 videntur
3017 2033 3351 2090 elementa?
3377 2034 3668 2099 Quonima

2030 2127 2350 2178 moventur.
2379 2128 2460 2178 Ac
2490 2140 2561 2179 ne
2590 2141 2657 2179 ex
2687 2124 2912 2180 diverso
2938 2128 3316 2195 proponatur,
3340 2123 3526 2178 multa
3556 2123 3672 2180 alia

2031 2215 2270 2284 moveri,
2305 2219 2368 2269 ut
2390 2220 2565 2281 rotas,
2601 2221 2663 2269 ut
2695 2215 2976 2286 plaustra,
3007 2219 3070 2270 ut
3099 2215 3404 2270 machinas
3436 2219 3674 2271 caeteras

2033 2303 2186 2358 ultro
2219 2303 2495 2374 praevenit
2515 2304 2738 2371 dicens,
2769 2321 2834 2360 eo
2891 2303 3172 2359 animalia
3223 2304 3466 2370 credita,
3522 2306 3678 2375 quod

2034 2410 2137 2464 per
2167 2393 2485 2465 semetipsa
2505 2400 2894 2458 moverentur,
2930 2393 3088 2448 nullo
3106 2394 3468 2449 extrinsecus
3499 2411 3686 2464 appa-

2036 2487 2196 2537 rente
2230 2486 2513 2537 motatore
2544 2498 2744 2537 eorum
2781 2486 2881 2536 aut
2913 2482 3221 2552 minatore,
3257 2482 3406 2538 sicut
3451 2486 3688 2554 apparet

2037 2571 2337 2642 quirotam
2371 2569 3039 2641 compellit,etplaustra
3053 2571 3323 2637 volvit,et
3347 2570 3684 2626 machinam

2038 2663 2347 2730 temperat.
2384 2659 2567 2731 Igitur
2596 2659 2710 2715 nisi
2742 2659 3039 2727 animalia,
3076 2677 3190 2715 non
3206 2660 3446 2716 mobilia
3478 2678 3578 2732 per
3600 2677 3687 2716 se.

2039 2750 2216 2805 Porro
2250 2749 2533 2822 allegans,
2567 2749 2707 2821 quid
2743 2765 2858 2804 non
2891 2754 3189 2822 appareat,
3233 2750 3492 2805 ostendit
3551 2750 3690 2820 quid

2041 2838 2320 2908 quaesisse
2349 2839 2650 2907 debuerat,
2684 2836 2894 2909 idlest,
2956 2839 3238 2894 artificem
3291 2843 3346 2894 et
3405 2839 3691 2894 arbitrum

2043 2931 2272 2993 motus;
2307 2926 2666 2997 nequeenim
2699 2926 2896 2982 statim
2930 2945 3044 2982 non
3077 2932 3183 2994 est,
3213 2927 3388 2999 quod,
3414 2928 3553 2999 quia
3574 2944 3690 2983 non

2041 3016 2334 3084 videmus,
2368 3033 2482 3071 non
2516 3015 2811 3071 credimus
2836 3033 2983 3071 esse.
3021 3017 3142 3072 Imo
3161 3034 3226 3072 eo
3254 3017 3690 3072 altiusinvesti-

2044 3105 2304 3176 gandum
2333 3108 2443 3171 est,
2477 3105 2630 3175 quod
2664 3122 2779 3160 non
2809 3106 3097 3173 videatur,
3131 3111 3193 3161 ut
3233 3107 3388 3178 quod
3427 3105 3693 3162 videatur

2045 3192 2216 3264 quale
2248 3193 2323 3249 sit
2353 3194 2501 3249 scire
2524 3194 2843 3265 possimus.
2877 3195 3153 3267 Alioquin
3212 3195 3261 3251 si
3321 3199 3555 3251 tantum
3605 3212 3693 3262 ea,

2047 3299 2175 3354 quae
2210 3286 2569 3353 comparent,
2605 3283 2696 3338 dei
2727 3299 2856 3338 esse
2888 3284 3227 3351 creduntur,
3281 3285 3420 3355 quia
3466 3301 3698 3356 compa-

2048 3372 2518 3443 rent,quomodo
2544 3371 2684 3426 deos
2714 3371 2888 3428 etiam
2949 3388 3048 3428 eos
3105 3373 3365 3445 recipitis
3425 3373 3526 3446 qui
3583 3391 3697 3429 non

2050 3460 2439 3531 comparent?
2466 3460 2522 3514 Si
2555 3465 2752 3515 autem
2803 3461 3072 3516 videntur
3099 3478 3228 3516 esse
3259 3461 3360 3532 qui
3391 3479 3506 3517 non
3539 3466 3697 3530 sunt,

671 3508 680 3509 ί
705 3508 714 3509 ί
771 3508 811 3519 τι
856 3508 902 3510 -τ
973 3508 980 3509 ί
1035 3508 1074 3526 ι⁷
1161 3508 1210 3510 νν
1317 3508 1324 3510 -
1413 3508 1422 3509 ί
1539 3508 1549 3510 -
1673 3508 1681 3509 ί
1743 3508 1746 3509 ν
1837 3508 1842 3509 ν
2054 3508 2388 3531 νν---ι-ν--ν---
2419 3508 2430 3514 ν
2466 3508 2522 3514 ~-
2557 3508 2752 3515 ---'--
2815 3508 3062 3516 '--'----
3101 3508 3227 3516 ν--ν
3261 3508 3360 3532 Ἰν·-
3391 3508 3506 3517 κν-
3539 3508 3697 3530 *νη-’γ

268 3549 396 3607 tur,
432 3544 530 3597 Dei
561 3560 675 3598 non
710 3549 878 3600 sunt:
907 3560 1068 3615 aeque
1098 3545 1580 3610 demonstrando,
1639 3549 1765 3598 orta
1795 3545 1935 3599 deos
1967 3508 2009 3574 Ο
2049 3567 2152 3604 cur
2184 3566 2294 3604 non
2328 3548 2447 3604 sint
2477 3553 2533 3604 et
2564 3549 2663 3620 qui
2696 3567 2811 3605 non
2842 3550 3162 3606 videntur?
3197 3552 3535 3608 Motatorem
3568 3552 3697 3606 dico

269 3633 639 3699 nonesse,ad
664 3632 823 3688 illam
847 3637 1194 3705 agnatorum
1226 3633 1483 3703 speciem
1508 3637 1934 3702 praestrucmus

269 3728 435 3778 recte
458 3739 576 3777 non
607 3739 735 3779 esse
768 3724 1027 3791 defendi,
1070 3740 1321 3795 quorum
1384 3727 1674 3794 parentes,
1735 3725 1789 3778 id
1848 3728 1938 3779 est

270 3811 570 3867 elementa
601 3811 693 3866 dei
722 3830 837 3868 non
871 3816 1030 3867 sunt.
1064 3813 1311 3877 Scitum,
1343 3812 1515 3866 deum
1550 3828 1578 3866 e
1620 3813 1724 3867 deo
1750 3812 1932 3880 nasci,

274 3901 788 3972 quemadmodum
819 3903 890 3958 de
922 3919 1035 3958 non
1069 3901 1175 3957 deo
1207 3918 1322 3956 non
1353 3902 1547 3958 deum.
1572 3903 1750 3974 Igitur
1780 3902 1933 3973 quod

277 3989 579 4045 elementa
607 3990 904 4047 contineat
924 3991 1185 4046 mundus
1203 3990 1336 4058 iste,
1361 3990 1935 4046 utsummalitertra-

279 4084 436 4134 ctem
458 4079 532 4134 de
568 4079 969 4150 universitate,
988 4080 1255 4152 partibus
1281 4079 1409 4149 ejus
1431 4079 1932 4151 praeministrans;

279 4184 422 4223 nam
455 4185 583 4240 quae
618 4169 873 4224 conditio
895 4170 1046 4240 ejus,
1081 4169 1284 4224 eadem
1319 4169 1524 4239 utique
1563 4169 1674 4223 erit
1704 4172 1761 4223 et
1817 4167 1936 4223 ele-

279 4262 617 4313 mentorum
648 4262 706 4313 et
735 4258 1158 4326 membrorum,
1183 4261 1284 4314 aut
1303 4257 1376 4313 ab
1406 4257 1602 4329 aliquo
1629 4257 1936 4313 institutus

279 4347 328 4402 si
363 4363 605 4403 necesse
635 4351 743 4414 est,
767 4365 880 4419 qua
908 4346 1168 4403 Platonis
1204 4347 1564 4417 humanitas,
1590 4350 1690 4401 aut
1712 4364 1743 4402 a
1775 4346 1936 4401 nullo

279 4452 401 4508 qua
431 4435 668 4508 Epicuri
691 4437 930 4493 duritia.
966 4437 1035 4491 Et
1080 4436 1128 4492 si
1187 4435 1462 4490 instistus
1518 4439 1626 4503 est,
1669 4435 1937 4490 habendo

277 4524 539 4593 initium,
576 4525 817 4580 habebit
849 4529 904 4580 at
934 4525 1135 4593 finem,
1161 4524 1241 4579 ita
1273 4525 1426 4594 quod
1459 4523 1776 4595 aliquando
1825 4541 1939 4579 non
1981 4559 1986 4562 ~

278 4613 540 4668 fuitante
559 4614 817 4682 initium;
844 4618 900 4670 et
920 4615 1277 4685 quandoque
1301 4630 1416 4668 non
1431 4612 1540 4668 erit
1565 4617 1696 4683 post
1717 4613 1892 4668 linem
1922 4630 1936 4669 :

281 4719 401 4756 non
427 4702 582 4773 capit
603 4702 804 4774 utique
828 4703 1008 4758 videri
1032 4703 1178 4758 deus
1201 4719 1404 4757 carens
1431 4701 1763 4757 substantia
1787 4701 1939 4757 590

286 4791 706 4859 divinitatis,id
732 4795 819 4847 est
850 4793 1191 4861 aeternitate,
1226 4809 1384 4864 queas
1417 4792 1512 4847 ine
1541 4791 1706 4846 initio
1739 4796 1795 4846 et
1826 4792 1940 4847 ﬁne

2046 3637 2371 3692 ccelestium
2395 3655 2612 3693 rerum.
2640 3639 2912 3711 Sintergo
2935 3643 2992 3694 et
3015 3639 3313 3709 animalia,
3348 3640 3488 3710 quia
3509 3639 3698 3696 mobi-

2047 3727 2124 3781 lia
2156 3744 2256 3798 per
2287 3744 2369 3794 se,
2403 3728 2575 3782 etiam
2623 3727 2865 3782 mobilia
2921 3746 3025 3799 per
3071 3745 3154 3795 se,
3231 3731 3371 3801 quia
3419 3747 3536 3786 non
3594 3746 3696 3800 per

2045 3816 2225 3871 alium
2261 3833 2274 3884 ;
2307 3821 2504 3871 tamen
2540 3816 2638 3871 illa
2669 3834 2785 3872 non
2817 3818 3015 3872 statim
3049 3818 3170 3885 Dei,
3214 3819 3352 3890 quia
3390 3817 3691 3887 animalia,

2045 3904 2128 3959 ita
2154 3921 2256 3960 nec
2289 3906 2438 3972 ideo,
2462 3907 2597 3976 quia
2628 3923 2731 3977 per
2760 3922 2820 3961 se
2865 3906 3143 3976 mobilia;
3177 3911 3280 3963 aut
3338 3908 3478 3978 quid
3534 3910 3694 3964 vetat

2047 3995 2634 4064 universaanimalia,
2673 4001 2735 4051 ut
2765 3997 3003 4052 mobilia
3037 4013 3137 4068 per
3176 4014 3258 4066 se,
3315 3998 3453 4053 deos
3510 3999 3692 4055 habe-

2046 4083 2141 4138 ri?
2176 4124 2187 4138 .
2219 4126 2230 4138 .
2269 4126 2282 4140 .
2323 4125 2335 4138 .
2366 4083 2445 4139 lia
2476 4101 2616 4139 sane
2649 4086 2906 4140 vanitate
2935 4086 3220 4158 Egyptiis
3250 4085 3405 4141 licet.

2118 4173 2169 4226 4.
2201 4172 2382 4227 Aiunt
2403 4173 2644 4243 quidam
2677 4179 2983 4246 propterea
3002 4175 3140 4230 deos
3157 4174 3692 4246 fuisseappellatos,

2048 4262 2203 4333 quod
2229 4261 2362 4323 etsw
2398 4265 2454 4318 et
2485 4261 2736 4332 σείεσθαι,
2768 4278 3106 4332 procurrere
3138 4280 3203 4318 ac
3263 4263 3472 4318 motari
3524 4262 3701 4318 inter-

2048 4351 2296 4423 pretatio
2328 4354 2431 4406 est.
2467 4352 2616 4406 Sane
2641 4353 2991 4406 vocabulum
3016 4353 3177 4407 istud
3203 4369 3317 4408 non
3344 4350 3699 4422 estalicujue

2049 4438 2417 4508 majestatis;
2451 4456 2484 4494 a
2515 4456 2692 4494 cursu
2727 4440 2883 4494 enim
2917 4443 2973 4494 et
2995 4444 3180 4508 motu,
3215 4458 3332 4495 non
3365 4441 3435 4496 ab
3488 4440 3701 4495 divini-

2048 4528 2189 4584 tatis
2222 4528 2694 4584 denominatione
2716 4529 3033 4585 formatum
3066 4535 3173 4585 est.
3201 4530 3310 4585 Sed
3343 4546 3474 4584 cum
3519 4529 3697 4585 etiam

2048 4617 2146 4672 ille
2177 4634 2332 4672 unus
2364 4618 2516 4673 Deus
2547 4634 2720 4688 quem
2746 4618 3017 4690 colimus,
3052 4619 3168 4681 θεὸς
3227 4619 3693 4691 cognominatur.

2050 4723 2151 4761 nec
2184 4711 2376 4761 tamen
2409 4711 2508 4761 aut
2535 4711 2728 4762 motus
2762 4707 2918 4763 ullus
2948 4713 3049 4763 aut
3091 4725 3300 4764 cursus
3340 4710 3468 4779 ejus
3511 4725 3698 4780 appa-

2051 4799 2192 4864 reat,
2227 4795 2327 4866 qui
2360 4812 2464 4849 nec
2496 4795 2744 4852 visibilis
2802 4798 3077 4868 cuiquam
3110 4799 3203 4868 sit,
3239 4797 3430 4870 palam
3462 4803 3572 4865 est,
3633 4801 3697 4853 ut

279 4886 576 4936 censetur.
613 4880 672 4935 Si
703 4897 835 4936 vero
867 4880 1178 4936 institutus
1200 4881 1441 4936 omnino
1464 4897 1578 4936 non
1607 4885 1695 4935 est
1715 4897 1781 4935 ac
1807 4897 1936 4952 pro-
1967 4884 2013 4946 D
2046 4884 2396 4940 vocabulum
2426 4885 2584 4939 istud
2621 4927 2634 4940 .
2674 4928 2686 4939 .
2723 4926 2735 4939 .
2765 4926 2778 4940 .
2812 4925 2824 4939 .
2861 4887 3692 4958 ..sumptumpropriumquc,

278 4975 482 5041 pterea
511 4971 658 5026 deus
688 4970 1018 5042 habendus,
1046 4971 1203 5042 quod
1219 4974 1283 5027 ut
1305 4975 1456 5028 Deus
1482 4986 1670 5041 neque
1696 4969 1931 5026 initium

2045 4972 2182 5042 quia
2215 4987 2275 5027 se
2316 4971 2600 5042 nativum,
2634 4975 2782 5031 591
2823 4975 3149 5031 divinitatis
3198 4975 3498 5032 inventum
3532 5017 3546 5032 .
3579 5016 3592 5030 .
3629 5015 3645 5033 .
3680 5016 3694 5034 .

1725 5189 2252 5253 Commentarius.

354 5365 467 5439 (78)
503 5366 596 5420 His
629 5367 710 5422 ita
740 5367 1031 5439 expeditis.
1087 5367 1225 5421 Post
1251 5366 1483 5439 turbam
1529 5365 1688 5421 illam
1745 5366 1936 5437 philo-

280 5437 637 5508 sophorum,
671 5439 769 5509 qui
800 5437 870 5494 de
906 5440 1016 5494 Deo
1049 5441 1152 5493 aut
1181 5437 1435 5508 pessime
1467 5443 1931 5504 senserunt,aut,

277 5511 424 5564 deos
464 5509 727 5566 ommino
757 5511 1146 5577 sustulerunt,
1177 5509 1559 5565 validissimis
1608 5511 1932 5565 rationibus

277 5585 509 5707 pugnat
538 5598 606 5636 ex
636 5581 765 5653 ipsa
795 5600 856 5638 re
885 5584 956 5667 de
987 5599 1103 5653 qua
1123 5586 1247 5664 erat
1273 5582 1537 5651 quaestio,
1572 5583 1640 5664 de
1665 5587 1792 5637 ortu
1817 5581 1930 5638 sci-

304 5657 421 5707 icet
478 5653 745 5707 deorum.
799 5655 868 5707 de
923 5652 1387 5707 immortalitate.
1455 5659 1763 5707 creatione.
1816 5660 1925 5707 etc.

304 5670 319 5706 l

279 5652 431 5780 licet)
478 5652 745 5723 deorum,
799 5655 868 5710 de
923 5652 1387 5722 immortalitate,
1455 5654 1763 5724 creatione,
1816 5660 1925 5710 etc.

327 5741 360 5780 Β
438 5739 494 5778 a.

327 5741 360 5780 Β
395 5739 494 5778 PR.

2075 5438 2085 5448 .
2117 5367 2231 5448 (79)
2256 5362 2532 5448 Ettafnen
2562 5369 2707 5448 unde
2737 5372 3024 5448 an_z'ma_t_z'a.
3059 5375 3380 5448 Varronem
3432 5373 3545 5430 huc
3610 5377 3696 5448 at-

2046 5440 2220 5510 tingit
2251 5440 2346 5510 qui
2380 5441 2668 5516 elementa
2711 5443 3002 5516 animalia
3062 5444 3361 5516 docuerat,
3410 5462 3475 5500 eo
3536 5447 3691 5516 quod

2045 5516 2438 5587 moverentur.
2474 5514 2536 5567 In
2571 5531 2685 5584 quo
2708 5513 2878 5570 illum
2933 5515 3126 5586 arguit
3185 5516 3488 5587 imperitiae
3525 5513 3691 5587 {de-

2043 5583 2252 5637 buerat
2279 5585 2434 5658 enim
2467 5583 2748 5641 motorem
2803 5583 3170 5658 investigare,
3230 5583 3404 5658 atque
3435 5587 3505 5640 ad
3548 5585 3686 5658 Apri-

2038 5671 2207 5779 pium
2285 5655 2429 5712 illud
2505 5658 2861 5731 principium
2919 5655 3164 5715 rationis
3219 5660 3272 5715 vi
3308 5655 3685 5712 'ascendere.

2065 5741 2202 5779 nam.

2065 5741 2202 5782 DEM.
