4094 6186
476 294 597 353 663

990 291 1521 352 TERTULLIANI
1568 291 1893 353 OPEItUM
1937 294 2135 353 PARS
2182 294 2229 351 l.
2275 326 2350 337 —
2395 293 2669 353 SEIIIES
2716 294 2763 363 l,
2809 294 3369 356 APULOGETICA.

3715 307 3816 364 664

474 422 979 497 interpretationis
1009 423 1136 493 ejus
1158 423 1394 491 astutia,
1428 422 1804 481 verisimilius
1837 429 1923 481 est
1954 443 2067 481 non
2092 444 2125 481 a
2154 425 2207 492 Α
2239 430 2627 481 notaverumt.
2684 425 2793 481 Oro
2852 442 2986 491 vos,
3018 426 3154 497 quid
3202 429 3353 499 sapit
3399 431 3822 501 conjecturarum

473 532 651 572 cursu
683 516 741 570 et
771 515 931 567 motu
964 509 1116 573 ϐιοὺς
1178 512 1384 582 dictos,
1446 513 1548 569 sed
1599 514 1667 570 de
1729 514 2117 587 appellatione
2226 513 2461 569 libido?
2518 514 2663 579 Quid
2723 515 2931 586 probat
2986 520 3149 571 tanta
3203 521 3637 590 praesumptione
3687 540 3825 579 asse-

471 606 589 662 veri
622 603 724 659 Dei
754 606 1112 672 mutuatum,
1140 602 1225 657 uti
1258 620 1403 674 quos
1437 619 1600 675 aeque
1657 605 1795 659 deos
1850 605 2118 660 excudis-

470 694 634 763 setis,
666 690 816 751 Θεοὺς
844 690 1358 764 cognominaretis.
1395 692 1651 763 Denique
1682 710 1859 765 quam
1912 695 1993 749 ita
2024 694 2120 763 sit,

471 781 739 857 probatio
756 780 1037 852 suppetit,
1054 797 1185 836 cum
1212 781 1387 836 etiam
1413 780 1714 837 universos
1729 783 1865 838 deos
1878 789 2124 850 vestros,

473 872 534 929 in
566 871 779 943 quibus
820 868 1041 925 nullius
1073 885 1282 925 cursus
1313 875 1416 925 aut
1442 874 1638 927 motus
1667 872 1925 927 ofﬁcium
1960 873 2128 928 deno-

474 950 656 1029 tatur,
689 956 843 1021 Θεοὺς
875 959 1269 1015 communiter
1299 960 1627 1031 appelletis.
1661 960 1861 1033 Itaque
1887 962 1935 1017 si
1967 978 2128 1033 aeque

477 1048 629 1113 θεοὺς
654 1065 815 1121 aeque
845 1047 1200 1118 immobiles,
1247 1048 1567 1105 disceditur
1623 1050 1891 1106 vocabuli
1950 1051 2126 1106 inter-

476 1139 842 1213 pretationne
866 1139 1082 1209 pariter
1103 1142 1158 1194 et
1197 1138 1522 1195 divinitatis
1572 1140 1865 1211 opinione,
1924 1157 2050 1212 qua:
2099 1157 2132 1195 a

478 1246 655 1285 cursu
685 1232 744 1284 et
774 1226 1080 1282 modulata
1125 1227 1501 1284 rescinditur.
1562 1229 1723 1292 Quod
1785 1228 1835 1284 si
1895 1245 2131 1285 nomem

475 1318 635 1375 istud
668 1316 973 1389 proprium
1005 1314 1328 1372 divinitatis
1358 1320 1414 1371 et
1463 1317 1734 1387 simplex,
1793 1335 1898 1373 nec
1953 1319 2130 1375 inter-

486 1406 876 1480 pretatorium
908 1404 965 1459 in
998 1404 1098 1461 illo
1129 1405 1236 1461 deo
1295 1407 1740 1477 reprehensum,
1792 1406 1851 1461 in
1910 1413 2134 1477 caetera,

480 1513 610 1569 quae
642 1496 780 1551 deos
803 1492 1001 1562 vultis,
1035 1495 1235 1550 docete
1258 1494 1428 1550 etiam
1463 1494 1763 1567 qualitatis
1792 1496 1946 1551 inter
2004 1496 2132 1552 illos

480 1602 609 1642 esse
640 1584 1026 1653 consortium,
1051 1588 1116 1638 ut
1141 1584 1273 1654 jure
1299 1584 1580 1640 consistat
1611 1584 1920 1656 collegium
1955 1586 2136 1642 nomi-

489 1674 582 1730 nis
614 1673 1025 1730 communione
1057 1673 1421 1729 substantim.
1457 1678 1627 1729 Porro
1660 1674 1837 1729 ΘΕΟΣ
1870 1673 1968 1730 ille
2008 1676 2133 1745 jam

2230 603 2543 659 verationis
2619 606 2803 659 otium
2864 605 3149 660 affectatae
3202 608 3599 665 morositatatm
3641 612 3827 684 eloquii

2231 694 2384 749 592
2418 692 2663 748 artiﬁcio
2720 694 3070 748 adornatum
3102 694 3128 748 ‘2
3178 694 3376 751 Merito
3418 712 3545 769 ergo
3599 700 3830 757 Milesius

2234 782 2447 838 Thales
2464 783 2575 853 (82)
2600 783 2739 837 dum
2764 787 2954 837 totum
2978 782 3185 839 coelum
3214 785 3503 841 examinat
3522 792 3575 844 et
3602 791 3834 846 ambulat

2236 871 2441 939 oculis,
2503 872 2562 926 in
2623 877 2865 944 puteum
2929 871 3177 929 cecidit.
3214 915 3226 927 .
3256 916 3268 929 .
3305 916 3318 928 .
3353 916 3367 930 .

3418 917 3431 931 .
3489 878 3720 934 multum
3763 879 3830 934 ir-

2239 959 2395 1016 risus
2426 961 2685 1032 .Egyptio
2718 960 2849 1016 illi:
2896 962 3137 1030 Interra,
3197 962 3407 1034 inquit,
3462 964 3597 1019 nihil
3647 968 3836 1038 perspi-

2240 1048 2455 1117 ciebas,
2486 1049 2696 1105 cretum
2730 1050 2835 1105 tibi
2865 1051 3288 1121 speculandum
3307 1052 3637 1109 existimas?
3665 1056 3838 1127 Itaque

2240 1155 2411 1195 casus
2442 1140 2570 1210 ejus
2604 1156 2706 1210 per
2734 1139 2983 1211 ﬁguram
3011 1181 3023 1207 ,
3053 1180 3065 1194 .
3097 1180 3111 1193 .
3143 1180 3154 1192 .
3192 1179 3205 1193 .
3240 1157 3267 1195 s
3299 1146 3476 1208 notat,
3507 1141 3732 1199 scillicet
3755 1161 3839 1199 eos

2241 1229 2341 1298 qui
2373 1228 2670 1299 stupidam
2685 1227 3404 1285 exerceanteuriositatem
3431 1272 3444 1286 .
3466 1272 3478 1285 .
3512 1272 3525 1285 .
3553 1274 3565 1287 .
3592 1274 3602 1287 .
3628 1237 3840 1298 natura},

2242 1334 2418 1389 quam
2478 1317 2642 1388 prius
2700 1316 2761 1371 in
2821 1317 3104 1373 artiﬁcem
3148 1319 3277 1389 ejus
3333 1325 3390 1374 et
3433 1321 3743 1391 praesidem,
3791 1322 3841 1377 in

2243 1423 2491 1462 vacuum
2526 1446 2537 1458 .
2572 1448 2585 1461 .
2622 1448 2634 1461 .
2672 1449 2685 1463 .
2725 1448 2737 1460 .
2773 1424 2809 1460 n
2841 1407 2980 1462 dum
3006 1406 3334 1464 habituros.

2312 1496 2365 1550 5.
2401 1495 2548 1561 Quin
2581 1511 2717 1568 ergo
2758 1496 2829 1551 ad
2888 1495 3295 1551 humaniorem
3329 1496 3622 1569 aliquanto
3666 1499 3841 1570 (85)....

2242 1584 2401 1639 imur
2422 1584 2787 1655 opinionem,
2819 1602 2945 1654 qua:
2977 1585 3047 1640 de
3079 1585 3381 1642 communi
3411 1588 3666 1642 omnium
3694 1605 3843 1644 sensu

2246 1680 2302 1729 et
2332 1674 2589 1745 simplici
2619 1690 2725 1745 cog
2750 1716 2762 1728 .
2799 1716 2813 1729 .
2849 1713 2861 1726 .
2901 1716 2914 1729 .
2946 1675 2992 1709 3°
3022 1674 3276 1730 deducta
3304 1676 3618 1731 videatur?
3654 1677 3781 1733 Nam
3801 1682 3845 1731 et

484 1763 594 1820 hoc
635 1761 760 1819 solo
793 1763 947 1834 quod
980 1779 1095 1818 non
1131 1763 1209 1817 sit
1234 1762 1292 1817 in
1328 1767 1809 1833 promptu,vacat
1838 1781 1870 1819 a
1900 1780 2134 1836 compa-
2165 1799 2212 1863 B
2244 1763 2425 1820 Varro
2454 1763 2723 1818 meminit
2754 1763 2902 1834 ejus,
2937 1763 3220 1819 creditam
3252 1770 3530 1835 praeterea
3552 1765 3736 1822 dicens
3754 1766 3848 1823 ele-

487 1852 712 1909 ratione
738 1866 941 1909 eorum
983 1867 1113 1923 quas
1143 1851 1200 1904 in
1234 1855 1511 1923 promptu
1568 1857 1708 1908 sunt
1761 1857 1819 1909 et
1873 1852 2024 1909 visui
2081 1859 2139 1910 et

487 1941 690 1998 sensui
723 1957 736 1996 :
772 1941 873 1996 sed
905 1940 1105 1996 sensui
1129 1939 1293 2010 satis,
1328 1941 1478 2011 quod
1513 1943 1626 2011 (est
1688 1942 2006 1997 testimonii
2065 1944 2135 1998 ad

488 2028 886 2084 diversitatem
919 2027 1130 2083 occulti
1180 2033 1237 2083 et
1290 2028 1585 2085 manifesti
1636 2030 2036 2086 renuntiatio:
2089 2030 2140 2087 si

490 2117 779 2174 elementa
808 2116 1005 2190 palam
1032 2117 1336 2189 proposita
1361 2118 1659 2185 omnibus,
1693 2118 1743 2173 si
1769 2123 1971 2174 contra
1993 2120 2138 2175 deus

490 2205 736 2273 nemini,
771 2206 1066 2277 quomodo
1088 2207 1331 2278 poteris,
1364 2223 1432 2262 ex
1462 2224 1529 2262 ea
1561 2212 1726 2279 parte
1788 2225 1966 2280 quam
2022 2227 2136 2265 non

484 2295 708 2365 vidisti,
732 2312 859 2367 quae
891 2294 1053 2353 vides
1083 2295 1361 2367 congredi
1392 2294 1414 2350 ?
1447 2294 1590 2351 Cum
1627 2312 1763 2369 ergo
1798 2314 1911 2352 non
1956 2298 2139 2354 babes

487 2387 845 2459 conjungere
877 2400 1053 2439 sensu
1082 2424 1094 2437 .
1125 2426 1137 2437 .
1168 2426 1179 2437 .
1208 2384 1489 2452 .ratione,
1522 2384 1658 2454 quid
1691 2385 1968 2442 vocabulo
2002 2404 2138 2443 eon-

479 2475 705 2547 jungls,
721 2473 1121 2546 utconjungas
1135 2472 1310 2528 etiam
1326 2477 1614 2545 potestate
1629 2478 1650 2530 P
1664 2475 1800 2530 Ecce
1814 2475 1967 2530 enim
1988 2478 2138 2532 Zeno

489 2580 721 2635 quoque
752 2563 860 2636 (89)
896 2562 1204 2617 materiam
1236 2561 1600 2617 mundialem
1634 2580 1667 2617 a
1722 2568 1835 2619 Deo
1884 2570 2136 2635 separat,

488 2651 579 2708 vel
610 2668 745 2708 eum
777 2668 879 2723 per
908 2651 1091 2721 illam,
1126 2657 1409 2723 tanquam
1452 2650 1565 2706 mel
1598 2668 1702 2724 per
1757 2653 1917 2708 favos
1946 2659 2137 2710 trans-

491 2742 611 2798 isse
642 2741 802 2798 dicit.
826 2744 1032 2811 Itaque
1063 2740 1314 2796 materia
1342 2743 1399 2796 et
1451 2745 1603 2795 Deus
1663 2741 1778 2797 duo
1831 2743 2134 2810 voeabula,

494 2832 621 2886 dum
654 2846 765 2886 res.
796 2830 902 2884 Pro
961 2828 1303 2884 discrimine
1356 2828 1767 2884 vocabulorum
1819 2831 1995 2886 etiam
2047 2849 2137 2889 res

493 2922 862 2992 separantur,
939 2919 1118 2973 etiam
1179 2917 1436 2973 materias
1483 2918 1739 2973 conditio
1788 2920 2135 2976 vocabulum

494 3009 779 3081 sequitur.
814 3008 976 3074 Quod
1000 3007 1050 3062 si
1070 3006 1313 3064 materia
1334 3024 1448 3062 non
1468 3011 1576 3074 est,
1596 3007 1737 3079 quia
1752 3009 1835 3063 sic
1850 3014 1907 3064 et
1937 3010 2135 3081 appel-

493 3098 631 3154 latio
663 3096 1012 3170 prmscribit,
1045 3095 1338 3167 quomodo
1370 3111 1499 3167 quis
1520 3100 1659 3151 sunt
1688 3098 1745 3151 in
1781 3098 2043 3167 materia,
2076 3099 2131 3153 id

2247 1856 2575 1908 mentorum
2611 1850 2995 1918 divinitatem,
3048 1853 3200 1923 quod
3260 1852 3409 1908 nihil
3467 1854 3692 1910 omnino
3742 1855 3850 1910 sine

2248 1941 2524 2012 suffragio
2559 1940 2791 1997 illorum
2825 1939 3007 2012 gigni,
3031 1939 3127 2008 ali,
3162 1942 3401 2013 provehi
3430 1943 3611 2015 possit
3639 1944 3703 1999 ad
3743 1944 3851 1999 vita

2249 2032 2518 2087 humanm
2543 2034 2599 2085 et
2624 2035 2788 2086 terrea
2846 2029 3152 2100 sationem,
3178 2034 3416 2103 quando
3476 2050 3545 2088 ne
3585 2033 3705 2105 ipsa
3741 2034 3849 2104 qui-

2248 2121 2381 2176 dem
2430 2136 2674 2191 corpora
2708 2122 2809 2174 aut
2855 2119 3084 2174 animas
3140 2120 3411 2176 sufﬁcere
3455 2122 3704 2178 licuisset
3748 2125 3855 2178 sine

2248 2210 2671 2266 elementorum
2723 2211 3208 2279 temperamento,
3270 2226 3388 2281 quo
3447 2211 3716 2267 habitatio
3761 2211 3855 2267 ista

2249 2297 2452 2353 mundi
2485 2295 2838 2352 circulorum
2888 2297 3328 2354 conditionibus
3387 2299 3657 2355 fmderata
3707 2315 3854 2372 pries-

2247 2393 2424 2453 tatur,
2458 2384 2569 2441 nisi
2598 2386 2752 2457 quod
2770 2384 3077 2440 horminum
3103 2386 3382 2443 incolatui
3406 2389 3699 2461 denegavit
3716 2404 3857 2444 enor-

2248 2477 2423 2531 mitas
2451 2475 2684 2547 frigoris
2703 2477 2805 2529 aut
2825 2473 3053 2529 caloris.
3071 2475 3272 2547 Itaque
3306 2476 3447 2532 deos
3470 2477 3623 2532 credi
3640 2494 3651 2531 :
3668 2476 3854 2546 solem,

2249 2564 2350 2637 qui
2382 2563 2495 2619 diei
2525 2564 2596 2619 de
2635 2579 2741 2618 suo
2775 2562 3056 2629 cumulet,
3088 2565 3283 2636 fruges
3312 2565 3623 2622 caloribus.
3654 2582 3709 2638 p.
3734 2608 3747 2621 .
3768 2606 3813 2620 ..
3841 2602 3855 2621 .

2247 2659 2303 2707 et
2339 2670 2559 2708 annum
2584 2651 2943 2707 stationibus
2972 2656 3160 2711 servet
3193 2670 3206 2719 ;
3232 2653 3462 2720 lunam,
3486 2655 3745 2733 solatium
3772 2669 3856 2709 nc-

2249 2742 2457 2810 ctium,
2490 2741 2879 2812 patrocinium
2914 2742 3207 2798 mensium
3260 2743 3697 2814 gubernaculis;
3741 2744 3859 2800 item

2248 2831 2459 2901 sidera,
2478 2829 3055 2901 signaculaquaedam
3071 2836 3405 2904 temporum
3420 2835 3491 2889 ad
3508 2833 3852 2890 mutationem

2248 2921 2641 2975 notandorum
2658 2936 2671 2974 :
2688 2919 2881 2989 ipsum
2895 2920 3146 2991 denique
3165 2921 3520 2993 coelum,sub
3537 2940 3647 2994 quo
3671 2922 3857 2988 omnia;

2245 3022 2481 3076 terram,
2514 3025 2690 3081 super
2719 3024 2895 3079 quam
2946 3010 3162 3077 omnia,
3200 3016 3255 3065 et
3311 3012 3598 3084 quidquid
3651 3010 3854 3067 illorum

2253 3099 2405 3154 inter
2421 3115 2483 3153 se
2504 3098 2572 3152 ad
2588 3098 2893 3153 commoda
2916 3098 3176 3154 humana
3202 3102 3522 3173 conspirat.
3542 3101 3652 3160 Nec
3668 3106 3861 3156 tantum

492 3192 582 3243 est
639 3186 928 3243 elementa
982 3184 1073 3239 dei
1131 3184 1524 3253 habebuntur,
1581 3201 1715 3240 cum
1789 3188 2052 3243 membra
2107 3161 2210 3243 aC
2256 3186 2553 3243 beneﬁciis
2588 3186 3100 3242 ﬁdemdivinitatis
3122 3188 3433 3246 elementis
3453 3189 3762 3257 convenire,
3782 3187 3863 3243 sed

492 3292 731 3348 corpore
752 3274 871 3346 alig
905 3314 917 3327 .
955 3315 966 3328 .
1006 3315 1019 3339 ,
1047 3316 1059 3329 .
1084 3290 1217 3329 esse
1248 3290 1364 3328 non
1396 3273 1626 3345 possint
1656 3274 1683 3329 7
1711 3276 1819 3331 Sed
1857 3277 1996 3347 quid
2029 3292 2134 3349 ego

493 3381 629 3420 cum
642 3363 1255 3435 argumentationibus
1278 3361 1689 3434 physiologicis
1703 3364 1730 3419 ‘I
1751 3368 1787 3419 S
1933 3382 2135 3422 ascen-

492 3453 629 3509 dere
659 3452 862 3508 debuit
892 3452 965 3507 de
993 3456 1153 3507 statu
1205 3452 1431 3519 mundi,
1493 3468 1606 3508 non
1660 3453 1879 3510 incerta
1927 3456 2138 3510 deseen

549 3581 562 3595 .
591 3583 604 3598 .
644 3582 656 3595 .
696 3584 709 3596 .
736 3582 751 3596 .
789 3582 802 3595 .
838 3541 892 3596 lo
925 3539 1217 3613 platonica
1249 3540 1435 3597 forma
1463 3542 1810 3611 quadratum
1868 3560 2002 3598 eum
2036 3562 2142 3600 an-

498 3630 884 3703 gulatumque
916 3647 1044 3685 com
1076 3671 1089 3683 .
1132 3671 1144 3684 .
1179 3672 1191 3685 .
1229 3672 1240 3684 .
1281 3672 1293 3684 .
1330 3672 1341 3685 .
1376 3630 1448 3686 do
1480 3630 1696 3687 circino
1754 3633 2006 3687 rotunda
2062 3634 2144 3690 ita

500 3718 751 3791 collegit,
778 3720 933 3790 quod
979 3718 1106 3775 sine
1137 3720 1324 3791 capite
1354 3719 1537 3775 solem
1569 3720 1724 3776 credi
1751 3720 1996 3777 laborat.
2030 3722 2141 3779 Sed

502 3805 811 3878 Epicurus,
877 3805 976 3876 qui
1033 3806 1279 3873 dixerat,
1336 3823 1465 3878 quas
1531 3823 1711 3879 super
1794 3824 1921 3875 nos,
1997 3810 2146 3865 nihil

501 3896 573 3951 ad
608 3913 734 3965 nos,
768 3910 899 3952 cum
942 3900 1000 3951 et
1054 3894 1181 3967 ipse
1229 3895 1439 3951 coelum
1486 3896 1775 3968 inspicere
1830 3898 2145 3971 desiderat,

506 3984 650 4041 solis
706 3985 904 4041 orbem
957 3984 1220 4056 pedalem
1269 3985 1380 4055 (81)
1454 3984 1855 4055 deprehendit.
1940 3988 2147 4045 Adhuc

504 4073 754 4132 scillicet
783 4072 1090 4146 frugalitas
1123 4078 1179 4129 et
1210 4074 1268 4128 in
1311 4072 1469 4129 caelis
1529 4074 1828 4145 agebatur.
1890 4078 2149 4149 Denique

470 4174 473 4177 '
504 4168 571 4220 ut
588 4163 832 4221 ambitio
863 4162 1125 4235 profecit,
1158 4162 1332 4217 etiam
1365 4162 1449 4218 sol
1503 4163 1688 4218 aciem
1733 4181 1902 4220 suam
1952 4174 2150 4224 exten-

504 4254 611 4324 dit,
693 4253 776 4309 ita
825 4251 993 4307 illum
1053 4252 1254 4308 orbem
1299 4252 1581 4321 majorem
1640 4252 2005 4324 peripateticl
2047 4258 2150 4315 de-

2243 3277 2419 3333 etiam
2435 3277 2505 3331 de
2525 3276 2793 3345 diversis,
2816 3281 3243 3347 qumtanquam
3258 3279 3332 3334 de
3350 3279 3438 3335 ira
3471 3286 3528 3335 et
3558 3279 3763 3335 otl'ensa
3785 3292 3866 3332 eo-

2246 3382 2311 3420 ru
2324 3382 2377 3419 m
2393 3364 2649 3419 incidere
2663 3362 2910 3433 soleant,
2929 3369 2993 3419 ut
3012 3364 3285 3433 fulmina,
3305 3374 3370 3423 ut
3383 3368 3710 3440 grandines,
3726 3372 3783 3422 ut
3800 3382 3868 3420 ar-

2248 3455 2440 3520 dores,
2466 3458 2528 3508 ut
2559 3469 2715 3508 aurae
2728 3452 3109 3525 pestilentes,
3141 3455 3278 3510 item
3301 3456 3689 3526 diluvia,item
3703 3456 3869 3511 hiatus

2251 3542 3701 3618 motusqueterrarum.Etjurecredideos,quorum
3716 3550 3865 3599 natu-

2252 3651 2315 3687 ra
2329 3632 2670 3687 honoranda
2688 3632 2764 3686 sit
2784 3630 2845 3685 in
2869 3632 3165 3694 secundis.
3192 3636 3511 3691 metuenda
3526 3635 3601 3691 sit
3623 3636 3678 3691 in
3698 3634 3873 3688 adver-

2252 3723 2354 3789 sis,
2376 3721 2613 3777 domina
2630 3720 3111 3791 scilicetjuvandi
3142 3727 3198 3777 et
3221 3724 3494 3779 nocendi.
3527 3724 3715 3790 Porro,
3738 3722 3782 3778 si
3805 3721 3870 3775 ita

2254 3810 2592 3867 sentiuntur
2639 3810 2699 3865 in
2735 3851 2747 3864 .
2771 3851 2783 3864 .
2821 3851 2835 3864 .
2863 3850 2875 3864 .
2902 3850 2919 3868 .
2974 3812 3439 3882 conversatione,
3496 3829 3610 3869 non
3666 3809 3873 3885 perinde

2255 3901 2430 3957 rebus
2460 3899 2626 3971 ipsis,
2647 3898 2865 3971 quibus
2889 3900 3172 3970 juvantur
3202 3900 3326 3957 sive
3344 3901 3641 3958 laeduntur
3655 3905 3747 3957 aut
3763 3913 3871 3972 gre-

2252 3974 2368 4045 tias
2399 3989 2656 4044 referunt
2685 3991 2785 4043 aut
2814 3988 3085 4059 querelas
3114 3989 3458 4059 intendunt,
3490 3991 3591 4048 sed
3631 3990 3735 4059 his,
3781 3985 3871 4043 sub

2258 4093 2508 4151 quorum
2531 4076 2747 4132 ducatu
2761 4080 2818 4132 et
2830 4080 3115 4148 potestate
3136 4079 3397 4150 operatio
3422 4096 3618 4136 rerum
3632 4075 3873 4135 decurrit.

2260 4168 2406 4225 Nam
2424 4167 2485 4221 in
2516 4164 2920 4238 voluptatibus
2942 4166 3153 4225 vestris
3183 4184 3299 4223 non
3335 4168 3497 4226 tibias
3528 4174 3627 4226 aut
3671 4166 3873 4223 citharas

2260 4272 2535 4313 coronam
2598 4255 2670 4311 ad
2727 4254 3034 4327 premium
3085 4256 3469 4330 adjudicatis,
3527 4259 3629 4318 sed
3698 4249 3876 4313 artiﬁci

1941 4372 2144 4438 Varias
2174 4373 2476 4440 lectiones

573 4474 621 4512 ³9
650 4475 718 4532 Le
745 4474 909 4531 Prior
934 4473 1243 4547 supplevit:
1274 4474 1673 4531 convertimur
1701 4504 1769 4518 --
1801 4478 2169 4550 cognatione.

1939 4604 2442 4669 Commentaries

574 4711 687 4782 (80)
716 4714 858 4769 Ecce
884 4716 1034 4770 enim
1062 4714 1205 4771 Zeno

500 4855 956 4912 Atheniensibus
986 4855 1162 4913 aurea
1192 4855 1709 4914 corona—donatus
1766 4855 1875 4927 est,
1925 4855 1995 4917 'et
2053 4881 2137 4920 se-

547 4714 687 4795 .(8Q)
716 4714 858 4769 Ecce
884 4714 1222 4796 enim.Zeno.
1243 4729 1467 4839 quoque.
1513 4714 1811 4797 .Zenonem
1843 4715 2143 4792 intelligit.
2174 4735 2221 4800 D

502 4783 797 4839 Citteium.
857 4802 1158 4839 egregium
1208 4786 1245 4839 ll
1279 4802 1375 4839 um
1427 4786 1868 4839 nhilosonhnm.
1910 4792 2009 4839 nui
2069 4793 2140 4839 ah

546 4786 797 4861 itteium,
825 4787 1158 4861 __egregium
1208 4786 1375 4840 illum
1425 4786 1868 4861 philosophum,
1910 4792 2011 4861 qui
2038 4786 2140 4848 'ab

2252 4716 2783 4847 Erineepsdicitur
2810 4717 3053 4792 Apolog.
3094 4735 3201 4800 cap
3233 4720 3324 4789 46,
3350 4721 3633 4804 quoniam
3688 4720 3751 4774 de
3800 4732 3872 4771 re-

2296 4807 2364 4846 us
2396 4790 2653 4847 nhvsicls
2696 4805 2762 4844 ac
2819 4790 2960 4845 emlo
3020 4807 3246 4847 primus
3304 4794 3643 4847 disputasse
3696 4791 3869 4845 fertur.

2252 4790 2364 4847 bus
2396 4790 2653 4861 physicis
2696 4805 2762 4844 ac
2819 4790 2960 4845 caelo
3004 4790 3246 4863 ‘prim’us
3304 4790 3643 4865 disputasse
3696 4791 3869 4845 fertur.

2251 4863 2413 4927 Quod
2447 4867 2643 4916 autem
2667 4862 2736 4917 ab
2767 4861 3028 4933 Egyptio
3060 4862 3269 4921 irrisus
3300 4865 3482 4921 fuerit
3515 4865 3757 4922 traditur
3780 4861 3871 4916 hoc

446 4982 455 4993 ,
499 4927 701 5009 pulcro
744 4929 1057 5009 magniﬁco
1115 4930 1187 5009 ab
1236 4930 1816 5009 iisdem__decoratus
1848 4935 1911 4986 ut
1968 4934 2143 5009 refert
2252 4933 2655 5009 in_loco,__cum
2687 4927 2891 5009 tamen
2909 4927 3453 5009 avetulaquadam
3481 4936 3868 5009 reprehensum

500 4998 782 5072 Diogenes
814 4998 1094 5069 Laretius,
1123 5002 1300 5071 idque
1342 5001 1571 5072 publico
1593 5004 1821 5057 decreto
1848 5005 2139 5061 sancitum

499 5072 923 5145 decretumque
967 5072 1253 5145 columnis
1313 5074 1540 5128 duabus
1584 5090 1617 5128 a
1669 5074 1862 5128 scriba
1905 5077 2138 5145 publico

496 5142 870 5213 inscriptum.
905 5150 979 5198 Ls
1009 5144 1108 5201 PR.

569 5214 682 5284 (81)
716 5216 861 5269 Solis
914 5216 1095 5271 orbem
1146 5214 1415 5285 pedalem.
1478 5218 1634 5267 Inter
1688 5213 2050 5285 problemata
2105 5236 2137 5273 a

493 5285 800 5356 discipulis
830 5287 1077 5343 Zenonis
1130 5284 1431 5357 proposita
1472 5290 1542 5357 _et
1586 5284 2011 5357 _soluta‘tillud
2048 5306 2134 5345 re-

494 5352 765 5412 censétur
823 5359 868 5410 ei.
918 5360 944 5411 ὁ
996 5352 1157 5427 ﬁlio};
1197 5352 1525 5423 τήλικοῦτὸς
1583 5352 1721 5408 ἐστιν
1772 5354 1952 5425 ἠλκος
2014 5360 2135 5426 φας-

494 5446 639 5480 νεται
676 5445 689 5496 ;
723 5446 791 5483 an
824 5435 1008 5485 tantus
1036 5432 1107 5483 sit
1137 5428 1244 5495 sol,
1276 5435 1513 5498 quantus
1543 5432 1769 5499 apparet
1797 5432 1823 5484 ‘2
1855 5431 2012 5487 Idem
2064 5434 2134 5490 de

495 5500 638 5554 luna
671 5503 1070 5572 proponebant
1102 5499 1285 5573 multa
1313 5499 1469 5553 enim
1517 5506 1930 5573 arpraaeeptore
1990 5505 2135 5559 hau-

2251 5005 2435 5084 fuisse
2467 5004 2620 5084 dicat
2651 5003 2912 5084 ba‘ertius
2946 5005 3038 5062 his
3061 5003 3304 5084 verbis;
3340 5006 3417 5084 ξὺ
3445 5003 3664 5084 ⁸γδιρηῶ
3706 5004 3866 5084 ’Θαλῆς

2344 5074 2395 5130 ἐν
2430 5075 2587 5150 ποᾳὶν
2617 5073 2678 5150 ou
2713 5071 3006 5146 δυνάμενος
3033 5073 3195 5150 ίὶδεῖν
3247 5071 3313 5132 τὰ
3369 5071 3478 5133 ini.
3519 5071 3614 5134 ’ἑὸὖ
3668 5074 3867 5150 cupavo?

2249 5143 2349 5200 οἷίι
2409 5146 2728 5220 γνώσεσθαι.
2762 5142 2883 5202 :Tu
2942 5149 3185 5220 quippe,
3220 5167 3250 5205 0
3306 5151 3544 5219 Thales,
3632 5142 3756 5204 cum
3807 5142 3865 5199 αά

2246 5221 2423 5290 pedes
2454 5221 2739 5292 respicere
2768 5220 2862 5292 vix
2889 5220 3102 5289 possis,
3136 5222 3345 5278 caelum
3377 5228 3557 5292 putas
3613 5230 3663 5277 te
3718 5231 3865 5291 posse

2247 5241 2423 5290 pedes
2454 5241 2739 5292 PBSPIOBI‘B
2770 5241 2862 5274 VIX
2890 5241 3102 5289 pOSSIS,
3136 5241 3345 5278 CCBIUID
3424 5241 3557 5280 mas
3613 5241 3663 5277 ιθ
3718 5241 3861 5291 Ρυδυυ

2246 5307 2616 5362 cognoscere,
2653 5314 2680 5341 «
2712 5291 2980 5361 Antiquis
3011 5298 3204 5348 autem
3236 5241 3584 5352 excelluisse
3612 5294 3667 5348 in
3699 5297 3861 5346 astro-

2245 5362 2751 5438 nomiaThaletem
2783 5367 3005 5438 certum
3030 5370 3138 5438 est,
3191 5368 3515 5438 probatque
3542 5367 3863 5438 epigramma

2243 5434 2414 5506 iconi
2435 5434 2624 5503 ipsius
2647 5434 3031 5506 insculptum.
3066 5434 3231 5492 Iussi.

2311 5504 2423 5579 (83)
2457 5506 2600 5572 Quin
2628 5522 2754 5574 ergo
2812 5504 2881 5562 ait
2934 5507 3317 5565 humaniorem
3365 5508 3661 5579 aliquanto
3712 5519 3856 5579 con...

494 5568 691 5649 serant
724 5568 1064 5649 inphysicis
1113 5568 1361 5640 aliisque
1420 5568 1685 5641 partibus
1745 5568 1783 5627 εἰ
1831 5576 2131 5632 communi
2240 5568 2545 5649 Orationis
2581 5568 2760 5634 series
2790 5578 3051 5649 postulat
3081 5585 3145 5635 ut
3183 5582 3283 5647 sit,
3332 5568 3743 5644 convertimur,
3771 5574 3859 5629 aut

494 5643 767 5713 opinione
790 5644 998 5699 aliena.
1034 5647 1195 5698 IDEM.

2242 5645 2466 5721 aliquid
2502 5648 2712 5721 simile,
2748 5645 2809 5705 et
2831 5664 3083 5721 sequens
3113 5645 3326 5708 lacuna
3354 5651 3440 5707 sic
3473 5650 3693 5707 videtur
3742 5659 3856 5714 sup-

566 5714 676 5788 (82)
732 5716 921 5771 Merito
974 5729 1103 5783 ergo
1167 5713 1411 5770 Milesius
1480 5713 1683 5771 Thales.
1753 5713 2132 5789 Physicorum
2242 5713 2456 5790 plenda
2487 5735 2500 5775 :
2534 5713 2791 5794 simplici
2813 5713 3165 5793 cognitione.
3199 5724 3359 5781 lusu.
