4094 6186
304 337 418 397 665

1517 338 1618 395 AD
1666 336 2081 396 NA'l‘IONES.
2119 367 2192 381 —-
2225 336 2367 396 LIB.
2419 336 2495 396 ΙΙ.

3592 336 3709 396 666

302 467 402 539 qui
452 466 660 523 tibiam
718 469 775 523 st
835 467 1117 524 citharam
1173 467 1483 523 suavitatis
1541 472 1826 540 temperet
1876 469 1948 523 vi.
1982 470 2037 535 Α
2068 485 2184 523 non
2217 466 2504 523 serviliter
2533 482 2784 534 currere,
2818 466 2918 521 sed
2951 466 3243 538 imprimis
3274 466 3497 537 integre
3531 471 3709 537 stare,

304 557 481 628 .‘Eque
513 572 648 611 cum
681 555 813 626 quis
846 556 1174 611 valetudine
1207 557 1356 613 male
1390 562 1498 621 est,
1522 572 1637 612 non
1668 556 1819 611 lanis
1852 571 1955 611 nec

307 644 585 700 antidotis
616 651 717 700 aut
740 644 1111 717 malagmatis
1137 646 1281 717 ipsis
1302 646 1551 718 gratiam
1581 645 1954 716 meministis,

306 734 401 788 sed
430 732 699 801 medicis,
736 750 984 804 quorum
1019 751 1194 806 opera
1224 740 1399 805 atque
1432 734 1738 806 prudentia
1772 751 1955 789 reme-

307 822 401 877 dia
424 822 942 894 proveniunt.Item
960 824 1017 878 in
1035 824 1294 879 adversis
1314 824 1413 896 qui
1430 825 1579 879 ferro
1595 825 1953 889 sanciantur,

305 927 419 968 non
447 912 713 983 gladium
735 912 932 984 ipsum
963 918 1065 968 aut
1087 913 1240 969 593
1262 912 1525 969 lanceam
1549 912 1956 981 accusant,sed

304 1000 535 1056 hostem
585 1001 676 1057 vel
722 1000 1035 1057 latronem.
1086 1003 1154 1057 Et
1184 1019 1331 1073 quos
1365 1043 1379 1057 .
1418 1044 1430 1056 .
1466 1043 1479 1057 .
1524 1003 1568 1037 ‘°
1599 1000 1825 1073 tegulas
1857 1004 1959 1057 aut

304 1090 582 1146 imbrices
602 1094 876 1162 arguunt,
897 1092 997 1146 sed
1024 1095 1377 1148 vetustatem
1404 1110 1416 1152 ;
1442 1092 1591 1147 sicut
1612 1096 1667 1146 et
1690 1090 1958 1163 naufragi

306 1196 421 1235 non
459 1181 643 1252 petris
701 1184 759 1235 et
816 1179 1094 1237 ﬂuctibus
1146 1181 1461 1253 imputant,
1520 1181 1618 1236 sed
1672 1179 1955 1252 procellas.

304 1268 535 1324 Merito.
570 1272 800 1324 Certum
831 1268 989 1325 enim
1015 1272 1123 1337 est,
1149 1270 1537 1342 quodcunque
1562 1273 1670 1339 est,
1708 1269 1753 1323 3i
1785 1269 1958 1324 ascri-

304 1358 591 1426 bendum,
646 1375 762 1413 non
820 1374 925 1430 per
980 1361 1136 1429 quod
1196 1360 1279 1427 ﬁt,
1315 1361 1415 1414 sed
1481 1376 1513 1415 a
1558 1375 1672 1430 quo
1704 1360 1789 1426 ﬁt,
1824 1358 1959 1429 quia

305 1446 354 1501 is
383 1450 478 1502 est
508 1458 686 1518 caput
736 1446 894 1515 facti,
927 1447 1027 1519 qui
1074 1452 1131 1502 et
1181 1452 1241 1502 ut
1270 1448 1394 1512 ﬁat,
1445 1453 1501 1503 et
1533 1465 1633 1519 per
1661 1448 1801 1518 quid
1836 1447 1957 1517 ﬁat,

305 1535 590 1591 instituit.
622 1536 692 1590 Et
722 1540 861 1592 sunt
889 1536 948 1591 in
980 1536 1257 1592 omnibus
1290 1538 1463 1593 rebus
1487 1542 1605 1593 tres
1634 1537 1789 1592 tituli
1821 1536 1918 1591 isti
1943 1552 1956 1590 :

308 1625 463 1696 quod
496 1630 606 1692 est,
642 1642 744 1697 per
787 1625 943 1696 quod
995 1630 1105 1693 est,
1142 1631 1199 1681 et
1236 1643 1270 1681 a
1301 1643 1413 1697 quo
1467 1631 1594 1693 est;
1627 1625 1765 1696 quia
1794 1626 1958 1697 prius

309 1719 414 1780 est,
448 1713 551 1785 qui
585 1714 725 1786 quid
775 1715 913 1770 velit
940 1714 1085 1783 ﬁeri,
1141 1718 1197 1770 et
1240 1715 1395 1785 quod
1442 1713 1647 1786 possit,
1690 1713 1957 1769 inveniri.

308 1804 375 1858 Et
402 1803 488 1859 ita
518 1808 675 1903 recte
718 1802 784 1905 in
827 1804 1052 1902 caeteris
1104 1803 1295 1874 agitis,
1349 1808 1645 1859 auctorem
1674 1804 1957 1905 ‘consids-
1990 1840 2037 1905 B

308 1896 526 1948 rantes.
548 1894 623 1947 At
644 1891 703 1946 in
731 1891 990 1964 physicis
1012 1900 1213 1948 contra
1236 1896 1509 1948 naturam
1528 1892 1728 1962 regula
1745 1898 1956 1958 vestra,

307 1995 423 2053 qua
480 1981 541 2035 in
599 1980 822 2036 caeteris
879 1980 1229 2053 sapientiam
1283 1980 1586 2051 judicatis,
1643 1980 1958 2037 auferendo

307 2085 616 2125 summum
647 2069 898 2141 gradum
922 2069 1178 2125 auctoris
1202 2076 1258 2125 et
1289 2087 1418 2141 qua:
1443 2070 1610 2138 ﬁunt,
1646 2087 1759 2126 non
1790 2087 1824 2125 a
1844 2086 1958 2141 quo

305 2156 428 2212 ﬁeri
467 2197 481 2212 .
517 2197 532 2215 .
574 2199 587 2212 .
620 2156 705 2212 ita
735 2158 970 2214 credere
1009 2158 1297 2230 contingit
1339 2157 1762 2214 elementorum
1794 2165 1958 2231 pots-

305 2249 490 2303 states
514 2251 572 2302 et
601 2264 668 2302 ar
701 2289 713 2301 .
751 2287 766 2302 .
802 2288 816 2302 .
849 2263 998 2317 esse,
1024 2264 1151 2319 quae
1175 2252 1314 2303 sunt
1334 2246 1642 2304 servitutes
1668 2251 1725 2303 et
1745 2247 1956 2303 ofﬁcia.

304 2333 428 2389 Non
459 2335 520 2389 in
551 2334 662 2389 ista
695 2335 1142 2406 investigatione
1174 2335 1248 2391 ali
1284 2377 1297 2390 .
1333 2376 1347 2390 .
1385 2376 1397 2389 .
1425 2354 1494 2391 us
1526 2336 1764 2392 artiﬁcis
1794 2336 1958 2392 intus

304 2426 360 2479 et
387 2422 638 2493 domini,
671 2424 965 2479 servitutis
996 2429 1192 2480 autem
1226 2441 1340 2480 non
1374 2425 1673 2481 tendimus
1704 2425 1956 2481 elemen-

303 2516 499 2568 torum
536 2553 549 2568 .
588 2553 601 2566 .
638 2552 651 2566 .
687 2552 700 2567 .
754 2513 948 2584 operis
996 2530 1199 2569 eorum
1250 2530 1398 2585 quas
1443 2514 1586 2570 facis
1630 2514 1955 2586 potestatis.

304 2601 414 2657 Sed
446 2601 543 2656 dei
602 2618 719 2657 non
773 2602 1070 2669 serviunt;
1132 2620 1200 2658 ea
1231 2603 1431 2675 igitur,
1492 2620 1619 2675 quas
1678 2603 1955 2675 serviunt,

302 2690 394 2746 dei
428 2707 547 2745 non
570 2694 730 2746 sunt.
750 2692 867 2746 Aut
895 2692 1144 2747 doceant
1168 2691 1337 2765 vulgo
1369 2693 1515 2748 ﬁeri.
1542 2701 1601 2747 ut
1622 2693 1692 2749 de
1724 2692 1960 2748 licentia

300 2778 663 2851 passivitatis
683 2778 924 2835 libertas
943 2781 1395 2852 approbetur,ds
1416 2780 1683 2837 libertate
1700 2781 1962 2837 domina-

299 2869 403 2939 tio,
424 2869 498 2924 de
512 2868 913 2924 dominatione
927 2869 1204 2925 divinitas
1222 2869 1752 2942 intelligatur.Nam
1777 2870 1823 2926 si
1839 2887 1959 2925 om-

304 2957 538 3013 niahaao
556 2973 734 3029 super
755 2973 864 3013 nos
886 2958 1060 3014 certis
1074 2958 1684 3031 curriculis,legitimis
1706 2960 1962 3016 decursi-

307 3047 439 3116 bus,
469 3047 723 3118 propriis
754 3047 986 3119 spatiis,
1019 3048 1202 3119 aequis
1226 3048 1451 3105 vicibus
1474 3049 1584 3103 sub
1608 3047 1752 3120 legis
1774 3049 1962 3104 instar

305 3136 627 3191 constituta
657 3136 954 3192 volvendis
988 3136 1351 3208 temporibus
1369 3140 1426 3193 st
1455 3136 1790 3192 exercendis
1810 3141 1958 3193 tem-

301 3240 518 3297 porum
548 3223 862 3280 ducatibus
916 3207 1219 3281 occurrere
1268 3226 1683 3295 meminerunt,
1734 3243 1803 3284 ex
1833 3227 1959 3298 ipsa
1990 3207 2033 3275 Ο

299 3312 717 3369 observatione
748 3313 1152 3370 conditionum
1198 3331 1439 3370 suarum
1488 3319 1545 3369 et
1575 3315 1688 3371 ﬁde
1717 3331 1957 3387 operum

298 3406 359 3457 et
414 3402 702 3457 instantia
747 3443 760 3457 .
796 3444 810 3458 .
846 3443 859 3456 .
896 3442 908 3455 .
948 3446 961 3459 .
1017 3444 1029 3457 .
1085 3443 1097 3456 .
1157 3407 1214 3458 et
1269 3420 1410 3457 cura
1467 3404 1957 3475 demutationum,

301 3491 595 3547 memoria
626 3491 1144 3564 reciprocatorum,
1178 3492 1433 3563 aliquam
1474 3492 1957 3564 dominationem,

302 3579 418 3637 sibi
450 3594 701 3651 praeesse
750 3580 1143 3652 persuadeant
1187 3580 1372 3649 vobis,
1425 3579 1518 3635 cui
1565 3597 1843 3651 apparere
1873 3581 1957 3635 vi-

300 3669 515 3724 deatur
541 3669 813 3724 universa
835 3669 1152 3741 negotiatio
1179 3667 1495 3724 mundialis
1518 3670 1860 3740 perveniens
1884 3670 1954 3725 ad

300 3756 550 3813 humani
610 3757 841 3829 generis
898 3758 1215 3813 utilitatem
1265 3762 1322 3813 et
1366 3799 1379 3812 .
1434 3798 1449 3812 .
1484 3799 1497 3812 .
1535 3800 1548 3813 .
1583 3798 1598 3813 .
1659 3774 1830 3813 onem
1863 3758 1954 3813 ‘i?

295 3847 426 3903 Non
457 3845 615 3902 enim
647 3851 840 3919 potest
874 3847 1085 3911 dicere,
1139 3863 1207 3902 ea
1238 3846 1349 3902 sibi
1380 3861 1550 3918 agere
1598 3845 1714 3902 ista
1742 3863 1808 3902 ac
1842 3847 1954 3903 sibi

295 3951 503 3991 curare
536 3951 642 3991 nec
674 3936 987 4007 quicquam
1038 3935 1348 3991 hominum
1397 3952 1577 3991 causa
1621 3936 1951 4006 disponere,

292 4041 434 4080 cum
488 4029 796 4096 propterea
850 4024 1133 4081 defendas
1191 4023 1497 4081 elementis
1555 4023 1949 4096 divinitatem,

290 4113 450 4183 quod
483 4115 556 4168 ab
588 4114 721 4169 aliis
751 4116 853 4167 aut
882 4112 1077 4184 juvari
1108 4116 1164 4167 te
1214 4116 1315 4168 aut
1340 4111 1472 4168 laedi
1522 4112 1777 4181 sentias;
1811 4129 1949 4170 nam

289 4202 341 4259 si
370 4201 488 4258 sibi
520 4205 820 4273 praeterit,
855 4200 1000 4257 nihil
1032 4202 1115 4258 eis
1147 4202 1343 4257 debes.

361 4291 418 4346 6.
452 4296 575 4364 Age
598 4292 749 4362 jam,
781 4290 1175 4348 conceditisne
1223 4290 1583 4348 divinitatem
1623 4306 1739 4349 non
1772 4292 1945 4348 modo

2068 573 2255 627 neque
2290 555 2473 611 minui
2507 572 2696 627 neque
2743 555 3012 627 intercipi
3046 572 3233 626 neque
3282 556 3573 627 corrumpi
3606 556 3708 611 de-

2067 646 2220 700 bere.
2255 646 2537 701 Czeterum
2584 645 2729 701 abiit
2777 645 2968 699 omnis
3003 645 3251 700 felicitas
3305 647 3452 715 ejus,
3486 646 3535 699 si
3568 645 3705 715 quid

2066 735 2284 806 patitur
2317 752 2600 805 unquam.
2633 736 2777 790 Ecce
2807 738 3001 789 autem
3042 740 3098 789 et
3141 740 3299 789 astra
3329 734 3707 802 intercidunt,

2066 828 2123 878 et
2167 823 2533 879 intercidisse
2583 840 2645 877 se
2692 826 3064 878 attestantur.
3117 823 3435 877 Conﬁtetur
3482 827 3539 877 et
3569 822 3710 878 luna

2066 913 2200 983 (84),
2235 920 2518 984 quantum
2551 914 2707 969 594
2754 912 3038 979 amiserit,
3074 928 3207 966 cum
3265 912 3539 967 resumit.
3577 915 3707 967 Jam

2066 1005 2291 1073 majora
2337 1004 2466 1074 ejus
2522 1003 2877 1058 detrimenta
2923 1000 3124 1057 soletis
3171 1000 3229 1056 in
3278 1017 3441 1071 aquae
3471 1000 3706 1071 speculo

2067 1092 2457 1159 considerare,
2486 1098 2553 1147 ut
2574 1091 2719 1147 nihil
2742 1091 2995 1161 amplius
3025 1090 3271 1146 ullam...
3297 1090 3529 1146 credam
3554 1090 3707 1161 quod

2068 1183 2224 1254 magi
2257 1186 2490 1237 norunt.
2527 1183 2652 1251 Ipse
2696 1180 2873 1236 etiam
2914 1180 3001 1235 sol
3030 1198 3181 1252 saepe
3231 1178 3551 1236 defectione
3584 1184 3708 1234 ten-

2067 1274 2226 1326 tatus
2275 1274 2382 1325 est.
2444 1270 2669 1339 Fingite
2726 1268 3018 1339 quaslibet
3071 1269 3324 1324 rationes
3384 1268 3708 1325 caelestium

2069 1376 2335 1428 casuum,
2369 1376 2483 1414 non
2513 1358 2669 1414 volet
2700 1361 2843 1414 deus
2887 1365 2990 1413 aut
3035 1359 3223 1413 minor
3272 1359 3420 1427 ﬁeri,
3453 1364 3554 1413 aut
3582 1373 3712 1412 esse

2070 1448 2356 1522 desinere.
2389 1448 2651 1503 Viderint
2685 1448 2865 1518 igitur
2895 1448 3165 1503 humanae
3200 1447 3477 1502 doctrinas
3515 1452 3713 1519 patro-

2068 1537 2242 1607 cinia,
2285 1553 2407 1608 quas
2452 1537 2799 1608 conjectanti
2851 1536 3093 1591 artiﬁcio
3147 1536 3497 1609 sapientiam
3551 1552 3712 1591 men-

2068 1626 2294 1681 tiuntur
2324 1632 2380 1681 et
2408 1626 2731 1681 veritatem.
2764 1630 2911 1681 Nam
2956 1626 3100 1681 alias
3134 1630 3343 1680 natura
3393 1624 3477 1680 sic
3508 1629 3618 1695 est,
3650 1626 3716 1680 ut

2069 1714 2169 1784 qui
2202 1713 2414 1770 melius
2446 1714 2674 1780 dixerit,
2704 1714 2798 1768 hic
2828 1713 3020 1769 verius
3043 1711 3260 1768 dixisse
3289 1712 3575 1782 videatur,
3596 1726 3714 1766 non

2070 1803 2165 1873 qui
2197 1804 2415 1872 verius,
2449 1804 2500 1858 is
2530 1800 2763 1857 melius.

2136 1893 2194 1948 7.
2227 1894 2509 1948 Caeterum
2561 1891 2656 1946 cui
2698 1907 2791 1946 res
2839 1890 3287 1961 examinabitur,
3335 1889 3713 1946 verisimilius

2070 1979 2272 2051 utique
2304 1978 2458 2035 dicet
2506 1978 2793 2035 elementa
2840 1978 2954 2034 ista
2992 1979 3063 2034 ab
3116 1978 3314 2052 aliquo
3358 1979 3500 2051 regi,
3533 1994 3712 2049 quam

2067 2069 2289 2125 ultro...
2326 2069 2509 2141 igitur
2539 2085 2652 2124 non
2690 2069 2851 2140 deos,
2897 2085 3023 2139 qua
3063 2069 3174 2124 sub
3223 2067 3441 2140 aliquo.
3472 2070 3543 2123 At
3574 2068 3622 2122 si
3654 2067 3714 2123 in

2068 2157 2179 2214 isto
2210 2164 2459 2224 erratur,
2491 2158 2703 2214 melius
2733 2161 2822 2214 est
2848 2158 3217 2230 simpliciter,
3247 2174 3447 2229 quam,
3481 2162 3546 2213 ut
3576 2157 3715 2228 phy-

2068 2246 2549 2317 sioi,diligenter.
2602 2248 2713 2302 Sed
2764 2246 2919 2302 enim
2974 2246 3022 2302 si
3071 2247 3143 2301 ad
3193 2247 3477 2319 mythic...
3526 2250 3615 2301 tes
3643 2247 3710 2313 ‘9,

2069 2336 2281 2392 melius
2305 2335 2431 2405 jam
2461 2335 2520 2390 in
2573 2336 2814 2408 physico
2861 2336 3189 2391 mortalitas
3242 2340 3415 2403 errat,
3448 2335 3532 2392 eis
3563 2335 3714 2390 divi-

2067 2426 2313 2481 nitatem
2364 2425 2734 2489 ascribendo,
2784 2441 2911 2495 quae
2963 2441 3141 2496 super
3187 2424 3487 2480 hominem
3546 2428 3713 2495 putat

2067 2514 2183 2570 situ
2214 2519 2270 2569 et
2326 2513 2381 2568 vi
2433 2518 2489 2568 et
2546 2513 2955 2585 magnitudine
3003 2519 3059 2569 et
3114 2513 3419 2569 divinitate
3467 2513 3707 2582 sentiri;

2068 2603 2225 2674 quod
2256 2602 2414 2658 enim
2436 2619 2612 2675 super
2640 2602 2961 2669 hominem,
2984 2603 3187 2659 credas
3217 2602 3332 2659 Deo
3355 2603 3708 2675 proximum.
3786 2622 3793 2628 ·

2068 2691 2351 2747 Caeterum
2387 2696 2451 2747 ut
2480 2692 2549 2746 ad
2583 2691 2901 2763 mythicam
2926 2696 3317 2757 transeamus,
3349 2692 3503 2762 quod
3527 2691 3712 2763 poetis

2068 2781 2405 2853 deputatur,
2430 2782 2625 2837 nescio
2649 2799 2719 2836 an
2743 2786 3043 2836 tantum...
3068 2780 3452 2837 mediocritati
3476 2786 3709 2849 nostrae,

2070 2886 2142 2925 an
2174 2870 2326 2925 tanti
2358 2870 2427 2924 de
2458 2870 2825 2925 documentis
2857 2869 3181 2925 divinitatis
3223 2871 3423 2926 coni...
3453 2874 3515 2925 ut
3547 2870 3712 2940 Mop-

2070 2976 2173 3015 sus
2204 2959 2517 3013 Africanus
2561 2962 2617 3014 et
2664 2963 2896 3014 Bmotus
2950 2959 3340 3030 Amphiaraus
3392 2959 3520 3030 (85).
3561 2957 3711 3013 Deli-

2069 3049 2264 3104 banda
2294 3048 2450 3103 enim
2483 3063 2637 3102 nunc
2669 3051 2758 3102 est
2804 3048 3028 3119 species
3083 3049 3216 3117 ista,
3248 3048 3418 3118 cujus
3448 3064 3556 3102 suo
3586 3046 3711 3102 loco

2070 3136 2216 3192 ratio
2244 3137 2536 3192 reddetur.
2585 3136 2824 3191 Interim
2877 3136 2986 3193 hos
3034 3141 3188 3192 certe
3236 3136 3504 3192 homines
3531 3134 3713 3190 fuisse

2070 3225 2157 3282 vel
2188 3242 2253 3282 eo
2280 3225 2473 3298 palam
2505 3230 2615 3292 est,
2651 3226 2802 3297 quod
2836 3242 2952 3281 non
3001 3230 3335 3282 constanter
3381 3227 3519 3281 deos
3552 3224 3711 3294 illos,

2070 3316 2169 3371 sed
2203 3315 2410 3370 heroas
2442 3314 2768 3386 appellatis.
2802 3315 2949 3378 Quid
2990 3331 3125 3386 ergo
3169 3314 3625 3370 contendimus?
3654 3314 3711 3368 Si

2068 3404 2394 3460 addicenda
2420 3404 2667 3459 mortuis
2715 3403 2991 3459 divinitas
3039 3410 3182 3460 erat.
3224 3421 3339 3460 non
3390 3404 3593 3474 utique
3623 3408 3710 3459 ta-

2069 3494 2225 3549 libus
2245 3493 2272 3547 ?
2301 3494 2444 3548 Ecce
2470 3509 2569 3548 vos
2593 3509 2725 3548 cum
2749 3494 2950 3547 eadem
2972 3492 3209 3548 licentia
3233 3491 3710 3565 praesumptionis

2066 3580 2350 3653 sepulcris
2381 3597 2580 3651 regum
2605 3587 2926 3636 vestrorum
2952 3570 3160 3636 ccslum
3188 3580 3708 3651 infamatis,nonne

2026 3737 2030 3741 ε
2067 3671 2340 3742 probatos
2372 3687 2633 3742 quosque
2663 3670 2919 3741 justitia,
2951 3672 3185 3737 virtute,
3221 3671 3434 3743 pietate
3464 3676 3521 3726 et
3549 3668 3710 3725 omni

2064 3759 2216 3815 bono
2274 3760 2564 3829 ejusmodi
2615 3759 3072 3815 consecrationis
3120 3758 3330 3815 solatio
3380 3758 3707 3814 honestatis

2063 3847 2319 3903 contenti
2350 3864 2453 3919 pro
2498 3846 2716 3902 talibus
2756 3847 2932 3903 etiam
2975 3847 3205 3903 irrideri
3255 3849 3602 3919 pejerantes.
3635 3849 3708 3901 At

2062 3952 2093 3991 θ
2123 3935 2412 3991 contrario
2442 3935 2676 4007 impios,
2704 3939 2904 4007 turpes
2927 3937 3103 3991 etiam
3138 3936 3401 4008 pristinis
3432 3936 3703 3990 humanas

2060 4024 2257 4097 glorias
2287 4024 2542 4096 praemiis
2582 4023 2844 4095 aufertis,
2892 4025 3126 4080 decreta
3161 4040 3363 4081 eorum
3413 4030 3470 4080 et
3500 4023 3705 4079 titulos

2058 4112 2392 4178 lancinatis,
2426 4112 2714 4185 imagines
2745 4112 3072 4179 detrahitis,
3105 4118 3400 4168 monetam
3433 4126 3704 4184 repercu-

2057 4201 2181 4258 titis
2213 4202 2349 4273 (86).
2383 4201 2483 4257 Ille
2514 4205 2709 4257 autem
2741 4205 3084 4273 conspector
3113 4202 3400 4269 omnium,
3436 4217 3702 4272 compro-

2058 4290 2245 4358 bator,
2277 4289 2395 4346 imo
2445 4290 2685 4364 largitor
2741 4291 3050 4360 bonorum,
3091 4294 3264 4348 tantas
3319 4288 3699 4363 indulgentias

1706 4472 1910 4536 Varia:
1964 4472 2287 4534 lectiones.

349 4610 400 4647 ‘9
426 4609 629 4681 Rigalt.
659 4608 842 4681 suppl.
867 4608 945 4681 Et
974 4624 1123 4681 quos
1149 4610 1300 4681 tecta
1324 4606 1684 4681 opprimunt,
1719 4624 1835 4664 non
1864 4607 2114 4681 tegulas,
2150 4611 2275 4681 etc.
2335 4607 2376 4641 ⁴¹
2411 4605 2774 4681 Gothofredus
2800 4606 3113 4664 utilitatem
3135 4621 3239 4665 seu
3256 4607 3652 4665 accessionem
3672 4607 3701 4664 ?

282 4678 530 4739 Haveré.
561 4682 631 4738 ad
658 4678 821 4755 Apdl.
853 4678 961 4751 43;
991 4678 1101 4738 util
1132 4684 1189 4737 et
1215 4678 1512 4738 lissidnem
1543 4679 1566 4735 ἓ
1639 4679 1685 4714 ⁴²
1714 4682 1789 4737 Le
1815 4678 1981 4737 Ρνίὁν
2000 4680 2179 4753 suppl.
2210 4680 2281 4736 ad
2313 4678 2603 4751 mythicas
2626 4684 2802 4735 artes.

1739 4850 2261 4913 Commentarius.

356 4983 473 5055 (84)
508 4983 812 5058 conﬁtetur
861 4988 914 5041 et
966 4986 1117 5041 luna.
1178 4984 1456 5058 Defectus
1500 4981 1644 5039 solis
1689 4988 1746 5038 et
1792 4982 1943 5039 luna:

2065 4983 2153 5058 {ip
2189 4978 2315 5035 οὐδὲ
2345 4979 2654 5058 ’ᾼλκμαίων
2690 4979 2978 5058 Ἐχψάδας
3012 4982 3203 5058 εὑρὼν.
3236 4979 3312 5038 ἔτι
3342 4990 3441 5053 τῆς
3482 4981 3698 5058 πλάνης

277 5055 521 5130 labores
554 5055 649 5111 hic
676 5056 955 5130 attingit;
1006 5058 1150 5113 luna
1188 5056 1393 5130 nsmde
1444 5056 1808 5130 incrementa
1835 5073 1944 5112 sua

276 5127 465 5182 habet
493 5144 527 5182 a
558 5126 864 5184 novilunio
906 5145 1009 5185 seu
1055 5129 1364 5184 neomenia
1413 5128 1485 5182 ad
1525 5126 1941 5199 plenilunium,

274 5205 335 5325 (Et
397 5199 782 5322 Pdetrimenta
864 5216 898 5256 a
988 5199 1311 5272 plenilunio
1388 5200 1461 5254 ad
1546 5199 1939 5256 novilunium.

325 5286 361 5323 ε
444 5286 501 5323 a.

325 5286 361 5323 ε
398 5286 501 5323 I’R.

348 5340 471 5411 (85)
529 5340 602 5413 Et;
634 5344 875 5413 ﬂectus
926 5341 1317 5411 Amphiaraus.
1376 5339 1722 5413 Alcmieonis
1777 5344 1943 5413 pater

271 5410 399 5467 fuit
430 5410 852 5484 Amphiaraus,
903 5410 1070 5484 cujus
1124 5413 1288 5483 iussu
1340 5412 1660 5484 Eriphilsm
1694 5410 1939 5469 matrem

269 5484 607 5558 interemit,
638 5489 1038 5558 conceptoque
1075 5500 1143 5539 ex
1175 5484 1275 5540 illo
1324 5485 1538 5541 scelere
1566 5486 1815 5541 immani
1847 5486 1937 5541 fu-

269 5572 414 5613 rore
443 5557 816 5613 errabundus
839 5562 1012 5628 atque
1033 5571 1235 5611 amens
1264 5558 1589 5627 vagabatur
1612 5576 1624 5625 ;
1649 5574 1782 5613 cum
1804 5572 1939 5613 vero

269 5631 348 5685 ad
406 5644 587 5700 unam
636 5644 704 5684 ex
754 5628 1409 5700 Echinadibushinsulie
1455 5630 1835 5700 pervenisset,
1868 5646 1937 5685 ex

267 5699 509 5756 oraculi
539 5700 887 5757 recensione
911 5702 1107 5756 furore
1126 5697 1410 5755 liberatus
1427 5697 1538 5757 est.
1562 5701 1727 5757 Unde
1749 5702 1807 5757 S.
1833 5701 1937 5756 Ba-

271 5770 456 5827 silius
487 5768 753 5828 scrihens
775 5772 846 5829 ad
870 5775 934 5828 Β.
966 5769 1312 5845 Gregorium
1368 5772 1639 5831 Nazianz.
1666 5788 1679 5830 :
1710 5770 1931 5835 Πάντως

2077 5053 2336 5127 λνὲσχετο.
2373 5055 2509 5127 Illos
2557 5053 3013 5112 autem"hsroas
3065 5053 3131 5112 ac
3181 5058 3319 5112 deos
3364 5053 3697 5114 fabularum

2053 5126 2298 5182 audacia
2327 5126 2580 5200 defendi,
2605 5133 2858 5183 testatur
2904 5128 3217 5200 Gregorius
3265 5129 3514 5184 Nazianz
3550 5135 3696 5196 orat,

2049 5200 2119 5254 20
2150 5199 2209 5253 in
2241 5200 2441 5253 funere
2474 5198 2531 5253 Β.
2565 5199 2784 5254 Basilii.
2822 5202 2983 5255 Iesu.

2122 5272 2237 5345 \86)
2264 5270 2534 5345 Monetam
2562 5274 2953 5345 repercutitis._
2985 5272 3306 5345 Conﬂatam
3341 5271 3581 5345 scilicet,
3613 5273 3696 5329 al-

2048 5340 2234 5425 terius
2265 5340 2551 5425 principis
2581 5340 2710 5425 typo
2738 5343 3059 5425 percutitis.
3093 5344 3497 5425 Nam-reprobi
3525 5340 3697 5425 num:

2048 5360 2234 5426 terius
2265 5360 2551 5425 principis
2581 5360 2710 5469 typo
2738 5360 3059 5415 percutitis.
3093 5360 3237 5399 nam
3263 5360 3493 5416 reprom
3525 5362 3693 5401 num-

2048 5430 2151 5483 mi,
2184 5430 2323 5485 quia
2353 5422 2524 5485 prstn
2555 5431 2633 5469 nu
2661 5419 2796 5480 lius.
2828 5421 2885 5472 et
2926 5418 3297 5473 commerciis
3327 5418 3586 5483 inutiles,
3620 5418 3693 5471 ad

2047 5502 2144 5540 eos
2178 5486 2591 5541 deferebantur
2637 5489 2851 5544 auibus
2902 5493 3026 5544 erat
3068 5490 3217 5544 auri.
3265 5490 3515 5544 argenti.
3564 5487 3693 5541 seris

2047 5504 2144 5540 eos
2178 5504 2591 5541 oetereoantur
2637 5504 2851 5557 quibus
2902 5504 3026 5544 erat
3068 5506 3217 5558 auri,
3265 5504 3515 5561 argenti,
3564 5504 3693 5541 seris

2047 5556 2314 5639 {flandi‘et
2366 5557 2619 5639 ferjundi
2668 5566 2918 5639 curanet
2966 5565 3241 5639 potestas.
3301 5559 3694 5639 Talesiuisse

2045 5628 2399 5685 Claudianos
2434 5629 2531 5685 Dio
2563 5631 2768 5699 tradit,
2790 5631 2891 5687 lib.
2926 5628 3017 5687 ui:
3044 5632 3145 5686 Sed
3163 5632 3234 5685 de
3262 5633 3520 5699 conﬂatis
3538 5632 3691 5699 fusas

2043 5701 2348 5773 Messalinae
2369 5702 2813 5773 jussuﬂMeuestri
2856 5707 3067 5759 statuas
3111 5701 3460 5769 indignatus.
3497 5702 3549 5755 Is
3578 5699 3693 5773 fuit

2043 5771 2275 5845 histrio,
2307 5771 2479 5845 quem
2510 5772 2611 5830 illa
2659 5773 2977 5847 deperibat.
3031 5772 3197 5828 Tales
3238 5787 3476 5843 quoque
3508 5772 3692 5828 fuisse
