4094 6186
421 305 538 363 667

929 309 1456 368 'l‘EllTULLlANI
1503 309 1823 368 OPERUM
1878 309 2076 367 PARS
2124 307 2170 366 Ι.
2206 341 2281 349 -
2326 305 2600 367 SElllES
2650 308 2695 383 Ι,
2743 304 3307 365 APOLOGETICA.

3666 308 3770 367 668

426 456 546 494 suae
584 438 1006 494 ordinationem
1040 440 1211 511 vulgo
1271 441 1588 511 prostituet
1644 445 1700 496 et
1749 440 1881 513 plus
1938 440 2068 496 dili-
2099 442 2154 507 Α
2254 442 2306 495 8.
2348 444 2623 512 Superest
2670 439 2884 512 gentile
2927 437 3074 492 illud
3131 454 3308 508 genus
3365 438 3510 492 inter
3556 439 3774 510 populos

424 529 632 599 gentia
664 532 839 598 atque
869 529 1104 599 iustitia
1139 530 1478 585 hominibus
1513 530 1708 585 licebit
1737 531 1812 601 [in
1871 530 2070 585 distri-

429 616 674 672 buendis
732 617 1136 673 divinitatibus
1185 622 1436 689 sapere?
1505 620 1840 674 Mundiores
1901 623 2074 674 erunt

428 722 630 777 regum
656 712 711 761 et
742 707 1073 777 principum
1108 708 1353 762 eomites
1414 726 1590 780 quam
1651 709 1868 762 summi
1928 708 2072 762 Dei?

426 796 649 866 Atquin
690 796 937 851 horretis
970 805 1027 851 et
1087 797 1458 865 aversamini,
1510 815 1702 869 vagos,
1748 796 2070 865 exsules..,.

427 883 669 951 debiles,
704 885 938 939 sordide
973 892 1159 954 natos,
1195 887 1345 942 595
1382 887 1692 942 inhoneste
1727 886 2071 952 institutos;

427 979 631 1028 contra
690 975 967 1044 incestos,
1028 975 1345 1044 adulteros,
1402 980 1684 1046 raptores,
1750 975 2073 1047 parricidas

428 1062 603 1118 etiam
636 1064 863 1134 legibus
894 1065 1250 1120 exserendis.
1299 1065 1628 1120 Ridendum
1684 1082 1756 1119 an
1814 1066 2070 1120 irascen-

431 1152 567 1206 dum
591 1151 687 1219 sit,
721 1151 868 1207 tales
901 1153 1038 1208 deos
1063 1154 1240 1221 credi,
1276 1153 1478 1224 quales
1497 1155 1763 1210 homines
1796 1172 1925 1211 esse
1956 1172 2072 1210 non

431 1241 728 1296 debeant?
753 1242 865 1296 Sod
900 1242 1056 1296 enim
1089 1243 1146 1295 in
1181 1243 1291 1297 isto
1326 1243 1580 1314 mythico
1624 1261 1853 1315 genere,
1914 1246 2068 1315 quod

429 1335 608 1399 poeta:
632 1330 846 1396 ferunt,
878 1347 1054 1401 quam
1087 1331 1290 1385 incerti
1314 1333 1484 1402 agitis
1517 1333 1669 1387 circa
1702 1333 2070 1388 conscientia

429 1421 714 1490 pudorem
748 1425 803 1474 et
836 1421 1078 1490 pudoris
1110 1421 1548 1477 defensionem!
1591 1423 1736 1476 Nam
1795 1422 2069 1494 quotiens

427 1508 903 1581 mise....turpia,
926 1509 1014 1563 vel
1044 1511 1263 1566 atrocia
1319 1512 1560 1567 deorum
1610 1512 2066 1582 exprobramus;

429 1596 837 1668 altegationem
866 1598 1018 1669 poeti
1064 1616 1210 1654 .....e
1267 1603 1330 1654 ut
1392 1600 1656 1655 fabulosa
1706 1599 2065 1655 defenditis!

429 1686 702 1757 quotiens
735 1687 885 1741 ultro
920 1687 1127 1742 siletur
1185 1689 1255 1743 de
1302 1689 1590 1759 ejusmodi
1648 1689 1894 1758 poetica,
1956 1706 2068 1744 non

2182 531 2445 599 deorum,
2477 547 2624 602 quos
2655 529 2899 584 libidine
2932 531 3222 599 sumptos,
3280 543 3390 581 non
3437 543 3533 597 pro
3584 529 3768 583 notitia

2180 620 2462 685 veritatis,
2497 621 2664 674 docet
2697 619 2918 690 privata
2952 617 3179 672 notitia.
3205 616 3380 671 Deum
3430 632 3554 686 ergo
3600 616 3775 672 existi-

2181 725 2272 762 mo
2305 710 2518 778 ubique
2549 714 2775 777 notum,
2807 707 3024 778 ubique
3057 709 3420 778 praesentem,
3456 704 3658 776 ubique
3691 706 3779 760 do-

2181 798 2527 862 minantem,
2563 798 2855 863 ;omnibus
2913 795 3243 862 colendum,
3303 794 3565 850 omnibus
3614 795 3781 848 deme-

2185 886 2460 941 rendum.
2495 891 2568 940 At
2628 885 2784 940 enim
2841 902 2974 940 cum
3027 884 3108 938 illi
3158 899 3406 956 quoque,
3455 899 3594 953 quos
3646 886 3782 937 totus

2187 974 2346 1030 orbis
2377 975 2772 1030 communiter
2801 974 2958 1040 colit,
2991 974 3263 1030 excidant
3293 973 3441 1030 596
3483 969 3786 1043 probationi

2179 1080 2324 1119 veraa
2354 1063 2700 1130 divinitatis,
2729 1068 2949 1136 quanto
2982 1063 3171 1135 magis
3216 1062 3334 1131 isti,
3393 1078 3534 1132 quos
3580 1076 3646 1115 ne
3688 1058 3786 1131 ipsi

2181 1153 2418 1225 quidem
2453 1153 2789 1225 municipes
2816 1155 2905 1208 sui
2939 1153 3202 1208 norunt?
3234 1152 3376 1208 Nam
3428 1167 3549 1221 quis
3603 1148 3791 1203 idonea

2181 1242 2498 1297 auctoritas
2533 1242 2910 1314 prwcucurrit
2957 1241 3248 1312 ejusmodi
3298 1238 3788 1310 theologi&,quam

2179 1330 2356 1386 etiam
2392 1333 2546 1386 fama
2567 1331 2883 1385 destituit?
2915 1331 3124 1394 Quanti
3157 1335 3314 1396 sunt,
3348 1329 3442 1400 qui
3468 1326 3655 1382 norint
3679 1325 3791 1378 visu

2179 1421 2268 1475 vel
2292 1421 2496 1474 auditu
2529 1421 2832 1491 Atargatin
2855 1424 3152 1492 Syrorum,
3185 1419 3483 1474 leestem
3530 1416 3792 1478 Afrorum,

2177 1509 2554 1564 Varsutiuam
2602 1513 2961 1579 Maurorum,
2994 1509 3232 1564 Obodan
3267 1514 3325 1562 et
3372 1512 3621 1561 Dusaren
3669 1508 3792 1556 Ara-

2183 1600 2347 1663 bum,
2382 1597 2660 1652 Belenum
2695 1598 2993 1663 Noricum,
3045 1597 3152 1663 vel,
3209 1614 3356 1667 quos
3405 1595 3582 1651 Varro
3635 1591 3795 1663 ponit,

2188 1688 2620 1743 Casiniensium
2651 1688 3077 1753 Delventinnm,
3105 1684 3518 1741 Narniensium
3574 1679 3798 1734 Visidia-

428 1775 601 1830 modo
635 1792 747 1830 non
783 1776 1052 1841 horretis,
1087 1779 1184 1833 sed
1220 1777 1462 1849 insuper
1519 1779 1841 1847 honoratis,
1894 1783 2068 1848 utque
2103 1816 2147 1879 Β
2180 1793 2343 1842 num,
2391 1776 2842 1831 Atheniensium
2875 1774 3330 1837 Numantinum,
3386 1769 3800 1827 [Esculanorum

435 1865 444 1875 ι
810 1867 840 1874 --
980 1867 1036 1879 ,ιι
1167 1867 1178 1879 1
1248 1869 1256 1879 -
1324 1867 1359 1879 ,ο
1451 1867 1488 1879 ἢ
1579 1869 1588 1877 ι
1918 1868 1929 1879 ι
2197 1871 2206 1879 ι
2305 1865 2316 1879 ι
2416 1867 2426 1876 ο
2626 1871 2633 1879 .
3179 1863 3190 1874 ο
3284 1863 3326 1879 ιο
3372 1855 3792 1879 ιτκιξξ,ξ---ε....ι

430 1865 488 1919 in
530 1867 878 1920 necessariis
909 1867 1132 1920 artibus
1167 1867 1417 1922 habetis.
1451 1867 1711 1939 Denique
1770 1884 1869 1939 per
1918 1868 2068 1922 hanc

430 1953 806 2008 initiatricem
870 1954 1211 2009 litteratura:
1257 1957 1639 2027 ingenuitatis
1699 1958 1897 2012 studia
1944 1975 2071 2027 pro-

437 2041 671 2096 ducitis.
727 2043 1144 2098 Criminatores
1217 2046 1458 2099 deorum
1519 2051 1717 2116 poetas
1778 2045 2069 2100 eliminari

435 2129 599 2185 Plato
619 2130 1083 2202 consuit,ipsum
1116 2134 1425 2188 Homerum
1459 2151 1599 2189 sane
1629 2138 1970 2190 coronatum
1997 2136 2075 2190 ci-

438 2218 612 2272 vitate
643 2219 1000 2290 pellendum.
1034 2224 1104 2275 At
1135 2239 1266 2276 cum
1311 2223 1612 2293 excipiatis
1669 2223 1800 2279 illos
1849 2229 1904 2278 et
1950 2224 2081 2279 reti-

441 2307 652 2373 neatis,
711 2326 816 2363 cur
876 2327 990 2364 non
1050 2312 1300 2366 credatis
1361 2313 1499 2367 talia
1556 2313 1951 2368 retexentibus
2011 2315 2080 2367 de

444 2396 567 2451 dcis
589 2397 842 2453 vestris?
878 2399 1058 2469 lgitur
1080 2399 1125 2454 si
1151 2400 1390 2456 creditis
1424 2401 1632 2470 poetis,
1695 2419 1798 2456 cur
1848 2403 2080 2458 Iaudem

445 2486 829 2541 mendacibus
859 2487 1044 2556 fertis,
1071 2506 1174 2544 nec
1220 2492 1435 2545 cavetis
1483 2508 1553 2545 ne
1611 2492 1917 2546 offendatis
1961 2509 2082 2557 eos,

447 2592 694 2645 quorum
752 2578 1166 2633 detrectatores
1222 2579 1560 2634 honoratis?
1620 2581 1769 2635 Sane
1847 2581 1990 2635 fides
2053 2598 2085 2634 a

446 2665 631 2733 poetis
663 2681 778 2720 non
812 2665 1115 2737 exigenda.
1149 2667 1352 2722 Nonne
1383 2669 1478 2738 qui
1514 2668 1709 2723 dicitis
1770 2670 1909 2725 deos
1952 2675 2087 2741 post

444 2757 691 2808 mortem
719 2755 922 2823 factos,
958 2755 1592 2812 hominesconﬁlemini
1625 2764 1758 2813 ante
1792 2763 2036 2813 mortem
2059 2758 2086 2813 ‘I

442 2840 588 2907 Quid
621 2858 758 2912 ergo
791 2843 945 2910 noxi,
971 2843 1041 2910 si,
1075 2845 1174 2913 qui
1208 2843 1478 2901 homines
1512 2846 1748 2913 fuerint,
1803 2846 2086 2902 humanis

445 2933 544 2985 aut
567 2931 797 2986 casibus
821 2936 922 2986 aut
951 2931 1293 2989 criminibus
1325 2941 1426 2989 aut
1451 2935 1665 2990 fabulis
1698 2935 2088 3007 polluuntur?

444 3023 571 3076 Non
599 3021 836 3076 creditis
867 3022 1074 3093 poetis,
1133 3040 1266 3078 cum
1325 3025 1396 3079 de
1449 3024 1830 3081 relationibus
1882 3043 2086 3082 eorum

445 3107 620 3163 etiam
654 3125 821 3164 sacra
864 3125 1132 3179 quaenam
1188 3112 1646 3184 disposueritis‘?
1693 3116 1806 3170 Cur
1864 3115 2090 3185 rapitur
2134 3183 2144 3185 _
2197 3115 2352 3170 inter
2376 3118 2612 3168 caeteros
2644 3113 2871 3181 fratres,
2914 3113 3015 3167 sed
3073 3111 3451 3167 excelsior....
3505 3110 3576 3164 ab

2182 1865 2554 1932 Anchariam,
2586 1871 2643 1921 et
2672 1883 2845 1935 quam
2883 1863 3257 1935 praevenerim
3281 1863 3346 1928 ⁵³,
3372 1855 3795 1918 Volsiniensium

2181 1956 2463 2022 Nortiam,
2495 1973 2743 2028 quorum
2769 1972 2840 2010 ne
2865 1955 3170 2010 nominum
3194 1954 3433 2023 quidem
3457 1946 3801 2020 dignitashu-

2186 2046 2377 2101 manis
2405 2045 2856 2118 cognominibus
2881 2043 3264 2099 distat?Satis
3297 2042 3456 2096 rideo
3483 2039 3646 2095 etiam
3678 2037 3797 2090 deos

2186 2137 2529 2191 decuriones
2560 2138 2844 2206 cujusque
2875 2133 3200 2204 municipii,
3235 2132 3451 2203 quibus
3504 2129 3680 2183 honor
3716 2125 3794 2179 in-

2188 2230 2277 2280 tra
2302 2242 2500 2279 muros
2533 2241 2672 2280 suos
2703 2223 3144 2278 determinatur.
3174 2221 3305 2276 Haec
3362 2220 3599 2274 libertas
3644 2214 3798 2283 adop-

2190 2314 2502 2368 tandorum
2538 2314 2780 2368 deorum
2833 2328 3138 2383 quousque
3191 2308 3519 2382 profecerit,
3576 2303 3799 2376 Εεγίἰο-

2195 2419 2322 2457 rum
2358 2403 2806 2472 superstitiones
2837 2402 3064 2469 docent,
3090 2400 3188 2471 qui
3215 2399 3394 2454 etiam
3453 2394 3663 2452 bestias
3707 2391 3806 2462 pri-

2194 2497 2357 2547 vatas
2389 2492 2607 2556 colunt,
2631 2509 2732 2562 p...
2765 2490 3083 2545 crocodilos
3115 2495 3170 2543 et
3203 2504 3456 2559 anguem
3491 2501 3676 2541 suum.
3717 2481 3806 2535 Pa-

2196 2596 2324 2634 rum
2378 2583 2467 2634 est
2498 2580 2546 2634 si
2585 2580 2759 2634 etiam
2814 2579 3109 2634 hominem
3165 2578 3599 2632 consecrarunt.
3656 2570 3806 2625 Illum

2197 2671 2347 2738 dico,
2381 2686 2555 2740 quem
2590 2686 2702 2724 non
2729 2670 2854 2739 jam
2880 2671 3162 2738 )Egyptus
3181 2671 3283 2721 aut
3339 2663 3574 2729 Graecia,
3629 2673 3808 2715 verum

2195 2764 2352 2814 totus
2385 2757 2610 2813 orbis...
2644 2757 2764 2812 Afri
2793 2758 3032 2826 jurant;
3069 2756 3323 2825 decujus
3346 2759 3502 2811 statu
3535 2751 3665 2824 quid
3691 2766 3814 2804 con-

2187 2848 2291 2918 jici
2322 2851 2513 2918 potest
2541 2847 2696 2918 apud
2742 2849 2973 2900 nostras
3005 2844 3229 2899 litteras
3290 2849 3358 2899 ut
3403 2838 3710 2899 verisimile
3744 2835 3812 2890 vi-

2197 2937 2368 2992 detur
2398 2936 2656 3008 positum
2687 2941 2794 2991 est.
2821 2940 2960 2989 Nam
2979 2933 3215 3005 Serapis
3249 2934 3363 2989 iste
3412 2931 3648 3003 quidam
3698 2925 3816 2982 olim

2195 3026 2413 3097 Joseph
2472 3025 2651 3096 (88)..,
2702 3023 2810 3078 fuit
2853 3024 2923 3078 de
2970 3038 3181 3093 genere
3231 3025 3595 3086 sanctorum,
3640 3015 3818 3087 junior

2197 3115 2352 3160 inter
2376 3118 2612 3160 βαδίξει-οε
2644 3113 2871 3160 fratres-
2914 3113 3013 3160 sed
3073 3111 3451 3160 excelsior,
3505 3110 3576 3160 ab
3633 3105 3817 3160 iisdem

3633 3118 3817 3161 nsaem

447 3197 720 3252 sacerdos
752 3199 1010 3265 Cereris,
1044 3199 1092 3252 si
1124 3216 1237 3254 non
1272 3201 1384 3255 tale
1414 3205 1596 3256 Caeres
1625 3219 1796 3272 passa
1824 3183 1949 3258 est?
1975 3206 2088 3257 Cur
2119 3183 2160 3250 Ο
2199 3203 2480 3258 fratribus
2503 3219 2605 3275 per
2634 3201 2872 3258 livorem
2895 3216 3110 3256 venum
3166 3200 3226 3255 in
3286 3201 3601 3273 [Egyptum
3650 3195 3819 3255 datus,

444 3288 693 3339 Saturno
725 3285 899 3340 alieni
930 3286 1096 3341 liberi
1119 3287 1572 3356 immolantur,si
1604 3289 1700 3344 ille
1732 3292 1857 3346 suis
1889 3309 2092 3363 peper-

447 3373 574 3428 cit?
606 3375 873 3430 CurIdeae
894 3377 1190 3432 masculus
1222 3384 1585 3449 amputatur,
1605 3381 1654 3435 si
1675 3381 1873 3435 nullus
1897 3381 1980 3435 illi
2007 3383 2090 3436 fa-

448 3462 781 3518 stidiosiora
802 3464 1140 3520 adolescens
1171 3466 1433 3522 libidinis
1466 3469 1754 3524 frustratae
1779 3471 1975 3526 dolore
1999 3488 2090 3525 ca-

451 3555 673 3606 stratus
695 3552 824 3608 est?
844 3558 956 3608 Cur
978 3555 1322 3611 Herculeum
1341 3557 1661 3628 polluctum
1687 3560 1796 3630 (87)
1819 3559 2092 3615 mulieres

453 3640 758 3695 Lanuvinis
792 3659 905 3696 non
938 3645 1255 3714 gustant,si
1292 3663 1402 3700 non
1429 3646 1741 3702 mulierum
1775 3665 1952 3703 causa
1976 3647 2091 3719 p..?

454 3729 818 3784 Mentiuntur
845 3748 987 3787 sane
1020 3732 1245 3803 poetae?
1277 3735 1378 3789 sed
1413 3753 1526 3790 non
1561 3737 1688 3792 ideo
1739 3738 1895 3806 quod
1955 3737 2094 3792 talia

451 3819 756 3886 gesserint.
803 3861 814 3874 .
852 3860 864 3872 .
918 3821 1186 3877 homines
1243 3840 1390 3894 quas
1448 3825 1743 3879 defuerint
1789 3841 1892 3880 nec
1936 3827 2091 3896 quod

449 3907 675 3963 divinas
735 3909 1113 3982 ascripserint
1173 3913 1297 3968 fo...
1349 3914 1696 3981 divinitatis,
1741 3931 1874 3969 cum
1953 3916 2096 3971 inte-

450 3997 561 4052 rim
591 3998 753 4054 vobis
786 4000 1123 4056 credibilius
1157 4003 1350 4057 visum
1403 4006 1492 4057 est
1543 4003 1681 4059 deos
1727 4004 1928 4073 fuisse,
1991 4006 2092 4060 sed

450 4102 566 4142 non
597 4086 766 4156 tales,
801 4105 973 4160 quam
1005 4089 1169 4161 tales,
1203 4092 1303 4145 sed
1341 4108 1454 4146 non
1487 4092 1647 4148 deos.

2201 3293 2476 3348 saeviebat
2507 3291 2566 3346 in
2592 3289 2817 3345 familia
2848 3289 3001 3360 regis
3032 3288 3431 3360 Egyptiorum
3464 3286 3576 3359 (89)
3602 3284 3825 3344 Pharao,

2200 3398 2234 3436 a
2265 3381 2462 3450 regina
2495 3381 2690 3434 minus
2722 3379 2929 3450 pudica
2959 3377 3355 3448 desideratus,
3391 3378 3493 3432 sed
3542 3374 3676 3447 quia
3727 3386 3825 3425 non

2201 3470 2655 3540 obsequebatur,
2697 3485 2727 3523 e
2786 3468 3076 3522 contrario
3135 3468 3206 3522 ab
3249 3468 3462 3522 eadem
3513 3465 3751 3526 delatus,
3799 3474 3827 3512 ἃ

2202 3574 2334 3629 rege
2365 3559 2422 3612 in
2456 3573 2744 3612 carcerem
2797 3558 2989 3611 datur.
3039 3556 3161 3610 Illic
3214 3556 3456 3610 somnia
3503 3550 3828 3626 quibusdam

2204 3665 2319 3703 non
2378 3663 2677 3718 perperam
2764 3645 3202 3716 interpretatus,
3263 3644 3388 3714 vim
3449 3642 3688 3716 spiritus
3758 3635 3834 3691 sui

2203 3737 2483 3792 ostendit.
2536 3739 2764 3790 Interea
2815 3749 2914 3788 rex
2974 3749 3208 3804 quoque
3267 3733 3514 3788 somnia
3582 3724 3837 3786 terribilia

2203 3826 2471 3896 quaedam
2506 3824 2614 3892 illi,
2647 3823 2924 3878 detractis
2975 3839 3124 3892 quos
3170 3824 3616 3890 convocaverat,
3674 3815 3836 3872 voluit

2203 3930 2508 3986 exponere.
2543 3912 2761 3984 Joseph
2793 3911 3203 3983 expedimenta
3235 3912 3304 3965 de
3331 3926 3568 3966 carcere
3605 3905 3836 3968 edocuit,

2203 4004 2499 4060 somnium
2530 4002 2648 4073 regi
2677 4002 2902 4073 aperit:
2963 4000 3097 4056 illos
3130 4001 3306 4055 boves
3354 4005 3586 4071 septem
3625 3993 3838 4068 opimis-

2205 4094 2407 4160 simos,
2440 4092 2792 4162 defluentes,
2825 4089 3067 4148 totidem
3098 4105 3395 4146 annorum
3429 4091 3749 4145 ubertatem
3777 4082 3843 4137 si-

1889 4250 2090 4312 Variae
2120 4250 2441 4313 lectiones.

527 4354 571 4387 ⁴³
600 4355 807 4425 Rigalt.
834 4354 1159 4414 Praeverim.

1897 4473 2425 4538 Commentarios.

455 4598 826 4671 Neronianos
848 4602 1103 4671 arguunt
1133 4599 1252 4655 haec
1285 4599 1510 4654 Arriani
1547 4599 1918 4671 Epictetica;
1963 4599 2097 4655 Τίνα

457 4665 571 4742 ἔχει
603 4672 694 4725 τὸν
729 4665 1048 4744 χαρκαῖῆρα
1078 4675 1237 4724 τοῦτο
1294 4671 1354 4724 τὸ
1401 4665 1780 4746 τετράσᾰαρον,

455 4740 643 4819 ’Ῥζψᾳν
675 4738 802 4819 ἕξῳν
837 4739 1098 4813 ἀδόκιμόν
1123 4740 1256 4819 seu,
1291 4743 1684 4819 aanpdv._BIG.

526 4816 638 4886 (87)
697 4817 1018 4870 Herculeum
1068 4815 1414 4885 polluctum.‘
1458 4815 1781 4870 Polluctum
1835 4815 2096 4871 Ilerculis

457 4893 581 4942 erat
613 4887 1055 4942 Esculentorum
1087 4888 1311 4942 decima
1344 4905 1498 4958 pars,
1535 4904 1660 4956 quae
1715 4888 1944 4942 Herculi
1995 4889 2095 4941 da-

457 4958 650 5013 batur.
685 4961 854 5030 Apud
884 4958 1176 5013 Plautum.
1213 4959 1753 5030 Herculipollucere
1810 4959 2098 5030 decimam

458 5029 1017 5100 partem.Putabant
1049 5031 1324 5084 nimirum
1353 5031 1410 5083 id
1465 5029 1651 5083 febres
1713 5045 1776 5084 ac
1834 5029 2099 5084 fortuna-

455 5107 547 5157 tos
579 5102 846 5157 homines
878 5104 1137 5157 reddere.
1173 5105 1337 5172 Apud
1373 5103 1641 5156 eumdem
1669 5101 1962 5165 Plautum,
1996 5103 2097 5156 ob-

458 5191 666 5245 sonare
701 5175 1134 5245 pollucibiliter,
1183 5175 1239 5226 id
1272 5177 1362 5227 est
1391 5172 1696 5244 splendide
1726 5178 1784 5228 et
1814 5175 2050 5245 opipare
2084 5190 2098 5241 ;

459 5244 542 5300 sic
566 5244 736 5318 coena
767 5245 1141 5318 pollucibilis.
1177 5245 1254 5318 Ls
1289 5245 1389 5298 Pa.

532 5317 643 5388 (88)
676 5315 896 5390 Serapis
929 5319 1033 5372 iste
1090 5317 1310 5386 quidam
1369 5315 1500 5390 olim
1556 5316 1769 5390 Ioseph.
1830 5315 2102 5390 Rufflnus

463 5386 730 5456 Histyti,
765 5386 862 5445 ubi
895 5390 964 5443 de
996 5392 1190 5442 statua
1218 5386 1533 5457 Serapidis.
1587 5388 1829 5452 Quidam
1877 5389 1934 5442 in
1994 5388 2102 5442 ho-

462 5478 663 5517 norem
699 5461 883 5516 nostri
912 5460 1128 5529 Joseph
1164 5461 1476 5514 formatum
1498 5461 1806 5531 pernibent
1853 5459 2103 5514 simula-

462 5549 647 5596 crum,
682 5535 754 5587 ob
785 5531 1130 5586 divisionem
1163 5531 1462 5596 frumenti,
1495 5547 1609 5603 quo
1643 5531 1813 5585 famis
1842 5535 2105 5600 tempore

463 5606 734 5660 subvenit
761 5603 1042 5675 Aigiptiis.
1077 5603 1155 5656 Ex
1186 5620 1251 5657 eo
1283 5604 1506 5675 igitur,
1534 5604 1688 5675 quod
1749 5605 1902 5672 apud
1944 5604 2105 5658 Chri-

462 5678 688 5731 stianos
718 5674 946 5748 Serapis
979 5676 1164 5743 ﬁgura
1193 5674 1555 5748 fuitJosephi
1578 5679 1657 5748 et;
1691 5675 1978 5748 Iosephus
2032 5676 2102 5729 ﬁ-

461 5763 606 5818 gura
637 5745 874 5815 Christi,
905 5749 965 5802 in
995 5763 1250 5818 errorem
1301 5747 1575 5802 inductus
1632 5745 1814 5818 fuisse
1871 5746 2101 5818 videtur

463 5817 757 5879 Adrianus
778 5824 928 5894 Aug.
952 5820 1013 5879 in
1043 5817 1290 5892 epistola
1318 5818 1592 5893 quadam,
1627 5817 1728 5876 ubi
1761 5818 1832 5875 de
1861 5817 2104 5890 {Egypto

1827 4672 2102 4747 Νέρωνος-
2132 4705 2177 4768 D

2207 4600 2277 4654 ad
2313 4597 2657 4670 Servianum
2688 4599 2813 4670 Cos.
2848 4594 3119 4670 scripsit:
3157 4616 3184 4642 «
3215 4592 3302 4670 Illi
3340 4590 3717 4670 quiASerapin
3763 4602 3845 4670 co-

2209 4672 2360 4736 lunt,
2393 4668 2705 4724 Christiani
2740 4672 2917 4723 sunt:
2953 4665 3008 4720 et
3039 4665 3230 4721 devoti
3263 4665 3412 4721 sunt
3439 4665 3662 4739 Serapi,
3685 4665 3848 4739 quise

2205 4741 2429 4798 Christi
2487 4739 3132 4812 episcoposwdicﬁunt.»
3182 4739 3339 4812 Idem
3394 4736 3671 4812 _Jo_seph,
3727 4736 3847 4803 quia

2207 4817 2360 4871 Sara;
2393 4808 2706 4884 pronepos,
2733 4811 2888 4866 Julio
2921 4810 3171 4884 Firmico
3203 4808 3465 4884 Serapis.
3491 4809 3619 4884 Illo.

2279 4917 2344 4926 —
2365 4877 2503 4940 Nam
2530 4877 2755 4966 ‘Sérapis
2788 4885 2912 4966 iste.
2946 4881 3280 4965 Monuimus
3310 4877 3455 4966 alibi
3498 4877 3849 4966 l‘sim‘etlse:

2208 4957 2397 5029 rapim
2431 4955 2585 5011 idola
2603 4950 2782 5038 fuisse
2804 4954 3090 5036 Egyptiis
3114 4952 3449 5034 veneranda
3474 4968 3486 5017 ;
3513 4952 3607 5032 hic
3638 4950 3847 5003 tantum

2209 5030 2360 5085 addo
2391 5028 2834 5098 detestationem
2866 5027 3579 5098 Egyptiacsegimpletatis
3604 5036 3733 5098 qua
3761 5016 3849 5071 ha-

2210 5104 2380 5176 betur
2408 5101 2757 5176 a_pud_Greg.
2785 5095 3127 5163 Nazforat,
3172 5096 3262 5163 24,
3281 5095 3657 5176 haedo-mnia
3706 5103 3850 5176 corn:

2211 5172 2383 5245 plecti
2431 5164 3060 5245 l-uculentErLeamque
3089 5184 3249 5225 more
3280 5167 3448 5224 Beati
3480 5166 3643 5222 illius
3690 5164 3849 5236 patris

2211 5242 2629 5314 conscriptam.
2667 5244 2745 5316 Lis
2775 5242 2877 5296 Pa.
2947 5314 2954 5316 _
3066 5313 3103 5316 _
3253 5311 3261 5316 _
3502 5313 3521 5316 Α
3680 5306 3691 5316 ,

2282 5315 2390 5389 (89)
2451 5301 2781 5389 lnjgmilz‘a
2829 5314 2986 5389 regis
3021 5311 3446 5389 _z£gyptior_um.
3483 5313 3649 5389 Imq-
3677 5306 3730 5360 in
3769 5301 3840 5389 fit:

2220 5380 2384 5442 milia
2413 5380 2748 5457 Putipharis
2781 5380 3554 5457 ennuchi‘PharaoniSLnisi
3595 5380 3840 5457 dicamus

2218 5457 2415 5530 ipsum
2449 5449 2786 5512 eunuchum
2818 5457 2878 5512 in
2912 5454 3158 5530 familia
3190 5455 3341 5530 regis
3386 5449 3603 5530 fuisses.
3645 5449 3748 5530 Sed
3793 5449 3843 5530 in

2219 5521 2328 5584 hac
2349 5530 2624 5599 deinceps
2656 5529 2901 5584 historia
2919 5530 2948 5583 J
2958 5525 3161 5598 osephi
3195 5521 3433 5599 aberrat
3453 5521 3845 5599 _Tertull_ianus

2216 5594 2526 5676 iteramac
2558 5593 2727 5676 tertio
2760 5603 2831 5656 ab
2855 5602 2926 5656 iis
2959 5593 3085 5676 quae
3117 5597 3353 5653 tradidit
3414 5596 3617 5676 litasse.
3659 5593 3846 5676 lienes,

2213 5678 2386 5748 sinet
2435 5671 2899 5748 libr_o_a_dversus
2949 5667 3193 5748 Iudaeos,
3253 5684 3376 5748 cap.
3439 5668 3512 5748 5,.
3559 5667 3846 5721 historiam

2215 5744 2410 5805 Abelis
2441 5750 2498 5803 et
2525 5743 2690 5802 Caini
2719 5743 2990 5802 tractavit
3019 5736 3452 5814 indiligentius.
3488 5736 3654 5794 Ipsis.
