4094 6186
279 331 395 391 669

1497 341 1597 397 AD
1644 339 2060 398 NA'I‘IONES.
2094 373 2170 381 --
2201 340 2345 398 LIB.
2394 338 2470 398 II.

3569 336 3689 396 670

281 463 590 535 gniﬁcare;
626 465 976 534 posteriores
1007 483 1170 539 aeque
1219 473 1443 539 septem
1503 469 1751 541 ineptos,
1814 472 1922 525 sub
1955 475 2007 539 Α
2039 487 2195 540 nere,
2237 471 2307 524 do
2339 469 2582 541 poetico,
2617 471 2686 524 de
2717 469 3009 542 gentibus.
3043 471 3112 523 Et
3154 466 3432 538 quoniam
3489 469 3683 523 omnis

281 553 653 623 sequentium
689 561 912 626 septem
953 573 1240 612 annorum
1293 558 1572 630 inopiam.
1607 559 1926 614 Praedicare

278 641 472 711 itaque
503 659 655 713 szepe
685 644 754 698 de
785 646 1170 700 rccondendis
1199 648 1485 716 praesidiis
1547 648 1604 702 in
1666 650 1925 702 futuram

278 731 495 785 famem
528 731 600 786 de
630 732 794 804 cepia
828 734 1038 805 priore,
1063 735 1309 790 credidit
1339 753 1469 804 rex,
1507 737 1695 792 exitus
1734 754 1924 791 rerum

274 824 328 875 et
359 821 711 890 prudentem
741 827 799 877 et
829 829 1095 878 sanctum
1129 841 1361 896 semper
1385 826 1778 881 necessarium
1803 843 1928 897 pro-

275 908 448 963 bavit.
510 910 712 982 Itaque
767 911 991 967 Pharao
1046 911 1329 968 universae
1388 917 1626 986 Egypto
1685 919 1742 970 et
1807 917 1925 970 fru-

275 998 607 1052 mentandaa
641 1002 697 1053 et
727 999 934 1054 exinde
966 1001 1237 1055 curandis
1270 1018 1402 1056 eum
1436 1002 1712 1073 praefecit.
1763 1002 1928 1058 Hunc

273 1086 610 1157 Serapidem
644 1104 712 1142 ex
742 1093 1023 1161 suggestu
1061 1089 1194 1160 (90).
1229 1091 1375 1146 597
1421 1107 1536 1161 quo
1569 1096 1742 1162 caput
1800 1093 1928 1162 ejus

273 1181 570 1243 ornatum,
603 1183 977 1246 vocaverunt,
1009 1180 1180 1250 cujus
1208 1186 1522 1251 suggestus
1555 1181 1824 1236 modialis
1871 1183 1929 1236 li-

272 1279 421 1334 gura
454 1264 929 1322 frumentationis
963 1268 1305 1323 memoriam
1330 1269 1622 1340 obsignat,
1647 1276 1703 1325 et
1725 1287 1924 1325 curam

270 1352 509 1425 frugum
543 1371 718 1425 super
762 1361 940 1426 caput
971 1357 1098 1426 ejus
1129 1357 1330 1425 fuisse,
1365 1359 1512 1429 ipsis
1569 1359 1766 1429 spicis,
1802 1360 1928 1430 qui-

269 1442 382 1496 bus
415 1459 519 1513 per
543 1444 833 1498 ambitum
868 1448 1124 1513 notatur,
1187 1452 1448 1517 apparet.
1510 1451 1824 1518 Propterea
1872 1453 1928 1502 et

275 1548 703 1603 canem,quem
738 1534 893 1605 apud
923 1535 1141 1590 inferos
1173 1535 1475 1607 deputant,
1526 1536 1634 1591 sub
1692 1537 1927 1592 dextera

265 1621 392 1690 ejus
424 1620 785 1690 dicaverunt,
820 1624 973 1693 quod
1006 1625 1116 1679 sub
1163 1641 1340 1679 manu
1399 1626 1525 1696 ejus
1558 1642 1925 1695 compressu-

263 1715 364 1764 tur
395 1711 441 1744 “
459 1711 862 1783 Egyptiorum
889 1713 1022 1783 (91),
1047 1720 1104 1768 et
1123 1715 1350 1769 Fariam
1375 1715 1728 1785 adjungunt,
1746 1732 1922 1786 quam

264 1798 450 1855 ﬁliam
482 1800 635 1872 regis
667 1800 890 1857 Pharao
921 1802 1202 1857 derivatio
1238 1802 1495 1859 nominis
1517 1819 1644 1858 esse
1677 1804 1921 1859 demon-

265 1892 456 1956 strat;
491 1905 626 1944 nam
660 1894 716 1944 et
744 1895 884 1944 tunc
916 1890 1162 1961 Pharao,
1195 1893 1346 1946 inter
1376 1897 1579 1947 catera
1637 1892 1925 1948 honorum

263 1982 319 2032 et
373 1976 938 2047 remunerationum,
998 1979 1179 2034 ﬁliam
1239 1997 1470 2052 quoque
1503 1981 1559 2036 in
1623 1982 1921 2036 matrimo-

261 2066 430 2121 nium
463 2066 514 2122 ei
547 2068 804 2123 dederat.
837 2069 945 2124 Sed
998 2068 1138 2140 quia
1168 2073 1224 2124 et
1257 2070 1406 2124 feras
1439 2075 1493 2125 et
1527 2070 1795 2125 homines
1826 2087 1920 2126 co-

253 2154 376 2210 lere
408 2161 810 2226 susceperant,
843 2160 1153 2227 utramque
1186 2157 1391 2214 faciem
1425 2159 1483 2212 in
1529 2174 1712 2212 unum
1769 2161 1922 2213 Anu-

255 2245 360 2300 bin
395 2245 791 2316 contulerunt,
827 2248 883 2301 in
915 2263 1029 2318 quo
1061 2253 1280 2302 naturae
1309 2249 1778 2318 conditionisque
1801 2266 1919 2303 suae

253 2335 458 2407 potius
490 2341 838 2408 argumenta
866 2336 1046 2392 videri
1068 2344 1264 2409 posset
1287 2355 1658 2394 consecrasse
1682 2355 1824 2411 gens
1843 2341 1918 2394 ri-

253 2442 422 2492 xosa,
455 2425 580 2482 suis
611 2425 849 2498 regibus
882 2432 1222 2482 recontrans
1253 2429 1386 2498 (92),
1422 2429 1479 2482 in
1503 2430 1791 2484 extraneis
1819 2430 1917 2484 de-

247 2515 429 2586 jecta,
463 2532 604 2570 sane
636 2521 695 2570 et
723 2515 861 2587 gula
885 2521 941 2571 et
971 2517 1370 2587 spurcitia.....
1395 2519 1568 2572 etiam
1593 2518 1742 2572 servi
1766 2518 1913 2590 ipsa.

323 2606 383 2659 9.
415 2604 545 2658 Haec
601 2605 928 2659 secundum
987 2605 1337 2676 tripertitam
1397 2606 1913 2677 dispositionem...

252 2691 583 2747 divinitatis
616 2698 717 2748 aut
747 2694 976 2748 notiora
1005 2699 1106 2748 aut
1164 2693 1486 2764 insigniora
1537 2695 1912 2766 digessimus,

254 2787 321 2838 ut
351 2781 540 2855 possit
561 2781 686 2852 jam
716 2781 894 2838 videri
925 2782 1067 2839 satis
1102 2799 1446 2855 responsum
1471 2785 1541 2840 de
1561 2784 1800 2856 physico
1821 2801 1916 2855 ge-

2036 558 2413 628 suaperstitio
2444 560 2508 628 ‘5,
2542 575 2654 613 non
2679 557 2802 623 jam
2838 556 3319 628 philosophorum
3351 572 3455 610 nec
3485 560 3684 627 poeta-

2037 665 2166 702 rum
2203 665 2305 702 nec
2357 647 2726 719 populorum,
2788 665 2820 701 a
2877 647 3092 717 quibus
3152 646 3366 700 tradita
3414 649 3522 711 est,
3580 645 3680 700 sed

2037 737 2471 791 dominantium
2508 738 2921 806 Romanorum,
2969 735 3183 805 quibus
3232 739 3514 806 occupata
3573 739 3682 800 est,

2038 827 2442 880 auctoritatem
2475 825 2586 879 sibi
2619 825 2915 893 exstruxit,
2942 824 3053 879 alia
3075 825 3201 894 jam
3233 823 3398 878 nobis
3426 823 3686 878 ineunda

2038 920 2126 970 est
2156 915 2399 969 humani
2429 915 2641 970 erroris
2673 914 2942 979 latitudo,
3001 914 3118 968 imo
3178 911 3324 967 silva
3383 913 3683 981 caedenda,

2039 1021 2164 1075 quae
2198 1005 2451 1073 undique
2482 1003 2774 1076 conceptis
2807 1003 3292 1074 superstitionum
3357 1001 3684 1057 seminibus

2038 1093 2161 1149 vitii
2190 1093 2501 1166 pueritiam
2533 1095 2577 1128 ⁴⁸
2606 1093 2994 1150 obumbravit.
3029 1092 3137 1146 Sed
3182 1097 3238 1146 et
3285 1096 3682 1146 Romanorum

2039 1185 2180 1239 deos
2211 1183 2390 1238 Varro
2424 1183 2692 1237 bifariam
2725 1183 3017 1252 disposuit
3049 1181 3300 1236 incertos
3332 1184 3388 1234 et
3445 1179 3679 1235 electos.

2037 1274 2283 1327 Tantam
2319 1272 2628 1326 vanitatem
2668 1271 2678 1324 l
2707 1272 2853 1334 Quid
2887 1271 3042 1324 enim
3076 1275 3199 1324 erat
3229 1269 3346 1323 illis
3402 1285 3536 1323 cum
3590 1267 3679 1322 in-

2037 1362 2232 1428 certis,
2268 1361 2315 1414 si
2345 1367 2532 1415 certos
2564 1360 2862 1414 habeant?
2893 1360 3002 1413 uisi
3028 1359 3180 1414 598
3215 1361 3264 1412 si
3295 1357 3514 1411 Atticos
3559 1361 3682 1411 stu-

2037 1467 2206 1522 pores
2239 1450 2493 1520 recipere
2526 1450 2854 1504 voluerunt.
2890 1447 3033 1501 Nam
3067 1453 3122 1501 et
3150 1446 3395 1501 Athenis
3427 1461 3527 1502 ara
3601 1447 3690 1499 est

2037 1538 2356 1608 inscripta:
2399 1538 2611 1608 ignotis
2655 1537 2798 1591 deis.
2833 1536 2978 1592 Colit
3008 1553 3142 1607 ergo
3178 1535 3308 1606 quis
3343 1535 3496 1606 quod
3522 1533 3687 1604 igno-

2037 1627 2173 1682 rat?
2202 1628 2352 1682 Tum
2387 1629 2434 1681 si
2468 1633 2657 1682 certos
2702 1626 3022 1692 habebant,
3085 1624 3340 1680 contenti
3398 1640 3526 1678 esse
3585 1623 3685 1677 de-

2034 1719 2308 1782 buerunt,
2346 1732 2449 1771 nec
2478 1717 2689 1771 electos
2722 1715 3071 1770 desiderare.
3107 1718 3165 1768 ln
3205 1730 3316 1784 quo
3341 1713 3515 1768 etiam
3540 1711 3684 1767 irre-

2036 1805 2228 1877 ligiosi
2285 1805 2819 1876 deprehenduntur.
2881 1805 2935 1858 Si
2998 1803 3153 1858 enim
3244 1802 3335 1857 dei
3396 1806 3459 1856 ut
3516 1799 3679 1855 bulbi

2039 1896 2365 1965 seliguntur
2403 1895 2536 1966 (93),
2572 1893 2671 1965 qui
2704 1911 2818 1948 non
2858 1892 3206 1964 seliguntur,
3261 1891 3489 1962 reprobi
3546 1906 3680 1961 pro-

2034 1984 2402 2039 nuntiantur.
2429 1989 2542 2038 Nos
2574 1999 2704 2038 vero
2766 1982 3037 2036 bifariam
3097 1985 3491 2036 Romanorum
3541 1979 3680 2033 deos

2031 2074 2526 2145 recognoscimus,
2555 2088 2897 2127 communes
2927 2077 2982 2125 et
3009 2070 3294 2142 proprios,
3320 2069 3375 2122 id
3401 2073 3507 2136 est,
3533 2083 3680 2138 quos

2029 2179 2162 2217 cum
2195 2163 2469 2217 omnibus
2501 2161 2740 2228 habent,
2771 2165 2827 2216 et
2857 2178 3005 2232 quos
3035 2160 3146 2231 ipsi
3171 2157 3675 2215 suntcommenti.

2030 2252 2097 2305 Et
2128 2251 2415 2323 numquid
2448 2251 2507 2304 hi
2535 2255 2670 2304 sunt
2694 2250 2909 2321 publici
2928 2255 2983 2304 et
3013 2248 3316 2304 adventitii
3344 2247 3482 2301 dicti
3507 2247 3533 2300 ‘I
3555 2247 3676 2301 Hoc

2027 2341 2183 2394 enim
2217 2357 2340 2393 terte
2373 2341 2603 2407 docent,
2631 2338 3080 2392 adventiticrum
3116 2338 3186 2391 ad
3220 2338 3421 2391 fanum
3453 2340 3674 2406 Carnis,

2027 2428 2395 2499 publicorum
2427 2429 2485 2482 in
2517 2427 2754 2498 palatio.
2789 2430 2975 2491 Quare
2997 2443 3130 2480 cum
3188 2441 3527 2480 communes
3557 2424 3671 2492 dei,

2026 2531 2202 2584 quam
2233 2515 2471 2586 physico
2486 2531 2662 2584 quam
2697 2514 2754 2568 in
2779 2513 3053 2585 mythico,
3077 2513 3668 2584 comprehendantur,

2025 2608 2222 2658 actum
2254 2609 2343 2659 est
2364 2605 2488 2675 jam
2547 2604 2618 2658 de
2648 2604 2778 2659 istis
2808 2603 3132 2674 speciebus.
3167 2603 3246 2657 De
3279 2601 3532 2673 propriis
3576 2601 3670 2655 di-

2023 2708 2220 2749 cere...
2254 2697 2329 2748 et.
2362 2693 2442 2748 De
2474 2691 2750 2747 Romanis
2808 2697 3170 2763 stupeamus,
3230 2690 3468 2746 tertium
3521 2689 3669 2745 illud

2022 2798 2207 2854 genus
2239 2782 2539 2838 hostilium
2562 2781 2874 2836 deorum...
2909 2797 2974 2836 co
3004 2782 3155 2851 quod
3193 2779 3354 2835 nulla
3384 2795 3527 2852 gens
3560 2778 3673 2834 alia

1701 2927 1904 2987 Variae
1935 2924 2261 2986 lectiones.

337 3048 383 3081 “
407 3047 612 3122 Μὶν-ψῃ
639 3046 740 3102 hoc
769 3065 820 3122 v_.
851 3047 922 3102 Le
950 3049 1102 3118 prior
1131 3051 1363 3106 mutavit
1392 3051 1450 3106 in
1481 3067 1606 3106 com
1616 3055 1937 3122 pressatus.
1971 3049 2014 3084 ⁴⁶
2043 3049 2244 3119 Rigalt.
2279 3047 2645 3104 substitutio.
2699 3048 2762 3102 ‘6.
2795 3046 2924 3105 Cod.
2956 3065 3057 3103 ms.
3091 3047 3244 3102 vitiis
3301 3046 3671 3118 pueritatem,

261 3119 458 3190 Rigalt.
493 3119 616 3174 vitii
646 3119 1018 3190 pueritatem.

1715 3220 2236 3282 Commentarius.

339 3325 452 3395 (90)
488 3326 641 3405 Hun_c
670 3325 991 3405 Serapidem
1019 3343 1114 3405 ex
1166 3336 1440 3396 suggestu.
1495 3329 1808 3405 Cpmulum
1869 3333 1926 3405 et
1957 3339 1998 3405 ί]
2037 3327 2731 3405 examinetur,_subtilior
2787 3323 3466 3405 fortass_e_judicabitur.
3497 3320 3674 3405 “Nam.

271 3412 543 3450 acervum
601 3397 925 3468 intelligere
983 3398 1228 3467 videtur,
1331 3416 1462 3454 uem
1519 3401 1698 3455 Graaci
1749 3400 1922 3472 σωρὸν

272 3468 502 3524 dicunt.
545 3470 820 3523 frumenti
857 3468 1083 3524 scilicet
1126 3417 1453 3524 cumdlum.
1518 3472 1698 3524 modii
1740 3474 1922 3524 ﬁgura

272 3468 502 3542 dicunt,
545 3470 832 3542 frumenti
857 3468 1083 3525 scilicet
1126 3468 1454 3540 cumulum,
1518 3472 1698 3527 modii
1740 3468 1925 3542 ﬁgura

268 3539 668 3614 designatum.
695 3541 1002 3614 Rufﬁnus:
1038 3564 1066 3591 ‹‹
1098 3544 1275 3611 Cujus
1301 3539 1478 3614 caput
1535 3545 1763 3599 modius
1787 3539 1922 3598 'su-

263 3612 598 3686 perpositus
629 3611 845 3686 indicet
877 3611 1427 3686 vitamitnortalibus
1468 3615 1699 3685 frugum
1753 3615 1923 3686 largi-

266 3689 384 3737 tate
414 3682 686 3757 pm‘beri.
727 3702 753 3732 ι
804 3684 998 3738 Julius
1055 3685 1448 3741 Firmicusz-u
1506 3682 1755 3752 Modius,
1805 3682 1920 3757 quo

270 3753 670 3809 esurientibus
703 3759 760 3808 et
788 3757 1118 3811 ementibus
1151 3761 1446 3813 frumenta
1473 3759 1770 3825 diviserat,
1821 3753 1918 3813 ca-

266 3825 373 3898 piti
398 3825 804 3897 superpositus
822 3831 932 3881 est.
966 3827 1042 3882 Ls
1073 3827 1174 3883 Pa.

336 3897 636 3972 (91)γοαοιί
669 3898 768 3972 sub
791 3916 970 3972 manu
1019 3901 1136 3968 ejus
1192 3907 1588 3970 compressam:
1646 3902 1920 3972 {Egyptia-

266 3985 416 4024 rum.
463 3971 524 4022 In
560 3986 670 4023 ms.
705 3969 957 4040 legitur:
993 3993 1020 4018 ‹‹
1056 3972 1216 4036 Quod
1251 3969 1360 4026 sub
1394 3989 1568 4027 manu
1603 3969 1921 4042 ejus’com-

266 4046 573 4114 pressatur
600 4042 1086 4114 Egyptiorum._»
1123 4045 1184 4096 ln
1228 4049 1499 4114 promptu
1554 4046 1663 4099 fuit
1719 4061 1918 4099 emen-

263 4113 422 4167 datio
445 4116 880 4182 Compreuatus.
899 4112 1053 4168 Nihil
1071 4112 1456 4171 enim—deesse
1479 4117 1622 4171 mihi
1649 4116 1880 4171 videtur
1900 4131 1913 4170 :

264 4188 366 4258 aut
391 4184 445 4258 si
481 4184 941 4258 quid_derasugm_
965 4186 1139 4258 fuerit
1171 4186 1228 4240 in
1260 4192 1521 4243 extrema
1575 4187 1731 4243 linea
1783 4192 1917 4258 post

262 4255 584 4329 dictionem
620 4255 767 4329 Ejus,
800 4255 946 4311 nihil
980 4255 1139 4311 aliud
1173 4258 1347 4313 fuerit
1377 4275 1554 4329 quam
1608 4262 1751 4324 Esse,
1784 4255 1917 4314 _aut

263 4327 403 4398 quid
437 4327 752 4396 ejusmodi.
785 4329 1260 4398 Compressatum
1321 4327 1461 4386 dicit
1490 4331 1912 4399 Tertullianus,

263 4416 369 4474 pro
399 4399 703 4474 vexatione
733 4415 864 4474 quae
893 4417 1248 4471 oppressura
1286 4406 1412 4457 erat
1466 4404 1800 4474 IEgyptum,
1851 4407 1915 4458 ut

263 4471 453 4545 habet
471 4472 678 4526 Latina
708 4471 894 4526 versio
924 4475 1131 4528 Genes.
1165 4490 1290 4545 cap.
1325 4474 1413 4528 41.
1447 4471 1658 4529 δὴ)Ἴή
1714 4475 1912 4545 Scorp.

263 4490 444 4526 habet
471 4490 678 4526 thlna
708 4490 894 4526 versio
924 4490 1131 4528 uenes.
1165 4490 1230 4528 ca
1278 4514 1290 4527 .
1325 4490 1413 4528 tu.
1447 4490 1541 4529 Sic
1598 4492 1658 4529 in
1714 4490 1912 4545 acorp.

261 4559 394 4614 cap.
427 4543 462 4596 3
489 4557 563 4616 :‘u
595 4546 808 4616 Manus
833 4546 956 4616 erat
982 4559 1157 4614 super
1190 4490 1320 4601 ilFos
1350 4545 1408 4600 in
1442 4545 1615 4616 mala,
1648 4550 1706 4601 et
1755 4563 1913 4601 com-

262 4612 518 4687 pressati
552 4618 690 4687 sunt
718 4612 908 4669 valde.
945 4636 973 4663 »
1006 4612 1170 4670 Im.

331 4686 450 4755 (92)
485 4685 715 4753 Regibus
766 4688 880 4741 suis
931 4691 1268 4742 recontrans.
1329 4688 1689 4744 Recontrans
1748 4687 1911 4757 dicit,

259 4758 422 4828 quod
456 4758 606 4811 aetati
633 4774 750 4812 suae
777 4758 1021 4828 proximi
1056 4759 1366 4830 scriptores
1424 4761 1638 4827 dixere,
1695 4770 1912 4816 contra-

260 4831 442 4901 riam.
475 4830 634 4891 Quod
670 4833 867 4884 autem
911 4830 1008 4884 hic
1059 4831 1129 4885 de
1181 4831 1399 4886 Judaeis
1453 4832 1791 4901 Septimius,
1854 4832 1914 4886 id

260 4899 508 4955 omnino
563 4901 932 4970 Lampridius
991 4901 1060 4957 de
1115 4902 1427 4958 Gallicanis
1486 4899 1781 4958 mentibus
1853 4903 1914 4958 in

259 4973 592 5026 Alexandro
652 4973 916 5028 Severo:
972 4995 1000 5021 «
1058 4973 1368 5030 Gallicanae
1428 4980 1674 5043 mentes,
1737 4979 1801 5029 ut
1855 4992 1918 5030 se

263 5044 502 5119 habent,
537 5044 698 5098 durae
721 5061 787 5119 ξε
819 5045 1190 5117 retrogradus,
1251 5051 1308 5102 et
1337 5063 1489 5119 saepe
1549 5047 1916 5118 imperatori-

259 5117 377 5170 bus
409 5132 630 5178 graves.
665 5137 692 5165 »
721 5117 846 5170 Hic.

332 5186 460 5259 (95),
482 5188 541 5259 Si
568 5188 716 5242 enim
749 5189 844 5241 Dei
874 5194 935 5241 ut
959 5187 1112 5243 bulbi
1140 5189 1478 5259 religantur.
1525 5187 1642 5243 Hoc
1699 5189 1917 5244 Tertul-

255 5257 402 5332 liani
436 5257 655 5332 dictum
688 5259 760 5332 ab
789 5261 1114 5327 Augustino
1150 5257 1591 5332 reprehenditur
1626 5260 1698 5315 sin
1755 5261 1912 5332 prin-

254 5329 416 5403 cipio
443 5329 583 5403 libri
613 5347 690 5384 vu
721 5330 786 5403 de
814 5332 976 5387 Civil.
1010 5333 1127 5401 Dei,
1161 5329 1228 5386 ut
1267 5332 1534 5401 facetius,
1594 5329 1771 5403 quam
1817 5349 1914 5387 ve-

254 5401 406 5476 rius.
440 5401 620 5476 Video
651 5401 832 5476 enim,
863 5403 1075 5476 inquit,
1136 5405 1312 5460 etiam
1373 5421 1440 5459 ex
1490 5401 1719 5459 selectis
1779 5403 1912 5476 eligi

255 5471 497 5548 aliquos
522 5474 592 5528 ad
618 5473 837 5545 aliquid
873 5471 1064 5544 majus
1097 5481 1269 5547 atque
1285 5475 1688 5548 praestantius;
1710 5471 1916 5548 quam-

254 5545 466 5618 obrem
500 5561 615 5598 non
646 5547 872 5618 exgboc
931 5548 1081 5617 quod
1147 5545 1224 5602 d'ii
1284 5545 1350 5602 ex
1411 5547 1615 5603 multis
1675 5545 1910 5618 quidam

257 5616 470 5670 selecti
504 5623 664 5682 sunt,
694 5616 1064 5688 vituperandi
1091 5625 1253 5682 sunt,
1287 5621 1387 5675 sed
1442 5616 1908 5675 animadverten-

254 5688 406 5763 dum
441 5688 638 5763 potius
668 5689 906 5763 quinam
939 5689 1036 5745 isti
1067 5689 1193 5763 sint
1215 5695 1273 5746 et
1296 5693 1366 5746 ad
1408 5709 1584 5763 quam
1631 5707 1758 5763 rem
1817 5708 1907 5747 se-

252 5759 397 5816 lecti
445 5759 774 5817 videantur.
826 5762 961 5829 Qua
1011 5759 1514 5835 reprehensiofsi
1563 5762 1906 5835 diligentius

2037 3400 2190 3470 quod
2224 3391 2802 3454 animadvertendum
2840 3391 3118 3468 praecipit,
3152 3398 3391 3470 quinam
3438 3393 3535 3470 isti
3595 3391 3676 3446 dii

2033 3464 2174 3545 sint,
2207 3478 2263 3526 et
2293 3471 2363 3526 ad
2391 3488 2572 3545 quam
2608 3487 2730 3545 rem
2761 3464 2979 3545 selecti,
3017 3464 3149 3545 iecit
3178 3469 3288 3545 hoc
3310 3483 3488 3545 sane
3517 3464 3676 3545 lucu-

2032 3544 2217 3620 lenter
2245 3537 2585 3620 Septimius,
2611 3549 2666 3596 et
2698 3543 3169 3620 {lpotogeticeilto
3189 3537 3495 3620 nobilli,et
3518 3537 3677 3620 hisce

2033 3616 2270 3686 quidem
2303 3609 2374 3668 (id
2405 3618 2666 3668 Nationes
2699 3609 2882 3668 libris.
2943 3614 3052 3667 Sed
3117 3613 3208 3666 hic
3267 3609 3473 3686 merito
3529 3609 3680 3686 ridet

2030 3682 2422 3741 Varonianam
2455 3688 2697 3741 deorum
2730 3686 3124 3750 selectionem,
3159 3701 3292 3738 cum
3352 3682 3465 3736 dici
3524 3684 3676 3734 Deus

2033 3776 2146 3812 non
2179 3760 2407 3832 debeat,
2433 3774 2618 3827 neque
2651 3775 2778 3832 esse
2809 3758 3012 3828 possit,
3066 3757 3178 3832 nisi
3225 3754 3330 3832 qui
3385 3756 3461 3808 sit
3516 3751 3677 3832 solus

2031 3824 2427 3900 omnipotens,
2460 3824 2733 3891 aeternus,
2765 3824 3110 3892 immensus,
3144 3827 3496 3900 indefessus.
3530 3824 3676 3877 Huic

2030 3919 2164 3956 vero
2197 3897 2477 3978 comitem
2505 3901 2553 3955 si
2581 3901 2810 3955 dederis
2843 3906 2943 3978 aut
2973 3900 3275 3978 vicarium,
3327 3897 3497 3978 plane
3548 3911 3676 3978 rem

2030 3974 2236 4028 feceris
2268 3973 2621 4042 superﬂuam
2672 3976 2846 4042 atque
2891 3971 3183 4036 inutilem,
3215 3966 3415 4023 verum
3450 3972 3506 4022 et
3531 3966 3674 4018 divi-

2031 4046 2200 4099 nitati
2232 4061 2472 4115 prorsus
2501 4044 2856 4098 indecorem.
2891 4043 3005 4098 Hoc
3042 4043 3312 4115 primum
3333 4043 3677 4110 argumento

2031 4111 2349 4191 Septimius
2383 4121 2580 4170 noster
2611 4116 2865 4191 deorum
2889 4111 3117 4169 turbam
3151 4111 3420 4191 proﬂigat
3453 4127 3466 4177 ;
3537 4124 3678 4189 .mox

2031 4192 2087 4243 et
2115 4187 2433 4243 Varronem
2464 4204 2531 4242 ex
2563 4187 2737 4241 turha
2765 4187 3104 4256 seligentem
3130 4187 3475 4256 praecipuos,
3535 4187 3679 4234 irre-

2028 4259 2305 4334 ligiosum
2335 4275 2463 4334 esse
2491 4259 2668 4323 dicit;
2700 4259 2806 4312 hoc
2837 4254 3005 4334 enim
3027 4254 3147 4310 non
3172 4255 3296 4334 sine
3316 4254 3675 4334 reliquorum

2028 4326 2249 4400 injuria
2279 4331 2504 4405 fecisse,
2541 4347 2688 4405 quos
2719 4346 2848 4405 esse
2870 4329 3108 4400 quidem
3151 4328 3307 4405 deos
3360 4326 3671 4405 censuerit,

2027 4397 2228 4457 verum
2263 4397 2904 4478 dignitate—inferiores,
2935 4405 3037 4456 aut
3067 4403 3372 4478 potestate.
3405 4397 3520 4478 Hos
3560 4397 3674 4477 igi-

2033 4480 2127 4550 tur
2158 4491 2271 4529 non
2306 4469 2537 4550 tantum
2568 4472 2897 4550 inotl'iciosi,
2930 4469 3129 4550 verum
3163 4475 3228 4550 ut
3256 4471 3402 4524 lassas
3446 4469 3673 4550 divinoi-

2029 4546 2163 4622 tatis
2196 4545 2435 4616 querela
2465 4561 2673 4616 agere:
2737 4539 3014 4622 adversus
3072 4543 3371 4622 hominem
3430 4541 3512 4622 de
3561 4539 3672 4593 diis

2019 4612 2288 4688 judicare
2317 4612 2550 4685 ausum,
2583 4617 2749 4686 quasi
2775 4617 2926 4671 Deus
2949 4633 3063 4671 non
3096 4616 3194 4682 sit,
3229 4612 3464 4688 nisiicui
3499 4612 3674 4688 homo

2027 4687 2316 4760 propitius
2353 4690 2563 4754 fuerit;
2597 4689 2749 4757 quod
2784 4705 2924 4743 sane
2955 4693 3042 4743 est
3075 4689 3214 4742 deos
3273 4687 3488 4760 habere
3538 4687 3674 4760 tan-

2024 4758 2196 4830 quam
2231 4762 2510 4830 fungos...
2555 4761 2926 4830 pratensibus
2959 4760 3182 4830 optima
3207 4758 3415 4830 fungis
3454 4759 3674 4809 naturai

2024 4828 2135 4910 est,
2166 4828 2486 4910 aliismale
2517 4828 2796 4910 creditur,
2830 4834 2909 4910 ait
2935 4828 3234 4910 lioratius.
3277 4828 3423 4910 Quid
3476 4835 3671 4910 autem

2025 4905 2184 4959 aliud
2218 4903 2359 4958 velle
2389 4921 2522 4958 cum
2554 4902 2750 4957 electis
2776 4899 2902 4959 suis
2935 4905 3270 4966 Varronem,
3307 4901 3418 4955 nisi
3476 4899 3674 4955 electis

2028 4976 2144 5030 illis
2178 4975 2458 5087 optimam
2488 4991 2615 5030 esse
2666 4976 2927 5029 numinis
2987 4982 3292 5039 naturam;
3343 4972 3472 5027 aliis
3523 4970 3674 5026 male

2028 5049 2180 5087 amuli
2262 5048 2418 5087 Πηηὰ
2447 5063 2580 5087 νοτ-η
2613 5047 2816 5087 attinnt
2850 5047 2918 5087 ad
2974 5046 3231 5087 uvnmnln
3293 5061 3418 5087 num
3477 5059 3672 5087 rnnrn-

2027 5046 2230 5103 credi?
2262 5048 2422 5111 Quod
2447 5063 2580 5101 vero
2613 5047 2820 5101 attinet
2850 5047 2918 5101 ad
2974 5046 3236 5118 exempla
3293 5061 3418 5116 qua:
3477 5059 3672 5118 repre-

2027 5120 2295 5174 hensioni
2380 5136 2497 5173 sua:
2573 5119 2989 5173 conﬁrmandae
3061 5115 3229 5174 aﬂ‘ert
3283 5115 3672 5186 Augustinus,

2025 5192 2342 5268 videndum
2392 5208 2463 5244 an
2496 5191 2846 5268 conveniant
2887 5191 3199 5268 divinitati,
3233 5189 3351 5244 sive
3383 5189 3520 5256 Deo,
3575 5187 3670 5268 cui

2025 5264 2321 5335 proprium
2357 5267 2444 5317 est
2466 5261 2703 5335 unicum
2739 5279 2864 5317 esse
2897 5263 3105 5318 solum.
3143 5264 3361 5335 Itaque
3389 5277 3458 5316 ex
3517 5259 3672 5314 mili-

2024 5331 2180 5390 tibus
2205 5336 2441 5406 quidem
2472 5333 2771 5404 eliguntur
2800 5335 2898 5404 qui
2943 5339 3084 5390 tiant
3140 5331 3548 5406 centuriones;
3601 5347 3669 5406 ex

2025 5403 2316 5481 fidelibus,
2350 5403 2618 5481 quiﬁant
2665 5403 2996 5477 praepositi:
3061 5423 3129 5460 ex
3186 5405 3505 5481 lapidibus,
3561 5403 3663 5481 qui

2024 5480 2168 5534 ﬁant
2193 5478 2524 5552 angulares,
2561 5494 2666 5552 nec
2690 5475 2996 5552 propterea
3041 5475 3261 5552 tamen‘
3298 5475 3508 5546 reliqui
3543 5475 3664 5552 .di-

2021 5557 2244 5631 cuntur
2285 5550 2603 5621 reprobari,
2663 5550 2802 5631 quia
2855 5567 3073 5631 nempe.
3120 5551 3333 5631 horum.
3398 5550 3659 5631 omnium

2019 5622 2329 5692 disciplina
2353 5619 2467 5690 est,
2494 5627 2555 5676 ut
2577 5619 2780 5677 ordine
2804 5639 2869 5676 ac
2892 5619 3176 5692 potestate
3200 5619 3657 5692 distinguantur.

2015 5695 2086 5748 At
2118 5685 2297 5751 Deum
2330 5685 2478 5762 esse,
2514 5711 2626 5750 non
2660 5694 2865 5765 recipit
2888 5685 2964 5748 To
2999 5690 3209 5764 μᾶλλον
3241 5709 3327 5743 και
3386 5685 3446 5738 eo
3476 5685 3658 5750 ἦττον.

2016 5767 2177 5824 lnam.
