4094 6186
462 315 575 371 671
983 313 1514 375 TERTULLIANI
1563 313 1883 374 OPERUM
1928 313 2023 371 PA
2041 313 2105 370 RE

2221 357 2223 367 π
2255 344 2332 356 -
2364 313 2639 374 SERIES
2685 317 2731 385 Ι,
2780 312 3342 375 APOLOGETICA.
3755 310 3875 371 6⁸72

461 448 692 501 tantum
728 443 839 499 sibi
874 445 1310 516 superstitionis
1341 445 1699 500 invenerit...
1723 445 1871 501 duas
1888 444 2112 516 species
2141 443 2196 511 Α
2227 444 2416 499 curari
2438 460 2570 502 eum
2597 446 2783 519 magis
2807 462 2982 518 quam
2999 444 3326 502 consecrari
3347 442 3679 499 decebat.Si
3692 443 3875 500 Fauni

460 533 794 605 dirigimus,
847 533 993 589 alios
1026 534 1098 588 de
1148 534 1491 589 hominibus
1548 539 1908 606 assumptos,
1968 533 2112 588 alios
2227 533 2345 589 ﬁlia
2375 536 2657 606 pudicitia
2690 536 3070 607 praecellebat,
3098 539 3165 590 ut
3186 551 3257 590 ne
3278 537 3721 589 conversaretur
3741 532 3873 604 qui-

458 623 591 678 inde
618 628 948 694 conceptos.
1002 624 1183 692 Igitur
1238 625 1517 695 quoniam
1568 623 1720 678 idem
1784 623 1899 678 illis
1959 623 2116 679 color
2227 624 2357 679 dem
2391 625 2542 680 inter
2570 627 2857 694 viros,aut
2887 624 3155 680 barbaria
3178 627 3277 679 aut
3298 622 3655 679 conscientia
3686 623 3874 677 defor-

461 712 722 782 suppetit
751 711 1218 767 consecrationis
1268 716 1653 779 mortuorum,
1704 716 1987 783 tanquam
2043 712 2115 767 ob
2227 713 2449 768 mitatis
2480 719 2584 769 aut
2615 713 3085 770 ruboreinsaniaz
3111 718 3383 785 paterna,
3409 715 3626 783 quanto
3644 711 3877 782 dignior

463 800 667 856 merita
693 801 841 870 vitae,
874 802 1142 855 eamdem
1177 806 1233 855 et
1275 818 1380 856 nos
1436 801 1875 872 responsionem
1936 818 2115 873 oppo-

466 906 673 945 namus
703 905 940 944 necesse
972 895 1078 954 est,
1117 889 1409 944 neminem
1442 906 1509 943 ex
1539 889 1631 944 his
1680 906 1907 962 quoque
1966 889 2115 945 tanti

472 979 673 1048 fuisse,
761 979 985 1034 Patrem
1045 978 1382 1049 diligentem
1436 980 1650 1033 zEnean
1721 978 2113 1049 crediderunt,

467 1066 712 1122 militem
748 1083 1051 1138 nunquam
1085 1066 1427 1137 gloriosum,
1462 1067 1656 1139 lapide
1704 1068 2112 1136 debilitatum;

477 1158 632 1228 quod
691 1156 873 1211 telum
924 1160 1211 1228 quantum
1270 1156 1529 1228 vulgare,
1587 1161 1763 1229 atque
1820 1157 2120 1225 caninum,

473 1250 636 1300 tanto
688 1245 943 1317 ignobile
1000 1245 1259 1301 vulnus!
1322 1246 1431 1300 Sed
1494 1252 1551 1301 et
1610 1247 1869 1318 proditor
1916 1247 2115 1319 patriaa

464 1339 675 1390 IEneas
707 1336 818 1405 (94)
848 1335 1184 1401 invenitur;
1219 1340 1340 1390 tam
1372 1336 1601 1401 Aineas,
1642 1352 1814 1406 quam
1839 1339 2111 1392 Antenor.

468 1429 548 1480 Ac
579 1424 627 1479 si
650 1424 758 1479 hoc
791 1440 993 1479 verum
1028 1422 1254 1489 nolunt,
1289 1429 1492 1480 [Encas
1551 1430 1704 1480 certe
1760 1425 1949 1496 patria
2007 1426 2117 1481 fla-

467 1516 669 1584 grante
689 1512 1010 1584 dereliquit
1034 1513 1222 1568 socios
1256 1514 1483 1569 feminae
1522 1513 1748 1569 Punicas
1799 1514 2117 1585 subjicien-

465 1603 578 1657 dus
611 1602 746 1674 (95),
780 1619 906 1673 qua:
939 1602 1217 1657 maritum
1250 1602 1673 1658 Hasdrubalem
1704 1603 1892 1658 [Eneaa
1953 1602 2112 1658 timi-

464 1692 648 1747 ditate
723 1690 1153 1763 supplicantem
1208 1692 1361 1747 hosti
1425 1709 1538 1747 non
1597 1693 1751 1749 599
1820 1692 2115 1747 comitata.

2224 800 2377 855 bona
2410 803 2518 857 dea
2549 801 2857 874 Penelopa,
2893 818 3019 873 quae
3043 802 3193 857 inter
3215 798 3563 856 utilissimos
3584 802 3875 854 amatores

2225 890 2534 957 diversala,
2567 892 2869 947 obsessam
2930 889 3262 946 castitatem
3318 893 3516 944 tenere
3579 887 3875 959 protexit?

2225 979 2327 1033 Est
2357 986 2415 1034 et
2435 986 2698 1048 sanctus,
2732 985 2967 1053 propter
2995 978 3457 1051 hospitalitatem
3478 994 3512 1032 a
3533 992 3667 1050 rege
3693 975 3873 1031 Plotio

2228 1067 2426 1123 fanum
2444 1074 2794 1126 consecutus
2819 1086 2831 1124 :
2850 1068 3038 1141 potuit
3062 1072 3118 1123 et
3137 1066 3333 1123 Ulixes
3357 1066 3872 1122 dehumanissimo

2223 1156 2462 1214 Alcinoo
2493 1176 2677 1214 unum
2708 1159 2964 1231 amplius
2993 1159 3165 1213 deum
3196 1157 3362 1213 vobis
3388 1155 3728 1211 contulisse.

2298 1250 2384 1303 10.
2437 1249 2519 1303 Ad
2579 1248 2817 1304 foediora
2860 1248 3090 1303 festino.
3153 1246 3278 1302 Non
3341 1247 3551 1318 puduit
3606 1249 3871 1300 auctores

2224 1342 2448 1393 vestros
2478 1339 2547 1393 de
2580 1338 2888 1393 Larentina
2914 1339 2957 1372 ‘7
2990 1337 3099 1407 (99)
3131 1335 3323 1409 palam
3359 1336 3569 1391 facere.
3598 1334 3870 1390 Scortum

2226 1426 2349 1481 haec
2383 1426 2744 1481 meritoriam
2771 1425 2896 1495 fuit,
2932 1426 3052 1481 sive
3084 1426 3223 1480 dum
3276 1423 3509 1480 Romuli
3542 1423 3760 1488 nutrix,
3819 1425 3875 1477 et

2226 1516 2353 1570 ideo
2384 1515 2543 1587 lupa,
2576 1518 2715 1587 quia
2744 1521 3001 1570 scortum
3034 1531 3047 1582 ;
3083 1513 3202 1569 sive
3233 1514 3374 1568 dum
3406 1511 3667 1568 Herculis
3686 1510 3875 1566 amica

2225 1610 2335 1670 est,
2369 1605 2569 1675 etjam
2603 1604 2817 1659 mortui
2849 1602 3132 1671 Herculis,
3163 1603 3218 1657 id
3254 1607 3363 1672 est,
3388 1603 3512 1673 jam
3554 1600 3667 1656 dei.
3726 1600 3872 1655 Nam

2226 1694 2441 1759 ferunt,
2474 1693 2753 1749 aedituum
2784 1694 2913 1764 ejus
2944 1692 3135 1748 solum
3176 1692 3323 1747 forte
3355 1692 3414 1746 in
3448 1691 3568 1746 aede
3626 1688 3873 1745 calculis

465 1781 647 1852 raptis
675 1797 873 1836 secum
902 1780 1060 1849 filiis,
1095 1782 1341 1836 formam
1393 1786 1448 1835 et
1504 1786 1725 1853 patrem
1760 1782 1871 1836 sibi
1904 1782 2117 1837 habere
2146 1815 2195 1879 B
2228 1781 2528 1837 ludentem
2561 1788 2624 1838 ut
2650 1782 2761 1838 sibi
2794 1776 3166 1849 collusorem,
3197 1796 3371 1853 quem
3426 1797 3539 1836 non
3599 1778 3872 1848 habebat,

465 1885 579 1924 non
612 1870 668 1923 in
704 1870 896 1941 fugam
936 1869 1107 1940 sapit,
1142 1871 1241 1924 sed
1276 1870 1334 1924 in
1368 1870 1531 1941 ignes
1560 1870 1821 1925 ardentis
1869 1871 2108 1926 Cartha-

465 1958 620 2030 ginis
653 1959 805 2013 utin
839 1958 1141 2029 amplexus
1202 1960 1400 2029 patriae
1461 1958 1760 2030 pereuntis
1817 1959 2107 2015 incubuit.

465 2048 604 2103 Pius
632 2048 841 2103 zEneas
900 2049 971 2103 ob
1032 2047 1270 2103 unicum
1324 2064 1569 2119 puerum
1628 2052 1684 2104 et
1748 2049 2108 2121 decrepitum

464 2152 687 2203 senem,
720 2136 950 2191 Priamo
978 2140 1053 2207 .et
1108 2141 1452 2209 Astyanacte
1511 2138 1828 2193 destitutis.
1889 2138 2108 2210 Atquin

465 2226 745 2282 Romanis
778 2226 965 2297 magis
991 2226 1394 2294 detestandus,
1425 2228 1522 2298 qui
1558 2244 1659 2298 pro
1702 2227 1889 2283 salute
1946 2228 2110 2299 prin-

466 2316 662 2387 cipum
695 2319 751 2371 et
781 2316 991 2370 domus
1015 2333 1215 2371 eorum
1246 2316 1525 2371 adversus
1584 2316 1796 2372 liberos
1856 2321 1912 2371 et
1966 2334 2108 2372 con-

457 2405 633 2476 juges
663 2409 720 2460 et
749 2421 922 2460 omne
971 2404 1182 2477 pignus
1237 2422 1409 2460 suum
1463 2406 1747 2476 dejerant.
1799 2406 2113 2461 Consecrat

464 2494 653 2549 filium
686 2494 950 2561 Veneris,
974 2498 1032 2549 et
1064 2493 1173 2549 hoc
1204 2492 1497 2549 Vulcanus
1548 2494 1739 2549 sciens
1793 2494 2013 2561 patitur
2056 2499 2112 2550 et

468 2582 623 2637 Juno
652 2582 937 2637 concedit.
965 2583 1022 2637 Si
1055 2583 1247 2637 veredi
1296 2586 1603 2653 parentum
1668 2584 1779 2654 (96)
1846 2583 1903 2637 in
1965 2584 2108 2640 ccelo

462 2671 688 2736 sedent,
723 2688 827 2726 cur
884 2688 997 2727 non
1030 2672 1224 2743 potius
1253 2671 1446 2744 Argivi
1499 2674 1745 2742 juvenes
1777 2672 1865 2727 dei
1898 2672 2106 2741 habiti,

466 2760 621 2831 quod
658 2762 925 2826 matrem,
962 2776 1033 2814 ne
1062 2759 1121 2813 in
1154 2760 1339 2814 sacris
1364 2758 1659 2830 piaculum
1696 2758 2106 2828 committeret,

460 2847 595 2920 plus
628 2864 805 2919 quam
838 2848 1098 2903 humano
1131 2847 1534 2919 morejugales
1556 2849 1983 2920 provexerunt?
2005 2868 2110 2906 cur

461 2953 574 2992 non
610 2937 797 3009 magis
830 2938 955 3005 dea,
990 2955 1114 3009 quae
1152 2937 1335 3008 magis
1368 2938 1483 3009 pia,
1520 2937 1619 2993 illa
1650 2938 1771 2994 filia
1824 2941 2006 3010 patris
2047 2940 2105 2995 in

462 3042 691 3082 carcere
738 3028 890 3081 fame
963 3026 1172 3083 defecti
1250 3026 1530 3082 uberibus
1588 3028 1714 3083 suis
1765 3028 2111 3083 educatrixi’

458 3116 605 3181 Quid
642 3115 799 3171 aliud
830 3115 1017 3171 )Eneaa
1048 3115 1395 3187 gloriosum,
1424 3116 1539 3172 nisi
1565 3117 1719 3188 quod
1743 3116 1941 3188 prmlio
1965 3123 2106 3173 Lau-

458 3205 687 3260 rentino
714 3222 1008 3277 nusquam
1042 3206 1411 3276 comparuit?
1430 3206 1652 3261 Rursus
1669 3207 1910 3263 forsitan
1935 3207 2105 3263 solito

458 3309 618 3347 more
651 3293 818 3363 quasi
862 3294 1125 3349 desertor
1181 3310 1211 3349 e
1271 3293 1469 3365 prazlio
1528 3293 1761 3365 fugerit.
1821 3296 2106 3353 Romulus

459 3396 621 3451 mque
651 3384 783 3451 post
814 3385 1059 3436 mortem
1095 3382 1264 3449 deus,
1296 3382 1343 3437 si
1395 3383 1534 3452 quia
1582 3383 1785 3437 urbem
1848 3384 2108 3440 condidit

460 3467 626 3539 deus,
660 3486 847 3541 usque
877 3470 935 3523 in
986 3470 1257 3539 feminas,
1316 3470 1551 3525 urbium
1609 3475 1897 3528 auctores.
1956 3477 2106 3530 Sane

456 3558 743 3612 Romulus
774 3564 829 3613 et
863 3560 1101 3613 fratrem
1131 3558 1423 3614 interfecit
1463 3564 1521 3615 et
1578 3560 1799 3616 alienas
1850 3562 2103 3633 virgines

456 3644 590 3701 dolo
621 3645 835 3717 rapuit.
872 3647 1003 3701 Ideo
1034 3646 1310 3711 Quirinus
1341 3652 1450 3717 est,
1485 3648 1624 3719 quia
1656 3653 1795 3703 tunc
1848 3651 2104 3721 parenti-

456 3736 568 3790 bus
598 3734 943 3805 quiritatum
980 3740 1069 3790 est
1094 3752 1197 3807 per
1229 3736 1419 3792 illum.
1455 3737 1599 3802 Quid
1633 3738 1930 3793 Sterculus
1990 3742 2103 3813 (97)

456 3824 674 3878 meruit
706 3824 777 3878 ad
812 3823 1222 3879 divinitatem?
1251 3824 1308 3879 Si
1364 3840 1537 3897 agros
1595 3826 1953 3883 stercoribus
2003 3830 2103 3899 ju-

453 3912 639 3967 vando
671 3911 922 3984 diligens
955 3912 1083 3983 fuit,
1107 3912 1241 3985 plus
1272 3913 1395 3968 ﬁmi
1424 3914 1643 3987 Augias
1664 3915 2018 3972 conferebat.
2042 3918 2102 3975 Si

453 4005 687 4058 Faunus
717 3999 835 4056 Pici
858 4000 1016 4056 filius
1042 4001 1099 4056 in
1116 4002 1217 4072 jus
1233 4001 1567 4075 agitabatur
1585 4003 1698 4076 (98)
1713 4009 1905 4062 mente
1927 4006 2101 4078 ictus,

2225 1876 2688 1944 errtesentaret,
2724 1889 2842 1927 una
2871 1887 3049 1926 manu
3082 1870 3349 1927 Herculis
3381 1870 3636 1934 nomine,
3668 1868 3790 1924 alia
3810 1885 3875 1923 ex

2220 1978 2326 2015 sua
2357 1978 2605 2032 persona
2639 1961 2831 2016 lusum
2871 1960 3077 2029 inisse,
3107 1960 3156 2015 si
3187 1960 3315 2032 ipse
3344 1959 3602 2028 vicisset,
3665 1973 3869 2014 coenu-

2218 2048 2333 2104 lam
2368 2055 2424 2104 et
2454 2049 2781 2105 scortulum
2812 2066 2878 2104 ex
2911 2048 3215 2120 stipitibus
3246 2046 3515 2104 Herculis
3563 2050 3827 2102 sumeret
3853 2063 3866 2114 ;

2219 2138 2267 2193 si
2298 2156 2430 2193 vero
2463 2138 2754 2205 Hercules,
2788 2139 2845 2192 id
2878 2142 2968 2193 est
2997 2155 3207 2195 manus
3236 2137 3437 2205 altera,
3469 2137 3674 2192 eadem
3727 2135 3869 2191 Her-

2220 2228 2335 2282 culi
2365 2228 2679 2283 exhiberet.
2712 2227 2863 2283 Vicit
2892 2244 3104 2283 manus
3135 2226 3397 2282 Herculis
3458 2226 3719 2297 (quoque
3772 2241 3869 2296 po-

2219 2318 2333 2371 tuit
2362 2317 2668 2373 duodecim
2698 2316 2880 2372 titulis
2910 2318 3039 2388 ejus
3067 2315 3366 2385 adscribi).
3397 2316 3552 2372 εἰοθ
3597 2315 3868 2369 Ᾰῖᾶίῐιιιιε

2221 2422 2447 2460 cmnam
2509 2405 2741 2461 Herculi
2828 2405 3126 2477 dependit,
3181 2408 3436 2459 scortum
3494 2401 3869 2458 Larentinam

2220 2494 2527 2561 conducit;
2560 2499 2751 2549 coenat
2781 2494 2955 2565 ignis,
2991 2496 3087 2564 qui
3120 2493 3236 2564 Sol,
3269 2497 3326 2548 et
3356 2494 3547 2565 ipsius
3598 2491 3864 2548 Herculis

2218 2599 2306 2640 co.
2342 2625 2355 2639 .
2387 2626 2399 2639 .
2435 2624 2448 2637 .
2486 2583 2604 2639 .nia
2658 2600 2761 2640 ara
2814 2582 3201 2655 consumpsit.
3257 2583 3570 2638 Larentina
3625 2582 3684 2635 in
3745 2583 3869 2636 aede

2218 2672 2342 2728 sola
2373 2673 2609 2728 dormit.
2646 2714 2660 2728 .
2697 2714 2709 2727 .
2746 2715 2759 2728 .
2796 2674 2887 2728 .de
2917 2672 3149 2728 lenonio
3180 2671 3317 2727 ludo
3337 2671 3573 2743 jactitat
3601 2686 3662 2726 se
3712 2686 3871 2726 som-

2219 2762 2332 2817 niis
2362 2761 2595 2816 Herculi
2632 2761 2909 2825 functam,
2943 2766 2999 2817 et
3028 2761 3238 2832 potuit,
3272 2761 3414 2816 dum
3467 2760 3663 2816 animo
3720 2774 3868 2814 oon-

2216 2851 2556 2922 templatur,
2592 2851 2819 2905 somnio
2851 2851 2990 2922 pati.
3024 2854 3161 2904 Eam
3192 2850 3263 2905 de
3316 2849 3439 2905 aede
3497 2847 3874 2921 progredien-

2216 2945 2332 2995 tem
2364 2955 2536 2994 mane
2568 2938 2754 3011 primo
2781 2939 3019 3010 quidem
3052 2937 3411 3009 adolescens,
3446 2938 3657 2995 tertius
3707 2937 3873 3009 quod

2216 3027 2383 3084 aiunt
2417 3027 2714 3095 Hercules,
2749 3026 3129 3098 concupiscit,
3184 3028 3255 3083 ad
3316 3044 3401 3083 se.
3437 3071 3450 3084 .
3488 3069 3501 3082 .
3532 3066 3549 3085 .
3589 3044 3658 3083 .s.
3694 3068 3709 3081 .
3747 3068 3760 3081 .
3801 3068 3817 3081 .
3857 3066 3873 3082 .

2215 3116 2271 3171 id
2306 3115 2527 3171 dictnm
2562 3114 2674 3171 sibi
2707 3115 2778 3170 ab
2812 3115 3073 3186 Hercule,
3135 3116 3362 3188 utique.
3398 3158 3413 3171 .
3445 3158 3459 3171 .
3496 3157 3509 3171 .
3536 3158 3549 3171 .
3599 3120 3872 3172 ceantur.

2215 3211 2340 3262 Non
2372 3206 2528 3261 enim
2560 3205 2801 3277 impune
2832 3204 2991 3260 licui.
3027 3246 3039 3258 .
3078 3247 3090 3260 .
3128 3245 3139 3258 .
3178 3206 3331 3261 .dem
3359 3220 3591 3277 quoque
3620 3205 3873 3273 scribit;

2218 3312 2352 3351 mox
2375 3293 2477 3351 illa
2507 3310 2673 3366 prop.
2710 3336 2722 3350 .
2759 3336 2773 3349 .
2811 3334 2821 3347 .
2860 3338 2873 3351 .
2936 3310 3038 3365 per
3094 3293 3403 3350 Herculem
3462 3296 3649 3350 fuerat
3705 3294 3877 3350 inse-

2217 3388 2374 3448 cuta,
2423 3400 2650 3455 agrum.
2680 3425 2692 3437 .
2728 3425 2742 3438 .
2774 3420 2789 3437 .
2832 3424 2844 3437 .
2900 3382 3263 3438 divinitatem
3321 3387 3378 3438 et
3428 3382 3655 3438 filiabus
3713 3383 3873 3453 suis,

2216 3490 2365 3544 quas
2399 3474 2646 3544 utipsas
2675 3472 2734 3527 h.
2770 3513 2784 3527 .
2821 3512 2834 3524 .
2875 3516 2886 3527 .
2924 3514 2937 3527 .
2987 3472 3148 3527 dium
3205 3489 3239 3527 a
3293 3472 3704 3528 Larentiniana
3747 3475 3876 3527 Ro-

2216 3578 2525 3617 manorum
2560 3562 2809 3617 numina
2838 3560 3020 3633 digni.
3060 3602 3074 3616 .
3109 3604 3122 3616 .
3161 3602 3174 3615 .
3210 3602 3225 3617 .
3258 3560 3382 3617 sola
3410 3562 3480 3617 de
3527 3566 3611 3617 tot
3665 3561 3873 3616 uxori-

2214 3654 2326 3707 bus
2388 3651 2621 3707 Herculi
2680 3668 2836 3725 cara,
2880 3650 3005 3707 sola
3062 3652 3220 3707 enim
3302 3652 3486 3707 dives.
3552 3694 3565 3707 .
3602 3695 3615 3708 .
3651 3694 3666 3707 .
3719 3694 3731 3707 .
3802 3669 3876 3709 or

2213 3742 2418 3798 Cerere
2473 3758 2601 3812 quis
2678 3746 2904 3797 mortuo
2999 3740 3241 3812 placuit.
3299 3745 3406 3797 Tot
3459 3741 3739 3813 exemplis
3812 3747 3876 3798 et

2212 3847 2303 3886 vo.
2341 3871 2354 3884 .
2390 3872 2403 3884 .
2439 3871 2455 3886 .
2491 3870 2503 3883 .
2538 3828 2672 3900 quis
2704 3845 2819 3885 non
2871 3829 3016 3885 deus
3077 3829 3361 3885 affirmari
3421 3830 3611 3901 potuit
3641 3832 3664 3883 ἓ
3718 3830 3872 3894 Quis

2213 3918 2465 3991 denique
2492 3919 2745 3974 Antinoo
2768 3917 3224 3975 controversiam
3253 3917 3575 3974 divinitatis
3598 3918 3872 3990 agitavit,

2212 4007 2369 4080 quod
2402 4006 2664 4063 decorior
2698 4007 3066 4080 Ganymedes
3086 4006 3161 4080 (1)
3188 4011 3290 4065 aut
3312 4006 3544 4063 charior
3568 4023 3673 4063 suo
3702 4022 3874 4063 ama-

1878 4204 2081 4269 Variee
2110 4204 2432 4270 lectiones.

526 4304 570 4341 ⁴⁷
596 4304 799 4374 Rigalt.
836 4304 1188 4376 Laurentia;
1221 4304 1297 4379 cf.
1331 4306 1483 4378 Apol.
1519 4307 1603 4367 13.

1894 4452 2419 4518 Commentarius.

527 4588 641 4671 (94)
674 4588 861 4671 Sedet
880 4591 1128 4671 proditor
1191 4593 1390 4671 patriae
1465 4594 1689 4671 Africus.
1749 4596 1959 4671 [Eneas
2006 4596 2105 4653 ille
2132 4599 2180 4665 D
2212 4614 2246 4653 a
2276 4612 2393 4668 qua
2416 4596 2667 4671 florialia
2695 4597 2852 4653 dicta
2876 4601 3034 4654 sunt.
3069 4596 3315 4654 Variant
3343 4598 3438 4654 hic
3468 4596 3664 4671 Critici
3700 4616 3713 4653 :
3750 4598 3872 4671 gle-

454 4661 1011 4741 qui'pius_\_/_irgilio,
1042 4663 1136 4741 hic
1167 4661 1428 4741 proditor
1484 4666 1717 4741 dicitur,
1783 4669 2100 4739 statimque
2132 4661 2169 4665 —
2212 4661 2359 4741 guht
2380 4668 2477 4724 alii
2507 4671 2872 4736 Laurentina,
2897 4687 3001 4725 seu
3032 4671 3378 4726 Laurentina
3396 4689 3417 4733 ;
3447 4670 3544 4726 alii
3578 4686 3709 4726 vero
3742 4669 3865 4728 La-

460 4731 976 4811 ratio_subjicitur,
1010 4731 1484 4811 quia'ardentem
1542 4731 1791 4811 patriam
1820 4731 2099 4811 deseruit,

452 4809 509 4858 et
540 4803 820 4883 Didonem
847 4803 1051 4883 Sichaai
1086 4807 1238 4878 regis
1268 4803 1559 4883 viduam:
1585 4810 1805 4866 Caetera
1860 4828 1985 4883 quae
2039 4803 2100 4867 in

452 4876 835 4955 sequentibus
858 4876 1191 4955 habentur;
1193 4879 1396 4937 multis
1426 4886 1676 4939 tractata
1705 4876 1924 4939 suntin
1966 4885 2102 4955 Apo-

456 4946 561 5017 log.
593 4965 719 5019 cap.
751 4950 822 5003 25
851 4954 907 5003 et
926 4951 1014 5003 50.
1052 4950 1125 5004 Ls
1158 4950 1259 5005 Pa.

524 5020 637 5094 (95)
663 5023 910 5076 Feminae
940 5022 1171 5094 Punicae
1202 5023 1598 5094 subjiciendus.
1632 5026 1787 5081 Infra
1820 5024 2097 5083 feminam

451 5089 728 5146 Punicam
764 5093 1111 5147 censendus.
1146 5097 1269 5147 Rm.

525 5164 636 5247 (96)
670 5164 731 5247 Si
758 5164 1282 5247 vercdiparegiurp.
1344 5166 1407 5219 In
1461 5168 1635 5247 Agob.
1667 5166 1796 5247 __lib_.
1858 5166 2097 5247 legitur,

447 5234 507 5310 si,
530 5235 728 5304 bisepte
756 5243 1072 5305 parentum.
1106 5235 1273 5310 liorte
1303 5252 1376 5290 an
1408 5234 1710 5310 scripserit
1755 5234 2095 5310 Septimius,

449 5306 739 5382 viccporta?
765 5314 1080 5382 parentum.
1116 5305 1233 5361 Hoc
1264 5312 1372 5375 est,
1406 5308 1506 5377 qui
1531 5305 1805 5382 parentes
1829 5305 1861 5364 a
1883 5305 2097 5382 quibus

452 5376 666 5454 portati
689 5383 851 5454 sunt,
882 5377 1146 5433 vicissim
1180 5376 1607 5449 portant’sen'io
1636 5396 1841 5452 graves
1868 5376 1918 5448 ς’
1940 5384 2095 5454 quod

451 5446 660 5503 fecisse
693 5448 909 5503 dicitur
936 5446 1364 5505 Aineasflusm.

526 5519 636 5593 (97)
668 5518 970 5593 Sterculus.
1006 5521 1187 5576 Vetus
1218 5522 1528 5593 scriptura,
1588 5520 1880 5579 Stercolus.
1928 5526 2091 5579 IDEM.

520 5591 634 5665 (98)
667 5592 728 5665 In
749 5592 843 5665 jus
873 5593 1207 5664 agitabatur.
1239 5591 1451 5649 Contra
1489 5594 1593 5664 jus
1648 5596 1873 5665 fasque.
1938 5595 2091 5651 IDEM.

523 5663 634 5736 (99)
667 5663 782 5719 Non
822 5663 1025 5736 puduit
1079 5668 1327 5721 auctores
1385 5663 1586 5736 vestros
1617 5665 1683 5720 de
1735 5663 2095 5723 Laurentina.

443 5733 655 5792 Eadem
687 5733 963 5795 hisceret
994 5736 1352 5810 propudiosa
1381 5734 1597 5793 mulier
1629 5751 1764 5795 cum
1793 5738 1963 5796 Flora
1991 5736 2094 5796 illa

2209 4740 2437 4815 rentia;
2476 4741 2571 4795 alii
2600 4740 2826 4815 _et_iam__
2864 4742 3241 4815 distinguunt
3296 4744 3452 4815 inter
3507 4742 3737 4815 Floram
3780 4749 3875 4815 iet

2211 4812 2562 4887 Larentiam,
2599 4812 2829 4887 Min_utii
2861 4812 3422 4887 Felicistestimonio
3440 4814 3588 4887 fulti,
3612 4814 3711 4887 qui
3734 4814 3830 4871 ait
3856 4832 3871 4870 :

2210 4906 2239 4934 «
2272 4885 2423 4939 Sane
2453 4889 2510 4939 et
2530 4889 2685 4957 ,Acca
2714 4885 2985 4939 Larentia
3014 4892 3071 4941 et
3104 4887 3270 4941 Flora
3327 4885 3662 4942 meretrices
3719 4903 3873 4957 pro-

2210 4957 2491 5028 pudiosaa,
2524 4956 2677 5028 inter
2707 4957 2941 5013 morbos
2969 4958 3367 5014 Romanorum
3397 4966 3456 5014 et
3502 4958 3642 5015 deos
3696 4956 3870 5015 com-

2208 5027 2500 5100 putandaa.
2538 5027 2699 5100 IDEM.

2280 5101 2353 5172 (Vl)
2386 5100 2541 5167 Quod
2564 5099 2813 5156 decorior
2842 5098 3203 5172 Ganymedes.
3264 5100 3325 5155 Id
3384 5100 3535 5156 inter
3588 5106 3867 5159 veterum

2208 5169 2580 5241 diliramenta
2609 5187 2921 5227 commune
2953 5169 3041 5228 est
3067 5173 3138 5228 do
3170 5189 3276 5228 suo
3304 5172 3463 5241 Jove,
3498 5174 3655 5229 unde
3685 5174 3866 5231 Ovid.

2209 5240 2309 5300 lib.
2339 5260 2375 5297 ι
2405 5242 2766 5315 Metamorph.
2790 5259 2810 5297 .·

2270 5393 2667 5460 Hegsuperum
2693 5394 2908 5460 Phrygii
2937 5397 3186 5460 quoniam
3205 5395 3528 5460 Ganymedis
3562 5411 3765 5447 amore.

2266 5455 2418 5524 ᾼτεὶι,
2451 5455 2504 5505 et
2533 5455 2816 5524 inyeutuni
2838 5455 2925 5524 est
2952 5455 3175 5522 aliquid,
3206 5455 3354 5524 quod
3380 5460 3587 5523 Jupiter
3616 5474 3753 5519 esse,

2266 5518 2434 5575 Quam
2465 5519 2609 5582 quod
2639 5524 2770 5583 erat,
2803 5521 3003 5571 mallet.

2204 5669 2339 5747 Quae
2361 5666 2550 5747 hic_ut
2568 5674 2625 5726 et
2645 5670 2760 5728 alia
2788 5671 2979 5729 multa
3007 5688 3122 5729 non
3146 5673 3252 5729 abs
3280 5690 3341 5731 re
3370 5673 3573 5746 objicit
3603 5676 3872 5747 scriptor

2205 5743 2425 5798 noster.
2458 5740 2619 5799 Ipsm.
