4094 6186
464 310 584 371 675

1009 301 1539 365 TERTULLIANI
1582 299 1905 362 OPERUM
1951 300 2152 360 PARS
2194 298 2241 358 Ῑ.
2276 331 2355 345 --
2383 298 2663 359 SERIES
2705 299 2753 366 Ι,
2800 298 3370 361 APOLOGETICA.

3748 300 3867 358 ϐἺό

462 458 667 515 graece,
700 443 765 496 ut
791 439 1096 506 Chronon;
1128 451 1291 508 eaque
1319 434 1507 491 Latini
1540 432 1809 490 vocabuli
1833 450 1867 489 a
1923 431 2103 489 satio-
2132 433 2187 500 Α
2216 431 2389 504 vulgo
2419 429 2652 504 generis
2677 430 2933 487 incertos
2963 434 3130 487 terra:
3179 430 3333 488 filios
3369 431 3717 503 jactitamus
3764 432 3862 504 (5).

467 533 642 588 nibus
677 530 966 585 rationem
1003 568 1016 580 .
1054 569 1066 581 .
1104 569 1117 582 .
1153 568 1166 581 .
1205 569 1218 582 .
1251 524 1445 595 ut,qui
1499 540 1634 579 eum
1675 525 2107 595 procreatorem

464 621 999 691 conject.antur,per
1030 631 1164 671 cum
1190 612 1500 669 seminalia
1522 611 1649 668 coeli
1680 611 1740 666 in
1766 615 1983 666 terram
2009 610 2107 664 de-

466 708 807 779 ferri.0pem
843 706 1197 776 adjungunt,
1232 703 1383 773 quod
1419 718 1586 772 opem
1617 700 1845 756 vivendi
1878 697 2108 755 semina

465 799 847 865 conferant,et
877 794 1031 865 quod
1065 808 1237 865 opere
1271 792 1498 847 semina
1527 791 1777 846 evadant
1813 790 1951 853 Quae
1982 804 2102 855 oro,

463 887 640 958 hujus
666 883 1133 939 translationem.
1156 920 1169 933 .
1198 922 1210 935 .
1246 921 1259 935 .
1293 896 1498 952 ponas.
1524 882 1639 933 Aut
1666 880 1951 934 Saturnus
1976 877 2103 948 fuit,

463 980 565 1030 aut
606 978 862 1044 tempus.
895 970 1195 1037 Quomodo
1212 973 1522 1024 Saturnus.
1553 1011 1566 1023 .
1590 1009 1602 1022 .
1630 967 1926 1040 quomodo
1957 970 2105 1021 tem-

462 1080 571 1135 pus
594 1062 616 1116 ?
639 1062 962 1132 Utrumque
978 1060 1134 1114 enim
1159 1075 1272 1112 non
1299 1055 1788 1129 potes,corporale
1810 1056 1868 1112 in
1893 1071 1980 1111 eo.
2028 1095 2041 1109 .
2087 1095 2101 1109 .

461 1168 641 1207 mare.
683 1150 829 1215 Quid
862 1157 1055 1204 autem
1089 1146 1384 1219 prohibuit
1433 1150 1670 1218 tempus
1720 1144 1828 1200 coli
1904 1144 1963 1199 in
1996 1160 2104 1199 sua

458 1238 788 1313 qualitate?
817 1278 830 1290 .
868 1278 880 1291 .
918 1280 930 1292 .
964 1236 1246 1302 hominis,
1282 1239 1383 1290 aut
1412 1228 2104 1297 fabulamhominimaut

458 1327 739 1384 famulam
773 1325 1033 1381 hominis
1064 1325 1121 1378 in
1154 1341 1263 1379 sua
1294 1324 1709 1396 specie,nonin
1745 1328 1941 1394 tempo
1967 1364 1979 1376 .
2027 1364 2038 1376 .
2086 1363 2099 1376 .

456 1417 601 1482 Quid
634 1415 746 1471 sibi
775 1414 905 1471 vult
945 1413 1258 1469 intellectio
1281 1413 1414 1479 ista,
1454 1412 1565 1468 nisi
1598 1414 1777 1468 fmdas
1825 1412 2100 1468 materias

460 1503 723 1561 mentitis
757 1502 1367 1575 argumentationibus
1433 1500 1737 1557 colorare?
1780 1501 2100 1556 Saturnum

460 1610 649 1665 neque
682 1592 812 1648 ideo
845 1592 970 1662 qui.
1008 1634 1018 1646 .
1053 1592 1112 1647 d.
1149 1632 1162 1645 .
1195 1596 1452 1662 tempus,
1482 1594 1586 1645 aut
1616 1591 1757 1644 dum
1790 1606 1924 1645 eum
1950 1593 2098 1644 tem-

456 1700 568 1756 pus
599 1683 763 1753 facis,
790 1683 914 1752 jam
949 1698 1053 1736 nec
1080 1680 1380 1735 hominem
1414 1681 1501 1735 vis
1533 1679 1732 1735 fuisse.
1783 1679 1882 1735 Pla
1924 1719 1937 1733 .
1983 1722 1995 1734 .
2042 1695 2099 1734 .s

456 1772 695 1829 omnino
724 1775 1010 1826 Saturnus
1036 1770 1092 1825 in
1115 1770 1287 1825 terris
1318 1770 1587 1825 humanae
1620 1767 1920 1841 qualitatis
1942 1768 2096 1839 apud
2126 1809 2175 1875 Β

456 1867 672 1918 veteres
698 1860 1011 1915 memorias
1042 1864 1395 1914 recensetur.
1429 1863 1623 1915 Polest
1652 1857 2097 1929 incorporaliter

452 1952 595 2023 ﬁngi
636 1949 902 2023 quodvis,
932 1949 1086 2021 quod
1113 1964 1225 2003 non
1259 1948 1434 2003 fuerit
1465 1946 1740 2015 omnino;
1771 1950 1939 2002 vacat
1985 1946 2095 2000 ﬁn-

451 2040 623 2113 gendi
658 2039 838 2106 locus,
875 2039 969 2092 ubi
1003 2037 1215 2092 veritas
1247 2041 1354 2091 est.
1382 2038 1524 2093 Cum
1559 2041 1751 2092 autem
1774 2036 2092 2091 Saturnum

451 2134 683 2185 constat
710 2128 944 2192 vixisse,
978 2128 1192 2181 frustra
1215 2127 1533 2181 demutatis
1558 2143 1572 2193 ;
1597 2141 1711 2180 non
1754 2125 2095 2180 conceditur

449 2219 639 2291 vobis,
673 2234 845 2288 quem
879 2233 992 2271 non
1027 2214 1316 2286 negabitis
1366 2215 1548 2270 fuisse
1613 2214 1931 2283 hominem,
1992 2212 2093 2284 qui

453 2324 640 2380 neque
674 2307 819 2363 deus
851 2321 1041 2376 neque
1064 2309 1300 2375 tempus
1341 2303 1571 2358 defendi
1630 2306 1842 2374 potest.
1894 2303 2095 2358 Exstat

453 2397 608 2469 apud
638 2395 867 2451 litteras
898 2398 1119 2449 vestras
1138 2408 1563 2464 usquequaque
1594 2390 1831 2447 Saturni
1856 2407 2089 2459 census,

456 2486 711 2557 legimus
744 2483 896 2555 apud
934 2482 1203 2537 Cassium
1245 2485 1542 2549 Severum,
1586 2481 1739 2553 apud
1793 2479 2092 2537 Cornelios

453 2574 734 2645 Nepotem
765 2576 825 2626 et
848 2570 1139 2637 Tacitum,
1173 2570 1328 2642 apud
1358 2569 1588 2625 Graecos
1619 2585 1851 2640 quoque
1880 2569 2091 2625 Diodo-

450 2678 602 2730 rum,
622 2661 790 2732 quive
814 2659 911 2715 alii
943 2659 1357 2730 antiquitatem
1388 2675 1566 2714 canos
1592 2657 2092 2730 collegerunt.Nec

450 2749 714 2807 ﬁdeliora
742 2749 989 2821 vestigia
1031 2787 1045 2800 .
1090 2789 1102 2803 .
1150 2789 1163 2803 .
1209 2788 1223 2803 .
1267 2764 1485 2819 .quam
1518 2747 1578 2802 in
1610 2747 1739 2818 ipsa
1791 2746 1954 2802 Italia
2011 2746 2089 2803 si-

448 2844 625 2914 gnata
655 2842 815 2895 sunt.
861 2838 1007 2894 Nam
1041 2841 1173 2909 post
1228 2836 1516 2909 plurimas
1559 2840 1745 2892 terras
1794 2840 1851 2893 et
1909 2837 2091 2893 Attica

448 2929 706 3002 hospitia
740 2927 937 2996 Italiae,
968 2926 1080 2992 vel,
1116 2929 1179 2981 ut
1206 2929 1345 2981 tunc
1402 2926 1736 2993 vocabatur,
1780 2925 2087 2997 OEnotriae,

453 3017 736 3085 consedit,
760 3020 1035 3088 exceptus
1066 3015 1138 3070 ab
1169 3015 1317 3071 Jano
1348 3015 1643 3083 siveJane,
1665 3019 1729 3070 ut
1759 3014 1896 3070 Salii
1916 3016 1960 3050 ⁸ο
1992 3032 2090 3071 vo-

2217 520 2372 577 Nihil
2403 521 2591 593 allego
2639 521 2711 576 de
2758 524 2915 585 statu
2967 519 3356 593 antiquitatis,
3407 538 3521 592 qua
3555 562 3568 576 .
3614 563 3627 576 .
3674 563 3687 577 .
3764 538 3865 577 ru-

2217 612 2523 667 dess‘tunc
2545 610 2941 682 agebanturet
2970 611 3194 666 oculiet
3224 610 3865 677 menteshominum,ut

2216 700 2531 772 cujuslibet
2561 698 2692 756 novi
2721 699 2829 754 viri
2851 705 3089 771 aspectu
3117 701 3293 771 quasi
3316 700 3509 756 divino
3541 717 3864 756 commove-

2216 793 2438 860 rentur,
2474 789 2691 845 nedum
2717 793 2774 845 et
2799 788 2975 861 regis,
2995 794 3051 844 et
3079 789 3319 860 quidem
3344 789 3539 862 primi.
3566 790 3771 845 Adhuc
3792 791 3862 845 de

2216 879 2465 934 Saturno
2488 878 2867 945 immorabor,
2892 880 3047 950 quod
3089 883 3145 934 et
3184 879 3412 934 caeteris
3442 880 3859 950 compendium

2215 972 2559 1040 prestruam
2587 968 2798 1023 satiata
2816 967 3269 1039 primordiorum
3296 968 3693 1040 disputatione
3719 986 3733 1036 ;
3757 985 3860 1023 nec

2214 1057 2676 1129 praetermittam,
2710 1058 2937 1129 potiora
2973 1056 3308 1113 testimonia
3341 1057 3675 1112 divinarum
3738 1056 3854 1112 Lit-

2211 1150 2488 1215 terarum,
2524 1145 2739 1217 quibus
2770 1147 2916 1203 fides
2948 1163 3051 1218 pro
3084 1146 3431 1218 antiquitate
3456 1146 3726 1219 superior
3755 1148 3860 1203 de-

2212 1235 2401 1291 betur.
2436 1239 2583 1290 Ante
2607 1235 2762 1291 enim
2796 1235 3039 1307 Sibylla,
3070 1252 3249 1307 quam
3282 1235 3475 1291 omnis
3496 1235 3856 1307 litteratura,

2210 1324 2451 1379 exstitit.
2486 1323 2585 1379 Illa
2616 1323 2842 1381 scilicet
2872 1324 3098 1397 Sibylla
3127 1323 3360 1397 (6),veri
3391 1341 3526 1380 vera
3556 1329 3716 1381 vates
3780 1325 3855 1396 (7)

2210 1418 2270 1468 et
2296 1414 2463 1484 cujus
2492 1413 2777 1469 vocabula
2805 1414 3231 1469 daemoniorum
3264 1412 3499 1469 vatibus
3548 1413 3851 1470 induistis.

2212 1503 2289 1557 Ea
2317 1503 2546 1559 senario
2563 1519 2732 1558 versu
2763 1503 2822 1558 in
2846 1502 3003 1558 hunc
3035 1519 3275 1559 sensum
3307 1502 3379 1557 de
3426 1502 3662 1559 Saturni
3722 1519 3855 1575 pro-

2211 1593 2374 1664 sapia
2402 1597 2461 1648 et
2491 1593 2667 1648 rebus
2699 1592 2825 1662 ejus
2857 1592 3098 1663 exponit
3126 1592 3410 1660 :decima,
3439 1592 3652 1664 inquit,
3683 1592 3848 1665 geni-

2208 1685 2338 1736 tura
2371 1681 2698 1750 hominum,
2729 1697 2799 1735 ex
2822 1696 2937 1753 quo
2969 1680 3392 1752 eataclysmum
3437 1681 3735 1753 prioribus
3767 1698 3856 1736 ac-

2209 1769 2643 1841 cidit,regnavit
2658 1770 2948 1825 Saturnus
2979 1770 3212 1825 etTitan
3246 1774 3304 1825 et
3323 1769 3637 1841 Jamfetus,
3661 1770 3851 1827 Terras

2204 1863 2262 1915 et
2292 1858 2429 1913 lei
2454 1858 2760 1915 fortissimi
2791 1858 2914 1913 filii.
2947 1859 2999 1913 Si
3034 1875 3151 1930 qua
3180 1874 3338 1931 ergo,
3369 1858 3457 1915 vel
3477 1859 3706 1915 vestris.
3735 1897 3751 1914 .
3777 1902 3790 1915 .
3832 1898 3849 1917 .

2204 1949 2403 2003 oribus
2434 1947 2645 2003 litteris
2669 1946 2879 2003 vostris
2897 1947 3321 2019 superioribus,
3355 1948 3455 2003 sed
3483 1946 3699 2003 idcirco
3725 1964 3851 2003 ma-

2203 2038 2292 2110 gis
2324 2037 2605 2110 proximis
2648 2078 2662 2093 .
2706 2077 2719 2092 .
2764 2079 2776 2091 .
2809 2036 2869 2091 in
2901 2036 3061 2091 illius
3088 2037 3278 2091 aetatis
3309 2036 3451 2092 fides
3490 2037 3741 2109 adjacet.

2275 2128 2359 2181 13.
2394 2126 2631 2182 Satisde
2662 2127 2913 2181 Saturno
2945 2130 3001 2180 et
3057 2125 3329 2197 prosapia
3389 2127 3515 2196 ejus
3548 2167 3560 2179 .
3602 2168 3615 2180 .
3661 2168 3675 2181 .
3748 2143 3851 2183 um

2202 2220 2310 2285 est,
2345 2216 2615 2271 homines
2647 2214 2846 2271 fuisse.
2879 2216 3168 2270 Tenemus
3200 2215 3635 2287 compendium,
3656 2215 3718 2270 in
3742 2233 3850 2271 c5-

2201 2308 2357 2361 teros
2388 2303 2631 2375 originis
2664 2303 3264 2375 praescriptionemme
3296 2319 3398 2374 per
3419 2304 3685 2377 singulos
3718 2322 3849 2361 eva-

2202 2411 2428 2467 gemur.
2461 2392 2725 2457 Qualitas
2758 2392 3116 2464 posteritatis
3147 2409 3181 2447 a
3210 2391 3575 2464 principibus
3614 2394 3848 2466 generis

2200 2483 2550 2553 ostenditur,
2584 2481 2851 2537 mortalia
2882 2482 2951 2537 de
2984 2480 3353 2549 mortalibus,
3386 2486 3618 2539 terrena
3647 2484 3720 2539 de
3739 2489 3851 2539 ter-

2200 2572 2377 2637 renis,
2402 2571 2705 2644 gradusad
2720 2571 2939 2643 gradus
2970 2575 3407 2643 comparantur,
3442 2573 3679 2644 nuptiis,
3713 2589 3847 2629 con-

2199 2666 2402 2733 ceptus
2423 2661 2647 2716 natales
2687 2663 3113 2716 concurrerunt
3156 2659 3358 2731 patriae
3406 2660 3597 2728 sedes,
3661 2678 3847 2735 regna

2199 2748 2630 2807 monumental
2675 2790 2689 2804 .
2735 2790 2747 2804 .
2793 2789 2807 2803 .
2839 2748 2938 2820 qui
2970 2751 3138 2803 natos
3157 2764 3272 2804 non
3305 2754 3555 2820 possunt
3605 2766 3849 2823 negare,

2198 2842 2464 2895 mortuos
2493 2837 2758 2904 credant,
2789 2836 2889 2908 qui
2944 2839 3207 2893 mortuos
3266 2837 3645 2906 confitentur,
3696 2839 3842 2896 deos

2200 2944 2315 2985 non
2348 2931 2576 2999 putent.
2608 2927 2719 2982 Sed
2750 2926 2907 2982 enim
2939 2925 3268 2981 manifestis
3298 2925 3387 2982 vis
3417 2943 3526 2982 sua
3576 2927 3847 2999 assistit;

2198 3033 2347 3090 quos
2378 3016 2750 3088 aprimordio
2770 3032 2885 3071 non
2930 3055 2942 3070 .
2987 3057 2999 3070 .
3046 3015 3841 3087 .divinitatem,afﬁrmando

451 3113 606 3164 cant.
639 3109 1007 3177 Mons,quem
1032 3103 1309 3171 coluerat,
1328 3102 1641 3158 Saturnius
1676 3103 1896 3170 dictus;
1924 3103 2088 3171 urbs,
2132 3176 2145 3179 4
2196 3106 2329 3162 illos
2355 3109 2486 3177 post
2516 3104 2757 3160 moriem
2783 3104 2922 3161 deos
2952 3104 3159 3173 factos,
3184 3108 3249 3160 ut
3281 3107 3462 3162 Varro
3493 3110 3549 3162 et
3570 3105 3673 3179 qui
3704 3123 3847 3163 cum

452 3212 629 3268 quam
663 3176 1055 3266 depalaverat,
1088 3191 1364 3247 Saturnia
1392 3206 1746 3261 usquenuno
1794 3196 1917 3258 est;
1963 3196 2087 3248 tota
2117 3176 2160 3244 C
2199 3212 2264 3251 eo
2286 3176 2743 3250 somniaverunt.
2780 3193 2881 3249 Hic
2911 3193 3092 3263 igitur
3113 3193 3369 3250 consisto

449 3285 701 3355 denique
725 3282 889 3338 Italia
918 3282 995 3353 (4)
1022 3282 1092 3336 de
1122 3282 1373 3336 Saturno
1403 3280 1756 3337 vocabatur:
1790 3281 1943 3335 608
1984 3280 2087 3336 tali

448 3378 594 3429 teste
624 3378 863 3437 terram,
892 3387 1020 3442 qua:
1043 3386 1199 3425 nunc
1230 3369 1567 3424 dominatur
1598 3368 1723 3423 orbi
1754 3368 1986 3425 etiamsi
2016 3370 2088 3425 de
2196 3415 2211 3429 .
2248 3413 2261 3427 .
2307 3413 2320 3426 .

449 3462 672 3531 origine
701 3460 939 3516 Saturni
972 3458 1296 3527 dubitatur,
1328 3458 1399 3512 de
1428 3461 1557 3511 actu
1608 3463 1804 3512 tamen
1860 3462 2087 3514 constat

448 3549 741 3606 hominem
776 3547 942 3602 illum
976 3547 1176 3602 fuisse.
1212 3547 1293 3601 lta
1325 3546 1373 3601 si
1402 3546 1576 3601 homo
1609 3546 1919 3613 Saturnus,
1954 3564 2085 3613 pro-

444 3640 537 3695 cul
572 3638 749 3693 dubio
779 3637 850 3693 de
884 3636 1195 3708 [homine]
1226 3635 1344 3690 imo
1367 3634 1505 3706 quia
1527 3635 1723 3704 homo,
1747 3651 1861 3690 non
1888 3637 2087 3708 utique

444 3729 514 3783 de
545 3726 685 3783 coelo
717 3730 890 3798 atque
922 3731 1094 3781 terra.
1118 3725 1225 3780 Sed
1251 3727 1422 3796 cujus
1446 3728 1715 3795 parentes
1744 3724 2084 3797 ignoti,qui-

447 3817 699 3873 busdam
734 3816 903 3871 facile
934 3815 1043 3869 fuit
1072 3813 1235 3869 illum
1259 3830 1459 3869 eorum
1493 3813 1681 3868 filium
1742 3814 1881 3884 dtci,
1941 3832 2084 3887 quo-

442 3923 573 3961 rum
605 3910 855 3978 possunt
885 3921 1090 3960 omnes
1120 3903 1299 3958 videri
1322 3904 1388 3957 εί.
1422 3902 1563 3965 Quis
1592 3902 1747 3957 enim
1809 3920 1924 3959 non
1974 3921 2084 3959 coe-

443 3996 565 4051 lum
601 4012 667 4051 ac
696 4000 911 4050 terram
927 3998 1149 4065 patrem
1174 4009 1239 4047 ac
1262 3996 1507 4047 matrem
1530 3992 1920 4049 venerationis
1951 4010 2087 4065 gra-

443 4084 525 4140 tia
557 4083 811 4157 appellet
850 4084 876 4137 ?
907 4085 985 4138 An
1046 4083 1117 4137 de
1170 4081 1593 4137 consuetudine
1652 4080 1932 4153 humana,
1970 4099 2086 4153 qua

440 4173 626 4245 ignoti
658 4174 871 4246 quique
904 4189 971 4227 ex
1001 4171 1302 4243 inopinato
1335 4176 1684 4243 apparentes
1723 4171 1793 4226 de
1821 4171 1961 4227 coelo
1983 4174 2086 4228 ad-

442 4263 676 4319 venisse
708 4262 1259 4317 dicuntur.Proinde
1285 4304 1297 4316 .
1345 4302 1357 4314 .
1404 4302 1414 4314 .
1451 4276 1683 4331 semper
1704 4276 1794 4331 eg.
1838 4303 1851 4316 .
1888 4304 1901 4316 .
1948 4302 1960 4314 .
1994 4278 2086 4317 re-

438 4352 701 4422 pentino,
734 4350 952 4422 ubique
982 4351 1040 4405 in
1074 4349 1312 4406 inolevit
1350 4348 1599 4404 coelitem
1657 4348 1793 4404 dioi.
1845 4350 1990 4406 Nam
2033 4356 2090 4408 et

3414 3194 3845 3251 ...alle...

2196 3284 2255 3339 in
2289 3283 2398 3339 hoc
2428 3299 2639 3339 nomen
2653 3286 2711 3338 et
2738 3282 3064 3351 numeu,sit
3092 3282 3151 3337 in
3184 3282 3449 3339 ordinem
3475 3284 3847 3339 senatorium

2369 3412 2382 3425 .
2410 3375 2605 3427 vestra
2649 3413 2663 3426 .
2708 3412 2720 3425 .
2767 3413 2779 3426 .
2825 3372 3047 3427 cedatis
3095 3372 3225 3442 jam
3278 3388 3515 3428 necesse
3570 3377 3682 3443 est,
3736 3373 3844 3428 ali-

2195 3475 2370 3534 quem
2403 3476 2705 3517 summum
2750 3460 3177 3516 dominatorem
3222 3502 3237 3516 .
3283 3501 3297 3515 .
3343 3500 3356 3514 .
3396 3460 3685 3533 allegendi
3733 3479 3844 3533 po-

2193 3554 2485 3619 testatem,
2518 3556 2574 3605 et
2602 3549 2773 3621 quasi
2804 3552 3107 3618 Czesarem,
3141 3565 3329 3621 neque
3351 3549 3667 3622 quisquam
3706 3549 3848 3608 aliis

2194 3643 2470 3712 praestare
2500 3642 2710 3711 potest,
2742 3639 2844 3710 qui
2876 3655 2987 3694 non
3020 3638 3145 3709 ipse
3165 3639 3521 3705 dominetur.
3551 3642 3844 3697 Caeterum

2196 3731 2247 3785 si
2278 3732 2596 3800 potuerunt
2626 3729 2765 3784 deos
2797 3743 2925 3783 sese
2948 3728 3134 3783 facere
3168 3732 3301 3799 post
3330 3733 3600 3795 mortem,
3633 3745 3666 3783 a
3706 3768 3722 3784 .
3772 3771 3788 3785 .
3830 3774 3844 3786 .

2195 3819 2350 3875 004
2381 3817 2686 3874 deterioris
2713 3816 3067 3873 conditionis
3123 3816 3196 3872 ab
3254 3816 3420 3873 initio
3462 3833 3591 3873 esse
3647 3817 3853 3874 volue-

2194 3912 2362 3964 runt:
2393 3912 2494 3962 aut
2513 3906 2564 3963 si
2597 3923 2766 3962 nemo
2805 3910 2915 3974 est,
2952 3907 3050 3976 qui
3084 3906 3223 3962 deos
3271 3905 3487 3975 fecerit,
3540 3908 3848 3979 quomodo

2195 3997 2329 4053 facti
2362 3995 2760 4067 dicentur,qui
2785 4012 2891 4051 nos
2920 3995 3031 4050 nisi
3063 3995 3135 4050 ab
3167 3994 3280 4050 alio
3308 3995 3432 4051 fieri
3463 3995 3803 4067 potuissent
3824 3996 3851 4050 ?

2197 4087 2282 4140 Ita
2311 4086 2510 4140 nullus
2541 4084 2715 4139 datur
2743 4084 2908 4139 vobis
2940 4084 3222 4140 renuendi
3254 4082 3441 4152 locus,
3482 4098 3612 4140 esse
3665 4100 3849 4141 man-

2197 4175 2385 4247 cipem
2417 4174 2734 4244 quemdam
2757 4172 3095 4228 divinitatis.
3148 4172 3583 4244 Perspiciamus
3637 4172 3855 4244 itaque

2197 4280 2409 4320 causas
2440 4261 2761 4334 allegandse
2802 4261 3180 4318 mortalitatis
3218 4261 3280 4317 in
3338 4260 3569 4318 cmlum.
3619 4260 3856 4318 Harum

2197 4351 2491 4424 duplicem
2559 4352 2845 4408 rationem
2906 4352 3078 4408 credo
3123 4351 3430 4424 proferatis
3472 4368 3485 4408 :
3536 4354 3637 4408 aut
3681 4351 3857 4408 enim

1879 4495 2087 4557 Variae
2120 4496 2442 4557 lectiones.

509 4627 554 4662 ⁸⁹
582 4628 785 4699 Rigalt.
819 4628 904 4683 ed.
941 4632 1004 4684 ut
1025 4629 1074 4683 si
1099 4627 1198 4683 alii
1230 4632 1458 4695 vocant,
1485 4628 1566 4699 Cf.
1615 4628 1729 4699 Αρο

1734 4628 1772 4683 ι.
1836 4629 1920 4684 lO.
1966 4634 2032 4685 ut
2081 4629 2222 4686 Salii
2267 4631 2485 4686 volunt.
2564 4631 2605 4665 ⁶¹
2636 4632 2721 4686 Ιια
2750 4630 2807 4687 h.
2868 4634 2906 4686 ι.

2965 4630 3141 4685 restit.
3201 4644 3271 4686 ea:
3316 4629 3579 4701 Aapolog.
3630 4629 3716 4683 10.
3803 4630 3861 4665 ⁸³

358 4716 363 4721 ’
439 4700 671 4776 Haperc.
703 4717 776 4776 ex
803 4701 955 4776 Apol.
991 4702 1058 4755 10
1086 4700 1302 4776 emend.
1333 4701 1580 4776 Proinde
1604 4704 1857 4757 Saturno
1887 4718 2119 4773 semper
2148 4719 2330 4776 egeno
2361 4708 2417 4758 et
2461 4705 2764 4774 repentina
2823 4702 3059 4774 ubique.
3113 4704 3222 4765 etc.
3300 4701 3344 4735 ⁵⁸
3394 4700 3526 4773 ’Leg.
3585 4717 3702 4772 qua
3764 4700 3864 4757 ita

438 4772 615 4829 rudes
642 4804 709 4814 —
731 4772 1059 4840 hominum,
1085 4777 1149 4827 ut
1170 4774 1298 4836 (alii
1329 4790 1342 4829 :
1374 4772 1463 4844 et)
1491 4778 1600 4829 etc.

1873 4872 2398 4935 Gommentarius.

523 5006 595 5077 (4)
634 5008 761 5062 Tota
788 5005 1021 5078 denique
1052 5006 1235 5062 Italia.
1270 5004 1498 5061 Italiam
1524 5006 1735 5063 dictam
1773 5006 1952 5062 fuisse
1982 5007 2081 5062 Sa-

436 5079 699 5134 turniam
732 5095 800 5134 ex
835 5078 1018 5134 Ennio
1037 5082 1233 5150 patet:
1902 5108 1905 5111 ι

1301 5225 1314 5239 .
1382 5221 1398 5238 .
1468 5227 1480 5241 .
1573 5228 1585 5240 .
1650 5191 1932 5242 Saturnius
1985 5194 2079 5246 illi.

663 5255 866 5306 Nomen
905 5257 1039 5314 erat,
1071 5253 1136 5303 de
1166 5267 1272 5317 quo
1304 5253 1410 5303 late
1442 5254 1688 5304 Saturnia
1717 5259 1875 5305 terra.

440 5361 509 5418 Et
529 5361 732 5419 Ovidio
761 5361 861 5417 lib.
893 5364 1019 5417 Fast
1042 5377 1097 5416 1:

684 5469 815 5518 lude
846 5468 935 5517 diu
968 5468 1115 5531 genti
1157 5468 1355 5519 mansit
1402 5468 1648 5519 Saturnia
1678 5482 1895 5519 nomen.

438 5577 652 5632 Urbem
677 5578 870 5631 autem
908 5576 1127 5630 dictam
1186 5577 1370 5632 fuisse
1410 5576 1746 5633 Saturniam
1799 5576 2083 5633 Virgilius

448 5594 652 5632 urbem
677 5594 870 5631 autem
908 5594 1127 5630 αιοιειω
1186 5594 1370 5632 ruisse
1410 5594 1746 5633 Saturniam
1809 5594 1902 5632 Vir
1945 5594 2083 5633 mus

448 5652 701 5704 testatur
729 5647 954 5703 .Eneid.
987 5647 1117 5703 VIII
1151 5650 1455 5705 aSaturno
1486 5650 1806 5706 conditam.
1872 5594 2085 5706 (glans

441 5721 731 5777 Saturnus
762 5719 1019 5778 condidit
1042 5721 1264 5779 urbem.
1299 5744 1327 5773 »
1352 5723 1430 5779 La
1451 5722 1552 5780 Pa.

2260 5008 2338 5080 (5)
2374 5009 2554 5064 Terrae
2584 5007 2698 5077 ﬁlio
2718 5006 3069 5080 jactitamur.
3103 5009 3363 5080 Quorum
3445 5004 3665 5080 scilicet
3744 5008 3869 5061 aut

2189 5077 2351 5164 origo
2376 5080 2571 5164 ignota
2593 5086 2691 5164 est
2719 5077 2820 5164 aut
2850 5079 3090 5150 incerta,
3123 5079 3163 5135 ii
3194 5080 3385 5135 Terrae
3410 5082 3468 5134 et
3494 5077 3624 5132 Filii
3654 5080 3711 5131 et
3752 5098 3869 5152 γη-

2187 5154 2370 5213 κωεῖς.
2406 5152 2703 5206 dicuntur.
2734 5151 2906 5206 IDEM.

2243 5225 2337 5294 7(6)
2368 5224 2472 5277 Illa
2496 5223 2704 5278 scilicet
2730 5221 2972 5294 Sibylla.
2990 5222 3192 5279 Veram
3209 5224 3283 5294 met
3304 5220 3619 5294 veridicam
3654 5218 3864 5276 fuisse

2192 5293 2676 5421 illfamtSibyllam
2698 5295 2928 5367 aitpost
2953 5294 3174 5351 multos
3196 5293 3504 5349 Juvenalis
3532 5296 3588 5347 et
3616 5306 3755 5346 cum
3785 5309 3868 5349 eo

2191 5382 2249 5420 1n
2277 5382 2360 5421 im
2392 5382 2430 5420 ι.

2316 5471 2498 5521 Credit
2548 5484 2633 5520 me
2651 5472 2803 5523 vobis
2832 5471 3018 5522 folium
3068 5472 3293 5522 recitare
3317 5470 3545 5536 sibyllas.
3575 5470 3716 5520 Ion.

2266 5579 2342 5702 (7g
2379 5577 2540 5669 .Vert;
2575 5594 2707 5634 vera
2763 5588 2937 5635 vates.
2993 5578 3292 5666 Arrianus.
3352 5575 3696 5663 Epict.~lll.
3785 5578 3875 5634 de

2266 5666 2319 5702 )0
2349 5647 2489 5702 line.
2545 5656 2681 5702 Ωστι
2734 5652 2921 5702 ιιάντιε
2974 5647 3107 5702 εἶναι
3156 5670 3245 5702 και
3299 5649 3450 5702 πηγὴ
3524 5668 3625 5702 της
3703 5644 3874 5702 ἀλη-

2194 5644 2681 5786 ιέιῖοἰιὶἕθ.Ὥστι
2733 5652 2921 5725 μάντις
2974 5647 3107 5705 εἶναι
3156 5648 3245 5705 καὶ
3299 5644 3450 5723 πηπξὴ
3524 5652 3625 5715 τῆς
3703 5644 3874 5720 ἀλη-

2230 5740 2361 5782 εας.
2443 5739 2522 5779 Ιῧ.
