4094 6186
278 366 392 423 677

1487 359 1591 417 AD
1637 354 2054 416 NATIONES.
2088 389 2165 400 -—
2196 358 2340 418 LIB.
2393 360 2467 420 II.

3564 369 3684 431 678

277 499 404 555 illu.
439 539 454 553 .
492 540 506 552 .
541 537 556 550 .
589 535 602 549 .
634 495 767 567 quis
814 493 970 550 idem
1027 495 1314 565 praestans
1371 493 1529 561 facit,
1580 495 1644 547 ut
1694 489 1909 546 habeat
1945 491 2000 557 Α
2029 491 2436 551 Hercule.......
2486 511 2584 550 ma
2629 497 3050 569 responsionis,
3093 514 3163 552 an
3198 497 3410 568 dignus
3441 501 3584 556 cmlo
3615 508 3672 559 et

273 589 355 644 vel
380 584 762 642 amminicula
782 583 869 638 vel
888 582 1353 638 munimentavel
1379 582 1553 636 etiam
1571 583 1916 636 ornamenta

273 675 491 747 fastigii
522 674 658 740 sui;
692 675 792 728 aut
825 671 1175 726 meritorum
1242 671 1602 726 necessitas.
1641 713 1654 724 .
1691 712 1702 724 .
1743 685 1770 722 s
1831 667 1922 721 di-

273 766 400 836 gnis
433 765 792 835 quibusque.
825 760 997 816 Aliud
1031 761 1170 831 quid
1205 759 1496 831 suspicari
1556 775 1670 813 non
1725 758 1917 811 datur.

274 856 454 911 Nemo
491 896 503 908 .
542 893 553 906 .
594 895 606 906 .
641 853 851 925 giendo
875 851 1066 921 alicui,
1102 854 1204 904 aut
1253 866 1366 904 non
1428 865 1534 904 sua
1601 852 1704 902 aut
1761 846 1920 900 illius

275 961 455 1000 causa
485 942 640 997 facit.
674 943 782 996 Sed
816 956 1004 1012 neque
1041 983 1052 995 .
1101 983 1113 994 .
1150 979 1162 990 .
1201 979 1211 990 .
1247 942 1440 1010 petere
1483 936 1712 992 numini
1770 936 1924 990 inest

274 1040 438 1089 tanta
461 1038 516 1088 et
542 1036 822 1104 potestas,
875 1035 939 1082 ut
996 1027 1332 1084 scilicet...
1396 1028 1590 1097 faciat,
1651 1027 1697 1081 si
1758 1030 1922 1080 tanta

275 1122 639 1185 humanitas,
663 1120 971 1192 irrogetur,
988 1118 1264 1190 quiegeat
1288 1134 1463 1188 opera
1481 1116 1570 1172 vel
1584 1116 1921 1186 adjumento

274 1211 665 1285 quoramdam
697 1213 753 1264 et
801 1209 1037 1280 quidem
1092 1212 1478 1276 mortuorum,
1531 1223 1646 1277 quo
1705 1205 1920 1258 mirum

275 1300 490 1371 magis,
516 1315 648 1354 cum
681 1296 824 1351 alios
853 1293 1341 1350 sibiimmortales
1373 1293 1674 1347 instituere
1702 1289 1923 1362 potuis-

274 1395 381 1447 set.
419 1390 534 1444 Nec
566 1386 786 1441 diutius
818 1387 888 1438 de
915 1427 925 1438 .
965 1426 976 1438 .
1015 1426 1027 1438 .
1052 1388 1148 1438 tus
1180 1383 1502 1453 conquiret,
1531 1381 1633 1452 qui
1664 1380 1925 1434 humana

274 1479 490 1535 divinis
524 1473 901 1547 comparavit.
937 1474 1009 1528 Sa
1042 1514 1054 1527 .
1092 1516 1104 1527 .
1133 1514 1145 1526 .
1181 1473 1297 1528 rior
1323 1470 1517 1542 opinio
1542 1475 1650 1538 est,
1703 1468 1918 1523 discuti

275 1570 469 1636 debet,
529 1566 577 1621 si
637 1565 780 1618 deus
839 1562 1081 1617 reminis
1117 1605 1128 1615 .
1166 1603 1177 1614 .
1216 1603 1228 1615 .
1267 1602 1279 1615 .
1334 1561 1474 1614 buta
1547 1559 1597 1613 si
1658 1557 1923 1630 pristinis

274 1659 417 1713 viris
451 1699 462 1710 .
506 1696 519 1709 .
557 1697 570 1710 .
608 1698 620 1709 .
658 1695 670 1708 .
705 1651 1168 1724 recogitandum.
1233 1651 1395 1714 Quod
1471 1649 1678 1703 exinde
1751 1663 1922 1701 nemo

220 1789 229 1797 .
274 1749 397 1819 dig.
436 1787 449 1801 .
487 1786 501 1799 .
541 1787 593 1800 ..
629 1743 678 1798 si
710 1743 1053 1814 caperejam
1085 1739 1250 1794 locus
1283 1756 1395 1794 non
1447 1743 1658 1809 potest.
1719 1735 1922 1791 Tantis

2038 582 2360 652 divinitate,
2402 584 2482 640 sie
2541 586 2696 640 enim
2745 604 2847 657 pro
2881 604 3081 644 va....
3130 590 3354 645 meritis
3394 592 3675 649 addieunt

2037 671 2400 728 divinitatem
2423 673 2449 726 ?
2471 674 2524 727 Si
2554 675 2625 730 ob
2652 675 2952 743 virtutem,
2975 678 3127 747 quod
3153 679 3300 733 feras
3332 685 3599 738 eonstan.
3625 725 3634 738 .
3658 723 3670 740 .

2039 759 2136 828 rit,
2193 762 2334 831 quid
2383 769 2499 817 tam
2555 765 2930 820 memorabile
2966 766 2992 820 ‘?
3031 784 3222 820 nonne
3264 766 3401 822 ludo
3461 772 3678 841 puniti,

2034 849 2121 903 vel
2166 850 2337 906 etiam
2399 854 2568 909 ad...
2633 855 2911 909 arenariaa
2957 855 3196 911 vilitatis
3265 856 3549 928 plurimas
3619 863 3677 917 in

2036 954 2243 1003 unum,
2302 945 2360 994 et
2413 941 2652 1011 quidem
2714 943 3227 999 studiosiores....
3288 945 3466 1001 ciunt.
3519 950 3576 1003 Si
3608 952 3679 1006 ob

2036 1031 2409 1098 peragratum
2435 1029 2894 1100 orbem,quantis
2912 1032 2982 1084 ad
3010 1032 3398 1102 locupletibus
3421 1035 3679 1094 dulcis...

2034 1119 2144 1186 tas,
2173 1122 2276 1171 aut
2315 1117 2681 1190 pbiIOSOphis
2729 1120 3100 1176 famulatoria
3148 1124 3492 1179 mendicitas
3524 1126 3677 1182 idem

2035 1205 2348 1276 praestitit?
2378 1207 2501 1262 Non
2531 1208 2944 1279 meminerunt,
2970 1210 3367 1280 Aselepiadem
3401 1214 3680 1285 Cynicum

2034 1295 2208 1348 unica
2257 1296 2517 1363 vaccula,
2559 1297 2728 1367 cujus
2785 1301 2844 1352 et
2899 1299 3071 1352 dorso
3118 1300 3455 1372 vehebatur,
3515 1309 3572 1359 et
3627 1306 3677 1359 si

2035 1385 2269 1454 quando
2303 1385 2477 1440 ubere
2499 1385 2788 1457 alebatur,
2841 1388 3041 1443 orbem
3092 1392 3277 1444 totum
3311 1392 3498 1447 oculis
3538 1395 3677 1449 sub-

2032 1474 2275 1545 egisse?
2307 1474 2534 1530 Si.....
2602 1475 2776 1530 etiam
2836 1477 2907 1531 ad
2969 1477 3367 1539 inferosadiit,
3413 1483 3545 1552 quis
3569 1483 3677 1540 hoe

2033 1563 2432 1627 neseiat,viam
2463 1564 2532 1618 ad
2567 1565 2783 1620 inferos
2812 1567 2996 1622 omni.
3021 1608 3030 1620 .
3057 1608 3067 1621 .
3093 1607 3104 1622 .
3134 1585 3196 1622 as
3228 1568 3539 1639 plurimas.
3562 1611 3575 1631 .
3600 1614 3610 1628 .
3636 1613 3678 1629 ..

2033 1651 2179 1706 sille
2209 1652 2583 1723 Pompeius..
2805 1655 2901 1724 qui
2931 1672 3034 1710 nec
3056 1655 3278 1712 hostias
3302 1659 3598 1718 al.......
3641 1679 3676 1716 n

2033 1758 2215 1795 unum
2269 1741 2546 1813 agnulum
2599 1744 2786 1814 Byrsae
2819 1745 3159 1802 Cartha....
3192 1763 3272 1800 re.
3325 1750 3445 1813 Quo
3489 1753 3677 1822 magis

274 1835 549 1892 videlicet
581 1877 594 1890 .
631 1876 645 1889 .
683 1874 696 1886 .
724 1874 734 1887 .
766 1874 778 1886 .
814 1848 847 1886 a
895 1829 1174 1885 meruerit
1231 1828 1597 1926 antiquitasx
1636 1827 1781 1926 Ergo
1850 1843 1922 1880 an
1955 1871 2000 1935 Β
2031 1828 2428 1935 Seipio,quam
2454 1830 2738 1935 Herculis,
2770 1832 2932 1886 0b....
2965 1832 3009 1886 ti
3034 1833 3397 1904 deputatur?
3429 1838 3678 1908 Adjicits

277 1924 579 1990 meruerit,
614 1937 674 1978 re
708 1964 719 1976 .
749 1963 762 1975 .
800 1963 812 1976 .
845 1963 858 1976 .
896 1963 908 1974 .
935 1919 1242 1984 meruisse,
1272 1921 1560 1990 proponat
1584 1917 1771 1988 ipsius
1803 1931 1924 1969 me-

277 2016 409 2071 rita.
442 2014 500 2068 Si
528 2012 663 2083 quid
696 2012 753 2065 in
806 2007 1151 2064 cunabulis.
1185 2051 1196 2062 .
1229 2049 1242 2061 .
1274 2050 1284 2062 .
1347 2007 1549 2072 litatis,
1609 2005 1806 2060 valent
1853 2004 1923 2059 ad

278 2103 628 2176 suffragium
662 2098 1005 2164 divinitatis;
1059 2098 1413 2151 ineestorum
1443 2139 1454 2150 .
1491 2137 1502 2149 .
1536 2113 1554 2150 '.
1594 2140 1606 2161 ,
1635 2095 1815 2166 Opem
1869 2096 1926 2148 et

275 2201 598 2250 Saturnum
634 2191 841 2245 fratres
886 2186 1206 2258 recepistis.
1266 2186 1536 2240 Furtivus
1593 2185 1821 2242 infans.
1862 2228 1873 2239 .
1913 2227 1924 2238 .

278 2292 364 2340 ter
395 2284 616 2350 dignus
647 2284 704 2333 et
732 2282 886 2332 tecto
928 2281 983 2331 et
1033 2276 1207 2330 ubere
1266 2275 1546 2342 humano,
1601 2274 1928 2345 meritoque

279 2376 438 2429 inore
476 2414 488 2426 .
526 2413 539 2424 .
573 2413 585 2425 .
621 2411 634 2423 .
668 2373 791 2424 tam
821 2365 976 2420 mala
1010 2366 1345 2419 manebant.
1381 2363 1633 2419 Adultus
1674 2364 1929 2434 denique

278 2462 752 2536 qualemcunque
783 2455 1104 2526 genitorem
1143 2497 1155 2508 .
1195 2495 1207 2508 .
1245 2495 1257 2508 .
1295 2496 1307 2508 .
1340 2454 1927 2525 1icissimum,regem

277 2551 437 2608 aurei
473 2549 697 2604 scilicet
727 2541 942 2615 saeculi,
979 2545 1088 2598 sub
1149 2560 1263 2614 quo
1320 2543 1538 2598 laboris
1577 2543 1786 2614 inopiae
1822 2584 1836 2598 .
1863 2586 1875 2599 .
1915 2586 1927 2598 .

278 2659 346 2698 ac
378 2657 492 2712 pax
523 2637 877 2710 quiescebat,
913 2634 1022 2688 sub
1057 2649 1171 2703 quo
1199 2631 1345 2686 nulli
1374 2632 1738 2703 ;subigebant
1795 2649 1932 2688 arva

279 2729 499 2792 coloni,
531 2769 543 2782 .
581 2769 634 2782 ..
673 2768 686 2779 .
739 2723 914 2779 tellus
973 2721 1135 2776 nullo
1191 2726 1462 2791 poscente
1521 2722 1760 2776 ferebat.
1820 2724 1930 2778 Sed

280 2822 489 2876 oderat
519 2820 747 2888 patrem
777 2814 1064 2867 incestum
1097 2811 1226 2880 ejus
1260 2853 1272 2865 .
1311 2852 1322 2864 .
1359 2852 1371 2864 .
1406 2813 1783 2865 eastratorem
1826 2853 1837 2865 .
1869 2852 1880 2865 .
1919 2853 1931 2866 .

280 2912 429 2966 Ecce
461 2910 653 2962 autem
688 2906 743 2958 et
773 2903 897 2974 ipse
927 2916 1062 2956 eum
1086 2915 1282 2954 sorore
1341 2899 1620 2954 miscetur
1677 2904 1740 2954 ut
1798 2899 1934 2954 huic

284 3000 546 3070 primum
604 2994 828 3048 dictum
889 2991 1259 3062 putemztoﬁ
1315 2987 1516 3062 πατρὸς
1575 2987 1634 3041 τὸ
1695 2985 1934 3044 παιδίον.

287 3088 433 3142 Tam
459 3086 588 3157 pius
619 3086 806 3154 pater,
840 3096 1016 3152 quam
1049 3079 1178 3148 pius
1212 3076 1366 3132 ﬁlius
1398 3117 1412 3130 .
1448 3119 1459 3132 .
1496 3119 1508 3132 .
1545 3119 1556 3131 .
1591 3095 1646 3132 m
1685 3083 1823 3133 tunc
1856 3078 1939 3134 le-

281 3175 462 3248 gibus
494 3170 863 3242 ageretur.in
896 3168 1043 3222 duos
1087 3165 1282 3221 culeos
1340 3165 1521 3219 dividi
1577 3167 1779 3222 Jovem
1843 3169 1937 3222 de-

280 3240 407 3320 cuit
440 3307 454 3318 .
581 3303 594 3314 .
620 3260 935 3326 dubitaret,
969 3257 1209 3311 libidine
1249 3257 1321 3310 ab
1378 3256 1598 3310 incesto
1657 3258 1931 3311 corrobo-
1963 3240 2005 3305 C
2045 3258 2172 3307 stus
2219 3258 2328 3308 est.
2380 3253 2563 3308 Malus
2612 3255 2929 3325 Jupiter...

281 3358 432 3421 rata,
469 3351 528 3404 in
559 3349 795 3417 leviora,
830 3347 887 3400 id
921 3352 1028 3411 est,
1068 3387 1079 3399 .
1117 3387 1129 3399 .
1162 3388 1174 3399 .
1210 3349 1264 3400 et
1298 3350 1502 3415 stupra
1560 3345 1934 3400 diffundere?

283 3443 355 3498 de
388 3457 506 3510 quo
539 3437 764 3510 poetica
795 3436 878 3491 sie
908 3434 1191 3490 lusxtavit.
1217 3435 1513 3499 Quomodo
1540 3475 1552 3487 .
1583 3475 1595 3488 .
1635 3476 1646 3488 .
1675 3434 1746 3489 de
1782 3434 1934 3505 fugi-

281 3532 406 3586 tivo
437 3527 629 3598 palam
665 3527 880 3580 factum
897 3523 1154 3579 solemus
1173 3528 1475 3593 etoperam
1500 3524 1627 3593 ejus
1652 3539 1933 3594 pereon...

287 3618 508 3675 abusui
539 3615 866 3671 nundinare
887 3614 932 3648 5‘
964 3613 991 3667 ?
1022 3613 1193 3667 modo
1224 3612 1281 3665 in
1320 3613 1504 3683 pretia
1531 3612 1771 3666 luxurias
1804 3627 1935 3666 eum

289 3706 605 3780 ﬁgurando
633 3745 645 3758 .
681 3747 694 3760 .
732 3745 744 3757 .
778 3704 982 3757 bovem
1008 3707 1108 3757 aut
1139 3701 1390 3772 pretium
1443 3701 1601 3756 bovis
1663 3716 1939 3772 pensave-

292 3798 394 3865 rit,
428 3800 482 3849 et
513 3793 760 3848 imbrem
791 3790 1050 3863 pergulis
1074 3831 1086 3844 .
1127 3831 1139 3844 .
1170 3833 1184 3845 .
1217 3790 1443 3843 aditum
1475 3793 1717 3859 pecunia
1765 3805 1940 3859 rupe-

289 3883 428 3940 rit?
461 3883 634 3938 modo
660 3885 714 3935 in
739 3879 1155 3936 simililudines
1187 3883 1424 3933 actuum
1458 3879 1513 3948 ip
1550 3921 1562 3932 .
1599 3920 1612 3933 .
1651 3920 1662 3932 .
1695 3879 1796 3946 im,
1840 3876 1940 3948 qui

289 3973 513 4045 rapuit,
547 3988 818 4043 cycnum,
851 3970 951 4041 qui
985 3973 1338 4024 cantaverat.
1387 3969 1538 4022 Adeo
1591 3985 1706 4022 non
1773 3967 1942 4022 fabu-

289 4063 507 4119 laristae
530 4064 670 4116 sunt
690 4061 759 4114 de
793 4059 916 4114 fa...
952 4059 1026 4113 sit
1056 4075 1127 4113 an
1163 4075 1277 4112 non
1320 4057 1566 4113 laseiv...
1632 4075 1705 4111 na
1752 4056 1942 4110 homi-

290 4170 464 4219 num,
496 4167 712 4222 quos...
737 4148 956 4204 emissa
978 4148 1103 4218 jam
1138 4148 1364 4218 pridem
1401 4164 1432 4201 a
1467 4147 1576 4201 ﬁde
1609 4163 1712 4217 per
1745 4148 1941 4200 inor...

291 4260 412 4300 non
447 4245 540 4296 est
564 4239 734 4294 nobis
768 4237 1065 4294 extensius
1099 4237 1414 4308 agendum.
1448 4237 1501 4288 Si
1537 4237 1693 4290 enim
1727 4241 1784 4290 et
1814 4253 1941 4290 re...

291 4333 472 4404 pibus
506 4335 561 4384 et
592 4327 1156 4401 proseminatoribus
1190 4327 1337 4382 605
1375 4324 1497 4381 suis
1530 4331 1754 4380 morata
1780 4324 1944 4396 plebs

287 4424 499 4478 eadem
561 4437 633 4491 q.
669 4463 680 4474 .
721 4460 731 4472 .
765 4423 995 4487 natura,
1025 4416 1162 4472 alibi
1185 4416 1498 4472 auctoritas
1547 4416 1812 4486 exigebat
1867 4414 1944 4469 si-

289 4509 694 4564 militudinem
731 4523 1085 4561 morum.....
1118 4509 1338 4575 quanto
1371 4503 1645 4568 deterior,
1680 4503 1779 4573 qui
1830 4520 1944 4556 non

2036 1916 2228 1988 potius
2251 1917 2406 1973 tituli
2429 1918 2790 1974 Hercula.....
2820 1937 2970 1988 rum,
2989 1928 3321 1989 uxorum,et
3355 1925 3518 1981 fmtas
3541 1931 3676 1982 Om-

2036 2006 2200 2072 fales,
2232 2011 2286 2061 et
2316 2007 2388 2061 ob
2421 2009 2609 2062 decori
2640 2010 2800 2078 pueri
2861 2011 3126 2066 amissio.
3153 2053 3197 2066 ..
3253 2013 3542 2070 desertam
3568 2017 3678 2070 mi-

2036 2094 2221 2150 litiam
2280 2102 2775 2167 Argonautarum.
2834 2100 3080 2170 Adjicite
3130 2102 3199 2155 ad
3260 2102 3506 2173 gloriam
3551 2109 3684 2176 post

2036 2185 2260 2254 turpi...
2286 2187 2584 2250 am,etiam
2601 2186 2780 2242 furias
2802 2189 2927 2257 ejus
2948 2194 3262 2254 ;auctorate
3282 2193 3678 2264 sagittas,quae

2038 2273 2187 2328 ﬁlios
2244 2279 2300 2328 et
2353 2291 2662 2330 uxorem...
2695 2286 2862 2330 erunt
2897 2295 2908 2344 ;
2939 2279 3037 2348 qui
3070 2283 3208 2332 tunc
3263 2280 3499 2351 dignius
3543 2299 3679 2352 rogo

2037 2378 2164 2416 sese
2195 2363 2512 2432 irrogasset
2544 2381 2659 2435 pra)
2714 2364 2906 2419 dolore
2940 2367 3110 2437 parti.
3137 2408 3147 2421 .
3173 2410 3183 2422 .
3208 2409 3218 2422 .
3244 2409 3253 2422 .
3280 2410 3290 2423 .
3331 2369 3436 2432 Qui
3488 2372 3682 2426 uxoris

2038 2451 2110 2504 ob
2141 2449 2439 2505 lasciviam
2490 2452 2728 2506 venenis
2768 2453 3198 2510 circumventus
3232 2458 3419 2528 magis
3453 2464 3634 2514 metu.
3658 2498 3672 2516 .

2040 2539 2287 2593 honesta
2357 2545 2541 2594 morte
2591 2546 2934 2596 moreretur.
2987 2544 3151 2598 Hune
3201 2562 3301 2600 vos
3342 2547 3412 2600 de
3451 2565 3590 2618 pyra
3621 2549 3680 2603 in

2041 2627 2250 2683 caelum
2275 2627 2508 2684 suble...
2535 2629 2882 2699 afaeilitate,
2917 2649 3032 2704 qua
3071 2638 3127 2688 et
3174 2633 3355 2690 alium
3413 2637 3569 2708 ignis
3627 2643 3684 2693 et

2042 2718 2220 2772 divini
2254 2718 2603 2788 coniectum,
2628 2720 2728 2790 qui
2749 2737 2933 2790 pauca
2962 2738 3016 2778 e.
3041 2763 3087 2778 ..
3129 2723 3362 2795 ingenia
3393 2742 3685 2781 commen-

2043 2812 2160 2872 tus,
2195 2807 2497 2862 dicebatur
2528 2814 2789 2864 mortuos
2821 2811 2892 2865 ad
2916 2811 3093 2866 vitam
3126 2817 3686 2883 recurasse...ﬁlius,

2043 2901 2161 2952 tam
2198 2897 2393 2965 homb,
2421 2914 2596 2968 quam
2646 2900 2809 2955 Jovis
2839 2917 3039 2971 nepos,
3064 2902 3294 2957 Saturni
3329 2921 3643 2976 pronepos.
3667 2945 3679 2962 .

2046 2986 2284 3056 spurius
2318 2991 2379 3039 ut
2401 2986 2619 3042 incerto
2655 2993 2835 3059 patre,
2862 2994 2925 3043 ut
2951 2991 3192 3061 Argivus
3230 2994 3493 3048 Socrates
3521 2995 3690 3048 detu-

2046 3075 2139 3130 lit.
2165 3115 2174 3128 .
2199 3116 2210 3128 .
2235 3115 2246 3128 .
2271 3116 2280 3128 .
2305 3115 2316 3129 .
2341 3080 2922 3148 .repcrtum,turpius
2952 3080 3088 3134 Jove
3119 3081 3456 3150 educatum,
3478 3083 3690 3137 canino

2047 3162 2270 3218 scilicet
2292 3165 2559 3219 ubere....
2585 3182 2754 3220 nemo
2787 3184 2996 3238 negare
3023 3174 3245 3238 potest;
3283 3171 3523 3226 l'ulmine
3545 3172 3691 3226 hau-

2999 3274 3102 3312 sus
3150 3262 3321 3323 est“,
3372 3261 3591 3332 impius
3631 3261 3691 3316 in

2046 3347 2337 3412 nepotem,
2363 3341 2596 3397 invidus
2627 3344 2682 3397 in
2717 3345 3022 3400 artiﬁcem.
3059 3349 3165 3401 Sed
3200 3349 3353 3403 enim
3381 3349 3501 3419 pin.
3526 3391 3538 3406 .
3563 3390 3573 3405 .
3599 3391 3609 3405 .
3635 3389 3646 3405 .
3671 3389 3683 3405 .

2056 3471 2103 3486 ..
2127 3447 2250 3486 .um
2275 3433 2402 3501 ejus
2421 3449 2534 3486 non
2563 3433 3276 3506 occultavit,cupiditatem
3308 3443 3363 3493 et
3389 3439 3692 3494 avaritiam

2046 3518 2291 3574 lucri...
2330 3524 2509 3587 atam,
2546 3538 2662 3592 qua
2715 3522 2948 3592 quidem
2996 3524 3092 3578 ille
3122 3527 3281 3581 vivos
3319 3529 3390 3582 ad
3425 3533 3693 3597 mortem,

2049 3625 2160 3663 ncn
2203 3613 2563 3666 mortu.....
2607 3612 3075 3681 praevaricatione
3118 3616 3338 3671 venalis
3390 3617 3692 3672 medicinae

2051 3698 2277 3767 agebat.
2340 3699 2564 3753 Dicitur
2611 3700 2783 3755 etiam
2841 3710 3029 3759 mater
3104 3707 3232 3775 ejus
3281 3708 3483 3761 eodem
3559 3723 3699 3762 casu

2051 3787 2243 3841 obisse
2273 3805 2285 3854 ;
2311 3789 2582 3844 merito...
2609 3807 2734 3844 sam
2763 3808 2885 3846 m...
2920 3793 3168 3848 bestiam
3206 3796 3468 3851 ediderat
3488 3796 3698 3852 iisdem

2053 3877 2218 3947 quasi
2247 3876 2420 3932 scalis
2479 3879 2549 3932 ad
2595 3880 2806 3934 cmlum
2865 3883 3146 3953 erupisse.
3189 3885 3254 3937 Et
3296 3889 3488 3940 tamen
3520 3886 3699 3940 Athe-

2052 3967 2285 4021 nienses
2346 3967 2535 4022 scient
2587 3970 2874 4036 ejusmodi
2936 3971 3059 4025 deis
3130 3973 3478 4028 sacriﬁcare.
3552 3974 3699 4029 Nam

2052 4054 2384 4126 .Eseulapio
2406 4061 2463 4110 et
2488 4057 2657 4111 matri
2693 4057 2848 4112 inter
2879 4064 3140 4115 mortuos
3175 4067 3500 4132 parentant,
3532 4063 3702 4132 quasi

2055 4162 2168 4199 non
2195 4150 2252 4199 et
2275 4145 2385 4215 ipsi
2417 4145 2636 4205 Thesea
2655 4164 2828 4202 suum
2853 4149 3133 4204 adorent:
3171 4151 3314 4206 Mer.
3340 4191 3350 4206 .
3375 4192 3386 4206 .
3412 4193 3457 4206 ..
3500 4151 3698 4219 deum,

2056 4233 2294 4305 quinisi
2318 4236 2801 4290 conservatricem
2849 4254 3014 4292 suam
3066 4238 3122 4293 in
3177 4239 3370 4295 littore
3429 4241 3580 4295 006
3607 4257 3704 4310 pe-

2057 4323 2289 4394 regrino
2334 4323 2600 4395 deliquit.
2653 4327 2854 4380 eadem
2915 4326 3225 4395 oblivione,
3268 4328 3384 4383 imo
3415 4330 3693 4397 amentia,

2057 4429 2186 4483 quas
2216 4412 2364 4482 patri
2399 4429 2575 4468 causa
2608 4414 2814 4468 mortis
2844 4415 2973 4470 fuit.

2132 4504 2215 4556 15.
2241 4503 2502 4573 Longum
2534 4503 2678 4558 foret
2708 4520 3008 4560 recensere
3060 4505 3233 4560 etiam
3295 4507 3365 4561 de
3405 4505 3522 4561 illis
3559 4522 3707 4579 quos

291 4597 505 4654 melior
534 4597 561 4651 7
618 4597 841 4668 privato
899 4595 1055 4650 enim
1114 4595 1287 4649 titulo
1366 4593 1567 4648 Jovem
1635 4591 1942 4662 optimum.
1978 4592 2114 4678 Din
2140 4592 2334 4647 sidera
2376 4592 2689 4663 sepelistis,
2727 4597 2783 4646 et
2831 4595 3130 4650 audaciter
3151 4595 3340 4652 dei...
3382 4596 3577 4651 tratis.
3614 4596 3708 4652 Sie

291 4732 300 4744 .
335 4731 349 4743 .
384 4730 398 4743 .
433 4729 446 4741 .
483 4729 496 4741 .
531 4688 629 4755 tis,
663 4691 720 4741 et
750 4690 839 4742 est
865 4685 1092 4756 Virgitii
1125 4699 1323 4755 mquus
1371 4682 1602 4753 Jupiter
1663 4682 1943 4752 optimus.

286 4777 544 4832 Proinde
567 4776 776 4830 incesti
831 4776 890 4829 in
943 4791 1102 4840 suos,
1165 4771 1441 4844 impudici
1500 4770 1559 4824 in
1621 4774 1945 4839 extraneos,

293 4864 829 4937 impii,injusti,cui
862 4863 1087 4918 nullam
1111 4863 1403 4934 insignem
1428 4859 1948 4916 infamiamiabula

290 4955 577 5026 reliquit.
612 4997 626 5010 .
664 4998 675 5009 .
711 4955 856 5009 deus
881 4953 1002 5009 ﬁeri
1025 4969 1140 5008 non
1178 4952 1286 5007 fuit
1316 4950 1553 5021 dignus.

362 5045 456 5099 14.
489 5046 597 5100 Sed
631 5043 911 5115 quoniam
937 5042 1079 5098 alios
1111 5056 1377 5097 seorsum
1409 5037 1616 5093 volunt
1649 5036 1708 5091 in
1734 5037 1944 5092 divini-

287 5141 475 5192 tatem
508 5135 580 5190 ab
630 5134 973 5190 hominibus
1034 5136 1320 5203 receptos,
1374 5134 1430 5184 et
1460 5127 1744 5200 distingui
1797 5129 1947 5185 inter

283 5225 526 5280 nativos
558 5229 614 5279 et
644 5225 827 5280 factos
859 5224 1184 5279 secundum
1209 5219 1550 5291 Dionysium
1573 5217 1855 5287 Stoicum,
1878 5220 1948 5274 de

281 5315 403 5370 ista
466 5331 698 5386 quoque
758 5313 949 5385 specie
1007 5312 1301 5383 adjiciam.
1383 5319 1458 5369 De
1521 5309 1648 5384 ipso
1708 5310 1947 5382 quidem

2060 4682 2266 4753 opinor
2327 4681 2488 4751 digni
2537 4682 2608 4735 de
2657 4681 2796 4736 ccslo
2856 4683 3124 4738 Castores
3200 4688 3257 4739 et
3330 4689 3575 4740 Perseus
3655 4688 3712 4739 et

2061 4772 2327 4842 Erigone,
2378 4771 2874 4840 quemadmodum
2927 4778 2984 4827 et
3043 4773 3200 4829 Jovis
3268 4773 3548 4844 expletus.
3599 4774 3709 4828 Sed

2061 4861 2202 4933 quid
2227 4859 2562 4915 mirandum
2589 4858 2810 4915 Peliam
2843 4878 3017 4916 canes
3067 4867 3123 4916 et
3181 4863 3442 4934 scorpios
3469 4879 3711 4918 cancros

2060 4950 2117 5003 in
2169 4949 2378 5004 coelum
2448 4948 2856 5004 transtulistis.
2928 4949 3137 5006 Diii‘ero
3182 4952 3252 5006 de
3312 4951 3404 5006 his
3459 4967 3605 5022 quos
3651 4951 3710 5006 in

2060 5038 2334 5094 oraculis.
2360 5079 2371 5094 .
2397 5080 2406 5093 .
2445 5043 2499 5093 et
2530 5038 2936 5094 testimonium
2961 5040 3055 5095 hic
3087 5041 3293 5111 divini,
3327 5042 3426 5113 qui
3449 5046 3506 5096 et
3529 5041 3711 5096 tristi-

2061 5128 2151 5182 tia:
2175 5129 2312 5183 deos
2344 5127 2590 5182 arbitros
2625 5145 2751 5183 esse
2785 5129 2986 5185 vultis.
3013 5171 3022 5185 .
3048 5172 3058 5186 .
3084 5173 3093 5185 .
3119 5130 3418 5202 .dius,qui
3450 5132 3710 5186 animam

2061 5233 2299 5289 corpore
2329 5217 2728 5287 viduet,quem
2788 5219 2943 5273 intra
2974 5235 3173 5274 muros
3224 5219 3380 5275 eludi
3424 5237 3537 5276 non
3582 5236 3710 5291 per-

2061 5307 2346 5363 mittendo
2401 5307 2747 5363 damnastis.
2822 5310 2963 5365 Item
2995 5309 3276 5380 Caeculus,
3337 5310 3439 5383 qui
3516 5310 3714 5366 oculos

1689 5519 1891 5581 Variae
1925 5516 2244 5579 lectiones.

353 5701 581 5777 “fias.
616 5699 932 5777 adﬁpolog,
962 5716 1009 5756 c.
1042 5699 1457 5777 2._Q‘uo_mod_o,
1492 5695 2103 5777 qliandode‘fugitivo‘
2131 5692 2324 5777 palan}
2361 5691 2610 5777 factum,
2639 5693 2899 5777 solemus
2923 5699 2981 5751 et
3022 5711 3256 5766 Operam
3308 5695 3436 5763 ejus
3470 5707 3713 5763 percon-

274 5773 472 5828 tando
507 5773 719 5830 abusui
751 5764 1079 5829 nundinare
1108 5772 1134 5827 ?
1166 5773 1208 5807 ⁵⁸
1241 5764 1453 5843 Rigalt.
1485 5764 1700 5828 emend.
1739 5764 2198 5841 Malus'Jupiter,
2233 5764 2517 5821 sifulmen
2549 5767 2737 5837 ipsius
2764 5772 2871 5823 est.
