4094 6186
441 325 561 387 679

957 316 1484 378 TERTULLIANI
1531 312 1857 374 OPERUM
1901 311 2105 369 PARS
2152 306 2200 367 I.
2237 336 2314 351 —
2342 303 2619 366 SERIES
2664 304 2716 375 I,
2760 295 3325 360 APOLOGETICA.

3682 298 3783 359 680

440 476 618 518 sensu
650 459 849 514 exant.
874 495 885 511 .
909 494 956 511 ..
988 452 1234 521 Orbana,
1268 466 1393 522 quas
1434 449 1491 505 in
1518 449 1831 506 orbitatem
1863 443 2090 502 semina
2118 449 2172 515 Α
2208 445 2321 498 ret.
2344 481 2356 497 .
2380 480 2391 496 .
2415 481 2428 495 .
2469 435 2804 511 posthabita
2862 435 3033 488 Samo
3056 429 3285 501 dilecta,
3316 433 3369 485 et
3410 429 3594 502 utique
3620 431 3794 489 [Enen-

441 550 798 619 exstinguat,
823 543 1089 615 otipsius
1122 541 1344 596 Mortis.
1369 582 1381 595 .
1408 581 1418 596 .
1442 544 1543 594 .Ut
1584 542 1790 594 catera
1835 540 2097 592 transvo-

442 640 579 704 lem,
614 636 787 693 etiam
819 633 1079 689 locorum
1114 631 1297 695 urbis,
1328 629 1415 684 vel
1483 629 1630 695 loca,
1662 629 1800 683 deos
1859 643 1946 682 ar.
1972 667 1982 681 .
2008 665 2019 681 .
2044 665 2090 681 ..

442 733 692 799 patrem,
724 730 780 779 et
811 722 941 777 diva
971 720 1185 790 Arquis
1226 724 1282 774 et
1314 720 1470 773 Lana
1502 723 1559 774 et
1592 715 1881 773 montium
1909 715 2100 786 Septe-

446 814 735 871 montium
770 812 875 883 (8).
900 851 946 866 ..
980 809 1063 863 illi
1098 809 1338 877 faciunt,
1370 807 1550 879 quiin
1575 806 1781 861 iisdem
1804 804 1947 860 locis
1968 818 2100 858 aras

449 905 535 958 vel
574 904 725 956 aedes
754 900 987 965 habent,
1025 903 1324 969 praeterea.
1349 938 1359 951 .
1386 936 1433 953 ..
1502 896 1559 949 in
1611 894 1797 948 alieno
1838 892 1963 947 loco
2002 896 2102 947 aut

447 991 819 1049 mercedibus
843 988 1135 1044 habitant.
1171 988 1355 1041 Taceo
1387 990 1739 1041 Ascensum.
1766 1027 1776 1039 .
1800 1024 1813 1040 .
1853 988 1909 1037 et
1943 981 2099 1037 Levi-

450 1082 637 1138 colam
670 1080 712 1114 ⁵⁶
746 1097 779 1134 a
807 1076 972 1133 clivis
1007 1102 1020 1143 ;
1049 1081 1210 1131 taceo
1266 1076 1407 1131 deos
1454 1074 1761 1130 Forculum
1790 1092 1822 1129 a
1854 1073 2098 1140 foribus,

445 1176 501 1227 et
529 1171 803 1224 Cardeam
837 1184 869 1221 a
901 1166 1262 1234 cardinibus,
1297 1170 1353 1219 et
1386 1165 1656 1220 liminum
1683 1163 2097 1230 Limentinum,

444 1261 565 1316 sive
624 1257 723 1329 qui
782 1254 879 1311 alii
938 1256 1089 1309 inter
1144 1254 1363 1308 vicinos
1394 1269 1736 1324 ap...num
1769 1252 2096 1307 Janitorum

444 1350 783 1405 adorantur.
817 1344 961 1409 Quid
998 1343 1151 1398 enim
1188 1358 1465 1414 magnum
1501 1344 1522 1395 ἓ
1578 1357 1711 1396 cum
1762 1345 1817 1395 et
1848 1340 2102 1394 habeant

447 1439 506 1493 in
541 1433 943 1508 lupanaribus,
988 1433 1046 1487 in
1104 1432 1341 1499 culinis,
1392 1436 1448 1485 et
1495 1431 1553 1484 in
1582 1431 1697 1484 imo
1730 1445 1958 1485 carcere
1992 1449 2004 1498 ς
2040 1428 2098 1484 in

446 1528 490 1585 i.
509 1526 751 1595 ..itaque
783 1521 1291 1595 propr...aliisque
1311 1522 1704 1575 Romanorum
1732 1518 2101 1589 deis,quibus

449 1616 645 1689 potius
668 1615 797 1669 vitae
830 1613 1021 1668 ofﬁcia
1042 1612 1505 1679 distribuuntur,
1548 1610 1759 1677 taliter,
1794 1613 1858 1663 ut
1879 1608 2101 1663 caeteris

452 1705 578 1762 deis
611 1721 758 1775 opus
790 1719 903 1758 non
938 1701 1034 1756 sit.
1096 1702 1215 1755 Imo
1249 1717 1381 1755 cum
1415 1700 1687 1771 privatim
1709 1699 1861 1770 apud
1886 1702 2101 1753 Roma-

451 1813 558 1853 nos
590 1796 962 1866 deputentur,
989 1808 1134 1863 quos
1165 1808 1345 1863 supra
1382 1790 1764 1861 signavimus,
1799 1805 1903 1845 nec
1936 1787 2102 1844 facile

450 1884 592 1940 foris
652 1882 887 1952 cogniti,
946 1881 1237 1952 quomodo
1294 1896 1362 1934 ea
1417 1880 1611 1935 omnia
1655 1878 1788 1933 illos
1854 1893 2102 1949 praeesse

450 1972 763 2028 voluerunt
793 1970 851 2024 in
884 1968 1041 2023 omni
1103 1984 1313 2039 genere
1370 1967 1651 2037 humano,
1718 1971 1774 2021 et
1831 1966 1890 2020 in
1942 1965 2101 2021 omni

453 2064 623 2133 gente
652 2058 1037 2131 proveniunt;
1073 2058 1169 2111 ubi
1214 2056 1435 2128 praedes
1482 2071 1703 2122 eorum,
1763 2072 1878 2109 non
1936 2055 2103 2109 modo

455 2150 695 2215 honore,
729 2148 828 2203 sed
864 2147 991 2217 ipsa
1023 2162 1255 2217 quoque
1287 2145 1491 2199 notitia
1543 2148 1759 2200 carent.
1791 2146 1899 2199 Sed
1948 2145 2102 2198 enim

457 2238 697 2310 quidam
739 2237 963 2291 fructus
1020 2240 1076 2290 et
1133 2235 1460 2289 necessaria
1510 2234 1688 2289 victui
1744 2234 2105 2289 demonstra-

452 2329 661 2383 verunt
688 2328 711 2380 Ρ

526 2417 611 2471 16.
645 2417 848 2481 Quaeso
880 2430 1001 2477 vos,
1038 2428 1169 2467 cum
1215 2412 1407 2467 dicitis
1464 2412 1755 2467 invenisse
1804 2410 1955 2477 illos,
1992 2427 2106 2465 non

460 2503 817 2561 confitemini
884 2500 1046 2573 prius
1102 2501 1281 2555 fuisse
1330 2517 1454 2571 quae
1526 2501 1945 2555 invenirentur.
1996 2503 2110 2553 Cur

456 2610 589 2664 ergo
622 2608 737 2647 non
795 2595 1091 2647 auctorem
1142 2590 1339 2661 potius
1392 2588 1713 2656 honoratis,
1770 2589 1939 2659 cujus
1987 2588 2107 2643 haec

458 2684 613 2737 dona
634 2682 897 2747 sunt,setl
926 2684 1219 2734 auctorem
1245 2678 1577 2733 transfertis
1596 2678 1652 2732 in
1688 2675 2105 2750 repertores?...

459 2788 634 2843 quam
655 2769 992 2837 invenisset,
1021 2768 1221 2839 utique
1254 2767 1472 2823 auctori
1496 2768 1713 2839 gratias
1736 2768 1872 2839 egit,
1906 2767 2109 2839 utique

462 2860 626 2917 illum
650 2860 822 2914 deum
855 2858 1077 2924 sensit;
1229 2857 1621 2912 ministerium
1656 2855 2009 2912 institutoris
2037 2875 2049 2923 ;
2078 2872 2110 2910 a

464 2966 577 3021 quo
608 2948 807 3019 etipse
848 2946 1154 3001 institutus
1186 2950 1275 3001 est
1309 2946 1407 3017 qui
1441 2946 1755 3001 invenit...
1790 2962 1920 3000 sum
1951 2944 2105 3016 quod

458 3036 882 3093 invenirentur.
928 3034 1125 3090 Ficum
1166 3034 1408 3089 viridem
1458 3034 1653 3089 Romre
1712 3050 1881 3089 nemo
1934 3049 2107 3088 nove-

465 3132 578 3183 rat.
603 3168 615 3184 .
639 3168 650 3182 .
675 3169 721 3182 ..
755 3142 852 3180 um
889 3124 1024 3180 Cato
1070 3123 1296 3178 senatui
1322 3123 1519 3179 intulit
1548 3149 1561 3191 ;
1597 3128 1659 3179 ut
1690 3141 1802 3195 quo
1826 3124 1950 3194 jam
1976 3139 2106 3194 pro-

2213 531 2421 585 darum
2454 527 2690 600 ignibus
2715 521 2983 581 adoleri..
3007 562 3019 577 .

3050 654 3146 702 Hic
3175 652 3313 701 illius
3339 664 3498 713 arma,

2276 724 2369 773 Ilic
2399 736 2587 773 currus
2614 720 2732 778 fuit,
2764 719 2867 769 hoc
2889 730 3111 780 regnum
3143 715 3241 764 dea
3269 714 3503 780 gentibus
3526 727 3648 772 esse,

2273 788 2326 837 Si
2357 801 2462 849 qua
2494 786 2603 834 fata
2632 777 2827 843 sinant,
2855 777 2975 844 jauf
2999 786 3129 829 tunc
3173 777 3442 839 tenditque
3470 777 3696 839 fovetque
3723 779 3800 839 (9).

2211 912 2427 969 Misera
2457 911 2738 967 adversus
2769 908 2887 962 fata
2946 921 3060 960 non
3100 901 3305 961 valuit.
3344 901 3451 956 Nec
3494 904 3672 955 tamen
3698 907 3806 956 tan-

2210 1007 2338 1058 tum
2363 999 2602 1057 honoris
2636 995 2883 1053 Romani
2916 992 3059 1050 satis
3103 991 3472 1058 decreverint,
3498 994 3558 1044 ut
3582 989 3810 1044 dedenti-

2210 1093 2321 1147 bus
2351 1088 2759 1161 Carthaginem
2793 1084 2931 1152 sibi,
2972 1086 3261 1154 quantum
3314 1077 3636 1145 Larentinae,
3662 1078 3715 1133 Si
3736 1078 3813 1133 dei

2211 1181 2307 1237 isti
2343 1178 2676 1236 conferendi
2725 1177 2785 1231 in
2820 1178 3045 1246 pote...
3089 1171 3177 1226 uit
3236 1169 3387 1225 enim
3436 1166 3815 1240 JupiterCreta

2212 1276 2266 1327 et
2317 1275 2605 1324 Saturnus
2637 1265 2814 1322 Italiae
2844 1267 2902 1319 et
2939 1262 3047 1317 Isis
3078 1261 3347 1333 IEgypto.
3372 1300 3416 1314 ..
3449 1261 3814 1329 regnaverunt,

2212 1360 2427 1431 quibus
2457 1358 2633 1414 etiam
2657 1355 2879 1427 operati
2912 1350 3177 1423 plerique
3208 1345 3751 1415 traduntur.Itaque.
3771 1386 3810 1400 ..

2211 1449 2401 1503 mines
2432 1447 2593 1513 facit,
2644 1451 2700 1500 et
2758 1440 3065 1499 dedititius
3112 1437 3340 1495 Admeti
3396 1436 3543 1491 cives
3584 1449 3817 1489 romanos

2209 1535 2464 1607 imper...
2515 1534 2630 1589 lem
2689 1531 2971 1588 cultorem
3032 1544 3207 1583 suum
3266 1525 3519 1581 Croesum
3557 1520 3818 1593 ambiguis

2211 1624 2469 1681 sortibus
2501 1622 2818 1678 fallendo...
2852 1617 3097 1674 timebat
3148 1616 3327 1670 deum
3370 1627 3560 1669 verum
3590 1614 3821 1665 constan-

2210 1720 2299 1771 ter
2342 1714 2732 1788 praznuntiare
2792 1726 2967 1782 regno
3025 1724 3194 1762 exc...
3233 1707 3514 1777 potestate
3570 1698 3819 1771 regnandi

2212 1820 2444 1875 quoque
2475 1802 2633 1857 velut
2659 1802 2716 1856 in
2749 1800 2925 1856 urbes
2957 1812 3092 1853 suas
3119 1794 3295 1851 tueri.
3320 1835 3333 1851 .
3357 1834 3367 1849 .
3391 1834 3402 1849 .
3426 1834 3471 1848 ..
3512 1789 3821 1862 potuissent.

2212 1892 2272 1947 Si
2306 1891 2584 1949 Romanis
2616 1891 2962 1962 praestitisse
2998 1884 3329 1942 valuerunt.
3389 1898 3490 1937 cur
3539 1878 3771 1933 Athenas
3796 1892 3824 1929 a

2210 1982 2391 2037 Xerxe
2423 1981 2677 2036 Minerva
2734 1994 2849 2032 non
2908 1972 3205 2031 defendit?
3264 1970 3353 2027 vel
3412 1985 3514 2024 cur
3558 1964 3732 2022 Dellos
3767 1963 3826 2018 de

2215 2090 2391 2128 manu
2424 2070 2624 2143 Pyrrhi
2654 2068 2859 2140 Apollo
2893 2084 3005 2122 non
3056 2064 3210 2120 eruit
3241 2064 3267 2118 ?
3316 2060 3602 2117 Servarint
3650 2056 3825 2112 urbem

2214 2163 2485 2229 Romam,
2519 2160 2617 2230 qui
2650 2176 2759 2215 sua
2790 2153 3202 2229 perdiderunt!
3237 2152 3294 2207 Si
3356 2152 3462 2206 hoc
3512 2144 3827 2219 religiositas

2215 2256 2477 2307 Romana
2509 2248 2759 2315 meruit;
2790 2247 2977 2317 atqui,
3013 2262 3127 2299 non
3188 2246 3322 2315 post
3352 2255 3639 2297 summum
3670 2236 3828 2307 impe-

2217 2341 2370 2395 rium
2402 2338 2589 2394 anctis
2633 2338 2758 2409 jam
2819 2335 2989 2390 rebus
3049 2330 3391 2403 superstitio
3423 2328 3570 2384 608
3618 2324 3832 2397 quaesita

2217 2434 2307 2485 est
2339 2430 2357 2482 Β
2389 2427 2496 2483 etsi
2526 2444 2560 2481 a
2587 2426 2778 2481 Numa
2816 2439 2984 2478 sacra
3014 2420 3354 2476 introducta
3409 2422 3565 2483 sunt,
3600 2412 3829 2468 nondum

2215 2522 2411 2573 tamen
2472 2522 2575 2569 aut
2622 2511 2977 2577 simulacris,
3013 2514 3113 2566 aut
3149 2508 3384 2580 templis
3411 2524 3503 2564 res
3534 2507 3739 2559 vestras
3760 2499 3830 2553 di-

2214 2606 2351 2662 vina
2381 2604 2760 2661 frustrabant.
2796 2600 2963 2672 Frugi
3025 2599 3226 2670 religio
3276 2602 3338 2653 et
3393 2592 3723 2669 paupertina
3763 2588 3835 2643 ni-

2217 2693 2578 2767 superstitio,
2637 2690 2844 2747 altaria
2899 2690 3229 2753 temeraria,
3307 2702 3445 2741 vasa
3504 2680 3745 2747 sordida,
3790 2678 3839 2767 et

2217 2762 2390 2840 dor...
2425 2800 2491 2838 ex
2516 2780 2652 2846 illis,
2686 2784 2743 2835 et
2790 2779 2935 2833 deus
2992 2777 3117 2848 ipse
3174 2790 3538 2846 nusquam...
3588 2762 3835 2838 religiosi,

2219 2889 2395 2945 quam
2430 2872 2704 2942 majores,
2728 2868 2867 2941 quia
2900 2864 3177 2936 religiosi.
3210 2862 3432 2934 Atquin
3464 2856 3838 2931 quomodo.....

2218 2944 2649 3033 religionem,et
2679 2960 2923 3013 deorum
2948 2953 3475 3027 profundissimam
3496 2963 3685 3004 curam
3708 2944 3839 3014 impe

2218 3028 2371 3107 rium
2400 3028 3155 3117 Romanis...videripossit,
3189 3042 3349 3113 quod
3372 3038 3522 3095 laesis
3543 3035 3722 3109 potius
3736 3028 3839 3086 deis

2221 3144 2460 3196 auctum
2494 3142 2581 3192 est
2602 3136 2628 3191 ?
2650 3135 2772 3191 Nisi
2805 3133 2975 3189 fallor
2999 3132 3155 3187 enim
3186 3146 3364 3186 omne
3396 3141 3633 3199 regnum
3652 3120 3730 3178 vel
3750 3122 3840 3174 im-

458 3216 648 3271 νῖηοίει
704 3214 936 3269 hminis
988 3217 1174 3282 esset;
1223 3214 1312 3267 ουί
1347 3213 1483 3267 SUb-
1508 3255 1554 3268 οι
1597 3192 2112 3284 sem'13‘31‘ﬁl‘19'ii‘bﬁt
2141 3192 2185 3260 α
2225 3192 2452 3298 perium
2486 3224 2655 3282 bellis
2686 3224 2968 3296 quaeritur
2998 3226 3055 3277 et
3084 3218 3252 3275 hellis
3286 3192 3839 3290 ampli'aturPorro...

459 3304 821 3375 exprimeret.
854 3303 1128 3357 Cerasum
1163 3306 1261 3355 Cn.
1317 3302 1625 3373 Pompeius
1650 3302 1719 3356 de
1750 3302 1930 3357 Ponto
1960 3302 2028 3358 ⁸⁷.
2054 3342 2101 3357 ..

462 3391 637 3447 Italiae
672 3390 1052 3463 provulgavit.
1085 3394 1410 3444 Potuerunt
1442 3390 1582 3444 mihi
1643 3406 1921 3446 novorum
1956 3390 2109 3462 apud

462 3484 756 3536 Romanos
784 3495 1117 3552 pomorum.
1144 3520 1154 3535 .
1180 3520 1226 3533 ..
1269 3478 1459 3533 ruisse
1499 3479 1851 3550 prmoonium
1900 3480 2109 3536 divini-

462 3569 620 3625 tatis.
654 3572 792 3623 Tam
824 3585 1038 3623 vanum
1079 3567 1206 3635 hoc,
1237 3584 1414 3639 quam
1473 3568 1744 3626 etiam...
1784 3575 2115 3626 commenta

463 3659 602 3714 deos
624 3656 824 3712 haberi
858 3674 871 3725 ;
907 3657 1120 3729 quibus
1179 3658 1228 3712 si
1272 3662 1685 3729 comparentur
1734 3663 1942 3715 nostra:
1972 3664 2112 3715 aeta-

464 3749 569 3805 tis.
594 3788 606 3805 .
631 3764 689 3803 .o
712 3748 949 3819 dignius
981 3748 1252 3820 posteris,
1278 3764 1455 3819 quam
1489 3749 1784 3820 prioribus
1816 3766 2113 3807 consecra-

464 3837 547 3893 tio
577 3837 1086 3909 competisset....
1127 3855 1199 3892 on
1234 3838 1294 3892 in
1345 3839 1622 3894 omnibus
1671 3840 1796 3909 jam
1849 3839 2113 3897 artiﬁciis

466 3926 791 3998 antiquitas
836 3926 1098 3995 exolevit,
1134 3944 1244 3982 usu
1276 3928 1618 3999 quotidiano
1650 3928 1980 3985 instruente
2011 3948 2112 3986 no-

463 4016 702 4072 vitatem
730 4035 743 4085 ;
780 4020 953 4087 atque
985 4017 1127 4071 adeo
1160 4032 1307 4088 quos
1340 4017 1411 4072 ob
1434 4022 1587 4073 artes
1620 4017 1919 4075 sanctiﬁ...
1944 4019 2002 4074 in
2026 4022 2111 4093 ip-

467 4102 549 4158 sis
573 4103 798 4158 artibus
828 4108 884 4158 et
900 4104 1224 4175 provocatis
1248 4104 1308 4158 in
1332 4104 1561 4161 eamulis
1592 4105 1977 4179 insuperatos.

538 4193 687 4247 607
725 4194 811 4246 17.
846 4193 1169 4263 Denique...
1203 4192 1428 4249 toribus
1459 4195 1583 4250 suis
1606 4212 1717 4251 non
1751 4198 2113 4269 ncgatisom-

470 4280 645 4335 nibus
678 4279 769 4335 his
791 4297 937 4351 quos
962 4281 1099 4335 deos
1122 4281 1445 4352 antiquitas
1468 4282 1984 4355 voluit,posteritas
2015 4305 2112 4343 ο...

472 4369 1026 4440 superstitionum...
1044 4371 1108 4439 I.,
1130 4371 1696 4442 praesumptio,cui...
1724 4375 1931 4431 bemus
1951 4394 1962 4443 ;
1984 4394 2114 4445 pro-

471 4462 671 4529 pterea
700 4458 921 4515 scilicet
950 4463 1243 4515 Romanos
1265 4459 1443 4515 totius
1466 4460 2114 4536 orbisdomi...se,quod

2220 3317 2301 3373 ib.
2336 3322 2393 3372 et
2418 3316 2511 3371 dei
2539 3315 2722 3370 urbis.
2758 3318 2898 3368 Nam
2930 3311 3133 3367 eadem
3163 3314 3393 3381 strages
3424 3310 3480 3361 et
3511 3301 3770 3360 mmnium
3798 3299 3845 3350 et

2222 3404 2601 3477 templorum,
2632 3418 2802 3475 pares
2834 3401 3019 3456 caades
3063 3404 3119 3455 et
3148 3398 3365 3453 civium
3398 3399 3455 3451 et
3484 3390 3842 3451 sacerdotum,

2221 3476 2437 3550 eaedem
2491 3492 2705 3564 rapinaa
2766 3490 3143 3562 profanorum
3204 3491 3262 3542 et
3308 3496 3632 3542 sacrorum.
3661 3476 3849 3564 Totae-

2223 3582 2464 3655 crilegia
2490 3560 2910 3649 Romanorum,
2962 3583 3105 3649 quot
3152 3575 3463 3646 trophaea;
3500 3575 3584 3627 tot
3628 3560 3844 3655 dedeis

2224 3651 2461 3745 quot-de
2493 3670 2767 3741 gentibus
2821 3666 3130 3738 triumphi.
3188 3664 3433 3720 Manent
3477 3664 3533 3717 et
3563 3651 3850 3745 simulacra

2223 3739 2563 3835 eaptiva,et
2621 3760 2823 3831 utique
2876 3758 3171 3815 senti......
3222 3772 3288 3811 os
3346 3770 3462 3810 non
3514 3739 3848 3835 amant._Sed

2223 3830 2362 3924 quia
2399 3830 2541 3907 nihil
2586 3830 2869 3918 sentiunt,
2902 3848 3145 3919 impune
3174 3844 3625 3900 leduntur......
3656 3830 3851 3889 laadun-

2224 3940 2568 4007 tur,frustra
2598 3937 3147 4006 adorantur.ltaque
3177 3948 3432 4004 quorum
3468 3924 3850 3998 fastigium.....

2225 4006 2488 4084 adultum
2520 4031 2628 4096 est,
2662 4043 2775 4082 non
2820 4028 3069 4098 possunt
3096 4021 3281 4078 videri
3305 4018 3612 4093 religionis
3634 4006 3853 4070 meritis,

2223 4116 2613 4175 excrevisse...
2647 4116 2739 4172 nis
2770 4115 2889 4171 sive
2947 4113 3208 4170 laedendo
3248 4111 3580 4167 creverunt.
3614 4104 3854 4173 Regnum

2225 4207 2507 4262 universas
2567 4205 2834 4261 nationes
2889 4201 3253 4274 temporibus
3280 4197 3638 4260 habuerunt,
3678 4193 3737 4244 ut
3763 4191 3852 4239 As-

2225 4295 2388 4368 syrii,
2424 4300 2488 4350 ut
2518 4294 2688 4362 Medi,
2723 4298 2787 4349 ut
2817 4293 3026 4359 Persae,
3061 4296 3124 4346 ut
3179 4287 3529 4361 Egyptii....
3565 4284 3663 4339 aut
3702 4286 3855 4368 Ρρῐξθε

2226 4384 2538 4455 quosdam,
2569 4388 2625 4439 et
2649 4388 2846 4439 tamen
2876 4380 2969 4453 qui
2996 4380 3475 4444 amiserunt,non
3509 4374 3633 4430 sine
3654 4362 3854 4435 religio-

2229 4476 2402 4528 nibus
2435 4478 2490 4528 et
2520 4472 2766 4539 cultu,et
2796 4473 2865 4527 de
2896 4469 3282 4543 propitiorum
3316 4468 3567 4523 deorum
3600 4472 3858 4543 mora..."

474 4546 681 4601 officiis
712 4547 1059 4621 religionum
1095 4549 1415 4604 meruerint
1454 4550 1757 4607 domina...
1792 4554 1876 4609 eis
1907 4571 2120 4626 prmva-
2152 4568 2197 4630 Ι)
2232 4564 2409 4619 cessit
2442 4563 2715 4618 universa
2745 4539 3253 4633 pene-dominatio.
3286 4544 3428 4612 Sors
3446 4558 3764 4622 temporum
3795 4539 3862 4593 ita

472 4634 653 4691 leant.
701 4637 983 4692 Nimirum
1040 4636 1405 4692 Sterculus...
1470 4638 1577 4693 hoc
1610 4640 2121 4712 imperium...seu

477 4729 871 4781 Romanorum
906 4727 1152 4783 distin...
1187 4732 1302 4782 tem
1346 4732 1614 4783 extraneo
1647 4732 1937 4801 potius...
1970 4739 2124 4793 tores

436 4853 443 4859 ι
479 4818 535 4870 et
565 4815 940 4870 destitutores
974 4815 1056 4869 in.
1082 4856 1094 4871 .
1119 4816 1541 4888 .ti,sepultique
1565 4821 1819 4875 sunt.Ita
1845 4839 2122 4896 nempe...

479 4902 695 4959 oblitus
728 4908 961 4959 antrum
995 4903 1138 4958 illud
1173 4904 1413 4961 Idaeum.
1436 4946 1447 4962 .
1472 4946 1484 4963 .
1509 4906 1843 4964 .dissimum
1869 4912 2124 4971 oderem.

479 4992 680 5049 Nonne
696 4993 854 5048 omni
886 4992 1190 5064 Capitolio.
1215 5036 1225 5051 .
1250 5035 1261 5050 .
1286 4999 1377 5051 .ut
1405 4995 1507 5049 illa
1533 4997 1727 5067 potius
1748 5002 1902 5055 terra
1925 5018 2130 5074 regna-

2234 4652 2522 4708 volutat...
2556 4628 2801 4716 Quaerite
2834 4650 2967 4720 quis
2999 4654 3332 4719 temporum
3393 4644 3553 4699 vices
3584 4628 3862 4693 ordinavit.

2237 4743 2395 4797 Idem
2442 4758 2621 4813 regna
2679 4740 3003 4811 dispensat,
3062 4742 3120 4793 et
3164 4752 3321 4790 nunc
3378 4747 3561 4806 penes
3600 4730 3863 4813 Romanos

2238 4847 2365 4887 eam
2398 4812 2715 4893 summam,
2767 4833 3048 4897 tanquam
3082 4823 3392 4897 pecuniam
3455 4821 3528 4876 de
3564 4812 3757 4873 multis
3779 4821 3864 4897 ne:

2239 4920 2498 4974 minibus
2529 4921 2789 4972 exactam
2814 4917 2869 4971 in
2912 4931 3089 4970 unam
3123 4930 3316 4969 arcam
3341 4891 3863 4983 congregaviLQuid

2241 5008 2310 5063 de
2341 5023 2407 5062 ea
2437 5006 2729 5073 statuerit,
2765 5005 2959 5061 sciunt
2985 5002 3231 5077 proximi
3264 5002 3335 5058 ei.

1863 5128 2063 5190 Varia:
2089 5130 2408 5194 lectiones.

552 5247 594 5282 ⁵⁸
629 5245 829 5315 Rigalt.
864 5250 1072 5307 emend.
1107 5248 1461 5305 Clivicolam.
1498 5249 1539 5282 ⁵⁷
1572 5250 1699 5319 Leg.
1734 5252 1803 5307 de
1834 5253 2015 5312 Ponto
2043 5258 2272 5330 primus
2302 5260 2499 5328 Italia),
2533 5260 2750 5327 etc.,cf.
2784 5259 2939 5330 Apol.
2974 5258 3062 5325 11,
3086 5258 3139 5311 2.

1881 5380 2400 5446 Commentarius.

556 5502 631 5575 (8)
665 5504 727 5558 Et
750 5506 1017 5578 montium
1047 5499 1498 5578 Sci/Itaqueiam.
1531 5496 1647 5553 Lib.
1708 5499 1777 5556 de
1801 5500 2135 5564 Idololatria
2244 5509 2397 5564 dicta
2427 5526 2460 5562 a
2491 5510 2710 5578 septem
2747 5508 3064 5573 montibus,
3097 5522 3224 5578 quas
3276 5504 3333 5557 in
3365 5509 3631 5578 mensem
3659 5490 3867 5578 Daiei}:

485 5572 733 5645 capQIO.
770 5576 921 5630 idem
972 5574 1167 5628 habet.
1239 5572 1417 5625 Etiam
1445 5573 1659 5645 sirenae
1707 5578 2020 5645 captanda},
2081 5587 2132 5635 et

2242 5582 2401 5636 brem
2435 5551 2749 5647 incidebat,
2794 5587 2970 5651 atque
3022 5551 3077 5633 in
3098 5551 3409 5651 “honorem
3436 5566 3601 5651 ufhis
3632 5551 3868 5618 condilia3

485 5643 931 5726 Septt'pwulium,
964 5653 1010 5701 et
1036 5648 1268 5726 tramae,
1300 5643 1758 5726 etc.'Celebr‘itas
1795 5643 2133 5726 autem‘erat
2241 5652 2480 5726 hocﬂdie
2531 5643 2744 5726 strenui
2771 5643 3313 5726 cap—tarisolebant.
3347 5644 3425 5700 Ls
3459 5645 3562 5696 Pa.

486 5716 847 5789 qumdammt
877 5736 981 5775 nos
1000 5717 1134 5773 alibi
1154 5716 1585 5781 annotavimus,
1621 5716 1899 5776 Romanis
1916 5722 2134 5781 usitata

2313 5723 2388 5797 (9)
2418 5723 2575 5798 Vin-
2608 5723 2860 5795 lEneid,
2880 5726 2923 5795 I,
2954 5724 3024 5780 20
3056 5730 3105 5780 σι
3131 5738 3279 5795 seqq.
