4094 6186
297 300 407 361 681
1510 299 1614 360 DE
1655 298 2138 360 TESTIMONIO
2188 297 2491 359 ANIME.

3589 300 3711 362 682

483 566 670 768 Q.
806 568 1360 734 SEPT.
1488 567 2069 733 FLOR.
2198 568 3546 734 TERTULLIANI

986 851 1201 971 DE
1290 848 1954 973 TESTIM(

2073 848 2313 971 \lIO
2410 849 3010 971 ANIMZE

1892 1065 2122 1125 LIBER

1366 1206 1971 1295 ADVERSUS
2074 1195 2639 1296 GENTESM.

362 1518 650 1570 Anconem
664 1530 804 1570 rum.
842 1545 912 1554 —~
941 1515 1069 1567 Post
1101 1513 1441 1568 uberrimam
1470 1513 1804 1582 scriptorum
1829 1514 2080 1582 segetem,
2131 1512 2229 1581 qui
2273 1509 2561 1581 religionis
2594 1509 2920 1566 Christianae
2960 1526 3187 1566 causam
3213 1514 3467 1583 egerant,
3497 1514 3563 1568 in
3592 1528 3714 1569 are-

297 1622 424 1659 nam
454 1603 818 1659 descenderat
851 1603 1246 1669 Tertullianus,
1278 1606 1339 1656 ut
1361 1605 1509 1673 patet
1536 1616 1605 1656 ea:
1633 1600 1977 1671 Apologetico
2008 1604 2058 1654 et
2093 1600 2256 1654 libris
2280 1600 2495 1655 duobus
2519 1608 2715 1654 contra
2748 1600 3008 1655 Nationes
3034 1618 3047 1667 ;
3098 1616 3224 1655 cum
3253 1610 3435 1657 tamen
3485 1618 3711 1657 causam

296 1695 453 1748 illam
485 1692 637 1749 nihil
659 1695 863 1761 iuuisse
894 1692 1194 1759 videretur;
1224 1693 1369 1746 hunc
1400 1691 1463 1745 de
1494 1690 1821 1745 Testimonio
1851 1691 2055 1745 animae
2086 1689 2335 1744 libellum
2364 1704 2589 1744 exorsus
2621 1692 2725 1755 est,
2760 1692 2818 1743 ut
2846 1705 2983 1745 novo
3010 1690 3305 1761 pugnandi
3332 1707 3530 1761 genere
3560 1691 3713 1747 Chri-

292 1784 464 1839 stiani
502 1784 746 1838 nominis
800 1782 979 1837 hostes
1028 1781 1371 1846 adoriretur,
1421 1787 1840 1851 conceptamque
1895 1795 2146 1850 perverse
2192 1794 2265 1834 ea:
2319 1777 2638 1835 earumdem
2693 1780 2905 1835 animis
2961 1781 3278 1851 Opinionem
3332 1778 3611 1849 evelleret,
3662 1789 3714 1838 et

292 1890 405 1927 rem
469 1872 846 1926 Christianam
901 1873 961 1926 in
1019 1874 1134 1927 tuto
1182 1871 1488 1926 collocaret.
1552 1869 1799 1940 Hujusce
1853 1869 2035 1940 aperis
2100 1869 2274 1925 veluti
2322 1867 2689 1940 fundamenta
2729 1867 2939 1939 jecerat
2976 1868 3315 1940 Apologetici
3342 1884 3463 1941 cap.
3501 1870 3588 1938 17,
3623 1885 3711 1926 ve-

295 1978 417 2016 rum
448 1960 539 2015 hic
563 1977 627 2016 ea
658 1961 830 2015 latius
854 1967 1227 2031 prosequitur,
1276 1974 1401 2031 quae
1447 1959 1626 2014 obiter
1655 1966 1884 2016 tantum
1923 1959 2366 2026 perstrinxerat:
2424 1962 2708 2029 Deumque
2735 1959 3051 2030 prwsertim
3080 1975 3255 2015 unum
3283 1958 3393 2026 hic,
3426 1962 3476 2016 ct
3504 1976 3573 2015 an
3586 1960 3716 2018 ima

296 2059 505 2106 statum
534 2054 657 2122 post
684 2051 912 2107 mortem
939 2050 1301 2106 demonstrat.

363 2336 505 2392 CAP.
530 2336 572 2391 Ι.
605 2336 819 2408 Magna
847 2335 1183 2391 curiositate
1206 2334 1281 2406 (2)
1311 2337 1366 2389 et
1387 2334 1607 2405 majore
1635 2332 1806 2405 longe
1830 2349 1948 2389 me-
1980 2336 2033 2402 Α
2064 2332 2437 2389 traditionem
2470 2338 2527 2388 et
2550 2334 2979 2390 sententiarum
3009 2335 3393 2406 argumenta‘5
3447 2335 3545 2405 (5),
3608 2352 3712 2407 per

298 2426 485 2481 moria
510 2426 662 2481 009
696 2442 843 2497 opus
874 2430 963 2480 est
981 2425 1049 2479 ad
1066 2425 1142 2494 (3)
1166 2424 1521 2479 studendum
1548 2423 1643 2491 ‘,si
1663 2424 1795 2495 quis
1818 2422 1956 2479 velit

294 2531 359 2570 ex
389 2514 607 2570 litteris
639 2513 1061 2586 receptissimis
1076 2512 1409 2583 quibusque
1431 2510 1949 2583 2philosophorum

291 2605 377 2660 vel
411 2608 716 2676 poetarum
747 2602 836 2658 vel
864 2600 1265 2674 quorumlibet
1295 2602 1560 2656 doctrina
1600 2600 1897 2673 sapientiae
1930 2602 1951 2636 ⁸

291 2693 592 2749 saecularis
623 2694 1043 2764 magistrorum
1071 2691 1416 2746 testimonia
1448 2706 1750 2761 excerpere
1780 2690 1948 2745 Chri-

293 2785 498 2839 stianas
532 2781 820 2849 veritatis;
857 2785 922 2836 ut
953 2780 1148 2835 remuli
1179 2784 1702 2852 persccutoresque
1729 2780 1856 2850 ejus
1879 2781 1949 2835 de

293 2890 402 2929 suo
434 2871 673 2945 proprio
704 2870 1183 2935 instrumento,et
1215 2868 1429 2924 erroris
1460 2869 1519 2923 in
1552 2885 1634 2937 se,
1653 2873 1707 2923 et
1740 2869 1948 2940 iniqui-

295 2962 433 3017 tatis
464 2961 523 3015 in
552 2977 660 3015 nos
688 2959 770 3015 rei
800 2958 1190 3015 revincuntur.
1216 2957 1495 3013 Nonnulli
1527 2957 1764 3028 quidem
1796 2958 1818 2991 ‘
1846 2958 1945 3029 (4),

294 3049 515 3121 quibus
546 3050 618 3104 de
650 3048 899 3120 pristina
928 3048 1264 3103 litteratura
1304 3051 1360 3101 et
1391 3046 1751 3101 curiositatis
1786 3045 1950 3100 labor

295 3142 354 3193 et
386 3137 684 3193 memorize
708 3142 873 3193 tenor
902 3137 1311 3208 perseveravit.
1349 3136 1419 3190 ad
1478 3152 1609 3190 eum
1665 3136 1907 3189 modum
1929 3135 1950 3169 ⁸

293 3226 584 3300 opuscula
612 3243 788 3299 penes
829 3242 937 3280 nos
969 3225 1376 3291 condiderunt,
1428 3229 1948 3279 commemorantes

292 3324 349 3372 et
370 3316 870 3371 contestiﬁcantes
901 3315 959 3369 in
992 3312 1466 3386 suggillationem
1497 3318 1553 3369 et
1576 3312 1860 3383 originem
1894 3316 1950 3368 et

2065 2439 2187 2494 quae
2219 2411 2554 2495 recognosci
2586 2423 2773 2495 possit
2800 2424 2843 2491 ⁷,
2875 2423 3021 2478 nihil
3069 2440 3174 2479 nos
3221 2428 3323 2479 aut
3364 2441 3579 2479 novum
3609 2428 3712 2481 aut

2060 2516 2463 2584 portentosum
2494 2512 2845 2584 suscepisse,
2870 2513 2941 2567 de
2964 2530 3078 2584 quo
3102 2530 3217 2568 non
3248 2513 3423 2569 etiam
3446 2530 3711 2570 commu-

2060 2618 2163 2656 nes
2193 2606 2249 2657 et
2280 2602 2526 2673 publica:
2558 2601 2762 2657 litterae
2795 2602 2867 2658 ad
2916 2603 3258 2674 suffragium
3299 2603 3467 2660 nobis
3516 2608 3711 2675 patro-

2060 2692 2351 2759 cinentur,
2376 2691 2425 2747 si
2454 2691 2593 2763 quid
2619 2695 2720 2746 aut
2741 2691 2953 2747 erroris
2994 2692 3300 2763 ejecimus,
3333 2697 3437 2748 aut
3466 2694 3713 2765 aequita-

2058 2781 2136 2835 tis
2168 2780 2661 2835 admisimus.Sed
2694 2796 2766 2836 ne
2796 2781 2922 2837 suis
2945 2781 3184 2852 quidem
3217 2782 3540 2854 magistris,
3566 2782 3714 2840 alias

2056 2868 2489 2939 probatissimis
2548 2876 2719 2939 atque
2775 2868 3136 2935 lectissimis,
3197 2870 3373 2925 ﬁdem
3413 2870 3718 2927 inclinavit

2058 2958 2315 3013 humana
2345 2959 2417 3013 de
2446 2957 2858 3013 incredulitate
2904 2957 3141 3026 duritia,
3192 2958 3382 3014 sicubi
3440 2959 3497 3014 in
3540 2976 3713 3032 argu-

2059 3052 2255 3102 menta
2275 3047 2616 3103 Christianas
2648 3047 3005 3105 defensionis
3025 3048 3396 3121 impingunt;
3419 3054 3558 3106 tunc
3582 3050 3714 3107 vani

2057 3140 2262 3207 poetas,
2296 3153 2431 3192 cum
2465 3137 2604 3192 deos
2635 3136 2915 3193 humanis
2973 3138 3350 3208 passionibus
3392 3143 3449 3195 et
3497 3139 3713 3198 fabulis

2058 3225 2375 3298 designant
2402 3227 2455 3281 δε
2489 3231 2631 3282 tunc
2664 3225 2998 3298 philosophi
3055 3227 3207 3298 duri,
3262 3244 3393 3284 cum
3449 3229 3711 3287 veritatis

2060 3313 2212 3369 fores
2244 3313 2487 3386 pulsant
2516 3316 2612 3385 (6).
2641 3315 2931 3371 Hactenus
2962 3316 3197 3388 sapiens
3234 3322 3291 3373 et
3318 3318 3577 3390 prudens
3607 3319 3714 3376 ha-

1698 3449 1896 3510 Varia:
1948 3449 2267 3512 lectiones.

363 3562 377 3595 ¹
417 3557 864 3636 Adstudendnum
897 3557 1105 3636 Rigalt.
1149 3556 1275 3636 iEx
1306 3555 1515 3636 litteris
1556 3556 1944 3636 receptissimi
1977 3558 2268 3636 cujusque
2292 3560 2424 3636 Jun.
2460 3566 2513 3614 et
2560 3563 2623 3636 P.
2658 3560 2980 3636 Cia‘con._,3_
3011 3559 3331 3636 D_octriuae__
3356 3579 3423 3636 ac
3478 3564 3711 3636 sapien-

290 3631 386 3687 tia:
440 3633 695 3701 Rigalt.‘
750 3629 848 3684 Rei
901 3632 1241 3684 evincantur
1285 3644 1297 3683 :

1351 3627 1745 3712 Acﬂnonnulli
1793 3627 2216 3712 quidoin'iun.
2250 3630 2284 3712 5A
2473 3634 2677 3712 gentes
2736 3631 2983 3712 φθαίη
3040 3632 3102 3687 In
3163 3627 3596 3712 sugillationem
3656 3644 3716 3695 et

288 3699 588 3785 originum
614 3708 675 3789 et
704 3701 1108 3789 traditionem,
1133 3709 1187 3755 et
1217 3699 1663 3789 sententiarum,
1690 3706 2039 3771 argumenta
2072 3703 2204 3758 Jun.
2235 3710 2286 3757 et
2310 3699 2578 3789 Latintin
2612 3699 2847 3775 singula
2868 3703 3154 3760 rationem
3182 3699 3318 3761 et'o.
3344 3707 3541 3780 Rigalt.
3574 3709 3711 3766 7R8-

289 3773 566 3847 cognosci
603 3775 669 3830 Le
698 3774 881 3829 Prior.
914 3773 935 3806 ⁸
954 3773 1278 3843 Absignanl
1306 3773 1437 3828 Jun.

1717 3872 2238 3933 Commentarius.

365 4002 441 4073 (1)
464 4000 778 4074 Tractatus
818 3998 883 4053 de
940 3999 1273 4074 Testimonio
1328 3999 1482 4074 enim
1535 4013 1667 4051 cum
1699 3998 1949 4074 Apologe-
1980 4004 2027 4068 Β
2057 4004 2111 4053 et
2142 3997 2256 4074 alia
2289 3996 2577 4074 quispiam
2611 3997 2779 4053 affert
2809 3998 2880 4053 de
2937 3999 3182 4057 Aristzea
3229 4000 3513 4074 scriptore
3559 4004 3710 4060 anti-

290 4068 406 4129 ticb
427 4068 483 4128 et
513 4071 678 4126 libris
709 4071 970 4126 adversus
1003 4068 1193 4124 Gentes
1220 4070 1568 4138 conjunctae
1600 4077 1707 4123 est.
1744 4069 1803 4122 In
1838 4068 1945 4124 hoc

291 4151 452 4201 enim
487 4142 788 4214 religionis
828 4148 1267 4213 argumentum,
1302 4144 1453 4214 quod
1499 4141 1553 4194 in
1585 4141 1944 4214 Apoloyetico,

289 4236 424 4289 cap.
460 4217 550 4285 17,
602 4211 964 4289 protulerat,_
1003 4213 1263 4289 animum
1320 4213 1545 4289 scilicet
1604 4211 1949 4289 naturaliter

287 4283 631 4361 agnoscere,
664 4294 721 4341 et
750 4287 918 4361 quasi
952 4284 1218 4361 invitam,
1246 4302 1426 4338 unum
1448 4285 1741 4361 duntaxat
1764 4283 1946 4361 Deum

286 4354 446 4422 esse,
478 4366 535 4413 et
564 4354 809 4413 alterum
845 4358 1020 4411 vitam
1065 4356 1178 4411 ista
1234 4356 1544 4426 praeterita,
1578 4356 1839 4410 extendit
1866 4354 1945 4409 la-

286 4436 531 4503 tiusque
563 4430 958 4501 prosequitur.
992 4429 1349 4503 Hocautem
1395 4446 1464 4483 ex
1519 4444 1697 4503 sensu
1739 4432 1950 4503 natura

288 4506 407 4576 ipsi
437 4498 617 4576 insito
651 4498 1092 4576 demonstral,et
1120 4499 1194 4554 ita
1223 4502 1455 4576 penitus
1483 4500 1530 4553 ei
1566 4498 1952 4576 insculpto,ut

291 4571 460 4631 nulla
492 4591 554 4629 re
583 4572 761 4627 deleri
795 4577 971 4642 queat
998 4572 1168 4638 ;adeo
1198 4579 1259 4625 ut
1289 4572 1397 4643 ipsi
1425 4571 1780 4640 imprudenti
1800 4571 1951 4643 exci-_

292 4651 395 4704 dat
433 4664 445 4702 :
483 4655 698 4701 utcum
733 4640 1419 4715 incogitautcrjactatur,
1455 4644 1596 4697 Deus
1627 4640 1953 4711 velit,Quod

293 4724 407 4776 Deo
439 4719 705 4788 placitum
744 4717 873 4785 erit,
922 4716 1070 4770 Adsit
1102 4716 1242 4788 mihi
1291 4722 1449 4778 Deus,
1488 4720 1620 4781 etc.,
1653 4731 1779 4784 quae
1813 4732 1949 4783 snp-

296 4787 845 4865 ponunt‘animum
912 4788 1004 4865 Dei
1074 4787 1275 4865 notitia
1335 4787 1623 4865 imbutam
1684 4790 1956 4865 (ἔδεε-..μζ

296 4857 513 4920 inertis
536 4862 712 4915 timor
744 4864 957 4913 natura
985 4859 1217 4923 insitus,
1281 4876 1491 4913 nomen
1528 4857 1955 4912 immortalitati

294 4931 754 4991 commendandi
788 4930 1163 4991 desiderium.
1186 4929 1589 4988 misericordia
1620 4929 1676 4983 in
1710 4930 1954 4982 defunc-

294 5015 415 5071 tos,
453 5009 794 5075 supponunt
824 5000 998 5075 aliam
1035 5002 1104 5055 ab
1147 5001 1259 5075 ista
1286 5002 1461 5075 vitam
1493 5018 1639 5075 esse).
1674 5007 1813 5054 Cum
1848 5018 1954 5054 au—

294 5088 418 5134 tem
455 5072 745 5130 hisensus
776 5073 1004 5138 animm,
1034 5080 1091 5125 et
1129 5072 1731 5144 siugulishominibus
1752 5077 1959 5126 natura.

252 5212 259 5220 ,
292 5154 424 5207 sint
457 5148 649 5220 insiti,
671 5165 705 5201 a
736 5145 853 5199 Deo
884 5161 986 5220 eos
1019 5161 1250 5220 manere
1275 5162 1519 5220 necesse
1552 5150 1660 5200 est.
1694 5144 1957 5220 anuod

292 5225 355 5278 in
393 5238 465 5277 eo
497 5219 653 5274 brevi
688 5221 939 5272 tractatu
974 5214 1163 5286 lepide
1221 5217 1540 5273 admodum
1587 5215 1958 5271 'I‘erlullanus

294 5292 649 5365 ampliﬁcat.
684 5289 875 5365 LUM_P.

371 5356 457 5443 (‘2)
487 5360 1028 5443 Magna‘curiositate
1066 5357 1196 5443 yox
1231 5357 1467 5443 usitata-
1492 5358 1549 5443 in
1576 5376 1693 5441 (evo
1728 5356 1955 5441 medio:
1994 5373 2035 5440 ρ

242 5428 263 5439 ’
292 5428 667 5508 Vo‘piscusin
679 5430 997 5508 Aureliano
1022 5446 1039 5508 ε.
1058 5431 1281 5508 Ενίυοια
1297 5431 1424 5508 haec
1434 5432 1687 5508 fortassis
1698 5432 1959 5508 cuipiam,

292 5516 346 5565 et
386 5501 563 5562 nimis
617 5506 760 5560 levia
817 5519 930 5558 esse
986 5502 1297 5566 videantur,
1330 5503 1424 5557 secl
1472 5504 1761 5557 curiositas
1819 5501 1966 5554 nihil

296 5586 551 5637 recusat.
583 5575 967 5632 Casaubonus
1029 5574 1223 5645 inquit
1270 5574 1329 5628 in
1391 5574 1546 5630 notis
1598 5575 1667 5629 ad
1726 5573 1962 5643 V0pics.

297 5650 689 5726 periergiam_
718 5651 870 5719 (quas
929 5662 1059 5726 vox_
1088 5646 1243 5726 idem
1270 5650 1566 5726 _est_cu_n_1
1606 5645 1967 5726 curiositate)

299 5715 536 5783 iactam
560 5715 973 5794 pedissequam
1005 5715 1337 5790 philologiae
1367 5719 1441 5774 ab
1498 5718 1659 5775 Mart.
1714 5717 1965 5790 Capella,

645 5828 907 5909 Paeon.
953 5847 1002 5908 Ι.

2058 4069 2364 4141 quissimo.
2404 4070 2534 4124 Lac.

2131 4144 2204 4213 (3)
2255 4142 2398 4214 Opus
2452 4146 2536 4195 est
2592 4140 3008 4214 adstudendum.
3086 4143 3246 4214 Opus
3302 4145 3455 4214 quod
3514 4146 3710 4202 adstu-

2058 4214 2177 4294 deri
2198 4213 2446 4338 Rdebeat
2477 4229 2692 4283 magna
2722 4212 3080 4281 curiositate,
3131 4212 3188 4270 et
3237 4212 3457 4287 majore
3489 4234 3709 4273 memo-

2058 4302 2161 4338 ria.
2251 4301 2323 4338 ια.

2058 4302 2161 4340 na.
2198 4301 2323 4338 [ΗΘ.

2131 4357 2207 4426 (4)
2230 4355 2500 4410 Nonnulli
2527 4355 2766 4430 quidem.
2792 4353 3015 4411 Alludit
3071 4356 3142 4430 ad
3174 4372 3292 4422 cos,
3326 4357 3426 4430 qui
3486 4364 3619 4414 ante
3650 4377 3712 4416 se

2060 4429 2343 4482 adversus
2396 4427 3030 4503 gentesscripserunt,
3099 4427 3360 4503 Graecos—
3386 4431 3711 4503 praesertim

2062 4500 2544 4575 (namsecundus
2576 4499 2649 4554 ab
2672 4498 2977 4575 Apollonio
2994 4499 3332 4556 Latinorum
3356 4498 3711 4575 scriptorum

2062 4589 2094 4625 a
2127 4572 2190 4625 Ι).
2224 4571 2452 4626 Hieron.
2488 4571 2544 4623 in
2604 4570 2867 4642 catalogo
2926 4577 3305 4640 recensetur),
3354 4570 3713 4640 Quadratum

2063 4642 2211 4706 dico,
2242 4642 2578 4715 Aristidem,
2610 4642 2912 4715 Justinum
2946 4643 3383 4715 philosophum,
3410 4654 3713 4715 Anaxago-

2063 4732 2211 4791 ram,
2248 4714 2594 4791 Melitenam,
2618 4713 3007 4791 Theophilum
3028 4713 3481 4791 Antiochenam,
3504 4713 3718 4791 Apolli-

2069 4786 2671 4853 narium,’l‘atianum,
2692 4786 2995 4853 Irenaeum,
3020 4787 3373 4844 Clementem
3404 4786 3713 4847 Alexandr.

2066 4866 2119 4912 ct
2156 4858 2506 4936 Miltiadem;
2541 4874 2791 4936 quorum
2824 4859 3093 4936 quaedam
3143 4863 3215 4916 ad
3277 4861 3516 4936 verbum
3568 4880 3715 4936 pene

2067 4945 2173 4985 suo
2204 4928 2574 5002 Apologetico
2604 4929 2905 5002 insparsit,
2936 4932 3006 4986 ad
3031 4948 3204 5002 quem
3262 4934 3437 4990 tacito
3481 4928 3720 4991 nomine

2068 5002 2239 5057 etiam
2276 5001 2368 5055 hic
2400 5001 2627 5056 videtur
2655 5001 2931 5057 alludere.
2968 5001 3111 5058 ΡΑΜ.

2140 5074 2215 5143 (5)
2246 5074 2313 5128 Et
2341 5075 2739 5129 sententiarum
2786 5084 3121 5146 argumenta
3168 5075 3503 5147 Legendum
3559 5078 3718 5133 vide-

2068 5149 2183 5211 tur,
2205 5150 2269 5221 et
2294 5150 2622 5215 argumenta
2649 5149 3064 5213 sententiarum,
3123 5152 3438 5221 etipostea
3486 5149 3721 5221 disjun-

2070 5216 2270 5288 gendze
2311 5234 2486 5293 voces
2533 5233 2653 5293 quae
2710 5222 3039 5293 recognosci,
3106 5216 3606 5293 scribendumque
3662 5239 3722 5279 re

2070 5290 2339 5359 cognosci.
2372 5289 2733 5355 disjunctim.
2771 5290 2845 5344 LE
2878 5290 2978 5344 Ρη.

2144 5360 2219 5427 (6)
2261 5361 2510 5415 Veritatis
2558 5363 2701 5430 fores
2730 5364 2971 5429 pulsant.
3008 5362 3167 5416 Hanc
3210 5362 3566 5421 locutionem
3601 5364 3723 5420 vidi

2076 5433 2252 5506 etiam
2288 5432 2342 5506 in
2377 5431 2621 5503 epistola
2652 5431 2751 5486 illa
2784 5433 2982 5506 magni
3028 5434 3185 5488 illius
3230 5437 3539 5493 Clementis
3564 5452 3723 5506 papae

2075 5504 2143 5557 ad
2163 5505 2452 5579 tacebam
2491 5505 3027 5579 fratrem_l)omini,g
3074 5507 3170 5579 ubi
3231 5507 3477 5579 loquens
3524 5504 3595 5561 de
3646 5504 3725 5579 iis

2076 5576 2177 5704 (ﬁni
2211 5578 2471 5632 nondum
2530 5581 2670 5633 sunt
2717 5576 3054 5647 Christiani,
3106 5578 3186 5634 ait
3239 5576 3373 5636 illos
3414 5596 3539 5636 csse
3560 5576 3723 5633 foris.

2124 5662 2208 5704 AC.

2124 5662 2208 5705 AC.

3328 5847 3406 5904 22
