  <div class='ocr_page' id='page_1' title='image "/cluster/home/n/w/nwhite01/storage/ocr_20150623/1/hvd.32044096580337/351.png"; bbox 0 0 4094 6186; ppageno 0'>
   <div class='ocr_carea' id='block_1_1' title="bbox 388 270 509 332">
    <p class='ocr_par' dir='ltr' id='par_1_1' title="bbox 388 270 509 332">
     <span class='ocr_line' id='line_1_1' title="bbox 388 270 509 332; baseline 0.008 -2"><span class='ocrx_word' id='word_1_1' title='bbox 388 270 509 332; x_wconf 81' lang='lat'>687</span> 
     </span>
    </p>
   </div>
   <div class='ocr_carea' id='block_1_2' title="bbox 912 264 3261 341">
    <p class='ocr_par' dir='ltr' id='par_1_2' title="bbox 912 264 3261 341">
     <span class='ocr_line' id='line_1_2' title="bbox 912 264 3261 341; baseline 0 -12"><span class='ocrx_word' id='word_1_2' title='bbox 912 268 1439 331; x_wconf 75' lang='lat' dir='ltr'>TERTULLIANI</span> <span class='ocrx_word' id='word_1_3' title='bbox 1485 267 1810 329; x_wconf 76' lang='lat' dir='ltr'>OPERUM</span> <span class='ocrx_word' id='word_1_4' title='bbox 1853 267 2055 328; x_wconf 82' lang='lat' dir='ltr'>PARS</span> <span class='ocrx_word' id='word_1_5' title='bbox 2099 267 2148 328; x_wconf 86' lang='grc' dir='ltr'><strong>Ι.</strong></span> <span class='ocrx_word' id='word_1_6' title='bbox 2181 298 2257 309; x_wconf 91' lang='lat'><strong>--</strong></span> <span class='ocrx_word' id='word_1_7' title='bbox 2290 264 2564 326; x_wconf 78' lang='lat' dir='ltr'>SERIES</span> <span class='ocrx_word' id='word_1_8' title='bbox 2611 266 2656 341; x_wconf 88' lang='grc' dir='ltr'>Ι,</span> <span class='ocrx_word' id='word_1_9' title='bbox 2703 266 3261 329; x_wconf 83' lang='lat' dir='ltr'>APOLOGETICA.</span> 
     </span>
    </p>
   </div>
   <div class='ocr_carea' id='block_1_3' title="bbox 3628 273 3731 333">
    <p class='ocr_par' dir='ltr' id='par_1_3' title="bbox 3628 273 3731 333">
     <span class='ocr_line' id='line_1_3' title="bbox 3628 273 3731 333; baseline 0 0"><span class='ocrx_word' id='word_1_10' title='bbox 3628 273 3731 333; x_wconf 84' lang='lat'>688</span> 
     </span>
    </p>
   </div>
   <div class='ocr_carea' id='block_1_4' title="bbox 392 395 3735 484">
    <p class='ocr_par' dir='ltr' id='par_1_4' title="bbox 392 395 3735 484">
     <span class='ocr_line' id='line_1_4' title="bbox 392 395 3735 484; baseline 0.001 -27"><span class='ocrx_word' id='word_1_11' title='bbox 392 400 690 468; x_wconf 89' lang='lat' dir='ltr'>facultate,</span> <span class='ocrx_word' id='word_1_12' title='bbox 712 407 771 458; x_wconf 91' lang='lat' dir='ltr'>et</span> <span class='ocrx_word' id='word_1_13' title='bbox 801 400 963 457; x_wconf 90' lang='lat' dir='ltr'>nulla</span> <span class='ocrx_word' id='word_1_14' title='bbox 990 402 1138 457; x_wconf 89' lang='lat' dir='ltr'>ratio</span> <span class='ocrx_word' id='word_1_15' title='bbox 1160 401 1238 456; x_wconf 92' lang='lat' dir='ltr'>sit</span> <span class='ocrx_word' id='word_1_16' title='bbox 1265 400 1478 457; x_wconf 90' lang='lat' dir='ltr'>Judicii</span> <span class='ocrx_word' id='word_1_17' title='bbox 1502 402 1628 457; x_wconf 87' lang='lat' dir='ltr'>sine</span> <span class='ocrx_word' id='word_1_18' title='bbox 1653 402 1839 474; x_wconf 81' lang='lat' dir='ltr'>ipsius</span> <span class='ocrx_word' id='word_1_19' title='bbox 1870 401 2031 458; x_wconf 76' lang='lat' dir='ltr'>cxhi-</span> <span class='ocrx_word' id='word_1_20' title='bbox 2067 417 2123 484; x_wconf 68' lang='grc' dir='ltr'><strong>Α</strong></span> <span class='ocrx_word' id='word_1_21' title='bbox 2152 404 2426 467; x_wconf 88' lang='lat' dir='ltr'>mortem,</span> <span class='ocrx_word' id='word_1_22' title='bbox 2458 398 2506 453; x_wconf 91' lang='lat' dir='ltr'>si</span> <span class='ocrx_word' id='word_1_23' title='bbox 2532 395 2695 453; x_wconf 88' lang='lat' dir='ltr'>nulla</span> <span class='ocrx_word' id='word_1_24' title='bbox 2726 412 2937 452; x_wconf 88' lang='lat' dir='ltr'>sensus</span> <span class='ocrx_word' id='word_1_25' title='bbox 2967 401 3407 470; x_wconf 74' lang='lat' dir='ltr'>perseverantia,</span> <span class='ocrx_word' id='word_1_26' title='bbox 3438 402 3485 458; x_wconf 86' lang='lat' dir='ltr'>si</span> <span class='ocrx_word' id='word_1_27' title='bbox 3511 404 3735 476; x_wconf 85' lang='lat' dir='ltr'>denique</span> 
     </span>
    </p>
   </div>
   <div class='ocr_carea' id='block_1_5' title="bbox 394 490 2042 563">
    <p class='ocr_par' dir='ltr' id='par_1_5' title="bbox 394 490 2042 563">
     <span class='ocr_line' id='line_1_5' title="bbox 394 490 2042 563; baseline -0.001 -16"><span class='ocrx_word' id='word_1_28' title='bbox 394 491 635 559; x_wconf 90' lang='lat' dir='ltr'>bitione,</span> <span class='ocrx_word' id='word_1_29' title='bbox 670 491 769 563; x_wconf 90' lang='lat' dir='ltr'>qui</span> <span class='ocrx_word' id='word_1_30' title='bbox 803 490 1019 545; x_wconf 86' lang='lat' dir='ltr'>meruit</span> <span class='ocrx_word' id='word_1_31' title='bbox 1056 490 1265 562; x_wconf 90' lang='lat' dir='ltr'>judicii</span> <span class='ocrx_word' id='word_1_32' title='bbox 1314 490 1669 561; x_wconf 75' lang='lat' dir='ltr'>passionem.</span> <span class='ocrx_word' id='word_1_33' title='bbox 1704 495 1783 545; x_wconf 80' lang='lat' dir='ltr'>Ea</span> <span class='ocrx_word' id='word_1_34' title='bbox 1846 491 2042 562; x_wconf 91' lang='lat' dir='ltr'>opinio</span> 
     </span>
    </p>
   </div>
   <div class='ocr_carea' id='block_1_6' title="bbox 396 579 2039 651">
    <p class='ocr_par' dir='ltr' id='par_1_6' title="bbox 396 579 2039 651">
     <span class='ocr_line' id='line_1_6' title="bbox 396 579 2039 651; baseline 0 -18"><span class='ocrx_word' id='word_1_35' title='bbox 396 580 729 635; x_wconf 86' lang='lat' dir='ltr'>Christiana</span> <span class='ocrx_word' id='word_1_36' title='bbox 761 580 870 634; x_wconf 82' lang='lat' dir='ltr'>etsi</span> <span class='ocrx_word' id='word_1_37' title='bbox 903 580 1205 634; x_wconf 77' lang='lat' dir='ltr'>honestior</span> <span class='ocrx_word' id='word_1_38' title='bbox 1241 579 1425 634; x_wconf 87' lang='lat' dir='ltr'>multo</span> <span class='ocrx_word' id='word_1_39' title='bbox 1459 580 1863 651; x_wconf 75' lang='lat' dir='ltr'>Pythagorica,</span> <span class='ocrx_word' id='word_1_40' title='bbox 1915 597 2039 651; x_wconf 73' lang='lat' dir='ltr'>quze</span> 
     </span>
    </p>
   </div>
   <div class='ocr_carea' id='block_1_7' title="bbox 399 668 2038 739">
    <p class='ocr_par' dir='ltr' id='par_1_7' title="bbox 399 668 2038 739">
     <span class='ocr_line' id='line_1_7' title="bbox 399 668 2038 739; baseline 0 -16"><span class='ocrx_word' id='word_1_41' title='bbox 399 674 454 723; x_wconf 82' lang='lat' dir='ltr'>te</span> <span class='ocrx_word' id='word_1_42' title='bbox 485 686 599 724; x_wconf 90' lang='lat' dir='ltr'>non</span> <span class='ocrx_word' id='word_1_43' title='bbox 642 669 699 723; x_wconf 91' lang='lat' dir='ltr'>in</span> <span class='ocrx_word' id='word_1_44' title='bbox 752 668 970 724; x_wconf 85' lang='lat' dir='ltr'>bestias</span> <span class='ocrx_word' id='word_1_45' title='bbox 1030 669 1344 733; x_wconf 78' lang='lat' dir='ltr'>transfert;</span> <span class='ocrx_word' id='word_1_46' title='bbox 1405 669 1510 723; x_wconf 86' lang='lat' dir='ltr'>etsi</span> <span class='ocrx_word' id='word_1_47' title='bbox 1567 668 1793 739; x_wconf 78' lang='lat' dir='ltr'>plenior</span> <span class='ocrx_word' id='word_1_48' title='bbox 1850 669 2038 723; x_wconf 89' lang='lat' dir='ltr'>Plato-</span> 
     </span>
    </p>
   </div>
   <div class='ocr_carea' id='block_1_8' title="bbox 399 758 2040 829">
    <p class='ocr_par' dir='ltr' id='par_1_8' title="bbox 399 758 2040 829">
     <span class='ocr_line' id='line_1_8' title="bbox 399 758 2040 829; baseline -0.001 -17"><span class='ocrx_word' id='word_1_49' title='bbox 399 759 548 824; x_wconf 89' lang='lat' dir='ltr'>nica,</span> <span class='ocrx_word' id='word_1_50' title='bbox 593 775 722 829; x_wconf 73' lang='lat' dir='ltr'>quae</span> <span class='ocrx_word' id='word_1_51' title='bbox 754 758 857 812; x_wconf 97' lang='lat' dir='ltr'>tibi</span> <span class='ocrx_word' id='word_1_52' title='bbox 892 758 1065 813; x_wconf 87' lang='lat' dir='ltr'>etiam</span> <span class='ocrx_word' id='word_1_53' title='bbox 1104 759 1299 813; x_wconf 88' lang='lat' dir='ltr'>dotem</span> <span class='ocrx_word' id='word_1_54' title='bbox 1336 758 1594 828; x_wconf 88' lang='lat' dir='ltr'>corporis</span> <span class='ocrx_word' id='word_1_55' title='bbox 1636 759 1867 813; x_wconf 87' lang='lat' dir='ltr'>reddit:</span> <span class='ocrx_word' id='word_1_56' title='bbox 1931 759 2040 813; x_wconf 89' lang='lat' dir='ltr'>etsi</span> 
     </span>
    </p>
   </div>
   <div class='ocr_carea' id='block_1_9' title="bbox 397 847 2034 919">
    <p class='ocr_par' dir='ltr' id='par_1_9' title="bbox 397 847 2034 919">
     <span class='ocr_line' id='line_1_9' title="bbox 397 847 2034 919; baseline -0.001 -17"><span class='ocrx_word' id='word_1_57' title='bbox 397 847 679 919; x_wconf 88' lang='lat' dir='ltr'>Epicurea</span> <span class='ocrx_word' id='word_1_58' title='bbox 708 847 929 918; x_wconf 82' lang='lat' dir='ltr'>gratior</span> <span class='ocrx_word' id='word_1_59' title='bbox 958 848 1020 916; x_wconf 71' lang='lat'>‘9,</span> <span class='ocrx_word' id='word_1_60' title='bbox 1054 849 1209 902; x_wconf 77' lang='lat'>614</span> <span class='ocrx_word' id='word_1_61' title='bbox 1233 864 1359 917; x_wconf 57' lang='lat' dir='ltr'>qua“:</span> <span class='ocrx_word' id='word_1_62' title='bbox 1400 852 1454 901; x_wconf 91' lang='lat' dir='ltr'>te</span> <span class='ocrx_word' id='word_1_63' title='bbox 1512 848 1584 901; x_wconf 86' lang='lat' dir='ltr'>ab</span> <span class='ocrx_word' id='word_1_64' title='bbox 1637 847 1870 901; x_wconf 88' lang='lat' dir='ltr'>interitu</span> <span class='ocrx_word' id='word_1_65' title='bbox 1933 847 2034 901; x_wconf 91' lang='lat' dir='ltr'>de-</span> 
     </span>
    </p>
   </div>
   <div class='ocr_carea' id='block_1_10' title="bbox 397 936 2035 1008">
    <p class='ocr_par' dir='ltr' id='par_1_10' title="bbox 397 936 2035 1008">
     <span class='ocr_line' id='line_1_10' title="bbox 397 936 2035 1008; baseline 0.001 -19"><span class='ocrx_word' id='word_1_66' title='bbox 397 936 834 991; x_wconf 78' lang='lat' dir='ltr'>fenditztamen</span> <span class='ocrx_word' id='word_1_67' title='bbox 868 941 1103 1008; x_wconf 80' lang='lat' dir='ltr'>propter</span> <span class='ocrx_word' id='word_1_68' title='bbox 1129 938 1171 970; x_wconf 75' lang='grc' dir='ltr'>⁵ο</span> <span class='ocrx_word' id='word_1_69' title='bbox 1221 953 1393 990; x_wconf 87' lang='lat' dir='ltr'>suum</span> <span class='ocrx_word' id='word_1_70' title='bbox 1455 953 1665 992; x_wconf 86' lang='lat' dir='ltr'>nomen</span> <span class='ocrx_word' id='word_1_71' title='bbox 1727 936 1836 990; x_wconf 89' lang='lat' dir='ltr'>soli</span> <span class='ocrx_word' id='word_1_72' title='bbox 1877 936 2035 991; x_wconf 85' lang='lat' dir='ltr'>vani-</span> 
     </span>
    </p>
   </div>
   <div class='ocr_carea' id='block_1_11' title="bbox 400 1025 2039 1097">
    <p class='ocr_par' dir='ltr' id='par_1_11' title="bbox 400 1025 2039 1097">
     <span class='ocr_line' id='line_1_11' title="bbox 400 1025 2039 1097; baseline -0.001 -17"><span class='ocrx_word' id='word_1_73' title='bbox 400 1025 507 1080; x_wconf 89' lang='lat' dir='ltr'>tati</span> <span class='ocrx_word' id='word_1_74' title='bbox 539 1030 597 1081; x_wconf 91' lang='lat' dir='ltr'>et</span> <span class='ocrx_word' id='word_1_75' title='bbox 619 1026 865 1097; x_wconf 89' lang='lat' dir='ltr'>stupori,</span> <span class='ocrx_word' id='word_1_76' title='bbox 896 1030 1038 1081; x_wconf 87' lang='lat' dir='ltr'>etut</span> <span class='ocrx_word' id='word_1_77' title='bbox 1069 1026 1300 1092; x_wconf 82' lang='lat' dir='ltr'>dicitur,</span> <span class='ocrx_word' id='word_1_78' title='bbox 1354 1025 1798 1097; x_wconf 72' lang='lat' dir='ltr'>prmsumptioni</span> <span class='ocrx_word' id='word_1_79' title='bbox 1861 1027 2039 1096; x_wconf 87' lang='lat' dir='ltr'>depu-</span> 
     </span>
    </p>
   </div>
   <div class='ocr_carea' id='block_1_12' title="bbox 400 1114 2040 1187">
    <p class='ocr_par' dir='ltr' id='par_1_12' title="bbox 400 1114 2040 1187">
     <span class='ocr_line' id='line_1_12' title="bbox 400 1114 2040 1187; baseline 0 -18"><span class='ocrx_word' id='word_1_80' title='bbox 400 1117 561 1169; x_wconf 86' lang='lat' dir='ltr'>tatur</span> <span class='ocrx_word' id='word_1_81' title='bbox 592 1114 724 1187; x_wconf 83' lang='lat'>(22).</span> <span class='ocrx_word' id='word_1_82' title='bbox 760 1114 866 1168; x_wconf 85' lang='lat' dir='ltr'>Sed</span> <span class='ocrx_word' id='word_1_83' title='bbox 931 1131 1044 1169; x_wconf 91' lang='lat' dir='ltr'>non</span> <span class='ocrx_word' id='word_1_84' title='bbox 1095 1114 1521 1181; x_wconf 91' lang='lat' dir='ltr'>erubescimus,</span> <span class='ocrx_word' id='word_1_85' title='bbox 1573 1116 1618 1168; x_wconf 90' lang='lat' dir='ltr'>si</span> <span class='ocrx_word' id='word_1_86' title='bbox 1678 1118 1867 1168; x_wconf 84' lang='lat' dir='ltr'>tecum</span> <span class='ocrx_word' id='word_1_87' title='bbox 1930 1114 2040 1169; x_wconf 92' lang='lat' dir='ltr'>erit</span> 
     </span>
    </p>
   </div>
   <div class='ocr_carea' id='block_1_13' title="bbox 394 1202 2037 1275">
    <p class='ocr_par' dir='ltr' id='par_1_13' title="bbox 394 1202 2037 1275">
     <span class='ocr_line' id='line_1_13' title="bbox 394 1202 2037 1275; baseline 0 -18"><span class='ocrx_word' id='word_1_88' title='bbox 394 1207 594 1259; x_wconf 91' lang='lat' dir='ltr'>nostra</span> <span class='ocrx_word' id='word_1_89' title='bbox 616 1203 1015 1275; x_wconf 71' lang='lat' dir='ltr'>prmsumptio.</span> <span class='ocrx_word' id='word_1_90' title='bbox 1048 1202 1241 1257; x_wconf 88' lang='lat' dir='ltr'>Primo</span> <span class='ocrx_word' id='word_1_91' title='bbox 1273 1203 1427 1257; x_wconf 91' lang='lat' dir='ltr'>enim</span> <span class='ocrx_word' id='word_1_92' title='bbox 1451 1219 1582 1257; x_wconf 90' lang='lat' dir='ltr'>cum</span> <span class='ocrx_word' id='word_1_93' title='bbox 1635 1202 1883 1273; x_wconf 83' lang='lat' dir='ltr'>alicujus</span> <span class='ocrx_word' id='word_1_94' title='bbox 1939 1203 2037 1257; x_wconf 89' lang='lat' dir='ltr'>de-</span> 
     </span>
    </p>
   </div>
   <div class='ocr_carea' id='block_1_14' title="bbox 392 1290 2037 1362">
    <p class='ocr_par' dir='ltr' id='par_1_14' title="bbox 392 1290 2037 1362">
     <span class='ocr_line' id='line_1_14' title="bbox 392 1290 2037 1362; baseline 0 -17"><span class='ocrx_word' id='word_1_95' title='bbox 392 1291 578 1347; x_wconf 80' lang='lat' dir='ltr'>functi</span> <span class='ocrx_word' id='word_1_96' title='bbox 605 1291 950 1360; x_wconf 88' lang='lat' dir='ltr'>reeordaris,</span> <span class='ocrx_word' id='word_1_97' title='bbox 975 1290 1270 1347; x_wconf 90' lang='lat' dir='ltr'>misellum</span> <span class='ocrx_word' id='word_1_98' title='bbox 1302 1307 1474 1347; x_wconf 82' lang='lat' dir='ltr'>vocas</span> <span class='ocrx_word' id='word_1_99' title='bbox 1497 1307 1629 1347; x_wconf 89' lang='lat' dir='ltr'>eum</span> <span class='ocrx_word' id='word_1_100' title='bbox 1652 1308 1665 1347; x_wconf 92' lang='lat'><strong>:</strong></span> <span class='ocrx_word' id='word_1_101' title='bbox 1702 1308 1810 1347; x_wconf 91' lang='lat' dir='ltr'>non</span> <span class='ocrx_word' id='word_1_102' title='bbox 1834 1291 2037 1362; x_wconf 82' lang='lat' dir='ltr'>utique</span> 
     </span>
    </p>
   </div>
   <div class='ocr_carea' id='block_1_15' title="bbox 393 1379 2041 1451">
    <p class='ocr_par' dir='ltr' id='par_1_15' title="bbox 393 1379 2041 1451">
     <span class='ocr_line' id='line_1_15' title="bbox 393 1379 2041 1451; baseline 0 -17"><span class='ocrx_word' id='word_1_103' title='bbox 393 1381 548 1451; x_wconf 88' lang='lat' dir='ltr'>quod</span> <span class='ocrx_word' id='word_1_104' title='bbox 569 1380 640 1435; x_wconf 90' lang='lat' dir='ltr'>de</span> <span class='ocrx_word' id='word_1_105' title='bbox 665 1380 817 1436; x_wconf 91' lang='lat' dir='ltr'>bono</span> <span class='ocrx_word' id='word_1_106' title='bbox 847 1379 975 1434; x_wconf 66' lang='lat' dir='ltr'>vita:</span> <span class='ocrx_word' id='word_1_107' title='bbox 1026 1384 1293 1451; x_wconf 89' lang='lat' dir='ltr'>ereptum</span> <span class='ocrx_word' id='word_1_108' title='bbox 1351 1381 1419 1448; x_wconf 67' lang='grc' dir='ltr'>εί,</span> <span class='ocrx_word' id='word_1_109' title='bbox 1480 1381 1581 1435; x_wconf 87' lang='lat' dir='ltr'>sed</span> <span class='ocrx_word' id='word_1_110' title='bbox 1634 1384 1699 1434; x_wconf 91' lang='lat' dir='ltr'>ut</span> <span class='ocrx_word' id='word_1_111' title='bbox 1752 1396 1932 1451; x_wconf 58' lang='lat' dir='ltr'>poenae</span> <span class='ocrx_word' id='word_1_112' title='bbox 1982 1384 2041 1435; x_wconf 91' lang='lat' dir='ltr'>et</span> 
     </span>
    </p>
   </div>
   <div class='ocr_carea' id='block_1_16' title="bbox 384 1466 2035 1541">
    <p class='ocr_par' dir='ltr' id='par_1_16' title="bbox 384 1466 2035 1541">
     <span class='ocr_line' id='line_1_16' title="bbox 384 1466 2035 1541; baseline 0 -18"><span class='ocrx_word' id='word_1_113' title='bbox 384 1469 611 1540; x_wconf 89' lang='lat' dir='ltr'>judicio</span> <span class='ocrx_word' id='word_1_114' title='bbox 633 1470 759 1540; x_wconf 87' lang='lat' dir='ltr'>jam</span> <span class='ocrx_word' id='word_1_115' title='bbox 794 1470 1139 1541; x_wconf 82' lang='lat' dir='ltr'>ascriptum.</span> <span class='ocrx_word' id='word_1_116' title='bbox 1174 1474 1450 1525; x_wconf 67' lang='lat' dir='ltr'>Cmterum</span> <span class='ocrx_word' id='word_1_117' title='bbox 1481 1466 1625 1525; x_wconf 84' lang='lat' dir='ltr'>alias</span> <span class='ocrx_word' id='word_1_118' title='bbox 1658 1485 1895 1525; x_wconf 87' lang='lat' dir='ltr'>securos</span> <span class='ocrx_word' id='word_1_119' title='bbox 1940 1486 2035 1523; x_wconf 77' lang='lat' dir='ltr'>vo-</span> 
     </span>
    </p>
   </div>
   <div class='ocr_carea' id='block_1_17' title="bbox 393 1559 2039 1629">
    <p class='ocr_par' dir='ltr' id='par_1_17' title="bbox 393 1559 2039 1629">
     <span class='ocr_line' id='line_1_17' title="bbox 393 1559 2039 1629; baseline -0.001 -15"><span class='ocrx_word' id='word_1_120' title='bbox 393 1574 490 1614; x_wconf 86' lang='lat' dir='ltr'>cas</span> <span class='ocrx_word' id='word_1_121' title='bbox 512 1559 839 1614; x_wconf 90' lang='lat' dir='ltr'>defunctos.</span> <span class='ocrx_word' id='word_1_122' title='bbox 868 1559 1166 1613; x_wconf 80' lang='lat' dir='ltr'>Proﬁteris</span> <span class='ocrx_word' id='word_1_123' title='bbox 1190 1565 1246 1614; x_wconf 88' lang='lat' dir='ltr'>ot</span> <span class='ocrx_word' id='word_1_124' title='bbox 1290 1560 1415 1614; x_wconf 83' lang='lat' dir='ltr'>vitae</span> <span class='ocrx_word' id='word_1_125' title='bbox 1476 1559 1939 1629; x_wconf 87' lang='lat' dir='ltr'>incommodum,</span> <span class='ocrx_word' id='word_1_126' title='bbox 1983 1562 2039 1613; x_wconf 89' lang='lat' dir='ltr'>et</span> 
     </span>
    </p>
   </div>
   <div class='ocr_carea' id='block_1_18' title="bbox 393 1647 2035 1720">
    <p class='ocr_par' dir='ltr' id='par_1_18' title="bbox 393 1647 2035 1720">
     <span class='ocr_line' id='line_1_18' title="bbox 393 1647 2035 1720; baseline 0 -18"><span class='ocrx_word' id='word_1_127' title='bbox 393 1647 601 1703; x_wconf 86' lang='lat' dir='ltr'>mortis</span> <span class='ocrx_word' id='word_1_128' title='bbox 633 1647 1007 1703; x_wconf 81' lang='lat' dir='ltr'>beneﬁcium.</span> <span class='ocrx_word' id='word_1_129' title='bbox 1047 1647 1224 1703; x_wconf 87' lang='lat' dir='ltr'>Voeas</span> <span class='ocrx_word' id='word_1_130' title='bbox 1250 1664 1419 1719; x_wconf 91' lang='lat' dir='ltr'>porro</span> <span class='ocrx_word' id='word_1_131' title='bbox 1453 1649 1766 1717; x_wconf 86' lang='lat' dir='ltr'>securos,si</span> <span class='ocrx_word' id='word_1_132' title='bbox 1799 1649 2035 1720; x_wconf 79' lang='lat' dir='ltr'>quando</span> 
     </span>
    </p>
   </div>
   <div class='ocr_carea' id='block_1_19' title="bbox 394 1737 2037 1811">
    <p class='ocr_par' dir='ltr' id='par_1_19' title="bbox 394 1737 2037 1811">
     <span class='ocr_line' id='line_1_19' title="bbox 394 1737 2037 1811; baseline 0.001 -20"><span class='ocrx_word' id='word_1_133' title='bbox 394 1741 553 1792; x_wconf 83' lang='lat' dir='ltr'>extra</span> <span class='ocrx_word' id='word_1_134' title='bbox 580 1742 809 1807; x_wconf 90' lang='lat' dir='ltr'>portam</span> <span class='ocrx_word' id='word_1_135' title='bbox 844 1738 952 1809; x_wconf 81' lang='lat'>(23)</span> <span class='ocrx_word' id='word_1_136' title='bbox 985 1754 1117 1792; x_wconf 91' lang='lat' dir='ltr'>eum</span> <span class='ocrx_word' id='word_1_137' title='bbox 1147 1737 1405 1792; x_wconf 87' lang='lat' dir='ltr'>obsoniis</span> <span class='ocrx_word' id='word_1_138' title='bbox 1449 1745 1503 1791; x_wconf 90' lang='lat' dir='ltr'>et</span> <span class='ocrx_word' id='word_1_139' title='bbox 1533 1738 1579 1771; x_wconf 65' lang='grc'>⁵⁷</span> <span class='ocrx_word' id='word_1_140' title='bbox 1639 1738 1876 1793; x_wconf 76' lang='lat' dir='ltr'>matteis</span> <span class='ocrx_word' id='word_1_141' title='bbox 1924 1738 2037 1811; x_wconf 76' lang='grc'>(24)</span> 
     </span>
    </p>
   </div>
   <div class='ocr_carea' id='block_1_20' title="bbox 390 1826 2038 1898">
    <p class='ocr_par' dir='ltr' id='par_1_20' title="bbox 390 1826 2038 1898">
     <span class='ocr_line' id='line_1_20' title="bbox 390 1826 2038 1898; baseline 0 -16"><span class='ocrx_word' id='word_1_142' title='bbox 390 1826 495 1882; x_wconf 85' lang='lat' dir='ltr'>tibi</span> <span class='ocrx_word' id='word_1_143' title='bbox 524 1828 719 1898; x_wconf 89' lang='lat' dir='ltr'>potius</span> <span class='ocrx_word' id='word_1_144' title='bbox 751 1834 1070 1897; x_wconf 90' lang='lat' dir='ltr'>parentans</span> <span class='ocrx_word' id='word_1_145' title='bbox 1104 1827 1175 1881; x_wconf 89' lang='lat' dir='ltr'>ad</span> <span class='ocrx_word' id='word_1_146' title='bbox 1207 1827 1382 1883; x_wconf 90' lang='lat' dir='ltr'>busta</span> <span class='ocrx_word' id='word_1_147' title='bbox 1413 1826 1633 1882; x_wconf 88' lang='lat' dir='ltr'>recedis</span> <span class='ocrx_word' id='word_1_148' title='bbox 1662 1827 1798 1898; x_wconf 75' lang='lat'>(25),</span> <span class='ocrx_word' id='word_1_149' title='bbox 1845 1832 1948 1882; x_wconf 88' lang='lat' dir='ltr'>aut</span> <span class='ocrx_word' id='word_1_150' title='bbox 2004 1845 2038 1882; x_wconf 89' lang='lat' dir='ltr'>a</span> 
     </span>
    </p>
   </div>
   <div class='ocr_carea' id='block_1_21' title="bbox 392 1915 2038 1987">
    <p class='ocr_par' dir='ltr' id='par_1_21' title="bbox 392 1915 2038 1987">
     <span class='ocr_line' id='line_1_21' title="bbox 392 1915 2038 1987; baseline 0.002 -18"><span class='ocrx_word' id='word_1_151' title='bbox 392 1915 584 1971; x_wconf 89' lang='lat' dir='ltr'>bustis</span> <span class='ocrx_word' id='word_1_152' title='bbox 616 1915 856 1970; x_wconf 89' lang='lat' dir='ltr'>dilutior</span> <span class='ocrx_word' id='word_1_153' title='bbox 916 1916 1091 1971; x_wconf 88' lang='lat' dir='ltr'>redis.</span> <span class='ocrx_word' id='word_1_154' title='bbox 1123 1918 1194 1970; x_wconf 86' lang='lat' dir='ltr'>At</span> <span class='ocrx_word' id='word_1_155' title='bbox 1215 1932 1319 1987; x_wconf 82' lang='lat' dir='ltr'>ego</span> <span class='ocrx_word' id='word_1_156' title='bbox 1370 1916 1625 1971; x_wconf 89' lang='lat' dir='ltr'>sobriam</span> <span class='ocrx_word' id='word_1_157' title='bbox 1687 1922 1847 1971; x_wconf 90' lang='lat' dir='ltr'>tuam</span> <span class='ocrx_word' id='word_1_158' title='bbox 1910 1934 2038 1972; x_wconf 90' lang='lat' dir='ltr'>sen-</span> 
     </span>
    </p>
   </div>
   <div class='ocr_carea' id='block_1_22' title="bbox 397 2003 2036 2077">
    <p class='ocr_par' dir='ltr' id='par_1_22' title="bbox 397 2003 2036 2077">
     <span class='ocr_line' id='line_1_22' title="bbox 397 2003 2036 2077; baseline 0.002 -18"><span class='ocrx_word' id='word_1_159' title='bbox 397 2004 640 2059; x_wconf 90' lang='lat' dir='ltr'>tentiam</span> <span class='ocrx_word' id='word_1_160' title='bbox 664 2003 869 2077; x_wconf 79' lang='lat' dir='ltr'>exigo;</span> <span class='ocrx_word' id='word_1_161' title='bbox 921 2004 1182 2060; x_wconf 86' lang='lat' dir='ltr'>misellus</span> <span class='ocrx_word' id='word_1_162' title='bbox 1221 2021 1393 2060; x_wconf 81' lang='lat' dir='ltr'>vocas</span> <span class='ocrx_word' id='word_1_163' title='bbox 1438 2011 1721 2076; x_wconf 87' lang='lat' dir='ltr'>mortuos,</span> <span class='ocrx_word' id='word_1_164' title='bbox 1778 2023 1913 2061; x_wconf 91' lang='lat' dir='ltr'>cum</span> <span class='ocrx_word' id='word_1_165' title='bbox 1967 2007 2036 2062; x_wconf 86' lang='lat' dir='ltr'>de</span> 
     </span>
    </p>
   </div>
   <div class='ocr_carea' id='block_1_23' title="bbox 387 2092 2034 2166">
    <p class='ocr_par' dir='ltr' id='par_1_23' title="bbox 387 2092 2034 2166">
     <span class='ocr_line' id='line_1_23' title="bbox 387 2092 2034 2166; baseline 0.001 -18"><span class='ocrx_word' id='word_1_166' title='bbox 387 2097 488 2148; x_wconf 91' lang='lat' dir='ltr'>tuo</span> <span class='ocrx_word' id='word_1_167' title='bbox 520 2092 797 2165; x_wconf 89' lang='lat' dir='ltr'>loqueris,</span> <span class='ocrx_word' id='word_1_168' title='bbox 832 2110 964 2149; x_wconf 90' lang='lat' dir='ltr'>cum</span> <span class='ocrx_word' id='word_1_169' title='bbox 997 2094 1069 2148; x_wconf 87' lang='lat' dir='ltr'>ab</span> <span class='ocrx_word' id='word_1_170' title='bbox 1103 2093 1187 2149; x_wconf 90' lang='lat' dir='ltr'>eis</span> <span class='ocrx_word' id='word_1_171' title='bbox 1218 2093 1389 2166; x_wconf 85' lang='lat' dir='ltr'>longe</span> <span class='ocrx_word' id='word_1_172' title='bbox 1418 2098 1670 2150; x_wconf 63' lang='lat' dir='ltr'>03.13am</span> <span class='ocrx_word' id='word_1_173' title='bbox 1729 2094 1786 2149; x_wconf 91' lang='lat' dir='ltr'>in</span> <span class='ocrx_word' id='word_1_174' title='bbox 1838 2096 2034 2151; x_wconf 83' lang='lat' dir='ltr'>eonvi-</span> 
     </span>
    </p>
   </div>
   <div class='ocr_carea' id='block_1_24' title="bbox 395 2181 2036 2254">
    <p class='ocr_par' dir='ltr' id='par_1_24' title="bbox 395 2181 2036 2254">
     <span class='ocr_line' id='line_1_24' title="bbox 395 2181 2036 2254; baseline 0.001 -16"><span class='ocrx_word' id='word_1_175' title='bbox 395 2182 487 2239; x_wconf 91' lang='lat' dir='ltr'>vio</span> <span class='ocrx_word' id='word_1_176' title='bbox 518 2182 562 2217; x_wconf 74' lang='grc'>⁸³</span> <span class='ocrx_word' id='word_1_177' title='bbox 591 2198 794 2238; x_wconf 90' lang='lat' dir='ltr'>eorum</span> <span class='ocrx_word' id='word_1_178' title='bbox 822 2181 988 2254; x_wconf 89' lang='lat' dir='ltr'>quasi</span> <span class='ocrx_word' id='word_1_179' title='bbox 1024 2182 1410 2254; x_wconf 64' lang='lat' dir='ltr'>praesentibus</span> <span class='ocrx_word' id='word_1_180' title='bbox 1458 2188 1515 2238; x_wconf 91' lang='lat' dir='ltr'>et</span> <span class='ocrx_word' id='word_1_181' title='bbox 1570 2184 2036 2240; x_wconf 57' lang='lat' dir='ltr'>conrecumlien-</span> 
     </span>
    </p>
   </div>
   <div class='ocr_carea' id='block_1_25' title="bbox 393 2270 2033 2343">
    <p class='ocr_par' dir='ltr' id='par_1_25' title="bbox 393 2270 2033 2343">
     <span class='ocr_line' id='line_1_25' title="bbox 393 2270 2033 2343; baseline 0.003 -18"><span class='ocrx_word' id='word_1_182' title='bbox 393 2270 554 2326; x_wconf 84' lang='lat' dir='ltr'>tibus</span> <span class='ocrx_word' id='word_1_183' title='bbox 584 2275 799 2327; x_wconf 88' lang='lat' dir='ltr'>sortem</span> <span class='ocrx_word' id='word_1_184' title='bbox 830 2286 997 2326; x_wconf 88' lang='lat' dir='ltr'>suam</span> <span class='ocrx_word' id='word_1_185' title='bbox 1034 2270 1381 2343; x_wconf 82' lang='lat' dir='ltr'>exprobrare</span> <span class='ocrx_word' id='word_1_186' title='bbox 1428 2288 1542 2326; x_wconf 92' lang='lat' dir='ltr'>non</span> <span class='ocrx_word' id='word_1_187' title='bbox 1580 2272 1795 2343; x_wconf 89' lang='lat' dir='ltr'>possis,</span> <span class='ocrx_word' id='word_1_188' title='bbox 1853 2274 2033 2330; x_wconf 87' lang='lat' dir='ltr'>debes</span> 
     </span>
    </p>
   </div>
   <div class='ocr_carea' id='block_1_26' title="bbox 389 2359 2032 2435">
    <p class='ocr_par' dir='ltr' id='par_1_26' title="bbox 389 2359 2032 2435">
     <span class='ocr_line' id='line_1_26' title="bbox 389 2359 2032 2435; baseline 0.002 -20"><span class='ocrx_word' id='word_1_189' title='bbox 389 2359 614 2415; x_wconf 88' lang='lat' dir='ltr'>adulari</span> <span class='ocrx_word' id='word_1_190' title='bbox 647 2365 886 2432; x_wconf 86' lang='lat' dir='ltr'>propter</span> <span class='ocrx_word' id='word_1_191' title='bbox 914 2376 1062 2432; x_wconf 89' lang='lat' dir='ltr'>quos</span> <span class='ocrx_word' id='word_1_192' title='bbox 1086 2361 1131 2394; x_wconf 73' lang='lat'><strong>5‘</strong></span> <span class='ocrx_word' id='word_1_193' title='bbox 1160 2359 1351 2415; x_wconf 68' lang='lat' dir='ltr'>laetius</span> <span class='ocrx_word' id='word_1_194' title='bbox 1381 2361 1547 2415; x_wconf 85' lang='lat' dir='ltr'>vivis.</span> <span class='ocrx_word' id='word_1_195' title='bbox 1573 2361 1859 2417; x_wconf 76' lang='lat' dir='ltr'>Misellum</span> <span class='ocrx_word' id='word_1_196' title='bbox 1896 2380 2032 2435; x_wconf 85' lang='lat' dir='ltr'>ergo</span> 
     </span>
    </p>
   </div>
   <div class='ocr_carea' id='block_1_27' title="bbox 386 2448 2031 2521">
    <p class='ocr_par' dir='ltr' id='par_1_27' title="bbox 386 2448 2031 2521">
     <span class='ocr_line' id='line_1_27' title="bbox 386 2448 2031 2521; baseline 0.002 -16"><span class='ocrx_word' id='word_1_197' title='bbox 386 2465 581 2519; x_wconf 86' lang='lat' dir='ltr'>vocas,</span> <span class='ocrx_word' id='word_1_198' title='bbox 616 2451 717 2520; x_wconf 87' lang='lat' dir='ltr'>qui</span> <span class='ocrx_word' id='word_1_199' title='bbox 750 2448 896 2504; x_wconf 90' lang='lat' dir='ltr'>nihil</span> <span class='ocrx_word' id='word_1_200' title='bbox 945 2448 1178 2504; x_wconf 82' lang='lat' dir='ltr'>sentit?</span> <span class='ocrx_word' id='word_1_201' title='bbox 1236 2450 1375 2521; x_wconf 86' lang='lat' dir='ltr'>quid</span> <span class='ocrx_word' id='word_1_202' title='bbox 1434 2450 1582 2520; x_wconf 90' lang='lat' dir='ltr'>quod</span> <span class='ocrx_word' id='word_1_203' title='bbox 1634 2456 1698 2505; x_wconf 89' lang='lat' dir='ltr'>ut</span> <span class='ocrx_word' id='word_1_204' title='bbox 1754 2452 2031 2508; x_wconf 80' lang='lat' dir='ltr'>sentienti</span> 
     </span>
    </p>
   </div>
   <div class='ocr_carea' id='block_1_28' title="bbox 385 2536 2031 2609">
    <p class='ocr_par' dir='ltr' id='par_1_28' title="bbox 385 2536 2031 2609">
     <span class='ocr_line' id='line_1_28' title="bbox 385 2536 2031 2609; baseline 0.002 -17"><span class='ocrx_word' id='word_1_205' title='bbox 385 2536 708 2603; x_wconf 84' lang='lat' dir='ltr'>maledicis,</span> <span class='ocrx_word' id='word_1_206' title='bbox 731 2539 903 2608; x_wconf 85' lang='lat' dir='ltr'>cujus</span> <span class='ocrx_word' id='word_1_207' title='bbox 923 2538 965 2572; x_wconf 78' lang='grc'>⁵³</span> <span class='ocrx_word' id='word_1_208' title='bbox 989 2537 1329 2593; x_wconf 85' lang='lat' dir='ltr'>memoriam</span> <span class='ocrx_word' id='word_1_209' title='bbox 1360 2555 1490 2593; x_wconf 88' lang='lat' dir='ltr'>cum</span> <span class='ocrx_word' id='word_1_210' title='bbox 1517 2537 1768 2609; x_wconf 87' lang='lat' dir='ltr'>alicujus</span> <span class='ocrx_word' id='word_1_211' title='bbox 1799 2541 2031 2597; x_wconf 71' lang='lat' dir='ltr'>offensae</span> 
     </span>
    </p>
   </div>
   <div class='ocr_carea' id='block_1_29' title="bbox 384 2624 2032 2701">
    <p class='ocr_par' dir='ltr' id='par_1_29' title="bbox 384 2624 2032 2701">
     <span class='ocr_line' id='line_1_29' title="bbox 384 2624 2032 2701; baseline 0.002 -20"><span class='ocrx_word' id='word_1_212' title='bbox 384 2642 582 2681; x_wconf 90' lang='lat' dir='ltr'>morsu</span> <span class='ocrx_word' id='word_1_213' title='bbox 608 2624 771 2683; x_wconf 84' lang='lat' dir='ltr'>facis.</span> <span class='ocrx_word' id='word_1_214' title='bbox 818 2627 1057 2682; x_wconf 89' lang='lat' dir='ltr'>Terram</span> <span class='ocrx_word' id='word_1_215' title='bbox 1108 2643 1341 2698; x_wconf 82' lang='lat' dir='ltr'>gravem</span> <span class='ocrx_word' id='word_1_216' title='bbox 1403 2628 1744 2699; x_wconf 85' lang='lat' dir='ltr'>imprecaris</span> <span class='ocrx_word' id='word_1_217' title='bbox 1792 2629 1926 2701; x_wconf 78' lang='grc'>(26),</span> <span class='ocrx_word' id='word_1_218' title='bbox 1976 2635 2032 2685; x_wconf 91' lang='lat' dir='ltr'>et</span> 
     </span>
    </p>
   </div>
   <div class='ocr_carea' id='block_1_30' title="bbox 384 2714 2031 2788">
    <p class='ocr_par' dir='ltr' id='par_1_30' title="bbox 384 2714 2031 2788">
     <span class='ocr_line' id='line_1_30' title="bbox 384 2714 2031 2788; baseline 0.003 -18"><span class='ocrx_word' id='word_1_219' title='bbox 384 2714 565 2770; x_wconf 89' lang='lat' dir='ltr'>cineri</span> <span class='ocrx_word' id='word_1_220' title='bbox 599 2731 777 2786; x_wconf 89' lang='lat' dir='ltr'>penes</span> <span class='ocrx_word' id='word_1_221' title='bbox 802 2714 1020 2776; x_wconf 81' lang='lat' dir='ltr'>inferos</span> <span class='ocrx_word' id='word_1_222' title='bbox 1066 2720 1450 2771; x_wconf 83' lang='lat' dir='ltr'>tormentum.</span> <span class='ocrx_word' id='word_1_223' title='bbox 1510 2717 1692 2788; x_wconf 67' lang='lat' dir='ltr'>Eque</span> <span class='ocrx_word' id='word_1_224' title='bbox 1750 2733 1817 2772; x_wconf 83' lang='lat' dir='ltr'>ex</span> <span class='ocrx_word' id='word_1_225' title='bbox 1877 2719 2031 2775; x_wconf 88' lang='lat' dir='ltr'>bona</span> 
     </span>
    </p>
   </div>
   <div class='ocr_carea' id='block_1_31' title="bbox 380 2803 2029 2879">
    <p class='ocr_par' dir='ltr' id='par_1_31' title="bbox 380 2803 2029 2879">
     <span class='ocr_line' id='line_1_31' title="bbox 380 2803 2029 2879; baseline 0.002 -20"><span class='ocrx_word' id='word_1_226' title='bbox 380 2808 566 2876; x_wconf 89' lang='lat' dir='ltr'>parte,</span> <span class='ocrx_word' id='word_1_227' title='bbox 600 2803 694 2860; x_wconf 90' lang='lat' dir='ltr'>cui</span> <span class='ocrx_word' id='word_1_228' title='bbox 726 2804 972 2877; x_wconf 80' lang='lat' dir='ltr'>gratiam</span> <span class='ocrx_word' id='word_1_229' title='bbox 998 2805 1198 2870; x_wconf 87' lang='lat' dir='ltr'>debes,</span> <span class='ocrx_word' id='word_1_230' title='bbox 1231 2805 1465 2861; x_wconf 90' lang='lat' dir='ltr'>ossibus</span> <span class='ocrx_word' id='word_1_231' title='bbox 1497 2809 1554 2860; x_wconf 89' lang='lat' dir='ltr'>et</span> <span class='ocrx_word' id='word_1_232' title='bbox 1583 2805 1879 2863; x_wconf 89' lang='lat' dir='ltr'>cineribus</span> <span class='ocrx_word' id='word_1_233' title='bbox 1899 2810 2029 2879; x_wconf 87' lang='lat' dir='ltr'>ejus</span> 
     </span>
    </p>
   </div>
   <div class='ocr_carea' id='block_1_32' title="bbox 382 2891 2029 2967">
    <p class='ocr_par' dir='ltr' id='par_1_32' title="bbox 382 2891 2029 2967">
     <span class='ocr_line' id='line_1_32' title="bbox 382 2891 2029 2967; baseline 0.003 -21"><span class='ocrx_word' id='word_1_234' title='bbox 382 2891 748 2965; x_wconf 82' lang='lat' dir='ltr'>refrigerium</span> <span class='ocrx_word' id='word_1_235' title='bbox 810 2892 1222 2966; x_wconf 88' lang='lat' dir='ltr'>comprecaris,</span> <span class='ocrx_word' id='word_1_236' title='bbox 1281 2898 1339 2949; x_wconf 90' lang='lat' dir='ltr'>et</span> <span class='ocrx_word' id='word_1_237' title='bbox 1388 2898 1447 2949; x_wconf 90' lang='lat' dir='ltr'>ut</span> <span class='ocrx_word' id='word_1_238' title='bbox 1497 2894 1644 2950; x_wconf 87' lang='lat' dir='ltr'>bene</span> <span class='ocrx_word' id='word_1_239' title='bbox 1699 2896 2029 2967; x_wconf 86' lang='lat' dir='ltr'>requiescat</span> 
     </span>
    </p>
   </div>
   <div class='ocr_carea' id='block_1_33' title="bbox 380 2981 2028 3058">
    <p class='ocr_par' dir='ltr' id='par_1_33' title="bbox 380 2981 2028 3058">
     <span class='ocr_line' id='line_1_33' title="bbox 380 2981 2028 3058; baseline 0.003 -21"><span class='ocrx_word' id='word_1_240' title='bbox 380 2982 535 3054; x_wconf 89' lang='lat' dir='ltr'>apud</span> <span class='ocrx_word' id='word_1_241' title='bbox 570 2982 787 3039; x_wconf 89' lang='lat' dir='ltr'>inferos</span> <span class='ocrx_word' id='word_1_242' title='bbox 819 2982 1005 3054; x_wconf 91' lang='lat' dir='ltr'>cupis.</span> <span class='ocrx_word' id='word_1_243' title='bbox 1040 2982 1097 3038; x_wconf 89' lang='lat' dir='ltr'>Si</span> <span class='ocrx_word' id='word_1_244' title='bbox 1135 2981 1278 3037; x_wconf 89' lang='lat' dir='ltr'>nihil</span> <span class='ocrx_word' id='word_1_245' title='bbox 1302 2983 1593 3055; x_wconf 83' lang='lat' dir='ltr'>passionis</span> <span class='ocrx_word' id='word_1_246' title='bbox 1627 2990 1715 3040; x_wconf 89' lang='lat' dir='ltr'>est</span> <span class='ocrx_word' id='word_1_247' title='bbox 1745 2984 1850 3040; x_wconf 89' lang='lat' dir='ltr'>tibi</span> <span class='ocrx_word' id='word_1_248' title='bbox 1895 2991 2028 3058; x_wconf 89' lang='lat' dir='ltr'>post</span> 
     </span>
    </p>
   </div>
   <div class='ocr_carea' id='block_1_34' title="bbox 2153 487 3740 560">
    <p class='ocr_par' dir='ltr' id='par_1_34' title="bbox 2153 487 3740 560">
     <span class='ocr_line' id='line_1_34' title="bbox 2153 487 3740 560; baseline 0.003 -15"><span class='ocrx_word' id='word_1_249' title='bbox 2153 489 2297 545; x_wconf 84' lang='lat' dir='ltr'>nihil</span> <span class='ocrx_word' id='word_1_250' title='bbox 2321 506 2383 545; x_wconf 91' lang='lat' dir='ltr'>es</span> <span class='ocrx_word' id='word_1_251' title='bbox 2412 490 2541 560; x_wconf 90' lang='lat' dir='ltr'>ipsa</span> <span class='ocrx_word' id='word_1_252' title='bbox 2563 487 2660 541; x_wconf 90' lang='lat' dir='ltr'>ubi</span> <span class='ocrx_word' id='word_1_253' title='bbox 2680 502 2895 557; x_wconf 90' lang='lat' dir='ltr'>corpus</span> <span class='ocrx_word' id='word_1_254' title='bbox 2914 487 3336 560; x_wconf 83' lang='lat' dir='ltr'>reliquistizcur</span> <span class='ocrx_word' id='word_1_255' title='bbox 3354 491 3600 548; x_wconf 89' lang='lat' dir='ltr'>mentiris</span> <span class='ocrx_word' id='word_1_256' title='bbox 3622 494 3740 550; x_wconf 89' lang='lat' dir='ltr'>inte</span> 
     </span>
    </p>
   </div>
   <div class='ocr_carea' id='block_1_35' title="bbox 2150 577 3741 651">
    <p class='ocr_par' dir='ltr' id='par_1_35' title="bbox 2150 577 3741 651">
     <span class='ocr_line' id='line_1_35' title="bbox 2150 577 3741 651; baseline 0.004 -19"><span class='ocrx_word' id='word_1_257' title='bbox 2150 580 2318 651; x_wconf 88' lang='lat' dir='ltr'>quasi</span> <span class='ocrx_word' id='word_1_258' title='bbox 2353 578 2576 649; x_wconf 86' lang='lat' dir='ltr'>aliquid</span> <span class='ocrx_word' id='word_1_259' title='bbox 2614 577 2766 632; x_wconf 89' lang='lat' dir='ltr'>ultra</span> <span class='ocrx_word' id='word_1_260' title='bbox 2801 577 2917 647; x_wconf 75' lang='lat' dir='ltr'>pati</span> <span class='ocrx_word' id='word_1_261' title='bbox 2952 578 3185 649; x_wconf 80' lang='lat' dir='ltr'>possis?</span> <span class='ocrx_word' id='word_1_262' title='bbox 3219 578 3331 635; x_wconf 88' lang='lat' dir='ltr'>lmo</span> <span class='ocrx_word' id='word_1_263' title='bbox 3359 597 3455 635; x_wconf 91' lang='lat' dir='ltr'>cur</span> <span class='ocrx_word' id='word_1_264' title='bbox 3481 581 3533 635; x_wconf 88' lang='lat' dir='ltr'>in</span> <span class='ocrx_word' id='word_1_265' title='bbox 3576 586 3741 639; x_wconf 86' lang='lat' dir='ltr'>totum</span> 
     </span>
    </p>
   </div>
   <div class='ocr_carea' id='block_1_36' title="bbox 2150 665 3743 742">
    <p class='ocr_par' dir='ltr' id='par_1_36' title="bbox 2150 665 3743 742">
     <span class='ocr_line' id='line_1_36' title="bbox 2150 665 3743 742; baseline 0.002 -19"><span class='ocrx_word' id='word_1_266' title='bbox 2150 669 2321 723; x_wconf 89' lang='lat' dir='ltr'>times</span> <span class='ocrx_word' id='word_1_267' title='bbox 2359 673 2627 733; x_wconf 86' lang='lat' dir='ltr'>mortem,</span> <span class='ocrx_word' id='word_1_268' title='bbox 2664 665 2881 721; x_wconf 90' lang='lat' dir='ltr'>sinihil</span> <span class='ocrx_word' id='word_1_269' title='bbox 2911 671 3002 721; x_wconf 86' lang='lat' dir='ltr'>est</span> <span class='ocrx_word' id='word_1_270' title='bbox 3031 667 3077 701; x_wconf 72' lang='grc'>⁸⁸</span> <span class='ocrx_word' id='word_1_271' title='bbox 3125 667 3226 722; x_wconf 90' lang='lat' dir='ltr'>tibi</span> <span class='ocrx_word' id='word_1_272' title='bbox 3276 670 3583 726; x_wconf 89' lang='lat' dir='ltr'>timendum</span> <span class='ocrx_word' id='word_1_273' title='bbox 3629 677 3743 742; x_wconf 85' lang='lat' dir='ltr'>post</span> 
     </span>
    </p>
   </div>
   <div class='ocr_carea' id='block_1_37' title="bbox 2149 757 3746 830">
    <p class='ocr_par' dir='ltr' id='par_1_37' title="bbox 2149 757 3746 830">
     <span class='ocr_line' id='line_1_37' title="bbox 2149 757 3746 830; baseline 0.002 -18"><span class='ocrx_word' id='word_1_274' title='bbox 2149 764 2418 820; x_wconf 88' lang='lat' dir='ltr'>mortem,</span> <span class='ocrx_word' id='word_1_275' title='bbox 2452 757 2584 826; x_wconf 86' lang='lat' dir='ltr'>quia</span> <span class='ocrx_word' id='word_1_276' title='bbox 2624 772 2729 811; x_wconf 91' lang='lat' dir='ltr'>nec</span> <span class='ocrx_word' id='word_1_277' title='bbox 2759 757 3185 827; x_wconf 84' lang='lat' dir='ltr'>experiundum</span> <span class='ocrx_word' id='word_1_278' title='bbox 3222 764 3346 828; x_wconf 87' lang='lat' dir='ltr'>post</span> <span class='ocrx_word' id='word_1_279' title='bbox 3370 764 3600 814; x_wconf 89' lang='lat' dir='ltr'>mortem</span> <span class='ocrx_word' id='word_1_280' title='bbox 3620 760 3746 830; x_wconf 78' lang='lat'>(27)?</span> 
     </span>
    </p>
   </div>
   <div class='ocr_carea' id='block_1_38' title="bbox 2150 846 3743 917">
    <p class='ocr_par' dir='ltr' id='par_1_38' title="bbox 2150 846 3743 917">
     <span class='ocr_line' id='line_1_38' title="bbox 2150 846 3743 917; baseline 0.001 -16"><span class='ocrx_word' id='word_1_281' title='bbox 2150 848 2293 902; x_wconf 87' lang='lat' dir='ltr'>Nam</span> <span class='ocrx_word' id='word_1_282' title='bbox 2328 847 2434 902; x_wconf 83' lang='lat' dir='ltr'>etsi</span> <span class='ocrx_word' id='word_1_283' title='bbox 2468 846 2719 901; x_wconf 61' lang='lat' dir='ltr'>dicere”</span> <span class='ocrx_word' id='word_1_284' title='bbox 2752 851 2938 917; x_wconf 87' lang='lat' dir='ltr'>potes,</span> <span class='ocrx_word' id='word_1_285' title='bbox 2998 846 3127 901; x_wconf 91' lang='lat' dir='ltr'>ideo</span> <span class='ocrx_word' id='word_1_286' title='bbox 3191 848 3337 903; x_wconf 67' lang='lat'>615</span> <span class='ocrx_word' id='word_1_287' title='bbox 3394 854 3623 903; x_wconf 88' lang='lat' dir='ltr'>mortem</span> <span class='ocrx_word' id='word_1_288' title='bbox 3680 850 3743 904; x_wconf 83' lang='lat' dir='ltr'>ti-</span> 
     </span>
    </p>
   </div>
   <div class='ocr_carea' id='block_1_39' title="bbox 2152 933 3748 1005">
    <p class='ocr_par' dir='ltr' id='par_1_39' title="bbox 2152 933 3748 1005">
     <span class='ocr_line' id='line_1_39' title="bbox 2152 933 3748 1005; baseline 0.001 -14"><span class='ocrx_word' id='word_1_289' title='bbox 2152 937 2319 1003; x_wconf 86' lang='lat' dir='ltr'>meri,</span> <span class='ocrx_word' id='word_1_290' title='bbox 2354 953 2466 990; x_wconf 92' lang='lat' dir='ltr'>non</span> <span class='ocrx_word' id='word_1_291' title='bbox 2497 940 2560 989; x_wconf 88' lang='lat' dir='ltr'>ut</span> <span class='ocrx_word' id='word_1_292' title='bbox 2588 935 2631 968; x_wconf 79' lang='grc'>⁵⁸</span> <span class='ocrx_word' id='word_1_293' title='bbox 2663 933 2883 1005; x_wconf 90' lang='lat' dir='ltr'>aliquid</span> <span class='ocrx_word' id='word_1_294' title='bbox 2949 935 3294 1003; x_wconf 87' lang='lat' dir='ltr'>minantem,</span> <span class='ocrx_word' id='word_1_295' title='bbox 3345 936 3440 991; x_wconf 90' lang='lat' dir='ltr'>sed</span> <span class='ocrx_word' id='word_1_296' title='bbox 3499 942 3561 992; x_wconf 89' lang='lat' dir='ltr'>ut</span> <span class='ocrx_word' id='word_1_297' title='bbox 3613 955 3748 993; x_wconf 90' lang='lat' dir='ltr'>com-</span> 
     </span>
    </p>
   </div>
   <div class='ocr_carea' id='block_1_40' title="bbox 2150 1024 3748 1095">
    <p class='ocr_par' dir='ltr' id='par_1_40' title="bbox 2150 1024 3748 1095">
     <span class='ocr_line' id='line_1_40' title="bbox 2150 1024 3748 1095; baseline 0.001 -15"><span class='ocrx_word' id='word_1_298' title='bbox 2150 1029 2388 1080; x_wconf 91' lang='lat' dir='ltr'>modum</span> <span class='ocrx_word' id='word_1_299' title='bbox 2423 1025 2549 1078; x_wconf 71' lang='lat' dir='ltr'>vitae</span> <span class='ocrx_word' id='word_1_300' title='bbox 2582 1024 3241 1095; x_wconf 83' lang='lat' dir='ltr'>amputantemzatquin</span> <span class='ocrx_word' id='word_1_301' title='bbox 3272 1041 3399 1080; x_wconf 90' lang='lat' dir='ltr'>cum</span> <span class='ocrx_word' id='word_1_302' title='bbox 3446 1030 3502 1080; x_wconf 91' lang='lat' dir='ltr'>et</span> <span class='ocrx_word' id='word_1_303' title='bbox 3549 1026 3748 1081; x_wconf 88' lang='lat' dir='ltr'>incom-</span> 
     </span>
    </p>
   </div>
   <div class='ocr_carea' id='block_1_41' title="bbox 2147 1112 3748 1186">
    <p class='ocr_par' dir='ltr' id='par_1_41' title="bbox 2147 1112 3748 1186">
     <span class='ocr_line' id='line_1_41' title="bbox 2147 1112 3748 1186; baseline -0.001 -16"><span class='ocrx_word' id='word_1_304' title='bbox 2147 1115 2319 1171; x_wconf 91' lang='lat' dir='ltr'>moda</span> <span class='ocrx_word' id='word_1_305' title='bbox 2341 1113 2511 1186; x_wconf 86' lang='lat' dir='ltr'>longe</span> <span class='ocrx_word' id='word_1_306' title='bbox 2542 1112 2712 1185; x_wconf 85' lang='lat' dir='ltr'>plura</span> <span class='ocrx_word' id='word_1_307' title='bbox 2740 1117 2876 1167; x_wconf 70' lang='lat' dir='ltr'>vlta:</span> <span class='ocrx_word' id='word_1_308' title='bbox 2908 1112 3124 1184; x_wconf 89' lang='lat' dir='ltr'>pariter</span> <span class='ocrx_word' id='word_1_309' title='bbox 3142 1114 3188 1148; x_wconf 62' lang='grc' dir='ltr'>σε</span> <span class='ocrx_word' id='word_1_310' title='bbox 3214 1114 3467 1185; x_wconf 83' lang='lat' dir='ltr'>excedas,</span> <span class='ocrx_word' id='word_1_311' title='bbox 3499 1118 3554 1169; x_wconf 87' lang='lat' dir='ltr'>et</span> <span class='ocrx_word' id='word_1_312' title='bbox 3578 1115 3748 1170; x_wconf 87' lang='lat' dir='ltr'>luera-</span> 
     </span>
    </p>
   </div>
   <div class='ocr_carea' id='block_1_42' title="bbox 2145 1201 3749 1274">
    <p class='ocr_par' dir='ltr' id='par_1_42' title="bbox 2145 1201 3749 1274">
     <span class='ocr_line' id='line_1_42' title="bbox 2145 1201 3749 1274; baseline 0.002 -17"><span class='ocrx_word' id='word_1_313' title='bbox 2145 1205 2367 1259; x_wconf 75' lang='lat' dir='ltr'>tione°°</span> <span class='ocrx_word' id='word_1_314' title='bbox 2406 1201 2687 1273; x_wconf 80' lang='lat' dir='ltr'>gravioris</span> <span class='ocrx_word' id='word_1_315' title='bbox 2739 1202 2922 1272; x_wconf 87' lang='lat' dir='ltr'>partis</span> <span class='ocrx_word' id='word_1_316' title='bbox 2981 1207 3199 1257; x_wconf 89' lang='lat' dir='ltr'>metum</span> <span class='ocrx_word' id='word_1_317' title='bbox 3252 1202 3448 1271; x_wconf 89' lang='lat' dir='ltr'>diluis,</span> <span class='ocrx_word' id='word_1_318' title='bbox 3501 1220 3597 1260; x_wconf 90' lang='lat' dir='ltr'>nec</span> <span class='ocrx_word' id='word_1_319' title='bbox 3644 1206 3749 1274; x_wconf 89' lang='lat' dir='ltr'>jam</span> 
     </span>
    </p>
   </div>
   <div class='ocr_carea' id='block_1_43' title="bbox 2146 1290 3750 1363">
    <p class='ocr_par' dir='ltr' id='par_1_43' title="bbox 2146 1290 3750 1363">
     <span class='ocr_line' id='line_1_43' title="bbox 2146 1290 3750 1363; baseline 0.002 -18"><span class='ocrx_word' id='word_1_320' title='bbox 2146 1293 2408 1347; x_wconf 90' lang='lat' dir='ltr'>timenda</span> <span class='ocrx_word' id='word_1_321' title='bbox 2437 1296 2527 1347; x_wconf 89' lang='lat' dir='ltr'>est</span> <span class='ocrx_word' id='word_1_322' title='bbox 2557 1290 2799 1346; x_wconf 88' lang='lat' dir='ltr'>amissio</span> <span class='ocrx_word' id='word_1_323' title='bbox 2831 1292 3144 1356; x_wconf 81' lang='lat' dir='ltr'>bonorum,</span> <span class='ocrx_word' id='word_1_324' title='bbox 3186 1308 3312 1363; x_wconf 65' lang='lat' dir='ltr'>quae</span> <span class='ocrx_word' id='word_1_325' title='bbox 3368 1290 3539 1348; x_wconf 87' lang='lat' dir='ltr'>altero</span> <span class='ocrx_word' id='word_1_326' title='bbox 3593 1293 3750 1357; x_wconf 91' lang='lat' dir='ltr'>bono,</span> 
     </span>
    </p>
   </div>
   <div class='ocr_carea' id='block_1_44' title="bbox 2148 1381 3751 1452">
    <p class='ocr_par' dir='ltr' id='par_1_44' title="bbox 2148 1381 3751 1452">
     <span class='ocr_line' id='line_1_44' title="bbox 2148 1381 3751 1452; baseline 0.001 -17"><span class='ocrx_word' id='word_1_327' title='bbox 2148 1382 2205 1436; x_wconf 91' lang='lat' dir='ltr'>id</span> <span class='ocrx_word' id='word_1_328' title='bbox 2238 1386 2323 1437; x_wconf 91' lang='lat' dir='ltr'>est</span> <span class='ocrx_word' id='word_1_329' title='bbox 2355 1381 2861 1436; x_wconf 90' lang='lat' dir='ltr'>incommodorum</span> <span class='ocrx_word' id='word_1_330' title='bbox 2894 1396 3057 1452; x_wconf 88' lang='lat' dir='ltr'>pace,</span> <span class='ocrx_word' id='word_1_331' title='bbox 3093 1386 3393 1452; x_wconf 84' lang='lat' dir='ltr'>pensatur.</span> <span class='ocrx_word' id='word_1_332' title='bbox 3424 1385 3542 1436; x_wconf 85' lang='lat' dir='ltr'>Non</span> <span class='ocrx_word' id='word_1_333' title='bbox 3572 1386 3652 1436; x_wconf 87' lang='lat' dir='ltr'>est</span> <span class='ocrx_word' id='word_1_334' title='bbox 3693 1382 3751 1436; x_wconf 82' lang='lat' dir='ltr'>ti-</span> 
     </span>
    </p>
   </div>
   <div class='ocr_carea' id='block_1_45' title="bbox 2148 1469 3751 1542">
    <p class='ocr_par' dir='ltr' id='par_1_45' title="bbox 2148 1469 3751 1542">
     <span class='ocr_line' id='line_1_45' title="bbox 2148 1469 3751 1542; baseline 0 -17"><span class='ocrx_word' id='word_1_335' title='bbox 2148 1473 2427 1526; x_wconf 90' lang='lat' dir='ltr'>mendum</span> <span class='ocrx_word' id='word_1_336' title='bbox 2452 1471 2593 1542; x_wconf 83' lang='lat'>(28),</span> <span class='ocrx_word' id='word_1_337' title='bbox 2629 1470 2782 1541; x_wconf 89' lang='lat' dir='ltr'>quod</span> <span class='ocrx_word' id='word_1_338' title='bbox 2818 1486 2922 1524; x_wconf 91' lang='lat' dir='ltr'>nos</span> <span class='ocrx_word' id='word_1_339' title='bbox 2953 1469 3168 1525; x_wconf 90' lang='lat' dir='ltr'>liberat</span> <span class='ocrx_word' id='word_1_340' title='bbox 3197 1470 3269 1525; x_wconf 93' lang='lat' dir='ltr'>ab</span> <span class='ocrx_word' id='word_1_341' title='bbox 3300 1470 3456 1526; x_wconf 90' lang='lat' dir='ltr'>omni</span> <span class='ocrx_word' id='word_1_342' title='bbox 3491 1471 3751 1525; x_wconf 80' lang='lat' dir='ltr'>timcnda-</span> 
     </span>
    </p>
   </div>
   <div class='ocr_carea' id='block_1_46' title="bbox 2146 1557 3759 1631">
    <p class='ocr_par' dir='ltr' id='par_1_46' title="bbox 2146 1557 3759 1631">
     <span class='ocr_line' id='line_1_46' title="bbox 2146 1557 3759 1631; baseline 0 -17"><span class='ocrx_word' id='word_1_343' title='bbox 2146 1560 2203 1614; x_wconf 92' lang='lat' dir='ltr'>Si</span> <span class='ocrx_word' id='word_1_344' title='bbox 2238 1558 2411 1614; x_wconf 88' lang='lat' dir='ltr'>times</span> <span class='ocrx_word' id='word_1_345' title='bbox 2443 1560 2561 1613; x_wconf 90' lang='lat' dir='ltr'>vita</span> <span class='ocrx_word' id='word_1_346' title='bbox 2591 1558 2894 1627; x_wconf 79' lang='lat' dir='ltr'>decedere,</span> <span class='ocrx_word' id='word_1_347' title='bbox 2928 1557 3069 1629; x_wconf 91' lang='lat' dir='ltr'>quia</span> <span class='ocrx_word' id='word_1_348' title='bbox 3092 1558 3373 1631; x_wconf 86' lang='lat' dir='ltr'>optimam</span> <span class='ocrx_word' id='word_1_349' title='bbox 3408 1560 3591 1625; x_wconf 88' lang='lat' dir='ltr'>nosti;</span> <span class='ocrx_word' id='word_1_350' title='bbox 3625 1566 3759 1615; x_wconf 87' lang='lat' dir='ltr'>certe</span> 
     </span>
    </p>
   </div>
   <div class='ocr_carea' id='block_1_47' title="bbox 2148 1647 3755 1718">
    <p class='ocr_par' dir='ltr' id='par_1_47' title="bbox 2148 1647 3755 1718">
     <span class='ocr_line' id='line_1_47' title="bbox 2148 1647 3755 1718; baseline 0.001 -15"><span class='ocrx_word' id='word_1_351' title='bbox 2148 1654 2398 1704; x_wconf 90' lang='lat' dir='ltr'>mortem</span> <span class='ocrx_word' id='word_1_352' title='bbox 2432 1649 2639 1703; x_wconf 81' lang='lat' dir='ltr'>timere</span> <span class='ocrx_word' id='word_1_353' title='bbox 2672 1665 2787 1702; x_wconf 91' lang='lat' dir='ltr'>non</span> <span class='ocrx_word' id='word_1_354' title='bbox 2820 1647 3023 1713; x_wconf 89' lang='lat' dir='ltr'>debes,</span> <span class='ocrx_word' id='word_1_355' title='bbox 3073 1664 3250 1718; x_wconf 81' lang='lat' dir='ltr'>quam</span> <span class='ocrx_word' id='word_1_356' title='bbox 3300 1647 3507 1704; x_wconf 90' lang='lat' dir='ltr'>malam</span> <span class='ocrx_word' id='word_1_357' title='bbox 3565 1648 3755 1705; x_wconf 87' lang='lat' dir='ltr'>nescis.</span> 
     </span>
    </p>
   </div>
   <div class='ocr_carea' id='block_1_48' title="bbox 2143 1735 3758 1805">
    <p class='ocr_par' dir='ltr' id='par_1_48' title="bbox 2143 1735 3758 1805">
     <span class='ocr_line' id='line_1_48' title="bbox 2143 1735 3758 1805; baseline 0 -12"><span class='ocrx_word' id='word_1_358' title='bbox 2143 1740 2214 1793; x_wconf 89' lang='lat' dir='ltr'>At</span> <span class='ocrx_word' id='word_1_359' title='bbox 2244 1755 2375 1793; x_wconf 92' lang='lat' dir='ltr'>cum</span> <span class='ocrx_word' id='word_1_360' title='bbox 2405 1738 2597 1805; x_wconf 89' lang='lat' dir='ltr'>times,</span> <span class='ocrx_word' id='word_1_361' title='bbox 2631 1738 2748 1792; x_wconf 87' lang='lat' dir='ltr'>scis</span> <span class='ocrx_word' id='word_1_362' title='bbox 2772 1735 3013 1794; x_wconf 91' lang='lat' dir='ltr'>malam.</span> <span class='ocrx_word' id='word_1_363' title='bbox 3047 1741 3171 1792; x_wconf 89' lang='lat' dir='ltr'>Non</span> <span class='ocrx_word' id='word_1_364' title='bbox 3209 1737 3389 1794; x_wconf 89' lang='lat' dir='ltr'>scires</span> <span class='ocrx_word' id='word_1_365' title='bbox 3419 1743 3604 1794; x_wconf 88' lang='lat' dir='ltr'>autem</span> <span class='ocrx_word' id='word_1_366' title='bbox 3641 1755 3758 1793; x_wconf 91' lang='lat' dir='ltr'>ma-</span> 
     </span>
    </p>
   </div>
   <div class='ocr_carea' id='block_1_49' title="bbox 2147 1826 3760 1898">
    <p class='ocr_par' dir='ltr' id='par_1_49' title="bbox 2147 1826 3760 1898">
     <span class='ocr_line' id='line_1_49' title="bbox 2147 1826 3760 1898; baseline -0.001 -16"><span class='ocrx_word' id='word_1_367' title='bbox 2147 1827 2263 1882; x_wconf 91' lang='lat' dir='ltr'>lam</span> <span class='ocrx_word' id='word_1_368' title='bbox 2297 1827 2433 1897; x_wconf 85' lang='lat' dir='ltr'>quia</span> <span class='ocrx_word' id='word_1_369' title='bbox 2467 1843 2570 1881; x_wconf 90' lang='lat' dir='ltr'>nec</span> <span class='ocrx_word' id='word_1_370' title='bbox 2602 1826 2926 1893; x_wconf 87' lang='lat' dir='ltr'>timeres,si</span> <span class='ocrx_word' id='word_1_371' title='bbox 2978 1843 3092 1882; x_wconf 93' lang='lat' dir='ltr'>non</span> <span class='ocrx_word' id='word_1_372' title='bbox 3128 1827 3309 1883; x_wconf 88' lang='lat' dir='ltr'>scires</span> <span class='ocrx_word' id='word_1_373' title='bbox 3366 1826 3579 1898; x_wconf 87' lang='lat' dir='ltr'>aliquid</span> <span class='ocrx_word' id='word_1_374' title='bbox 3645 1842 3760 1881; x_wconf 78' lang='lat' dir='ltr'>esse</span> 
     </span>
    </p>
   </div>
   <div class='ocr_carea' id='block_1_50' title="bbox 2147 1915 3759 1987">
    <p class='ocr_par' dir='ltr' id='par_1_50' title="bbox 2147 1915 3759 1987">
     <span class='ocr_line' id='line_1_50' title="bbox 2147 1915 3759 1987; baseline -0.001 -17"><span class='ocrx_word' id='word_1_375' title='bbox 2147 1922 2278 1987; x_wconf 92' lang='lat' dir='ltr'>post</span> <span class='ocrx_word' id='word_1_376' title='bbox 2308 1921 2578 1985; x_wconf 89' lang='lat' dir='ltr'>mortem,</span> <span class='ocrx_word' id='word_1_377' title='bbox 2611 1915 2765 1987; x_wconf 89' lang='lat' dir='ltr'>quod</span> <span class='ocrx_word' id='word_1_378' title='bbox 2792 1930 2919 1970; x_wconf 85' lang='lat' dir='ltr'>eam</span> <span class='ocrx_word' id='word_1_379' title='bbox 2956 1915 3172 1971; x_wconf 90' lang='lat' dir='ltr'>malam</span> <span class='ocrx_word' id='word_1_380' title='bbox 3205 1916 3400 1984; x_wconf 82' lang='lat' dir='ltr'>faciat,</span> <span class='ocrx_word' id='word_1_381' title='bbox 3434 1921 3497 1971; x_wconf 91' lang='lat' dir='ltr'>ut</span> <span class='ocrx_word' id='word_1_382' title='bbox 3550 1916 3759 1970; x_wconf 84' lang='lat' dir='ltr'>timeas.</span> 
     </span>
    </p>
   </div>
   <div class='ocr_carea' id='block_1_51' title="bbox 2148 2004 3761 2061">
    <p class='ocr_par' dir='ltr' id='par_1_51' title="bbox 2148 2004 3761 2061">
     <span class='ocr_line' id='line_1_51' title="bbox 2148 2004 3761 2061; baseline -0.001 -1"><span class='ocrx_word' id='word_1_383' title='bbox 2148 2006 2506 2061; x_wconf 89' lang='lat' dir='ltr'>Omittamus</span> <span class='ocrx_word' id='word_1_384' title='bbox 2538 2022 2691 2059; x_wconf 91' lang='lat' dir='ltr'>nunc</span> <span class='ocrx_word' id='word_1_385' title='bbox 2709 2004 3035 2060; x_wconf 90' lang='lat' dir='ltr'>naturalem</span> <span class='ocrx_word' id='word_1_386' title='bbox 3070 2005 3319 2060; x_wconf 87' lang='lat' dir='ltr'>formam</span> <span class='ocrx_word' id='word_1_387' title='bbox 3353 2005 3588 2060; x_wconf 87' lang='lat' dir='ltr'>timendi</span> <span class='ocrx_word' id='word_1_388' title='bbox 3618 2020 3761 2059; x_wconf 86' lang='lat' dir='ltr'>mor-</span> 
     </span>
    </p>
   </div>
   <div class='ocr_carea' id='block_1_52' title="bbox 2144 2092 3763 2166">
    <p class='ocr_par' dir='ltr' id='par_1_52' title="bbox 2144 2092 3763 2166">
     <span class='ocr_line' id='line_1_52' title="bbox 2144 2092 3763 2166; baseline -0.001 -17"><span class='ocrx_word' id='word_1_389' title='bbox 2144 2095 2483 2150; x_wconf 86' lang='lat' dir='ltr'>tem.Nemo</span> <span class='ocrx_word' id='word_1_390' title='bbox 2516 2094 2736 2149; x_wconf 87' lang='lat' dir='ltr'>timeat.</span> <span class='ocrx_word' id='word_1_391' title='bbox 2770 2094 2921 2165; x_wconf 88' lang='lat' dir='ltr'>quod</span> <span class='ocrx_word' id='word_1_392' title='bbox 2957 2095 3198 2150; x_wconf 81' lang='lat' dir='ltr'>evadere</span> <span class='ocrx_word' id='word_1_393' title='bbox 3213 2111 3330 2150; x_wconf 92' lang='lat' dir='ltr'>non</span> <span class='ocrx_word' id='word_1_394' title='bbox 3363 2098 3569 2166; x_wconf 87' lang='lat' dir='ltr'>potest.</span> <span class='ocrx_word' id='word_1_395' title='bbox 3595 2098 3667 2148; x_wconf 82' lang='lat' dir='ltr'><strong>Ex</strong></span> <span class='ocrx_word' id='word_1_396' title='bbox 3694 2092 3763 2148; x_wconf 66' lang='grc' dir='ltr'>ει.</span> 
     </span>
    </p>
   </div>
   <div class='ocr_carea' id='block_1_53' title="bbox 2142 2181 3760 2255">
    <p class='ocr_par' dir='ltr' id='par_1_53' title="bbox 2142 2181 3760 2255">
     <span class='ocr_line' id='line_1_53' title="bbox 2142 2181 3760 2255; baseline -0.004 -16"><span class='ocrx_word' id='word_1_397' title='bbox 2142 2188 2265 2239; x_wconf 86' lang='lat' dir='ltr'>tera</span> <span class='ocrx_word' id='word_1_398' title='bbox 2296 2188 2457 2255; x_wconf 89' lang='lat' dir='ltr'>parte</span> <span class='ocrx_word' id='word_1_399' title='bbox 2488 2182 2854 2255; x_wconf 84' lang='lat' dir='ltr'>congredior,</span> <span class='ocrx_word' id='word_1_400' title='bbox 2885 2181 3122 2237; x_wconf 70' lang='lat' dir='ltr'>lretioris</span> <span class='ocrx_word' id='word_1_401' title='bbox 3154 2184 3279 2254; x_wconf 87' lang='lat' dir='ltr'>spei</span> <span class='ocrx_word' id='word_1_402' title='bbox 3329 2186 3460 2254; x_wconf 89' lang='lat' dir='ltr'>post</span> <span class='ocrx_word' id='word_1_403' title='bbox 3514 2186 3760 2236; x_wconf 91' lang='lat' dir='ltr'>mortem.</span> 
     </span>
    </p>
   </div>
   <div class='ocr_carea' id='block_1_54' title="bbox 2145 2271 3761 2343">
    <p class='ocr_par' dir='ltr' id='par_1_54' title="bbox 2145 2271 3761 2343">
     <span class='ocr_line' id='line_1_54' title="bbox 2145 2271 3761 2343; baseline -0.003 -15"><span class='ocrx_word' id='word_1_404' title='bbox 2145 2271 2288 2329; x_wconf 87' lang='lat' dir='ltr'>Nam</span> <span class='ocrx_word' id='word_1_405' title='bbox 2310 2271 2584 2327; x_wconf 91' lang='lat' dir='ltr'>omnibus</span> <span class='ocrx_word' id='word_1_406' title='bbox 2617 2271 2733 2326; x_wconf 88' lang='lat' dir='ltr'>fere</span> <span class='ocrx_word' id='word_1_407' title='bbox 2768 2271 3029 2342; x_wconf 82' lang='lat' dir='ltr'>ingenita</span> <span class='ocrx_word' id='word_1_408' title='bbox 3052 2276 3141 2326; x_wconf 88' lang='lat' dir='ltr'>est</span> <span class='ocrx_word' id='word_1_409' title='bbox 3172 2273 3339 2326; x_wconf 65' lang='lat' dir='ltr'>fama:</span> <span class='ocrx_word' id='word_1_410' title='bbox 3360 2275 3490 2343; x_wconf 86' lang='lat' dir='ltr'>post</span> <span class='ocrx_word' id='word_1_411' title='bbox 3537 2273 3761 2325; x_wconf 89' lang='lat' dir='ltr'>mortem</span> 
     </span>
    </p>
   </div>
   <div class='ocr_carea' id='block_1_55' title="bbox 2142 2359 3765 2433">
    <p class='ocr_par' dir='ltr' id='par_1_55' title="bbox 2142 2359 3765 2433">
     <span class='ocr_line' id='line_1_55' title="bbox 2142 2359 3765 2433; baseline -0.005 -15"><span class='ocrx_word' id='word_1_412' title='bbox 2142 2361 2375 2433; x_wconf 91' lang='lat' dir='ltr'>cupido.</span> <span class='ocrx_word' id='word_1_413' title='bbox 2417 2367 2675 2433; x_wconf 82' lang='lat' dir='ltr'>Longum</span> <span class='ocrx_word' id='word_1_414' title='bbox 2700 2364 2785 2415; x_wconf 87' lang='lat' dir='ltr'>est</span> <span class='ocrx_word' id='word_1_415' title='bbox 2819 2366 3072 2415; x_wconf 84' lang='lat' dir='ltr'>retexere</span> <span class='ocrx_word' id='word_1_416' title='bbox 3103 2360 3213 2432; x_wconf 86' lang='lat'>(29)</span> <span class='ocrx_word' id='word_1_417' title='bbox 3273 2360 3501 2415; x_wconf 90' lang='lat' dir='ltr'>Curtios</span> <span class='ocrx_word' id='word_1_418' title='bbox 3558 2359 3662 2430; x_wconf 91' lang='lat'>(30)</span> <span class='ocrx_word' id='word_1_419' title='bbox 3712 2361 3765 2412; x_wconf 90' lang='lat' dir='ltr'>et</span> 
     </span>
    </p>
   </div>
   <div class='ocr_carea' id='block_1_56' title="bbox 2140 2445 3764 2523">
    <p class='ocr_par' dir='ltr' id='par_1_56' title="bbox 2140 2445 3764 2523">
     <span class='ocr_line' id='line_1_56' title="bbox 2140 2445 3764 2523; baseline -0.002 -18"><span class='ocrx_word' id='word_1_420' title='bbox 2140 2449 2520 2523; x_wconf 84' lang='lat' dir='ltr'>Regulos,vel</span> <span class='ocrx_word' id='word_1_421' title='bbox 2555 2450 2783 2504; x_wconf 66' lang='lat' dir='ltr'>Grreeos</span> <span class='ocrx_word' id='word_1_422' title='bbox 2842 2450 3020 2517; x_wconf 88' lang='lat' dir='ltr'>viros,</span> <span class='ocrx_word' id='word_1_423' title='bbox 3060 2466 3311 2520; x_wconf 88' lang='lat' dir='ltr'>quorum</span> <span class='ocrx_word' id='word_1_424' title='bbox 3374 2450 3671 2503; x_wconf 86' lang='lat' dir='ltr'>innumera</span> <span class='ocrx_word' id='word_1_425' title='bbox 3726 2445 3764 2480; x_wconf 87' lang='grc'>⁶¹</span> 
     </span>
    </p>
   </div>
   <div class='ocr_carea' id='block_1_57' title="bbox 2139 2537 3767 2610">
    <p class='ocr_par' dir='ltr' id='par_1_57' title="bbox 2139 2537 3767 2610">
     <span class='ocr_line' id='line_1_57' title="bbox 2139 2537 3767 2610; baseline -0.003 -16"><span class='ocrx_word' id='word_1_426' title='bbox 2139 2539 2323 2610; x_wconf 83' lang='lat' dir='ltr'>elogia</span> <span class='ocrx_word' id='word_1_427' title='bbox 2354 2545 2493 2594; x_wconf 89' lang='lat' dir='ltr'>sunt</span> <span class='ocrx_word' id='word_1_428' title='bbox 2522 2544 2871 2610; x_wconf 66' lang='lat' dir='ltr'>contemptae</span> <span class='ocrx_word' id='word_1_429' title='bbox 2905 2537 3109 2593; x_wconf 91' lang='lat' dir='ltr'>mortis</span> <span class='ocrx_word' id='word_1_430' title='bbox 3133 2545 3378 2610; x_wconf 89' lang='lat' dir='ltr'>propter</span> <span class='ocrx_word' id='word_1_431' title='bbox 3412 2537 3767 2610; x_wconf 87' lang='lat' dir='ltr'>posthumam</span> 
     </span>
    </p>
   </div>
   <div class='ocr_carea' id='block_1_58' title="bbox 2140 2626 3762 2700">
    <p class='ocr_par' dir='ltr' id='par_1_58' title="bbox 2140 2626 3762 2700">
     <span class='ocr_line' id='line_1_58' title="bbox 2140 2626 3762 2700; baseline -0.002 -17"><span class='ocrx_word' id='word_1_432' title='bbox 2140 2629 2380 2683; x_wconf 86' lang='lat' dir='ltr'>famam.</span> <span class='ocrx_word' id='word_1_433' title='bbox 2407 2628 2548 2696; x_wconf 82' lang='lat' dir='ltr'>Quis</span> <span class='ocrx_word' id='word_1_434' title='bbox 2578 2645 2692 2683; x_wconf 91' lang='lat' dir='ltr'>non</span> <span class='ocrx_word' id='word_1_435' title='bbox 2728 2626 2897 2683; x_wconf 92' lang='lat' dir='ltr'>bodie</span> <span class='ocrx_word' id='word_1_436' title='bbox 2924 2628 3218 2683; x_wconf 73' lang='lat' dir='ltr'>memoria:</span> <span class='ocrx_word' id='word_1_437' title='bbox 3237 2635 3373 2700; x_wconf 88' lang='lat' dir='ltr'>post</span> <span class='ocrx_word' id='word_1_438' title='bbox 3396 2632 3633 2683; x_wconf 89' lang='lat' dir='ltr'>mortem</span> <span class='ocrx_word' id='word_1_439' title='bbox 3664 2627 3762 2680; x_wconf 87' lang='lat' dir='ltr'>frc-</span> 
     </span>
    </p>
   </div>
   <div class='ocr_carea' id='block_1_59' title="bbox 2140 2715 3756 2790">
    <p class='ocr_par' dir='ltr' id='par_1_59' title="bbox 2140 2715 3756 2790">
     <span class='ocr_line' id='line_1_59' title="bbox 2140 2715 3756 2790; baseline -0.003 -17"><span class='ocrx_word' id='word_1_440' title='bbox 2140 2719 2488 2790; x_wconf 69' lang='lat' dir='ltr'>quentanda:</span> <span class='ocrx_word' id='word_1_441' title='bbox 2523 2717 2605 2772; x_wconf 91' lang='lat' dir='ltr'>ita</span> <span class='ocrx_word' id='word_1_442' title='bbox 2635 2717 2854 2779; x_wconf 89' lang='lat' dir='ltr'>studet,</span> <span class='ocrx_word' id='word_1_443' title='bbox 2888 2720 2950 2771; x_wconf 91' lang='lat' dir='ltr'>ut</span> <span class='ocrx_word' id='word_1_444' title='bbox 2976 2715 3061 2771; x_wconf 87' lang='lat' dir='ltr'>vel</span> <span class='ocrx_word' id='word_1_445' title='bbox 3098 2715 3446 2772; x_wconf 72' lang='lat' dir='ltr'>litteratura:</span> <span class='ocrx_word' id='word_1_446' title='bbox 3477 2715 3756 2788; x_wconf 88' lang='lat' dir='ltr'>operibus,</span> 
     </span>
    </p>
   </div>
   <div class='ocr_carea' id='block_1_60' title="bbox 2137 2803 3766 2878">
    <p class='ocr_par' dir='ltr' id='par_1_60' title="bbox 2137 2803 3766 2878">
     <span class='ocr_line' id='line_1_60' title="bbox 2137 2803 3766 2878; baseline -0.003 -17"><span class='ocrx_word' id='word_1_447' title='bbox 2137 2807 2226 2861; x_wconf 89' lang='lat' dir='ltr'>vel</span> <span class='ocrx_word' id='word_1_448' title='bbox 2257 2805 2511 2878; x_wconf 90' lang='lat' dir='ltr'>simplici</span> <span class='ocrx_word' id='word_1_449' title='bbox 2530 2804 2701 2860; x_wconf 88' lang='lat' dir='ltr'>laude</span> <span class='ocrx_word' id='word_1_450' title='bbox 2734 2804 3365 2876; x_wconf 86' lang='lat' dir='ltr'>morum,velipsorum</span> <span class='ocrx_word' id='word_1_451' title='bbox 3389 2803 3766 2876; x_wconf 81' lang='lat' dir='ltr'>sepulcrorum</span> 
     </span>
    </p>
   </div>
   <div class='ocr_carea' id='block_1_61' title="bbox 2139 2892 3766 2966">
    <p class='ocr_par' dir='ltr' id='par_1_61' title="bbox 2139 2892 3766 2966">
     <span class='ocr_line' id='line_1_61' title="bbox 2139 2892 3766 2966; baseline -0.003 -15"><span class='ocrx_word' id='word_1_452' title='bbox 2139 2896 2477 2962; x_wconf 89' lang='lat' dir='ltr'>ambitione,</span> <span class='ocrx_word' id='word_1_453' title='bbox 2511 2910 2721 2949; x_wconf 85' lang='lat' dir='ltr'>nomen</span> <span class='ocrx_word' id='word_1_454' title='bbox 2755 2910 2927 2949; x_wconf 89' lang='lat' dir='ltr'>suum</span> <span class='ocrx_word' id='word_1_455' title='bbox 2963 2899 3155 2949; x_wconf 87' lang='lat' dir='ltr'>servet</span> <span class='ocrx_word' id='word_1_456' title='bbox 3206 2895 3377 2966; x_wconf 84' lang='lat' dir='ltr'>(3t)?</span> <span class='ocrx_word' id='word_1_457' title='bbox 3435 2894 3595 2950; x_wconf 88' lang='lat' dir='ltr'>Unde</span> <span class='ocrx_word' id='word_1_458' title='bbox 3648 2892 3766 2948; x_wconf 86' lang='lat' dir='ltr'>ani-</span> 
     </span>
    </p>
   </div>
   <div class='ocr_carea' id='block_1_62' title="bbox 1774 3110 2333 3172">
    <p class='ocr_par' dir='ltr' id='par_1_62' title="bbox 1774 3110 2333 3172">
     <span class='ocr_line' id='line_1_62' title="bbox 1774 3110 2333 3172; baseline -0.002 0"><span class='ocrx_word' id='word_1_459' title='bbox 1774 3111 1980 3172; x_wconf 71' lang='lat' dir='ltr'>Variae</span> <span class='ocrx_word' id='word_1_460' title='bbox 2013 3110 2333 3172; x_wconf 89' lang='lat' dir='ltr'>lectiones.</span> 
     </span>
    </p>
   </div>
   <div class='ocr_carea' id='block_1_63' title="bbox 444 3224 928 3296">
    <p class='ocr_par' dir='ltr' id='par_1_63' title="bbox 444 3224 928 3296">
     <span class='ocr_line' id='line_1_63' title="bbox 444 3224 928 3296; baseline 0.004 -18"><span class='ocrx_word' id='word_1_461' title='bbox 444 3224 490 3260; x_wconf 70' lang='lat'>‘9</span> <span class='ocrx_word' id='word_1_462' title='bbox 521 3224 779 3296; x_wconf 72' lang='lat' dir='ltr'>Gravior.</span> <span class='ocrx_word' id='word_1_463' title='bbox 809 3226 928 3296; x_wconf 84' lang='lat' dir='ltr'>Rig.</span> 
     </span>
    </p>
   </div>
   <div class='ocr_carea' id='block_1_64' title="bbox 376 3294 1635 3365">
    <p class='ocr_par' dir='ltr' id='par_1_64' title="bbox 376 3294 1635 3365">
     <span class='ocr_line' id='line_1_64' title="bbox 376 3294 1635 3365; baseline -0.001 -14"><span class='ocrx_word' id='word_1_464' title='bbox 376 3294 676 3357; x_wconf 82' lang='lat' dir='ltr'>Lat.Quod</span> <span class='ocrx_word' id='word_1_465' title='bbox 705 3297 851 3351; x_wconf 77' lang='lat' dir='ltr'>abest</span> <span class='ocrx_word' id='word_1_466' title='bbox 879 3294 1016 3352; x_wconf 26' lang='lat' dir='ltr'>‘Jun.</span> <span class='ocrx_word' id='word_1_467' title='bbox 1062 3298 1143 3351; x_wconf 90' lang='lat' dir='ltr'>uti</span> <span class='ocrx_word' id='word_1_468' title='bbox 1195 3296 1266 3349; x_wconf 88' lang='lat' dir='ltr'>de</span> <span class='ocrx_word' id='word_1_469' title='bbox 1314 3297 1465 3351; x_wconf 91' lang='lat' dir='ltr'>bono</span> <span class='ocrx_word' id='word_1_470' title='bbox 1515 3299 1635 3365; x_wconf 85' lang='lat' dir='ltr'>Rig.</span> 
     </span>
    </p>
   </div>
   <div class='ocr_carea' id='block_1_65' title="bbox 377 3366 3113 3439">
    <p class='ocr_par' dir='ltr' id='par_1_65' title="bbox 377 3366 3113 3439">
     <span class='ocr_line' id='line_1_65' title="bbox 377 3366 3113 3439; baseline 0 -19"><span class='ocrx_word' id='word_1_471' title='bbox 377 3367 422 3439; x_wconf 52' lang='lat' dir='ltr'>ff</span> <span class='ocrx_word' id='word_1_472' title='bbox 442 3366 690 3439; x_wconf 57' lang='lat' dir='ltr'>bautius</span> <span class='ocrx_word' id='word_1_473' title='bbox 721 3366 940 3421; x_wconf 81' lang='lat' dir='ltr'>Cz’acon.</span> <span class='ocrx_word' id='word_1_474' title='bbox 1007 3366 1059 3439; x_wconf 12' lang='lat'>7‘3</span> <span class='ocrx_word' id='word_1_475' title='bbox 1079 3367 1135 3420; x_wconf 85' lang='lat' dir='ltr'>Si</span> <span class='ocrx_word' id='word_1_476' title='bbox 1156 3367 1281 3421; x_wconf 82' lang='lat' dir='ltr'>add.</span> <span class='ocrx_word' id='word_1_477' title='bbox 1313 3371 1445 3423; x_wconf 83' lang='lat' dir='ltr'>Jun.</span> <span class='ocrx_word' id='word_1_478' title='bbox 1524 3368 1568 3402; x_wconf 75' lang='grc'>⁸⁸</span> <span class='ocrx_word' id='word_1_479' title='bbox 1600 3370 1818 3424; x_wconf 84' lang='lat' dir='ltr'>Malim-</span> <span class='ocrx_word' id='word_1_480' title='bbox 1850 3368 1897 3424; x_wconf 91' lang='lat' dir='ltr'>si</span> <span class='ocrx_word' id='word_1_481' title='bbox 1923 3370 2066 3425; x_wconf 87' lang='lat' dir='ltr'>nihil</span> <span class='ocrx_word' id='word_1_482' title='bbox 2089 3366 2195 3426; x_wconf 78' lang='lat' dir='ltr'>es?</span> <span class='ocrx_word' id='word_1_483' title='bbox 2225 3371 2327 3425; x_wconf 88' lang='lat' dir='ltr'>tibi</span> <span class='ocrx_word' id='word_1_484' title='bbox 2366 3369 2694 3425; x_wconf 89' lang='lat' dir='ltr'>timendum</span> <span class='ocrx_word' id='word_1_485' title='bbox 2728 3385 2780 3439; x_wconf 89' lang='lat' dir='ltr'>p.</span> <span class='ocrx_word' id='word_1_486' title='bbox 2819 3373 3064 3423; x_wconf 84' lang='lat' dir='ltr'>mortem</span> <span class='ocrx_word' id='word_1_487' title='bbox 3093 3370 3113 3421; x_wconf 68' lang='grc' dir='ltr'><strong><em>ἒ</em></strong></span> 
     </span>
    </p>
   </div>
   <div class='ocr_carea' id='block_1_66' title="bbox 1006 3224 3765 3297">
    <p class='ocr_par' dir='ltr' id='par_1_66' title="bbox 1006 3224 3765 3297">
     <span class='ocr_line' id='line_1_66' title="bbox 1006 3224 3765 3297; baseline -0.003 -16"><span class='ocrx_word' id='word_1_488' title='bbox 1006 3225 1050 3260; x_wconf 78' lang='grc' dir='ltr'>⁵ο</span> <span class='ocrx_word' id='word_1_489' title='bbox 1078 3225 1263 3297; x_wconf 91' lang='lat' dir='ltr'>Suum</span> <span class='ocrx_word' id='word_1_490' title='bbox 1295 3226 1439 3281; x_wconf 79' lang='lat' dir='ltr'>abest</span> <span class='ocrx_word' id='word_1_491' title='bbox 1467 3226 1647 3282; x_wconf 78' lang='lat' dir='ltr'>Latin.</span> <span class='ocrx_word' id='word_1_492' title='bbox 1682 3227 1888 3295; x_wconf 80' lang='lat' dir='ltr'>Rigalt,</span> <span class='ocrx_word' id='word_1_493' title='bbox 1922 3227 2112 3283; x_wconf 91' lang='lat' dir='ltr'>solum</span> <span class='ocrx_word' id='word_1_494' title='bbox 2149 3229 2326 3283; x_wconf 76' lang='lat' dir='ltr'>Latin.</span> <span class='ocrx_word' id='word_1_495' title='bbox 2363 3227 2559 3297; x_wconf 79' lang='lat' dir='ltr'>Rigalt.</span> <span class='ocrx_word' id='word_1_496' title='bbox 2638 3226 2679 3261; x_wconf 69' lang='grc' dir='ltr'><strong>δι</strong></span> <span class='ocrx_word' id='word_1_497' title='bbox 2716 3224 2837 3280; x_wconf 89' lang='lat' dir='ltr'>Non</span> <span class='ocrx_word' id='word_1_498' title='bbox 2870 3225 2957 3297; x_wconf 90' lang='lat' dir='ltr'>uti</span> <span class='ocrx_word' id='word_1_499' title='bbox 2990 3225 3060 3279; x_wconf 92' lang='lat' dir='ltr'>de</span> <span class='ocrx_word' id='word_1_500' title='bbox 3093 3224 3244 3280; x_wconf 92' lang='lat' dir='ltr'>bono</span> <span class='ocrx_word' id='word_1_501' title='bbox 3274 3225 3409 3280; x_wconf 67' lang='lat' dir='ltr'>vitae</span> <span class='ocrx_word' id='word_1_502' title='bbox 3473 3225 3765 3297; x_wconf 83' lang='lat' dir='ltr'>deceptum</span> 
     </span>
    </p>
   </div>
   <div class='ocr_carea' id='block_1_67' title="bbox 1712 3296 3765 3372">
    <p class='ocr_par' dir='ltr' id='par_1_67' title="bbox 1712 3296 3765 3372">
     <span class='ocr_line' id='line_1_67' title="bbox 1712 3296 3765 3372; baseline -0.003 -20"><span class='ocrx_word' id='word_1_503' title='bbox 1712 3298 1757 3372; x_wconf 53' lang='grc' dir='ltr'>ε²</span> <span class='ocrx_word' id='word_1_504' title='bbox 1803 3303 1895 3372; x_wconf 84' lang='lat' dir='ltr'>Et_</span> <span class='ocrx_word' id='word_1_505' title='bbox 1952 3300 2186 3372; x_wconf 83' lang='lat' dir='ltr'>mattyis</span> <span class='ocrx_word' id='word_1_506' title='bbox 2244 3296 2495 3372; x_wconf 36' lang='lat' dir='ltr'>Jun,“</span> <span class='ocrx_word' id='word_1_507' title='bbox 2552 3298 2763 3372; x_wconf 74' lang='lat' dir='ltr'>Eorum</span> <span class='ocrx_word' id='word_1_508' title='bbox 2815 3296 2970 3351; x_wconf 76' lang='lat' dir='ltr'>abest</span> <span class='ocrx_word' id='word_1_509' title='bbox 3018 3296 3141 3372; x_wconf 82' lang='lat' dir='ltr'>Rig.</span> <span class='ocrx_word' id='word_1_510' title='bbox 3192 3313 3399 3372; x_wconf 72' lang='lat' dir='ltr'>quum</span> <span class='ocrx_word' id='word_1_511' title='bbox 3460 3296 3609 3351; x_wconf 68' lang='lat' dir='ltr'>addit</span> <span class='ocrx_word' id='word_1_512' title='bbox 3656 3296 3765 3372; x_wconf 48' lang='grc' dir='ltr'>ιρι.</span> 
     </span>
    </p>
   </div>
   <div class='ocr_carea' id='block_1_68' title="bbox 3190 3367 3768 3440">
    <p class='ocr_par' dir='ltr' id='par_1_68' title="bbox 3190 3367 3768 3440">
     <span class='ocr_line' id='line_1_68' title="bbox 3190 3367 3768 3440; baseline -0.014 -15"><span class='ocrx_word' id='word_1_513' title='bbox 3190 3367 3235 3403; x_wconf 71' lang='grc'>⁸⁷</span> <span class='ocrx_word' id='word_1_514' title='bbox 3256 3369 3389 3425; x_wconf 83' lang='lat' dir='ltr'>Dici</span> <span class='ocrx_word' id='word_1_515' title='bbox 3422 3372 3611 3440; x_wconf 88' lang='lat' dir='ltr'>potest</span> <span class='ocrx_word' id='word_1_516' title='bbox 3663 3367 3768 3433; x_wconf 64' lang='grc' dir='ltr'>Βία.</span> 
     </span>
    </p>
   </div>
   <div class='ocr_carea' id='block_1_69' title="bbox 373 3436 2898 3513">
    <p class='ocr_par' dir='ltr' id='par_1_69' title="bbox 373 3436 2898 3513">
     <span class='ocr_line' id='line_1_69' title="bbox 373 3436 2898 3513; baseline 0 -18"><span class='ocrx_word' id='word_1_517' title='bbox 373 3437 419 3473; x_wconf 77' lang='grc'>⁸⁸</span> <span class='ocrx_word' id='word_1_518' title='bbox 441 3436 597 3495; x_wconf 90' lang='lat' dir='ltr'>Ultra</span> <span class='ocrx_word' id='word_1_519' title='bbox 627 3439 768 3511; x_wconf 92' lang='lat' dir='ltr'>quid</span> <span class='ocrx_word' id='word_1_520' title='bbox 801 3440 918 3508; x_wconf 67' lang='grc' dir='ltr'>Κίρ.</span> <span class='ocrx_word' id='word_1_521' title='bbox 995 3438 1040 3473; x_wconf 72' lang='lat'>5°</span> <span class='ocrx_word' id='word_1_522' title='bbox 1077 3439 1375 3495; x_wconf 75' lang='lat' dir='ltr'>Excedunt</span> <span class='ocrx_word' id='word_1_523' title='bbox 1409 3440 1617 3496; x_wconf 76' lang='lat' dir='ltr'>Veneta.</span> <span class='ocrx_word' id='word_1_524' title='bbox 1694 3440 1739 3475; x_wconf 80' lang='grc'>⁶⁰</span> <span class='ocrx_word' id='word_1_525' title='bbox 1771 3442 1849 3496; x_wconf 86' lang='lat' dir='ltr'>Ea</span> <span class='ocrx_word' id='word_1_526' title='bbox 1878 3440 2203 3499; x_wconf 87' lang='lat' dir='ltr'>lucratione</span> <span class='ocrx_word' id='word_1_527' title='bbox 2233 3443 2364 3498; x_wconf 84' lang='lat' dir='ltr'>Jun.</span> <span class='ocrx_word' id='word_1_528' title='bbox 2438 3441 2481 3477; x_wconf 81' lang='grc'>⁶¹</span> <span class='ocrx_word' id='word_1_529' title='bbox 2518 3436 2745 3513; x_wconf 77' lang='lat' dir='ltr'>Ellogia</span> <span class='ocrx_word' id='word_1_530' title='bbox 2768 3440 2898 3495; x_wconf 86' lang='lat' dir='ltr'>Jun.</span> 
     </span>
    </p>
   </div>
   <div class='ocr_carea' id='block_1_70' title="bbox 1781 3567 2307 3628">
    <p class='ocr_par' dir='ltr' id='par_1_70' title="bbox 1781 3567 2307 3628">
     <span class='ocr_line' id='line_1_70' title="bbox 1781 3567 2307 3628; baseline 0 0"><span class='ocrx_word' id='word_1_531' title='bbox 1781 3567 2307 3628; x_wconf 89' lang='lat' dir='ltr'>Commentarius.</span> 
     </span>
    </p>
   </div>
   <div class='ocr_carea' id='block_1_71' title="bbox 451 3678 3781 3762">
    <p class='ocr_par' dir='ltr' id='par_1_71' title="bbox 451 3678 3781 3762">
     <span class='ocr_line' id='line_1_71' title="bbox 451 3678 3781 3762; baseline -0.003 -23"><span class='ocrx_word' id='word_1_532' title='bbox 451 3683 564 3762; x_wconf 58' lang='grc' dir='ltr'>(ἓξ)</span> <span class='ocrx_word' id='word_1_533' title='bbox 618 3681 1053 3762; x_wconf 68' lang='lat' dir='ltr'>Praesumptioai</span> <span class='ocrx_word' id='word_1_534' title='bbox 1109 3680 1429 3762; x_wconf 55' lang='lat' dir='ltr'>deputetur.</span> <span class='ocrx_word' id='word_1_535' title='bbox 1490 3681 1860 3762; x_wconf 69' lang='lat' dir='ltr'>Resurrectio</span> <span class='ocrx_word' id='word_1_536' title='bbox 1917 3682 2024 3762; x_wconf 89' lang='lat' dir='ltr'>h_oc</span> <span class='ocrx_word' id='word_1_537' title='bbox 2056 3684 2098 3751; x_wconf 85' lang='lat' dir='ltr'>C</span> <span class='ocrx_word' id='word_1_538' title='bbox 2138 3703 2169 3762; x_wconf 51' lang='grc' dir='ltr'><strong>ξ</strong></span> <span class='ocrx_word' id='word_1_539' title='bbox 2219 3682 2299 3737; x_wconf 89' lang='lat' dir='ltr'>De</span> <span class='ocrx_word' id='word_1_540' title='bbox 2356 3682 2608 3762; x_wconf 67' lang='lat' dir='ltr'>mortuis</span> <span class='ocrx_word' id='word_1_541' title='bbox 2667 3680 2892 3762; x_wconf 69' lang='lat' dir='ltr'>loquqr,</span> <span class='ocrx_word' id='word_1_542' title='bbox 2926 3680 3030 3762; x_wconf 74' lang='lat' dir='ltr'>qui</span> <span class='ocrx_word' id='word_1_543' title='bbox 3074 3679 3223 3762; x_wconf 65' lang='lat' dir='ltr'>nulli</span> <span class='ocrx_word' id='word_1_544' title='bbox 3264 3684 3455 3762; x_wconf 65' lang='lat' dir='ltr'>sunt.</span> <span class='ocrx_word' id='word_1_545' title='bbox 3489 3701 3518 3729; x_wconf 89' lang='lat'>»</span> <span class='ocrx_word' id='word_1_546' title='bbox 3567 3678 3781 3759; x_wconf 50' lang='lat'>316.:—</span> 
     </span>
    </p>
   </div>
   <div class='ocr_carea' id='block_1_72' title="bbox 378 3752 2020 3824">
    <p class='ocr_par' dir='ltr' id='par_1_72' title="bbox 378 3752 2020 3824">
     <span class='ocr_line' id='line_1_72' title="bbox 378 3752 2020 3824; baseline -0.003 -10"><span class='ocrx_word' id='word_1_547' title='bbox 378 3752 618 3814; x_wconf 83' lang='lat' dir='ltr'>nomine</span> <span class='ocrx_word' id='word_1_548' title='bbox 638 3752 1105 3811; x_wconf 88' lang='lat' dir='ltr'>ennuntiabatur</span> <span class='ocrx_word' id='word_1_549' title='bbox 1124 3769 1157 3808; x_wconf 91' lang='lat' dir='ltr'>a</span> <span class='ocrx_word' id='word_1_550' title='bbox 1179 3752 1841 3824; x_wconf 85' lang='lat' dir='ltr'>gentilibus.Cbristiani</span> <span class='ocrx_word' id='word_1_551' title='bbox 1864 3755 2020 3810; x_wconf 92' lang='lat' dir='ltr'>enim</span> 
     </span>
    </p>
   </div>
   <div class='ocr_carea' id='block_1_73' title="bbox 376 3824 2025 3901">
    <p class='ocr_par' dir='ltr' id='par_1_73' title="bbox 376 3824 2025 3901">
     <span class='ocr_line' id='line_1_73' title="bbox 376 3824 2025 3901; baseline -0.002 -16"><span class='ocrx_word' id='word_1_552' title='bbox 376 3827 610 3901; x_wconf 78' lang='lat' dir='ltr'>gloriosi</span> <span class='ocrx_word' id='word_1_553' title='bbox 644 3824 965 3901; x_wconf 87' lang='lat' dir='ltr'>bo_c__titulo,</span> <span class='ocrx_word' id='word_1_554' title='bbox 991 3825 1444 3901; x_wconf 65' lang='lat' dir='ltr'>praesumptuosi</span> <span class='ocrx_word' id='word_1_555' title='bbox 1498 3827 1876 3901; x_wconf 81' lang='lat' dir='ltr'>vocabantur.</span> <span class='ocrx_word' id='word_1_556' title='bbox 1901 3898 1909 3901; x_wconf 93' lang='lat'>_</span> <span class='ocrx_word' id='word_1_557' title='bbox 1937 3828 2025 3882; x_wconf 86' lang='lat' dir='ltr'>Ita</span> 
     </span>
    </p>
   </div>
   <div class='ocr_carea' id='block_1_74' title="bbox 384 3896 2023 3973">
    <p class='ocr_par' dir='ltr' id='par_1_74' title="bbox 384 3896 2023 3973">
     <span class='ocr_line' id='line_1_74' title="bbox 384 3896 2023 3973; baseline -0.005 -14"><span class='ocrx_word' id='word_1_558' title='bbox 384 3896 688 3973; x_wconf 47' lang='lat' dir='ltr'>Apuleius,</span> <span class='ocrx_word' id='word_1_559' title='bbox 718 3898 819 3953; x_wconf 90' lang='lat' dir='ltr'>lib.</span> <span class='ocrx_word' id='word_1_560' title='bbox 857 3896 1381 3973; x_wconf 80' lang='lat' dir='ltr'>1x,_Christianam</span> <span class='ocrx_word' id='word_1_561' title='bbox 1425 3897 1704 3973; x_wconf 78' lang='lat' dir='ltr'>feminam</span> <span class='ocrx_word' id='word_1_562' title='bbox 1762 3898 2023 3973; x_wconf 78' lang='lat' dir='ltr'>lancina-</span> 
     </span>
    </p>
   </div>
   <div class='ocr_carea' id='block_1_75' title="bbox 381 3968 2024 4040">
    <p class='ocr_par' dir='ltr' id='par_1_75' title="bbox 381 3968 2024 4040">
     <span class='ocr_line' id='line_1_75' title="bbox 381 3968 2024 4040; baseline -0.003 -11"><span class='ocrx_word' id='word_1_563' title='bbox 381 3968 515 4029; x_wconf 80' lang='lat' dir='ltr'>bat:</span> <span class='ocrx_word' id='word_1_564' title='bbox 551 3993 580 4022; x_wconf 87' lang='grc'>‹‹</span> <span class='ocrx_word' id='word_1_565' title='bbox 606 3972 755 4026; x_wconf 91' lang='lat' dir='ltr'>Tum</span> <span class='ocrx_word' id='word_1_566' title='bbox 788 3968 1003 4040; x_wconf 89' lang='lat' dir='ltr'>spretis</span> <span class='ocrx_word' id='word_1_567' title='bbox 1036 3974 1210 4038; x_wconf 89' lang='lat' dir='ltr'>atque</span> <span class='ocrx_word' id='word_1_568' title='bbox 1252 3970 1490 4024; x_wconf 87' lang='lat' dir='ltr'>calcatis</span> <span class='ocrx_word' id='word_1_569' title='bbox 1528 3969 1741 4025; x_wconf 88' lang='lat' dir='ltr'>divinis</span> <span class='ocrx_word' id='word_1_570' title='bbox 1773 3970 2024 4025; x_wconf 91' lang='lat' dir='ltr'>numini-</span> 
     </span>
    </p>
   </div>
   <div class='ocr_carea' id='block_1_76' title="bbox 377 4040 2024 4115">
    <p class='ocr_par' dir='ltr' id='par_1_76' title="bbox 377 4040 2024 4115">
     <span class='ocr_line' id='line_1_76' title="bbox 377 4040 2024 4115; baseline -0.002 -14"><span class='ocrx_word' id='word_1_571' title='bbox 377 4047 511 4114; x_wconf 93' lang='lat' dir='ltr'>bus,</span> <span class='ocrx_word' id='word_1_572' title='bbox 543 4044 602 4099; x_wconf 90' lang='lat' dir='ltr'>in</span> <span class='ocrx_word' id='word_1_573' title='bbox 637 4042 820 4115; x_wconf 87' lang='lat' dir='ltr'>vicem</span> <span class='ocrx_word' id='word_1_574' title='bbox 852 4045 1019 4115; x_wconf 64' lang='lat' dir='ltr'>certis</span> <span class='ocrx_word' id='word_1_575' title='bbox 1078 4040 1398 4115; x_wconf 85' lang='lat' dir='ltr'>religionis,</span> <span class='ocrx_word' id='word_1_576' title='bbox 1441 4042 1685 4115; x_wconf 86' lang='lat' dir='ltr'>mentita</span> <span class='ocrx_word' id='word_1_577' title='bbox 1741 4042 2024 4115; x_wconf 85' lang='lat' dir='ltr'>sacrilega</span> 
     </span>
    </p>
   </div>
   <div class='ocr_carea' id='block_1_77' title="bbox 377 4112 2019 4191">
    <p class='ocr_par' dir='ltr' id='par_1_77' title="bbox 377 4112 2019 4191">
     <span class='ocr_line' id='line_1_77' title="bbox 377 4112 2019 4191; baseline -0.001 -18"><span class='ocrx_word' id='word_1_578' title='bbox 377 4112 839 4191; x_wconf 71' lang='lat' dir='ltr'>prmsumptione</span> <span class='ocrx_word' id='word_1_579' title='bbox 869 4112 1175 4185; x_wconf 89' lang='lat' dir='ltr'>Dei,quem</span> <span class='ocrx_word' id='word_1_580' title='bbox 1200 4114 1541 4184; x_wconf 69' lang='lat' dir='ltr'>prazdicaret</span> <span class='ocrx_word' id='word_1_581' title='bbox 1570 4113 1833 4180; x_wconf 87' lang='lat' dir='ltr'>unicum,</span> <span class='ocrx_word' id='word_1_582' title='bbox 1860 4136 1887 4163; x_wconf 84' lang='lat'><strong>»</strong></span> <span class='ocrx_word' id='word_1_583' title='bbox 1911 4112 2019 4170; x_wconf 75' lang='lat' dir='ltr'>etc.</span> 
     </span>
    </p>
   </div>
   <div class='ocr_carea' id='block_1_78' title="bbox 380 4196 2022 4328">
    <p class='ocr_par' dir='ltr' id='par_1_78' title="bbox 380 4196 2022 4328">
     <span class='ocr_line' id='line_1_78' title="bbox 380 4196 2022 4328; baseline -0.002 -13"><span class='ocrx_word' id='word_1_584' title='bbox 380 4196 563 4328; x_wconf 39' lang='lat' dir='ltr'>lJA(CZ.3)</span> <span class='ocrx_word' id='word_1_585' title='bbox 592 4261 763 4314; x_wconf 74' lang='lat' dir='ltr'>Extra</span> <span class='ocrx_word' id='word_1_586' title='bbox 791 4260 1025 4328; x_wconf 81' lang='lat' dir='ltr'>portam.</span> <span class='ocrx_word' id='word_1_587' title='bbox 1068 4258 1314 4311; x_wconf 84' lang='lat' dir='ltr'>Cautum</span> <span class='ocrx_word' id='word_1_588' title='bbox 1375 4259 1504 4328; x_wconf 78' lang='lat' dir='ltr'>erat</span> <span class='ocrx_word' id='word_1_589' title='bbox 1554 4260 1611 4310; x_wconf 91' lang='lat' dir='ltr'>et</span> <span class='ocrx_word' id='word_1_590' title='bbox 1658 4255 2022 4328; x_wconf 88' lang='lat' dir='ltr'>prohibitum</span> 
     </span>
    </p>
   </div>
   <div class='ocr_carea' id='block_1_79' title="bbox 381 4326 2023 4399">
    <p class='ocr_par' dir='ltr' id='par_1_79' title="bbox 381 4326 2023 4399">
     <span class='ocr_line' id='line_1_79' title="bbox 381 4326 2023 4399; baseline -0.004 -12"><span class='ocrx_word' id='word_1_591' title='bbox 381 4330 519 4387; x_wconf 90' lang='lat' dir='ltr'>olim</span> <span class='ocrx_word' id='word_1_592' title='bbox 547 4326 742 4386; x_wconf 70' lang='lat' dir='ltr'>Romae</span> <span class='ocrx_word' id='word_1_593' title='bbox 776 4326 952 4399; x_wconf 86' lang='lat' dir='ltr'>atque</span> <span class='ocrx_word' id='word_1_594' title='bbox 982 4327 1209 4399; x_wconf 85' lang='lat' dir='ltr'>legibus</span> <span class='ocrx_word' id='word_1_595' title='bbox 1242 4329 1309 4383; x_wconf 87' lang='grc'>12</span> <span class='ocrx_word' id='word_1_596' title='bbox 1347 4326 1710 4394; x_wconf 81' lang='lat' dir='ltr'>tabularum,</span> <span class='ocrx_word' id='word_1_597' title='bbox 1768 4344 1841 4383; x_wconf 89' lang='lat' dir='ltr'>ne</span> <span class='ocrx_word' id='word_1_598' title='bbox 1864 4328 2023 4399; x_wconf 18' lang='lat' dir='ltr'>iquis</span> 
     </span>
    </p>
   </div>
   <div class='ocr_carea' id='block_1_80' title="bbox 378 4398 2025 4472">
    <p class='ocr_par' dir='ltr' id='par_1_80' title="bbox 378 4398 2025 4472">
     <span class='ocr_line' id='line_1_80' title="bbox 378 4398 2025 4472; baseline -0.002 -15"><span class='ocrx_word' id='word_1_599' title='bbox 378 4404 534 4460; x_wconf 89' lang='lat' dir='ltr'>intra</span> <span class='ocrx_word' id='word_1_600' title='bbox 563 4402 769 4457; x_wconf 87' lang='lat' dir='ltr'>urbem</span> <span class='ocrx_word' id='word_1_601' title='bbox 801 4398 1147 4472; x_wconf 78' lang='lat' dir='ltr'>sepeliretur</span> <span class='ocrx_word' id='word_1_602' title='bbox 1178 4404 1279 4456; x_wconf 90' lang='lat' dir='ltr'>aut</span> <span class='ocrx_word' id='word_1_603' title='bbox 1310 4404 1597 4455; x_wconf 90' lang='lat' dir='ltr'>ureretur.</span> <span class='ocrx_word' id='word_1_604' title='bbox 1631 4399 1795 4455; x_wconf 89' lang='lat' dir='ltr'>Unde</span> <span class='ocrx_word' id='word_1_605' title='bbox 1853 4398 2025 4454; x_wconf 84' lang='lat' dir='ltr'>Juve-</span> 
     </span>
    </p>
   </div>
   <div class='ocr_carea' id='block_1_81' title="bbox 382 4474 804 4545">
    <p class='ocr_par' dir='ltr' id='par_1_81' title="bbox 382 4474 804 4545">
     <span class='ocr_line' id='line_1_81' title="bbox 382 4474 804 4545; baseline -0.005 -15"><span class='ocrx_word' id='word_1_606' title='bbox 382 4474 502 4530; x_wconf 85' lang='lat' dir='ltr'>nal.</span> <span class='ocrx_word' id='word_1_607' title='bbox 536 4474 723 4545; x_wconf 82' lang='lat' dir='ltr'>Satyr.</span> <span class='ocrx_word' id='word_1_608' title='bbox 751 4489 768 4526; x_wconf 83' lang='grc' dir='ltr'><strong>ι</strong></span> <span class='ocrx_word' id='word_1_609' title='bbox 791 4489 804 4528; x_wconf 86' lang='lat'><strong>:</strong></span> 
     </span>
    </p>
   </div>
   <div class='ocr_carea' id='block_1_82' title="bbox 684 4619 1717 4683">
    <p class='ocr_par' dir='ltr' id='par_1_82' title="bbox 684 4619 1717 4683">
     <span class='ocr_line' id='line_1_82' title="bbox 684 4619 1717 4683; baseline 0.001 -15"><span class='ocrx_word' id='word_1_610' title='bbox 684 4620 938 4681; x_wconf 82' lang='lat' dir='ltr'>Experiar</span> <span class='ocrx_word' id='word_1_611' title='bbox 970 4619 1098 4683; x_wconf 90' lang='lat' dir='ltr'>quid</span> <span class='ocrx_word' id='word_1_612' title='bbox 1134 4619 1461 4670; x_wconf 89' lang='lat' dir='ltr'>concedatur</span> <span class='ocrx_word' id='word_1_613' title='bbox 1493 4621 1547 4669; x_wconf 91' lang='lat' dir='ltr'>in</span> <span class='ocrx_word' id='word_1_614' title='bbox 1595 4620 1717 4670; x_wconf 88' lang='lat' dir='ltr'>illos</span> 
     </span>
    </p>
   </div>
   <div class='ocr_carea' id='block_1_83' title="bbox 381 4683 1735 4747">
    <p class='ocr_par' dir='ltr' id='par_1_83' title="bbox 381 4683 1735 4747">
     <span class='ocr_line' id='line_1_83' title="bbox 381 4683 1735 4747; baseline -0.003 -10"><span class='ocrx_word' id='word_1_615' title='bbox 381 4687 621 4746; x_wconf 90' lang='lat' dir='ltr'>Quorum</span> <span class='ocrx_word' id='word_1_616' title='bbox 655 4683 910 4732; x_wconf 83' lang='lat' dir='ltr'>Flaminia</span> <span class='ocrx_word' id='word_1_617' title='bbox 939 4685 1135 4747; x_wconf 81' lang='lat' dir='ltr'>tegitur</span> <span class='ocrx_word' id='word_1_618' title='bbox 1164 4683 1296 4732; x_wconf 86' lang='lat' dir='ltr'>cinis</span> <span class='ocrx_word' id='word_1_619' title='bbox 1327 4688 1487 4747; x_wconf 89' lang='lat' dir='ltr'>atque</span> <span class='ocrx_word' id='word_1_620' title='bbox 1530 4683 1735 4735; x_wconf 88' lang='lat' dir='ltr'>Latina.</span> 
     </span>
    </p>
   </div>
   <div class='ocr_carea' id='block_1_84' title="bbox 1834 4684 2022 4733">
    <p class='ocr_par' dir='ltr' id='par_1_84' title="bbox 1834 4684 2022 4733">
     <span class='ocr_line' id='line_1_84' title="bbox 1834 4684 2022 4733; baseline 0 0"><span class='ocrx_word' id='word_1_621' title='bbox 1834 4685 1902 4733; x_wconf 79' lang='lat' dir='ltr'>La</span> <span class='ocrx_word' id='word_1_622' title='bbox 1931 4684 2022 4733; x_wconf 80' lang='lat' dir='ltr'>Pa.</span> 
     </span>
    </p>
   </div>
   <div class='ocr_carea' id='block_1_85' title="bbox 452 4826 2023 4902">
    <p class='ocr_par' dir='ltr' id='par_1_85' title="bbox 452 4826 2023 4902">
     <span class='ocr_line' id='line_1_85' title="bbox 452 4826 2023 4902; baseline 0 -18"><span class='ocrx_word' id='word_1_623' title='bbox 452 4829 568 4902; x_wconf 78' lang='grc'>(24)</span> <span class='ocrx_word' id='word_1_624' title='bbox 598 4828 734 4883; x_wconf 83' lang='lat' dir='ltr'>Cum</span> <span class='ocrx_word' id='word_1_625' title='bbox 790 4826 1035 4902; x_wconf 29' lang='lat' dir='ltr'>obsoniis.</span> <span class='ocrx_word' id='word_1_626' title='bbox 1082 4828 1433 4902; x_wconf 68' lang='lat' dir='ltr'>c_t__mattei§.</span> <span class='ocrx_word' id='word_1_627' title='bbox 1493 4829 1728 4902; x_wconf 88' lang='lat' dir='ltr'>Certum</span> <span class='ocrx_word' id='word_1_628' title='bbox 1786 4832 1897 4902; x_wconf 88' lang='lat' dir='ltr'>est_</span> <span class='ocrx_word' id='word_1_629' title='bbox 1929 4827 2023 4884; x_wconf 90' lang='lat' dir='ltr'>hic</span> 
     </span>
    </p>
   </div>
   <div class='ocr_carea' id='block_1_86' title="bbox 380 4896 2023 4971">
    <p class='ocr_par' dir='ltr' id='par_1_86' title="bbox 380 4896 2023 4971">
     <span class='ocr_line' id='line_1_86' title="bbox 380 4896 2023 4971; baseline -0.002 -11"><span class='ocrx_word' id='word_1_630' title='bbox 380 4896 628 4960; x_wconf 78' lang='lat' dir='ltr'>matteas</span> <span class='ocrx_word' id='word_1_631' title='bbox 659 4914 789 4955; x_wconf 90' lang='lat' dir='ltr'>esse</span> <span class='ocrx_word' id='word_1_632' title='bbox 819 4896 1078 4971; x_wconf 79' lang='lat' dir='ltr'>convivia</span> <span class='ocrx_word' id='word_1_633' title='bbox 1110 4896 1212 4951; x_wconf 91' lang='lat' dir='ltr'>illa</span> <span class='ocrx_word' id='word_1_634' title='bbox 1244 4898 1464 4966; x_wconf 83' lang='lat' dir='ltr'>feralia,</span> <span class='ocrx_word' id='word_1_635' title='bbox 1497 4918 1625 4971; x_wconf 69' lang='lat' dir='ltr'>quae</span> <span class='ocrx_word' id='word_1_636' title='bbox 1657 4901 1713 4955; x_wconf 92' lang='lat' dir='ltr'>in</span> <span class='ocrx_word' id='word_1_637' title='bbox 1737 4900 2023 4971; x_wconf 89' lang='lat' dir='ltr'>sepulcris</span> 
     </span>
    </p>
   </div>
   <div class='ocr_carea' id='block_1_87' title="bbox 380 4968 2024 5043">
    <p class='ocr_par' dir='ltr' id='par_1_87' title="bbox 380 4968 2024 5043">
     <span class='ocr_line' id='line_1_87' title="bbox 380 4968 2024 5043; baseline -0.002 -12"><span class='ocrx_word' id='word_1_638' title='bbox 380 4974 506 5032; x_wconf 78' lang='lat' dir='ltr'>fieri</span> <span class='ocrx_word' id='word_1_639' title='bbox 526 4974 983 5043; x_wconf 84' lang='lat' dir='ltr'>consueverant;</span> <span class='ocrx_word' id='word_1_640' title='bbox 1016 4968 1328 5043; x_wconf 77' lang='lat' dir='ltr'>legendum</span> <span class='ocrx_word' id='word_1_641' title='bbox 1360 4968 1531 5043; x_wconf 80' lang='lat' dir='ltr'>porro</span> <span class='ocrx_word' id='word_1_642' title='bbox 1550 4968 2024 5043; x_wconf 62' lang='lat' dir='ltr'>videturfnatlyi:</span> 
     </span>
    </p>
   </div>
   <div class='ocr_carea' id='block_1_88' title="bbox 2136 3749 3777 3821">
    <p class='ocr_par' dir='ltr' id='par_1_88' title="bbox 2136 3749 3777 3821">
     <span class='ocr_line' id='line_1_88' title="bbox 2136 3749 3777 3821; baseline -0.005 -12"><span class='ocrx_word' id='word_1_643' title='bbox 2136 3752 2528 3809; x_wconf 86' lang='lat' dir='ltr'>Proverbialis</span> <span class='ocrx_word' id='word_1_644' title='bbox 2558 3753 2680 3808; x_wconf 71' lang='lat' dir='ltr'>hme</span> <span class='ocrx_word' id='word_1_645' title='bbox 2702 3749 2793 3809; x_wconf 81' lang='lat' dir='ltr'>est</span> <span class='ocrx_word' id='word_1_646' title='bbox 2821 3749 3074 3808; x_wconf 82' lang='lat' dir='ltr'>formula</span> <span class='ocrx_word' id='word_1_647' title='bbox 3106 3751 3221 3808; x_wconf 71' lang='grc' dir='ltr'>εδει</span> <span class='ocrx_word' id='word_1_648' title='bbox 3252 3754 3363 3809; x_wconf 75' lang='lat' dir='ltr'>tibi</span> <span class='ocrx_word' id='word_1_649' title='bbox 3397 3761 3554 3808; x_wconf 80' lang='lat' dir='ltr'>terra</span> <span class='ocrx_word' id='word_1_650' title='bbox 3583 3749 3777 3821; x_wconf 75' lang='lat' dir='ltr'>gravis,</span> 
     </span>
    </p>
   </div>
   <div class='ocr_carea' id='block_1_89' title="bbox 2134 3823 3781 3896">
    <p class='ocr_par' dir='ltr' id='par_1_89' title="bbox 2134 3823 3781 3896">
     <span class='ocr_line' id='line_1_89' title="bbox 2134 3823 3781 3896; baseline -0.004 -16"><span class='ocrx_word' id='word_1_651' title='bbox 2134 3831 2199 3881; x_wconf 92' lang='lat' dir='ltr'>ut</span> <span class='ocrx_word' id='word_1_652' title='bbox 2228 3829 2284 3881; x_wconf 90' lang='lat' dir='ltr'>et</span> <span class='ocrx_word' id='word_1_653' title='bbox 2313 3826 2497 3881; x_wconf 88' lang='lat' dir='ltr'>altera</span> <span class='ocrx_word' id='word_1_654' title='bbox 2526 3826 2636 3881; x_wconf 90' lang='lat' dir='ltr'>sub</span> <span class='ocrx_word' id='word_1_655' title='bbox 2669 3825 2849 3895; x_wconf 88' lang='lat' dir='ltr'>hujus</span> <span class='ocrx_word' id='word_1_656' title='bbox 2880 3824 3085 3896; x_wconf 89' lang='lat' dir='ltr'>capitis</span> <span class='ocrx_word' id='word_1_657' title='bbox 3120 3824 3303 3879; x_wconf 85' lang='lat' dir='ltr'>ﬁnem</span> <span class='ocrx_word' id='word_1_658' title='bbox 3332 3841 3345 3879; x_wconf 90' lang='lat'><strong>:</strong></span> <span class='ocrx_word' id='word_1_659' title='bbox 3396 3824 3549 3879; x_wconf 83' lang='lat' dir='ltr'>Abiit</span> <span class='ocrx_word' id='word_1_660' title='bbox 3581 3823 3706 3896; x_wconf 62' lang='lat' dir='ltr'>jagi</span> <span class='ocrx_word' id='word_1_661' title='bbox 3733 3826 3781 3873; x_wconf 77' lang='lat' dir='ltr'>et</span> 
     </span>
    </p>
   </div>
   <div class='ocr_carea' id='block_1_90' title="bbox 2131 3893 3780 3968">
    <p class='ocr_par' dir='ltr' id='par_1_90' title="bbox 2131 3893 3780 3968">
     <span class='ocr_line' id='line_1_90' title="bbox 2131 3893 3780 3968; baseline -0.005 -15"><span class='ocrx_word' id='word_1_662' title='bbox 2131 3898 2338 3953; x_wconf 78' lang='lat' dir='ltr'>reverti</span> <span class='ocrx_word' id='word_1_663' title='bbox 2366 3897 2536 3963; x_wconf 76' lang='lat' dir='ltr'>debet,</span> <span class='ocrx_word' id='word_1_664' title='bbox 2572 3913 2698 3967; x_wconf 82' lang='lat' dir='ltr'>quae</span> <span class='ocrx_word' id='word_1_665' title='bbox 2740 3893 3065 3952; x_wconf 77' lang='lat' dir='ltr'>etiamnum</span> <span class='ocrx_word' id='word_1_666' title='bbox 3114 3896 3288 3966; x_wconf 83' lang='lat' dir='ltr'>vulgo</span> <span class='ocrx_word' id='word_1_667' title='bbox 3342 3911 3583 3968; x_wconf 90' lang='lat' dir='ltr'>quoque</span> <span class='ocrx_word' id='word_1_668' title='bbox 3645 3893 3780 3948; x_wconf 88' lang='lat' dir='ltr'>Teu-</span> 
     </span>
    </p>
   </div>
   <div class='ocr_carea' id='block_1_91' title="bbox 2132 3969 2854 4026">
    <p class='ocr_par' dir='ltr' id='par_1_91' title="bbox 2132 3969 2854 4026">
     <span class='ocr_line' id='line_1_91' title="bbox 2132 3969 2854 4026; baseline -0.007 0"><span class='ocrx_word' id='word_1_669' title='bbox 2132 3970 2326 4026; x_wconf 92' lang='lat' dir='ltr'>tonico</span> <span class='ocrx_word' id='word_1_670' title='bbox 2360 3970 2418 4023; x_wconf 91' lang='lat' dir='ltr'>in</span> <span class='ocrx_word' id='word_1_671' title='bbox 2451 3985 2547 4024; x_wconf 90' lang='lat' dir='ltr'>ore</span> <span class='ocrx_word' id='word_1_672' title='bbox 2573 3975 2682 4023; x_wconf 88' lang='lat' dir='ltr'>est.</span> <span class='ocrx_word' id='word_1_673' title='bbox 2709 3969 2854 4023; x_wconf 75' lang='lat' dir='ltr'>PAM.</span> 
     </span>
    </p>
   </div>
   <div class='ocr_carea' id='block_1_92' title="bbox 2205 4037 3782 4112">
    <p class='ocr_par' dir='ltr' id='par_1_92' title="bbox 2205 4037 3782 4112">
     <span class='ocr_line' id='line_1_92' title="bbox 2205 4037 3782 4112; baseline -0.005 -18"><span class='ocrx_word' id='word_1_674' title='bbox 2205 4043 2317 4112; x_wconf 87' lang='grc'>(27)</span> <span class='ocrx_word' id='word_1_675' title='bbox 2348 4041 2490 4109; x_wconf 87' lang='lat' dir='ltr'>Qnia</span> <span class='ocrx_word' id='word_1_676' title='bbox 2511 4056 2619 4112; x_wconf 80' lang='lat' dir='ltr'>nec</span> <span class='ocrx_word' id='word_1_677' title='bbox 2645 4038 3043 4109; x_wconf 75' lang='lat' dir='ltr'>experiundum</span> <span class='ocrx_word' id='word_1_678' title='bbox 3074 4043 3194 4109; x_wconf 72' lang='lat' dir='ltr'>post</span> <span class='ocrx_word' id='word_1_679' title='bbox 3216 4043 3467 4112; x_wconf 67' lang='lat' dir='ltr'>mortem</span> <span class='ocrx_word' id='word_1_680' title='bbox 3497 4038 3525 4093; x_wconf 61' lang='grc' dir='ltr'><em>ἲ</em></span> <span class='ocrx_word' id='word_1_681' title='bbox 3553 4037 3782 4105; x_wconf 87' lang='lat' dir='ltr'>Semper</span> 
     </span>
    </p>
   </div>
   <div class='ocr_carea' id='block_1_93' title="bbox 2132 4110 3780 4185">
    <p class='ocr_par' dir='ltr' id='par_1_93' title="bbox 2132 4110 3780 4185">
     <span class='ocr_line' id='line_1_93' title="bbox 2132 4110 3780 4185; baseline -0.003 -18"><span class='ocrx_word' id='word_1_682' title='bbox 2132 4113 2255 4169; x_wconf 72' lang='lat' dir='ltr'>hare</span> <span class='ocrx_word' id='word_1_683' title='bbox 2280 4110 2565 4185; x_wconf 86' lang='lat' dir='ltr'>particula</span> <span class='ocrx_word' id='word_1_684' title='bbox 2593 4112 2884 4185; x_wconf 76' lang='lat' dir='ltr'>significat</span> <span class='ocrx_word' id='word_1_685' title='bbox 2916 4115 3160 4185; x_wconf 80' lang='lat' dir='ltr'>partem,</span> <span class='ocrx_word' id='word_1_686' title='bbox 3193 4118 3300 4165; x_wconf 90' lang='lat' dir='ltr'>aut</span> <span class='ocrx_word' id='word_1_687' title='bbox 3321 4110 3549 4177; x_wconf 91' lang='lat' dir='ltr'>locum,</span> <span class='ocrx_word' id='word_1_688' title='bbox 3584 4114 3647 4185; x_wconf 78' lang='lat' dir='ltr'>ut</span> <span class='ocrx_word' id='word_1_689' title='bbox 3676 4120 3780 4185; x_wconf 46' lang='lat' dir='ltr'>qua</span> 
     </span>
    </p>
   </div>
   <div class='ocr_carea' id='block_1_94' title="bbox 2034 4174 3776 4256">
    <p class='ocr_par' dir='ltr' id='par_1_94' title="bbox 2034 4174 3776 4256">
     <span class='ocr_line' id='line_1_94' title="bbox 2034 4174 3776 4256; baseline -0.006 -17"><span class='ocrx_word' id='word_1_690' title='bbox 2034 4237 2036 4239; x_wconf 71' lang='grc'><strong>,</strong></span> <span class='ocrx_word' id='word_1_691' title='bbox 2135 4174 2316 4256; x_wconf 78' lang='lat' dir='ltr'>parte,</span> <span class='ocrx_word' id='word_1_692' title='bbox 2351 4201 2464 4255; x_wconf 90' lang='lat' dir='ltr'>quo</span> <span class='ocrx_word' id='word_1_693' title='bbox 2499 4174 2861 4255; x_wconf 53' lang='lat' dir='ltr'>loco.uErgo:</span> <span class='ocrx_word' id='word_1_694' title='bbox 2897 4174 3001 4238; x_wconf 72' lang='lat' dir='ltr'>cur</span> <span class='ocrx_word' id='word_1_695' title='bbox 3029 4174 3202 4256; x_wconf 83' lang='lat' dir='ltr'>times</span> <span class='ocrx_word' id='word_1_696' title='bbox 3235 4174 3605 4249; x_wconf 32' lang='lat' dir='ltr'>mortem,&#39;si</span> <span class='ocrx_word' id='word_1_697' title='bbox 3640 4174 3776 4231; x_wconf 81' lang='lat' dir='ltr'>nihil</span> 
     </span>
    </p>
   </div>
   <div class='ocr_carea' id='block_1_95' title="bbox 2130 4253 3779 4337">
    <p class='ocr_par' dir='ltr' id='par_1_95' title="bbox 2130 4253 3779 4337">
     <span class='ocr_line' id='line_1_95' title="bbox 2130 4253 3779 4337; baseline -0.006 -26"><span class='ocrx_word' id='word_1_698' title='bbox 2130 4253 2458 4337; x_wconf 71' lang='lat' dir='ltr'>timendum</span> <span class='ocrx_word' id='word_1_699' title='bbox 2489 4260 2626 4337; x_wconf 73' lang='lat' dir='ltr'>post</span> <span class='ocrx_word' id='word_1_700' title='bbox 2655 4253 2924 4337; x_wconf 80' lang='lat' dir='ltr'>mortem,</span> <span class='ocrx_word' id='word_1_701' title='bbox 2984 4253 3217 4337; x_wconf 28' lang='lat' dir='ltr'>eollocq‘</span> <span class='ocrx_word' id='word_1_702' title='bbox 3253 4259 3376 4337; x_wconf 82' lang='lat' dir='ltr'>_aut</span> <span class='ocrx_word' id='word_1_703' title='bbox 3432 4258 3614 4325; x_wconf 85' lang='lat' dir='ltr'>parte,</span> <span class='ocrx_word' id='word_1_704' title='bbox 3672 4263 3779 4320; x_wconf 86' lang='lat' dir='ltr'>qua</span> 
     </span>
    </p>
   </div>
   <div class='ocr_carea' id='block_1_96' title="bbox 2133 4324 3388 4399">
    <p class='ocr_par' dir='ltr' id='par_1_96' title="bbox 2133 4324 3388 4399">
     <span class='ocr_line' id='line_1_96' title="bbox 2133 4324 3388 4399; baseline -0.003 -15"><span class='ocrx_word' id='word_1_705' title='bbox 2133 4328 2279 4384; x_wconf 89' lang='lat' dir='ltr'>nihil</span> <span class='ocrx_word' id='word_1_706' title='bbox 2312 4324 2733 4399; x_wconf 84' lang='lat' dir='ltr'>experiundum</span> <span class='ocrx_word' id='word_1_707' title='bbox 2766 4330 2896 4398; x_wconf 84' lang='lat' dir='ltr'>post</span> <span class='ocrx_word' id='word_1_708' title='bbox 2925 4324 3217 4399; x_wconf 68' lang='lat' dir='ltr'>mortem?</span> <span class='ocrx_word' id='word_1_709' title='bbox 3249 4325 3388 4399; x_wconf 59' lang='lat' dir='ltr'>hic.</span> 
     </span>
    </p>
   </div>
   <div class='ocr_carea' id='block_1_97' title="bbox 2203 4396 3779 4470">
    <p class='ocr_par' dir='ltr' id='par_1_97' title="bbox 2203 4396 3779 4470">
     <span class='ocr_line' id='line_1_97' title="bbox 2203 4396 3779 4470; baseline -0.007 -16"><span class='ocrx_word' id='word_1_710' title='bbox 2203 4400 2278 4470; x_wconf 89' lang='lat'>(8)</span> <span class='ocrx_word' id='word_1_711' title='bbox 2330 4396 2449 4455; x_wconf 70' lang='lat' dir='ltr'>Non</span> <span class='ocrx_word' id='word_1_712' title='bbox 2496 4408 2571 4454; x_wconf 78' lang='lat' dir='ltr'>est</span> <span class='ocrx_word' id='word_1_713' title='bbox 2629 4396 2953 4467; x_wconf 65' lang='lat' dir='ltr'>timeiulum,</span> <span class='ocrx_word' id='word_1_714' title='bbox 3005 4402 3115 4453; x_wconf 91' lang='lat' dir='ltr'>etc.</span> <span class='ocrx_word' id='word_1_715' title='bbox 3190 4397 3269 4470; x_wconf 71' lang='grc' dir='ltr'>8.Δ</span> <span class='ocrx_word' id='word_1_716' title='bbox 3328 4396 3779 4470; x_wconf 73' lang='lat' dir='ltr'>Cbrysostomus</span> 
     </span>
    </p>
   </div>
   <div class='ocr_carea' id='block_1_98' title="bbox 2133 4465 3787 4549">
    <p class='ocr_par' dir='ltr' id='par_1_98' title="bbox 2133 4465 3787 4549">
     <span class='ocr_line' id='line_1_98' title="bbox 2133 4465 3787 4549; baseline -0.006 -23"><span class='ocrx_word' id='word_1_717' title='bbox 2133 4465 2218 4527; x_wconf 84' lang='lat' dir='ltr'>ad</span> <span class='ocrx_word' id='word_1_718' title='bbox 2240 4465 2374 4549; x_wconf 82' lang='lat' dir='ltr'>pop.</span> <span class='ocrx_word' id='word_1_719' title='bbox 2406 4470 2565 4549; x_wconf 82' lang='lat' dir='ltr'>hom.</span> <span class='ocrx_word' id='word_1_720' title='bbox 2598 4470 2689 4549; x_wconf 66' lang='lat' dir='ltr'>2t,</span> <span class='ocrx_word' id='word_1_721' title='bbox 2725 4470 2867 4525; x_wconf 87' lang='lat' dir='ltr'>nihil</span> <span class='ocrx_word' id='word_1_722' title='bbox 2900 4465 2967 4549; x_wconf 58' lang='lat' dir='ltr'>ea</span> <span class='ocrx_word' id='word_1_723' title='bbox 2995 4472 3181 4549; x_wconf 82' lang='lat' dir='ltr'>morte</span> <span class='ocrx_word' id='word_1_724' title='bbox 3229 4465 3576 4549; x_wconf 71' lang='lat' dir='ltr'>timendum</span> <span class='ocrx_word' id='word_1_725' title='bbox 3634 4465 3787 4549; x_wconf 70' lang='lat' dir='ltr'>docet</span> 
     </span>
    </p>
   </div>
   <div class='ocr_carea' id='block_1_99' title="bbox 2133 4540 3781 4613">
    <p class='ocr_par' dir='ltr' id='par_1_99' title="bbox 2133 4540 3781 4613">
     <span class='ocr_line' id='line_1_99' title="bbox 2133 4540 3781 4613; baseline -0.004 -15"><span class='ocrx_word' id='word_1_726' title='bbox 2133 4540 2407 4613; x_wconf 77' lang='lat' dir='ltr'>quoniam</span> <span class='ocrx_word' id='word_1_727' title='bbox 2442 4543 2511 4613; x_wconf 83' lang='lat' dir='ltr'>ad</span> <span class='ocrx_word' id='word_1_728' title='bbox 2546 4541 2847 4613; x_wconf 85' lang='lat' dir='ltr'>meliorem</span> <span class='ocrx_word' id='word_1_729' title='bbox 2872 4540 3073 4613; x_wconf 75' lang='lat' dir='ltr'>vitam</span> <span class='ocrx_word' id='word_1_730' title='bbox 3096 4545 3152 4596; x_wconf 90' lang='lat' dir='ltr'>et</span> <span class='ocrx_word' id='word_1_731' title='bbox 3223 4540 3668 4613; x_wconf 83' lang='lat' dir='ltr'>optabiliorem,</span> <span class='ocrx_word' id='word_1_732' title='bbox 3700 4540 3781 4586; x_wconf 76' lang='grc' dir='ltr'><strong>καί</strong></span> 
     </span>
    </p>
   </div>
   <div class='ocr_carea' id='block_1_100' title="bbox 2132 4609 3788 4687">
    <p class='ocr_par' dir='ltr' id='par_1_100' title="bbox 2132 4609 3788 4687">
     <span class='ocr_line' id='line_1_100' title="bbox 2132 4609 3788 4687; baseline -0.006 -19"><span class='ocrx_word' id='word_1_733' title='bbox 2132 4609 2307 4685; x_wconf 53' lang='lat' dir='ltr'>{rio-13c;</span> <span class='ocrx_word' id='word_1_734' title='bbox 2337 4610 2763 4687; x_wconf 66' lang='grc' dir='ltr'>ἀπηλλαγμένην</span> <span class='ocrx_word' id='word_1_735' title='bbox 2826 4610 3169 4687; x_wconf 37' lang='grc' dir='ltr'>ἀνωμαλίας-</span> <span class='ocrx_word' id='word_1_736' title='bbox 3192 4609 3533 4687; x_wconf 72' lang='lat' dir='ltr'>tendimus.</span> <span class='ocrx_word' id='word_1_737' title='bbox 3590 4609 3788 4687; x_wconf 80' lang='lat' dir='ltr'>Sicque</span> 
     </span>
    </p>
   </div>
   <div class='ocr_carea' id='block_1_101' title="bbox 2134 4679 3783 4761">
    <p class='ocr_par' dir='ltr' id='par_1_101' title="bbox 2134 4679 3783 4761">
     <span class='ocr_line' id='line_1_101' title="bbox 2134 4679 3783 4761; baseline -0.006 -19"><span class='ocrx_word' id='word_1_738' title='bbox 2134 4679 2618 4761; x_wconf 34' lang='lat' dir='ltr'>Senecaetiamii</span> <span class='ocrx_word' id='word_1_739' title='bbox 2652 4679 2842 4761; x_wconf 37' lang='lat' dir='ltr'>ep&#39;ist._</span> <span class='ocrx_word' id='word_1_740' title='bbox 2894 4679 3024 4739; x_wconf 80' lang='lat'>102:</span> <span class='ocrx_word' id='word_1_741' title='bbox 3086 4684 3398 4761; x_wconf 60' lang='lat' dir='ltr'>«Broinde</span> <span class='ocrx_word' id='word_1_742' title='bbox 3462 4679 3783 4761; x_wconf 71' lang='lat' dir='ltr'>intrepidus</span> 
     </span>
    </p>
   </div>
   <div class='ocr_carea' id='block_1_102' title="bbox 2132 4755 3783 4827">
    <p class='ocr_par' dir='ltr' id='par_1_102' title="bbox 2132 4755 3783 4827">
     <span class='ocr_line' id='line_1_102' title="bbox 2132 4755 3783 4827; baseline -0.007 -14"><span class='ocrx_word' id='word_1_743' title='bbox 2132 4759 2333 4814; x_wconf 89' lang='lat' dir='ltr'>horam</span> <span class='ocrx_word' id='word_1_744' title='bbox 2372 4758 2535 4813; x_wconf 92' lang='lat' dir='ltr'>illam</span> <span class='ocrx_word' id='word_1_745' title='bbox 2566 4755 2942 4813; x_wconf 80' lang='lat' dir='ltr'>decretoriam</span> <span class='ocrx_word' id='word_1_746' title='bbox 2976 4756 3242 4827; x_wconf 82' lang='lat' dir='ltr'>prospice</span> <span class='ocrx_word' id='word_1_747' title='bbox 3270 4774 3284 4824; x_wconf 88' lang='lat'><strong>;</strong></span> <span class='ocrx_word' id='word_1_748' title='bbox 3322 4773 3444 4812; x_wconf 90' lang='lat' dir='ltr'>non</span> <span class='ocrx_word' id='word_1_749' title='bbox 3479 4760 3571 4811; x_wconf 86' lang='lat' dir='ltr'>est</span> <span class='ocrx_word' id='word_1_750' title='bbox 3600 4755 3783 4809; x_wconf 89' lang='lat' dir='ltr'>animo</span> 
     </span>
    </p>
   </div>
   <div class='ocr_carea' id='block_1_103' title="bbox 2134 4828 3131 4901">
    <p class='ocr_par' dir='ltr' id='par_1_103' title="bbox 2134 4828 3131 4901">
     <span class='ocr_line' id='line_1_103' title="bbox 2134 4828 3131 4901; baseline -0.004 -16"><span class='ocrx_word' id='word_1_751' title='bbox 2134 4847 2432 4901; x_wconf 90' lang='lat' dir='ltr'>suprema,</span> <span class='ocrx_word' id='word_1_752' title='bbox 2468 4830 2569 4884; x_wconf 89' lang='lat' dir='ltr'>sed</span> <span class='ocrx_word' id='word_1_753' title='bbox 2603 4828 2849 4900; x_wconf 90' lang='lat' dir='ltr'>corpori.</span> <span class='ocrx_word' id='word_1_754' title='bbox 2875 4849 2901 4876; x_wconf 83' lang='lat'><strong>»</strong></span> <span class='ocrx_word' id='word_1_755' title='bbox 2928 4834 2999 4882; x_wconf 78' lang='lat' dir='ltr'>Ls</span> <span class='ocrx_word' id='word_1_756' title='bbox 3029 4832 3131 4901; x_wconf 62' lang='lat' dir='ltr'>Ba.</span> 
     </span>
    </p>
   </div>
   <div class='ocr_carea' id='block_1_104' title="bbox 2205 4895 3783 4972">
    <p class='ocr_par' dir='ltr' id='par_1_104' title="bbox 2205 4895 3783 4972">
     <span class='ocr_line' id='line_1_104' title="bbox 2205 4895 3783 4972; baseline -0.005 -16"><span class='ocrx_word' id='word_1_757' title='bbox 2205 4895 2582 4972; x_wconf 71' lang='lat' dir='ltr'>(29)Lougum</span> <span class='ocrx_word' id='word_1_758' title='bbox 2605 4895 2994 4955; x_wconf 43' lang='lat' dir='ltr'>esr’retexere.</span> <span class='ocrx_word' id='word_1_759' title='bbox 3051 4898 3256 4954; x_wconf 90' lang='lat' dir='ltr'>Notior</span> <span class='ocrx_word' id='word_1_760' title='bbox 3305 4903 3404 4972; x_wconf 69' lang='lat' dir='ltr'>est</span> <span class='ocrx_word' id='word_1_761' title='bbox 3458 4895 3783 4972; x_wconf 72' lang='lat' dir='ltr'>Curtiorum</span> 
     </span>
    </p>
   </div>
   <div class='ocr_carea' id='block_1_105' title="bbox 2131 4965 3782 5045">
    <p class='ocr_par' dir='ltr' id='par_1_105' title="bbox 2131 4965 3782 5045">
     <span class='ocr_line' id='line_1_105' title="bbox 2131 4965 3782 5045; baseline -0.006 -18"><span class='ocrx_word' id='word_1_762' title='bbox 2131 4978 2187 5027; x_wconf 89' lang='lat' dir='ltr'>et</span> <span class='ocrx_word' id='word_1_763' title='bbox 2211 4965 2418 5045; x_wconf 72' lang='lat' dir='ltr'>Reguli</span> <span class='ocrx_word' id='word_1_764' title='bbox 2453 4965 2550 5043; x_wconf 76' lang='lat' dir='ltr'>qui</span> <span class='ocrx_word' id='word_1_765' title='bbox 2587 4989 2688 5045; x_wconf 82' lang='lat' dir='ltr'>pro</span> <span class='ocrx_word' id='word_1_766' title='bbox 2714 4972 2913 5045; x_wconf 82' lang='lat' dir='ltr'>patria</span> <span class='ocrx_word' id='word_1_767' title='bbox 2934 4965 3782 5045; x_wconf 17' lang='lat' dir='ltr'>mortemioppetierunt,bisto-</span> 
     </span>
    </p>
   </div>
   <div class='ocr_carea' id='block_1_106' title="bbox 379 5040 2029 5120">
    <p class='ocr_par' dir='ltr' id='par_1_106' title="bbox 379 5040 2015 5120">
     <span class='ocr_line' id='line_1_106' title="bbox 379 5040 2015 5120; baseline -0.004 -17"><span class='ocrx_word' id='word_1_768' title='bbox 379 5048 526 5120; x_wconf 67' lang='lat' dir='ltr'>Nam</span> <span class='ocrx_word' id='word_1_769' title='bbox 616 5043 804 5120; x_wconf 66' lang='lat' dir='ltr'>apud</span> <span class='ocrx_word' id='word_1_770' title='bbox 842 5040 1181 5120; x_wconf 47' lang='lat' dir='ltr'>Albi-anteum</span> <span class='ocrx_word' id='word_1_771' title='bbox 1220 5040 1444 5120; x_wconf 62' lang='grc' dir='ltr'>Μᾳτὲύη</span> <span class='ocrx_word' id='word_1_772' title='bbox 1531 5048 1632 5096; x_wconf 76' lang='grc' dir='ltr'>πᾶν</span> <span class='ocrx_word' id='word_1_773' title='bbox 1715 5040 2015 5120; x_wconf 56' lang='grc' dir='ltr'>πολυτελὲς</span> 
     </span>
    </p>
   </div>
   <div class='ocr_carea' id='block_1_107' title="bbox 2145 5040 3782 5120">
    <p class='ocr_par' dir='ltr' id='par_1_107' title="bbox 2145 5040 3782 5120">
     <span class='ocr_line' id='line_1_107' title="bbox 2145 5040 3782 5120; baseline -0.004 -21"><span class='ocrx_word' id='word_1_774' title='bbox 2145 5046 2241 5110; x_wconf 66' lang='lat' dir='ltr'>ria,</span> <span class='ocrx_word' id='word_1_775' title='bbox 2272 5040 2449 5117; x_wconf 81' lang='lat' dir='ltr'>quam</span> <span class='ocrx_word' id='word_1_776' title='bbox 2469 5040 2543 5099; x_wconf 48' lang='lat' dir='ltr'>&#39;et</span> <span class='ocrx_word' id='word_1_777' title='bbox 2563 5040 2843 5120; x_wconf 66' lang='lat' dir='ltr'>pluribus</span> <span class='ocrx_word' id='word_1_778' title='bbox 2870 5043 2945 5120; x_wconf 73' lang='lat' dir='ltr'>sit</span> <span class='ocrx_word' id='word_1_779' title='bbox 2978 5059 3144 5113; x_wconf 87' lang='lat' dir='ltr'>opus.</span> <span class='ocrx_word' id='word_1_780' title='bbox 3177 5041 3551 5097; x_wconf 77' lang='lat' dir='ltr'>Posthumam</span> <span class='ocrx_word' id='word_1_781' title='bbox 3578 5042 3782 5120; x_wconf 66' lang='lat' dir='ltr'>faniam</span> 
     </span>
    </p>
   </div>
   <div class='ocr_carea' id='block_1_108' title="bbox 380 5112 2020 5189">
    <p class='ocr_par' dir='ltr' id='par_1_108' title="bbox 380 5112 2020 5189">
     <span class='ocr_line' id='line_1_108' title="bbox 380 5112 2020 5189; baseline -0.001 -15"><span class='ocrx_word' id='word_1_782' title='bbox 380 5116 600 5189; x_wconf 74' lang='grc' dir='ltr'>ἔδεσμα,</span> <span class='ocrx_word' id='word_1_783' title='bbox 633 5112 691 5171; x_wconf 79' lang='lat' dir='ltr'>id</span> <span class='ocrx_word' id='word_1_784' title='bbox 724 5118 831 5189; x_wconf 89' lang='lat' dir='ltr'>es_t,</span> <span class='ocrx_word' id='word_1_785' title='bbox 874 5112 1147 5189; x_wconf 79' lang='lat' dir='ltr'>«_Mattya</span> <span class='ocrx_word' id='word_1_786' title='bbox 1216 5115 1523 5186; x_wconf 80' lang='lat' dir='ltr'>cpiparum</span> <span class='ocrx_word' id='word_1_787' title='bbox 1582 5116 1884 5185; x_wconf 89' lang='lat' dir='ltr'>quodlibet</span> <span class='ocrx_word' id='word_1_788' title='bbox 1930 5122 2020 5173; x_wconf 89' lang='lat' dir='ltr'>est</span> 
     </span>
    </p>
   </div>
   <div class='ocr_carea' id='block_1_109' title="bbox 381 5184 986 5249">
    <p class='ocr_par' dir='ltr' id='par_1_109' title="bbox 381 5184 986 5249">
     <span class='ocr_line' id='line_1_109' title="bbox 381 5184 986 5249; baseline -0.02 0"><span class='ocrx_word' id='word_1_789' title='bbox 381 5184 691 5249; x_wconf 85' lang='lat' dir='ltr'>ferculum.</span> <span class='ocrx_word' id='word_1_790' title='bbox 725 5207 752 5237; x_wconf 82' lang='lat'>»</span> <span class='ocrx_word' id='word_1_791' title='bbox 781 5186 856 5240; x_wconf 82' lang='lat' dir='ltr'>LE</span> <span class='ocrx_word' id='word_1_792' title='bbox 891 5184 986 5238; x_wconf 81' lang='lat' dir='ltr'>Pa.</span> 
     </span>
    </p>
   </div>
   <div class='ocr_carea' id='block_1_110' title="bbox 454 5254 2019 5335">
    <p class='ocr_par' dir='ltr' id='par_1_110' title="bbox 454 5254 2019 5335">
     <span class='ocr_line' id='line_1_110' title="bbox 454 5254 2019 5335; baseline -0.003 -18"><span class='ocrx_word' id='word_1_793' title='bbox 454 5263 568 5335; x_wconf 81' lang='lat'>(25)</span> <span class='ocrx_word' id='word_1_794' title='bbox 600 5261 683 5335; x_wconf 67' lang='lat' dir='ltr'>Ad</span> <span class='ocrx_word' id='word_1_795' title='bbox 715 5254 1147 5335; x_wconf 50' lang='lat' dir='ltr'>bustqrecrdis.</span> <span class='ocrx_word' id='word_1_796' title='bbox 1208 5256 1526 5335; x_wconf 80' lang='lat' dir='ltr'>Recedere__</span> <span class='ocrx_word' id='word_1_797' title='bbox 1553 5274 1653 5313; x_wconf 90' lang='lat' dir='ltr'>eos</span> <span class='ocrx_word' id='word_1_798' title='bbox 1695 5257 1859 5335; x_wconf 88' lang='lat' dir='ltr'>dicit,</span> <span class='ocrx_word' id='word_1_799' title='bbox 1921 5258 2019 5330; x_wconf 91' lang='lat' dir='ltr'>qui</span> 
     </span>
    </p>
   </div>
   <div class='ocr_carea' id='block_1_111' title="bbox 382 5327 1840 5397">
    <p class='ocr_par' dir='ltr' id='par_1_111' title="bbox 382 5327 1840 5397">
     <span class='ocr_line' id='line_1_111' title="bbox 382 5327 1840 5397; baseline -0.005 -5"><span class='ocrx_word' id='word_1_800' title='bbox 382 5327 763 5392; x_wconf 47' lang='lat' dir='ltr'>extra&#39;urbem</span> <span class='ocrx_word' id='word_1_801' title='bbox 788 5328 857 5382; x_wconf 89' lang='lat' dir='ltr'>ad</span> <span class='ocrx_word' id='word_1_802' title='bbox 892 5327 1063 5380; x_wconf 79' lang='lat' dir='ltr'>busta</span> <span class='ocrx_word' id='word_1_803' title='bbox 1092 5333 1459 5397; x_wconf 88' lang='lat' dir='ltr'>parentatum</span> <span class='ocrx_word' id='word_1_804' title='bbox 1492 5329 1673 5383; x_wconf 88' lang='lat' dir='ltr'>ibant.</span> <span class='ocrx_word' id='word_1_805' title='bbox 1717 5334 1840 5385; x_wconf 69' lang='grc' dir='ltr'>Βία.</span> 
     </span>
    </p>
   </div>
   <div class='ocr_carea' id='block_1_112' title="bbox 453 5400 2019 5479">
    <p class='ocr_par' dir='ltr' id='par_1_112' title="bbox 453 5400 2019 5479">
     <span class='ocr_line' id='line_1_112' title="bbox 453 5400 2019 5479; baseline -0.003 -18"><span class='ocrx_word' id='word_1_806' title='bbox 453 5406 566 5479; x_wconf 71' lang='lat'>(26)</span> <span class='ocrx_word' id='word_1_807' title='bbox 599 5404 818 5479; x_wconf 70' lang='lat' dir='ltr'>T_erram</span> <span class='ocrx_word' id='word_1_808' title='bbox 845 5414 1068 5479; x_wconf 63' lang='lat' dir='ltr'>gravem</span> <span class='ocrx_word' id='word_1_809' title='bbox 1099 5400 1739 5479; x_wconf 51' lang='lat' dir='ltr'>imprecaris._l’linius,</span> <span class='ocrx_word' id='word_1_810' title='bbox 1789 5402 1889 5457; x_wconf 91' lang='lat' dir='ltr'>lib.</span> <span class='ocrx_word' id='word_1_811' title='bbox 1928 5418 2019 5479; x_wconf 51' lang='grc' dir='ltr'>Δξι,</span> 
     </span>
    </p>
   </div>
   <div class='ocr_carea' id='block_1_113' title="bbox 386 5470 2021 5542">
    <p class='ocr_par' dir='ltr' id='par_1_113' title="bbox 386 5470 2021 5542">
     <span class='ocr_line' id='line_1_113' title="bbox 386 5470 2021 5542; baseline -0.005 -7"><span class='ocrx_word' id='word_1_812' title='bbox 386 5470 489 5535; x_wconf 78' lang='lat' dir='ltr'>ubi</span> <span class='ocrx_word' id='word_1_813' title='bbox 520 5470 590 5531; x_wconf 82' lang='lat' dir='ltr'>de</span> <span class='ocrx_word' id='word_1_814' title='bbox 620 5473 823 5527; x_wconf 89' lang='lat' dir='ltr'>Terra:</span> <span class='ocrx_word' id='word_1_815' title='bbox 868 5490 887 5516; x_wconf 78' lang='grc' dir='ltr'>ι</span> <span class='ocrx_word' id='word_1_816' title='bbox 913 5470 1092 5537; x_wconf 86' lang='lat' dir='ltr'>Cujus</span> <span class='ocrx_word' id='word_1_817' title='bbox 1126 5487 1341 5525; x_wconf 91' lang='lat' dir='ltr'>numen</span> <span class='ocrx_word' id='word_1_818' title='bbox 1376 5470 1653 5527; x_wconf 89' lang='lat' dir='ltr'>ultimum</span> <span class='ocrx_word' id='word_1_819' title='bbox 1683 5470 1804 5542; x_wconf 85' lang='lat' dir='ltr'>jam</span> <span class='ocrx_word' id='word_1_820' title='bbox 1840 5470 2021 5529; x_wconf 85' lang='lat' dir='ltr'>nullis</span> 
     </span>
    </p>
   </div>
   <div class='ocr_carea' id='block_1_114' title="bbox 385 5542 2020 5621">
    <p class='ocr_par' dir='ltr' id='par_1_114' title="bbox 385 5542 2020 5621">
     <span class='ocr_line' id='line_1_114' title="bbox 385 5542 2020 5621; baseline -0.002 -16"><span class='ocrx_word' id='word_1_821' title='bbox 385 5551 776 5621; x_wconf 84' lang='lat' dir='ltr'>imprecemur</span> <span class='ocrx_word' id='word_1_822' title='bbox 806 5542 939 5597; x_wconf 87' lang='lat' dir='ltr'>irati</span> <span class='ocrx_word' id='word_1_823' title='bbox 971 5559 1177 5613; x_wconf 85' lang='lat' dir='ltr'>grave;</span> <span class='ocrx_word' id='word_1_824' title='bbox 1210 5548 1491 5621; x_wconf 80' lang='lat' dir='ltr'>tanquam</span> <span class='ocrx_word' id='word_1_825' title='bbox 1518 5545 1848 5621; x_wconf 76' lang='lat' dir='ltr'>nesciamus</span> <span class='ocrx_word' id='word_1_826' title='bbox 1872 5545 2020 5621; x_wconf 88' lang='lat' dir='ltr'>b_anc</span> 
     </span>
    </p>
   </div>
   <div class='ocr_carea' id='block_1_115' title="bbox 386 5616 2020 5687">
    <p class='ocr_par' dir='ltr' id='par_1_115' title="bbox 386 5616 2020 5687">
     <span class='ocr_line' id='line_1_115' title="bbox 386 5616 2020 5687; baseline -0.003 -8"><span class='ocrx_word' id='word_1_827' title='bbox 386 5616 515 5678; x_wconf 75' lang='lat' dir='ltr'>esse</span> <span class='ocrx_word' id='word_1_828' title='bbox 546 5619 730 5676; x_wconf 92' lang='lat' dir='ltr'>solam</span> <span class='ocrx_word' id='word_1_829' title='bbox 762 5631 888 5687; x_wconf 66' lang='lat' dir='ltr'>quae</span> <span class='ocrx_word' id='word_1_830' title='bbox 922 5629 1224 5687; x_wconf 85' lang='lat' dir='ltr'>nunquam</span> <span class='ocrx_word' id='word_1_831' title='bbox 1254 5616 1539 5672; x_wconf 89' lang='lat' dir='ltr'>irascatur</span> <span class='ocrx_word' id='word_1_832' title='bbox 1560 5616 1802 5673; x_wconf 85' lang='lat' dir='ltr'>homini.</span> <span class='ocrx_word' id='word_1_833' title='bbox 1830 5642 1850 5670; x_wconf 70' lang='grc' dir='ltr'><strong><em>ι</em></strong></span> <span class='ocrx_word' id='word_1_834' title='bbox 1886 5619 2020 5674; x_wconf 87' lang='lat' dir='ltr'>Jam</span> 
     </span>
    </p>
   </div>
   <div class='ocr_carea' id='block_1_116' title="bbox 391 5685 2016 5759">
    <p class='ocr_par' dir='ltr' id='par_1_116' title="bbox 391 5685 2016 5759">
     <span class='ocr_line' id='line_1_116' title="bbox 391 5685 2016 5759; baseline 0 -12"><span class='ocrx_word' id='word_1_835' title='bbox 391 5692 593 5757; x_wconf 87' lang='lat' dir='ltr'>nullis,</span> <span class='ocrx_word' id='word_1_836' title='bbox 645 5689 705 5744; x_wconf 90' lang='lat' dir='ltr'>id</span> <span class='ocrx_word' id='word_1_837' title='bbox 753 5685 841 5742; x_wconf 77' lang='lat' dir='ltr'>est</span> <span class='ocrx_word' id='word_1_838' title='bbox 889 5685 1157 5743; x_wconf 85' lang='lat' dir='ltr'>mortuis.</span> <span class='ocrx_word' id='word_1_839' title='bbox 1206 5688 1423 5759; x_wconf 85' lang='lat' dir='ltr'>Cicero,</span> <span class='ocrx_word' id='word_1_840' title='bbox 1488 5689 1919 5745; x_wconf 77' lang='lat' dir='ltr'>Tusculanarum</span> <span class='ocrx_word' id='word_1_841' title='bbox 1952 5707 2016 5747; x_wconf 76' lang='grc' dir='ltr'>ιε</span> 
     </span>
    </p>
   </div>
   <div class='ocr_carea' id='block_1_117' title="bbox 2132 5114 3784 5190">
    <p class='ocr_par' dir='ltr' id='par_1_117' title="bbox 2132 5114 3784 5190">
     <span class='ocr_line' id='line_1_117' title="bbox 2132 5114 3784 5190; baseline -0.007 -17"><span class='ocrx_word' id='word_1_842' title='bbox 2132 5114 2335 5190; x_wconf 81' lang='lat' dir='ltr'>postea</span> <span class='ocrx_word' id='word_1_843' title='bbox 2365 5115 2757 5190; x_wconf 79' lang='lat' dir='ltr'>metaphorice</span> <span class='ocrx_word' id='word_1_844' title='bbox 2788 5114 2952 5185; x_wconf 87' lang='lat' dir='ltr'>dixit,</span> <span class='ocrx_word' id='word_1_845' title='bbox 2976 5131 3103 5170; x_wconf 91' lang='lat' dir='ltr'>eam</span> <span class='ocrx_word' id='word_1_846' title='bbox 3163 5130 3291 5186; x_wconf 67' lang='lat' dir='ltr'>qua:</span> <span class='ocrx_word' id='word_1_847' title='bbox 3354 5120 3497 5185; x_wconf 88' lang='lat' dir='ltr'>post</span> <span class='ocrx_word' id='word_1_848' title='bbox 3546 5114 3784 5166; x_wconf 89' lang='lat' dir='ltr'>mortem</span> 
     </span>
    </p>
   </div>
   <div class='ocr_carea' id='block_1_118' title="bbox 2132 5189 3756 5263">
    <p class='ocr_par' dir='ltr' id='par_1_118' title="bbox 2132 5189 3756 5263">
     <span class='ocr_line' id='line_1_118' title="bbox 2132 5189 3756 5263; baseline 0 -18"><span class='ocrx_word' id='word_1_849' title='bbox 2132 5189 2432 5263; x_wconf 86' lang='lat' dir='ltr'>perdurat.</span> <span class='ocrx_word' id='word_1_850' title='bbox 2466 5189 2609 5243; x_wconf 79' lang='grc' dir='ltr'>ΡΑΜ.</span> <span class='ocrx_word' id='word_1_851' title='bbox 2670 5258 2680 5263; x_wconf 86' lang='lat'>_</span> <span class='ocrx_word' id='word_1_852' title='bbox 3074 5257 3085 5263; x_wconf 28' lang='grc' dir='ltr'><strong>Δ</strong></span> <span class='ocrx_word' id='word_1_853' title='bbox 3365 5255 3422 5263; x_wconf 86' lang='lat'><strong>__</strong></span> <span class='ocrx_word' id='word_1_854' title='bbox 3517 5254 3553 5263; x_wconf 85' lang='lat'>__</span> <span class='ocrx_word' id='word_1_855' title='bbox 3720 5248 3756 5263; x_wconf 50' lang='grc' dir='ltr'><strong>μ</strong></span> 
     </span>
    </p>
   </div>
   <div class='ocr_carea' id='block_1_119' title="bbox 2206 5250 3786 5330">
    <p class='ocr_par' dir='ltr' id='par_1_119' title="bbox 2206 5250 3786 5330">
     <span class='ocr_line' id='line_1_119' title="bbox 2206 5250 3786 5330; baseline -0.009 -14"><span class='ocrx_word' id='word_1_856' title='bbox 2206 5264 2314 5330; x_wconf 84' lang='grc'>(30)</span> <span class='ocrx_word' id='word_1_857' title='bbox 2347 5262 2579 5317; x_wconf 77' lang='lat' dir='ltr'>Curtios.</span> <span class='ocrx_word' id='word_1_858' title='bbox 2614 5258 2718 5314; x_wconf 88' lang='lat' dir='ltr'>Hie</span> <span class='ocrx_word' id='word_1_859' title='bbox 2742 5261 2832 5312; x_wconf 87' lang='lat' dir='ltr'>est</span> <span class='ocrx_word' id='word_1_860' title='bbox 2862 5256 2959 5312; x_wconf 91' lang='lat' dir='ltr'>ille</span> <span class='ocrx_word' id='word_1_861' title='bbox 2988 5257 3090 5325; x_wconf 91' lang='lat' dir='ltr'>qui</span> <span class='ocrx_word' id='word_1_862' title='bbox 3120 5273 3181 5312; x_wconf 87' lang='lat' dir='ltr'>se</span> <span class='ocrx_word' id='word_1_863' title='bbox 3206 5254 3652 5330; x_wconf 24' lang='lat' dir='ltr'>diisAManibus</span> <span class='ocrx_word' id='word_1_864' title='bbox 3675 5250 3786 5330; x_wconf 84' lang='lat' dir='ltr'>_di-</span> 
     </span>
    </p>
   </div>
   <div class='ocr_carea' id='block_1_120' title="bbox 2131 5322 3785 5418">
    <p class='ocr_par' dir='ltr' id='par_1_120' title="bbox 2131 5322 3785 5418">
     <span class='ocr_line' id='line_1_120' title="bbox 2131 5322 3785 5418; baseline -0.009 -29"><span class='ocrx_word' id='word_1_865' title='bbox 2131 5322 2411 5418; x_wconf 50' lang='lat' dir='ltr'>cavit&#39;pro</span> <span class='ocrx_word' id='word_1_866' title='bbox 2443 5332 2631 5388; x_wconf 91' lang='lat' dir='ltr'>salute</span> <span class='ocrx_word' id='word_1_867' title='bbox 2657 5330 2903 5418; x_wconf 41' lang='lat' dir='ltr'>patriae}.</span> <span class='ocrx_word' id='word_1_868' title='bbox 2945 5322 3079 5418; x_wconf 54' lang='lat' dir='ltr'>opm</span> <span class='ocrx_word' id='word_1_869' title='bbox 3127 5327 3281 5384; x_wconf 88' lang='lat' dir='ltr'>enim</span> <span class='ocrx_word' id='word_1_870' title='bbox 3335 5325 3575 5399; x_wconf 87' lang='lat' dir='ltr'>ingenti</span> <span class='ocrx_word' id='word_1_871' title='bbox 3630 5322 3785 5378; x_wconf 84' lang='lat' dir='ltr'>hiatu</span> 
     </span>
    </p>
   </div>
   <div class='ocr_carea' id='block_1_121' title="bbox 2132 5401 3778 5482">
    <p class='ocr_par' dir='ltr' id='par_1_121' title="bbox 2132 5401 3778 5482">
     <span class='ocr_line' id='line_1_121' title="bbox 2132 5401 3778 5482; baseline -0.007 -22"><span class='ocrx_word' id='word_1_872' title='bbox 2132 5401 2633 5482; x_wconf 83' lang='lat' dir='ltr'>desedisset_terra</span> <span class='ocrx_word' id='word_1_873' title='bbox 2658 5401 2721 5482; x_wconf 75' lang='lat' dir='ltr'>in</span> <span class='ocrx_word' id='word_1_874' title='bbox 2753 5401 3118 5482; x_wconf 68' lang='lat' dir='ltr'>medioforo,</span> <span class='ocrx_word' id='word_1_875' title='bbox 3150 5413 3642 5482; x_wconf 70' lang='lat' dir='ltr'>responsumque</span> <span class='ocrx_word' id='word_1_876' title='bbox 3689 5409 3778 5482; x_wconf 37' lang='grc' dir='ltr'>αἱρ-</span> 
     </span>
    </p>
   </div>
   <div class='ocr_carea' id='block_1_122' title="bbox 2130 5464 3781 5549">
    <p class='ocr_par' dir='ltr' id='par_1_122' title="bbox 2130 5464 3781 5549">
     <span class='ocr_line' id='line_1_122' title="bbox 2130 5464 3781 5549; baseline -0.009 -17"><span class='ocrx_word' id='word_1_877' title='bbox 2130 5478 2423 5547; x_wconf 87' lang='lat' dir='ltr'>cepissent</span> <span class='ocrx_word' id='word_1_878' title='bbox 2452 5475 2697 5549; x_wconf 75' lang='lat' dir='ltr'>Romani</span> <span class='ocrx_word' id='word_1_879' title='bbox 2739 5490 2853 5529; x_wconf 91' lang='lat' dir='ltr'>non</span> <span class='ocrx_word' id='word_1_880' title='bbox 2888 5464 3175 5549; x_wconf 63' lang='lat' dir='ltr'>coiturum</span> <span class='ocrx_word' id='word_1_881' title='bbox 3208 5464 3460 5549; x_wconf 69' lang='lat' dir='ltr'>labem,_</span> <span class='ocrx_word' id='word_1_882' title='bbox 3501 5464 3619 5526; x_wconf 80' lang='lat' dir='ltr'>nisi</span> <span class='ocrx_word' id='word_1_883' title='bbox 3649 5464 3781 5549; x_wconf 38' lang='lat' dir='ltr'>hali-</span> 
     </span>
    </p>
   </div>
   <div class='ocr_carea' id='block_1_123' title="bbox 2131 5543 3781 5632">
    <p class='ocr_par' dir='ltr' id='par_1_123' title="bbox 2131 5543 3781 5632">
     <span class='ocr_line' id='line_1_123' title="bbox 2131 5543 3781 5632; baseline -0.008 -27"><span class='ocrx_word' id='word_1_884' title='bbox 2131 5543 2263 5632; x_wconf 55' lang='lat' dir='ltr'>qu&#39;ls</span> <span class='ocrx_word' id='word_1_885' title='bbox 2293 5547 2783 5632; x_wconf 33' lang='lat' dir='ltr'>eauobillibus&#39;eo</span> <span class='ocrx_word' id='word_1_886' title='bbox 2817 5562 2878 5601; x_wconf 88' lang='lat' dir='ltr'>se</span> <span class='ocrx_word' id='word_1_887' title='bbox 2918 5546 3250 5617; x_wconf 88' lang='lat' dir='ltr'>dejecisset,</span> <span class='ocrx_word' id='word_1_888' title='bbox 3290 5543 3544 5599; x_wconf 88' lang='lat' dir='ltr'>Curtius</span> <span class='ocrx_word' id='word_1_889' title='bbox 3605 5543 3781 5593; x_wconf 88' lang='lat' dir='ltr'>vitam</span> 
     </span>
    </p>
   </div>
   <div class='ocr_carea' id='block_1_124' title="bbox 2130 5618 3781 5763">
    <p class='ocr_par' dir='ltr' id='par_1_124' title="bbox 2130 5618 3781 5763">
     <span class='ocr_line' id='line_1_124' title="bbox 2130 5618 2829 5692; baseline -0.003 -16"><span class='ocrx_word' id='word_1_890' title='bbox 2130 5618 2418 5691; x_wconf 84' lang='lat' dir='ltr'>impendit</span> <span class='ocrx_word' id='word_1_891' title='bbox 2447 5618 2661 5692; x_wconf 64' lang='lat' dir='ltr'>patriis.</span> <span class='ocrx_word' id='word_1_892' title='bbox 2699 5618 2829 5675; x_wconf 69' lang='lat' dir='ltr'>Lac.</span> 
     </span>
     <span class='ocr_line' id='line_1_125' title="bbox 2200 5684 3781 5763; baseline -0.009 -16"><span class='ocrx_word' id='word_1_893' title='bbox 2200 5693 2312 5763; x_wconf 87' lang='lat' dir='ltr'>(3t)</span> <span class='ocrx_word' id='word_1_894' title='bbox 2368 5694 2569 5749; x_wconf 85' lang='lat' dir='ltr'>Nomen</span> <span class='ocrx_word' id='word_1_895' title='bbox 2642 5706 2801 5747; x_wconf 80' lang='lat' dir='ltr'>suam</span> <span class='ocrx_word' id='word_1_896' title='bbox 2887 5692 3082 5747; x_wconf 76' lang='lat' dir='ltr'>servet.</span> <span class='ocrx_word' id='word_1_897' title='bbox 3143 5684 3434 5760; x_wconf 78' lang='lat' dir='ltr'>Virgilius</span> <span class='ocrx_word' id='word_1_898' title='bbox 3514 5684 3622 5739; x_wconf 93' lang='lat' dir='ltr'>lib.</span> <span class='ocrx_word' id='word_1_899' title='bbox 3708 5694 3781 5734; x_wconf 83' lang='lat' dir='ltr'>vn</span> 
     </span>
    </p>
   </div>
  </div>
