4046 6184
258 388 377 446 689

1491 384 1594 443 DE
1638 385 2120 446 TESTIMONIO
2166 384 2462 445 ANIMIE.

3558 383 3678 443 690

266 537 362 574 nia
390 521 437 553 ⁸³
471 518 643 574 hodie
672 519 941 573 affectare
991 517 1235 589 aliquid,
1269 517 1426 589 quod
1457 515 1594 571 velit
1619 520 1749 587 post
1770 531 1923 570 mor-
1954 520 2008 585 Α
2042 515 2285 571 nitatem
2317 517 2469 586 ejus,
2502 532 2671 572 nemo
2706 520 2977 582 mortem,
3008 528 3179 571 nemo
3211 514 3427 570 inferos
3477 510 3677 586 loque-

260 614 407 671 tem,
461 613 521 663 et
560 611 861 680 tantopere
907 623 1252 679 prmparare,
1310 606 1464 676 quod
1522 606 1567 640 6³
1600 604 1677 659 sit
1737 622 1918 659 usura

258 704 394 770 post
426 698 676 761 obitum,
730 697 777 753 si
828 696 977 751 nihil
1009 698 1077 751 de
1127 703 1355 767 postero
1403 694 1625 750 sciret?
1656 695 1763 749 Sed
1799 695 1913 749 fore

253 789 415 843 sitan
450 788 523 843 de
555 803 730 842 sensu
768 790 900 858 post
944 802 1246 841 excessum
1301 784 1384 839 tui
1417 785 1711 853 certiores,
1737 800 1916 854 quam

256 878 329 932 de
365 876 792 932 resurrectione
835 877 1203 947 quandoque,
1255 876 1425 943 cujus
1486 890 1590 928 nos
1632 889 1913 945 praesum-

258 970 461 1037 ptores
494 967 863 1021 denotamur.
922 964 1131 1035 Atquin
1178 964 1284 1018 hoc
1333 979 1565 1035 quoque
1613 963 1684 1016 ab
1718 961 1917 1017 anima

250 1055 654 1126 praedicatur"
693 1054 839 1110 Nam
862 1054 911 1109 si
944 1054 1015 1108 de
1038 1052 1367 1125 aliquojam
1394 1052 1616 1123 pridem
1640 1052 1913 1106 defuncto

248 1150 544 1217 tanquam
570 1144 615 1178 ⁵⁵
643 1144 770 1198 vivo
803 1144 937 1216 quis
968 1143 1244 1214 requirat,
1283 1159 1397 1213 pra:
1434 1158 1611 1195 manu
1661 1139 1915 1195 occurrit

249 1234 455 1290 dicere
490 1250 502 1288 :
539 1232 694 1288 Abiit
716 1233 842 1303 jam
874 1233 984 1304 (32)
1019 1236 1076 1287 et
1116 1231 1321 1286 reverti
1352 1230 1542 1285 debet.

322 1326 465 1379 CAP.
516 1323 582 1377 V.
642 1323 772 1378 Haec
823 1321 1164 1377 testimonia
1221 1321 1433 1375 anima:
1480 1322 1699 1387 quanto
1755 1334 1910 1386 vera,

246 1418 418 1468 tanto
451 1411 783 1483 simplicia;
819 1416 1037 1482 quanto
1068 1410 1380 1483 simplicia,
1415 1414 1575 1464 tanto
1604 1406 1908 1479 vulgaria;

244 1505 482 1574 quanto
516 1500 797 1573 vulgaria,
853 1505 1016 1556 tanto
1061 1498 1436 1565 communia;
1471 1502 1691 1570 quanto
1746 1512 1909 1551 com-

241 1591 481 1658 munia,
526 1594 686 1645 tanto
738 1591 1074 1656 naturalia;
1127 1593 1347 1661 quanto
1394 1586 1701 1656 naturalia,
1748 1590 1909 1641 tanto

239 1680 477 1736 divina.
515 1679 636 1735 Non
668 1680 713 1714 ⁸⁸
766 1679 918 1734 619
954 1684 1152 1751 putem
1211 1677 1489 1749 cuiquam
1551 1675 1819 1731 frivolum
1854 1680 1911 1729 et

248 1770 539 1840 frigidum
571 1768 753 1824 videri
803 1785 997 1841 posse,
1053 1769 1099 1823 si
1152 1768 1433 1839 recogitet
1474 1771 1692 1821 naturae
1726 1766 1906 1834 maje-

238 1865 495 1927 statem,
528 1875 596 1914 ex
627 1875 744 1930 qua
775 1864 1048 1913 censetur
1077 1857 1396 1912 auctoritas
1446 1854 1673 1910 animae.
1710 1856 1904 1920 Quan-

238 1950 305 2000 tu
318 1963 380 2001 m
395 1944 626 2001 dederis
643 1944 1057 2016 magistrm,tan
1070 1949 1181 1999 tum
1192 1944 1283 2014 adj
1296 1944 1558 1999 udicabis
1572 1940 1893 2011 discipulae.

237 2034 531 2107 Magistra
575 2039 804 2100 natura,
857 2033 1054 2087 anima
1105 2032 1410 2103 discipula.
1460 2031 1745 2102 Quidquid
1801 2036 1899 2085 aut

234 2124 346 2180 illa
378 2122 634 2190 edocuit,
681 2128 785 2178 aut
840 2121 956 2177 ista
988 2121 1316 2193 perdidicit,
1370 2139 1403 2177 a
1453 2126 1561 2176 Deo
1612 2120 1895 2175 traditum

235 2219 353 2281 est,
394 2214 673 2283 magistro
704 2213 925 2268 scilicet
955 2211 1144 2284 ipsius
1177 2212 1488 2283 magistrae.
1524 2212 1670 2277 Quid
1700 2212 1898 2266 anima

237 2303 439 2377 possit
471 2304 540 2358 de
573 2301 877 2374 principali
913 2301 1248 2357 institutore
1267 2301 1701 2374 praesumere,in
1737 2307 1788 2357 te
1811 2304 1901 2356 est

240 2393 551 2449 estimare
583 2392 653 2447 de
686 2408 754 2447 ea
784 2408 911 2463 quae
941 2390 985 2426 ⁵⁸
1016 2391 1073 2445 in
1121 2395 1174 2446 te
1206 2396 1312 2446 est.
1344 2391 1503 2446 Seuti
1554 2390 1739 2455 illam,
1772 2407 1900 2461 quae

241 2488 310 2539 ut
344 2480 576 2539 sentias
607 2480 822 2537 efﬁcit!
858 2480 1113 2552 recogita
1158 2480 1214 2534 iu
1267 2480 1565 2552 praesagiis
1597 2485 1807 2546 vatem,
1842 2480 1899 2534 in

239 2572 534 2628 omnibus
562 2586 869 2643 augurem,
904 2569 963 2624 in
992 2569 1297 2625 eventibus
1329 2569 1903 2642 prospicem.Mirum

241 2663 294 2718 si
329 2679 370 2718 ει
412 2668 525 2716 Deo
555 2661 691 2715 data
720 2657 968 2728 homini,
1008 2658 1165 2713 novit
1196 2658 1474 2714 divinare.
1509 2660 1654 2714 Tum
1687 2660 1903 2713 mirum

244 2752 296 2807 si
333 2767 478 2807 eum
514 2767 547 2805 a
579 2766 690 2821 quo
730 2749 867 2804 data
908 2752 1018 2816 est,
1050 2747 1228 2806 novit.
1278 2748 1462 2803 Etiam
1512 2749 1907 2804 circumventa

239 2841 318 2897 ab
358 2838 716 2905 adversario,
755 2836 1025 2892 meminit
1058 2837 1149 2892 sui
1185 2837 1462 2906 auctoris,
1512 2842 1570 2893 et
1601 2838 1904 2904 bonitatis,

239 2936 301 2988 et
326 2928 552 2985 decreti
583 2928 735 2999 ejus,
765 2932 825 2983 et
854 2925 1042 2982 exitus
1072 2925 1164 2982 sui
1195 2931 1253 2981 et
1281 2926 1325 2962 ⁸⁷
1347 2926 1662 2983 adversarii
1693 2926 1905 2999 ipsius.

238 3022 339 3075 Sic
374 3018 616 3086 mirum,
651 3016 699 3072 si
732 3034 765 3071 a
795 3016 910 3072 Deo
942 3016 1097 3082 data,
1140 3016 1341 3071 eadem
1385 3016 1561 3083 canit,
1597 3034 1721 3088 quae
1757 3016 1908 3070 Deus

239 3108 341 3165 sui
393 3106 556 3163 dedit
604 3123 794 3162 nosse.
846 3104 956 3159 Sed
1009 3104 1109 3176 qui
1156 3104 1448 3175 ejusmodi
1495 3106 1539 3140 ⁶⁸
1573 3105 1908 3177 eruptiones

239 3199 469 3255 animae
512 3213 625 3252 non
674 3194 897 3266 putavit
945 3194 1273 3249 doctrinam
1317 3209 1445 3250 esse
1498 3199 1721 3250 natura:
1768 3200 1825 3249 et
1865 3196 1909 3233 δυ

2031 605 2205 659 batur
2237 622 2250 660 :
2288 606 2656 661 mendicabat
2687 622 2900 672 sermo,
2954 605 3180 678 opinor,
3233 604 3351 660 imo
3384 620 3489 660 nec
3519 602 3678 659 ullus

2025 711 2152 749 esse
2203 699 2446 767 poterat,
2500 696 2872 751 cessantibus
2922 697 3098 751 etiam
3151 700 3313 761 tunc,
3366 693 3492 750 sine
3543 693 3671 766 qui-

2026 784 2136 839 bus
2194 785 2368 840 etiam
2444 785 2618 841 hodie
2661 786 2786 856 jam
2850 785 3096 852 beatior,
3170 790 3229 841 et
3304 784 3673 856 locupletior,

2024 878 2081 928 et
2108 874 2450 944 prudeutior
2478 891 2607 930 esse
2646 892 2762 931 non
2795 879 3005 947 potest,
3059 874 3109 930 si
3158 890 3225 930 ea
3256 890 3383 946 qua:
3441 878 3557 929 tam
3592 874 3673 927 fa-

2024 962 2178 1029 cilia,
2243 968 2360 1019 tam
2412 963 2675 1030 assidua,
2721 970 2842 1019 tam
2896 964 3160 1036 proxima
3188 964 3382 1026 'hodie
3424 966 3581 1029 sunt,
3614 962 3675 1017 in

2023 1050 2169 1123 ipsis
2199 1053 2632 1124 quodammodo
2665 1053 2835 1109 labiis
2864 1058 3047 1125 parta,
3102 1058 3255 1110 retro
3287 1069 3403 1108 non
3437 1052 3676 1108 fuerunt

2023 1146 2339 1212 antequam
2391 1141 2600 1197 litterae
2646 1141 2705 1197 in
2760 1141 2972 1198 saeculo
3020 1143 3472 1215 germinassent,
3506 1144 3673 1196 ante-

2022 1246 2198 1301 quam
2233 1231 2554 1287 Mercurius
2596 1231 2847 1304 (opinor)
2901 1236 3075 1287 natus
3126 1231 3353 1287 fuisset.
3414 1231 3484 1285 Et
3515 1231 3671 1286 unde

2022 1320 2161 1375 ordo
2189 1319 2335 1392 ipsis
2370 1319 2579 1377 litteris
2627 1322 2938 1394 contingit,
2989 1336 3165 1376 nosse
3212 1322 3257 1356 ’⁸⁸
3302 1320 3449 1377 617
3505 1324 3563 1375 et
3610 1320 3670 1374 in

2022 1424 2194 1464 usum
2254 1408 2496 1480 loquela:
2556 1410 2964 1480 dissemioare,
3039 1427 3166 1482 quae
3227 1409 3349 1465 ulla
3406 1425 3667 1480 unquam

2024 1513 2187 1553 mens
2218 1504 2582 1570 conceperat,
2618 1505 2720 1555 aut
2752 1500 2954 1573 lingua
2987 1498 3325 1571 protulerat,
3375 1502 3477 1555 aut
3506 1498 3669 1553 auris

2019 1590 2367 1660 exceperat?
2421 1589 2653 1644 Atenim
2698 1606 2829 1645 cum
2896 1589 3103 1644 divina;
3163 1589 3496 1662 Scriptum,
3543 1604 3666 1659 quae

2020 1693 2196 1748 penes
2230 1693 2335 1733 nos
2363 1677 2449 1733 vel
2479 1677 2715 1735 Judteos
2745 1683 2904 1745 sunt,
2955 1678 3013 1733 in
3045 1694 3297 1750 quorum
3328 1678 3373 1713 ⁷³
3416 1676 3667 1733 oleastro

2018 1765 2177 1821 insiti
2210 1783 2439 1835 sumus,
2486 1767 2668 1822 multo
2718 1766 3098 1823 saecularibus
3147 1766 3361 1823 litteris
3395 1784 3510 1822 non
3544 1782 3666 1822 mo-

2017 1855 2148 1910 dica
2179 1860 2407 1911 tantum
2441 1860 2609 1911 etate
2639 1855 2839 1927 aliqua
2886 1856 3251 1923 antecedant,
3304 1860 3369 1911 ut
3398 1855 3523 1911 loco
3555 1871 3662 1911 suo

2009 1944 2355 2001 edocuimus
2384 1946 2455 2000 ad
2490 1945 2664 2000 {idem
2698 1961 2899 2000 earum
2948 1945 3467 2000 demonstrandam
3504 1961 3519 2011 ;
3552 1942 3661 1999 etsi

2008 2032 2127 2087 hinc
2156 2032 2390 2105 eloquia
2423 2033 2493 2089 de
2526 2032 2738 2089 litteris
2771 2035 3078 2106 usurpavit
3109 2033 3326 2102 anima,
3360 2033 3559 2104 utique
3589 2032 3659 2087 de

2007 2122 2223 2178 nostris
2261 2123 2617 2179 credendum
2645 2124 2775 2189 erit,
2807 2140 2923 2179 non
2970 2123 3040 2178 de
3088 2123 3300 2179 vestris
3333 2140 3347 2179 :
3376 2121 3516 2195 quia
3546 2138 3648 2194 po-

2006 2212 2155 2266 tiora
2207 2217 2348 2267 sunt
2379 2213 2448 2268 ad
2498 2213 2903 2268 instruendum
2937 2212 3194 2268 animam
3219 2212 3436 2285 priora,
3469 2227 3647 2284 quam

2009 2306 2261 2370 postera,
2292 2318 2417 2373 qua:
2447 2309 2502 2357 et
2551 2301 2681 2373 ipsa
2712 2318 2745 2357 a
2791 2301 3085 2375 prioribus
3131 2301 3343 2356 instrui
3391 2299 3652 2357 sustine-

2010 2389 2324 2462 bant(3-’i);
2357 2408 2513 2461 cum,
2549 2392 2654 2446 etsi
2697 2392 2768 2447 de
2799 2393 3005 2447 vestris
3055 2390 3399 2447 instructam
3449 2405 3653 2446 conce-

2011 2479 2242 2548 damus,
2292 2480 2363 2535 ad
2409 2479 2694 2553 originem
2746 2485 2941 2537 tamen
2984 2479 3368 2552 principalem
3416 2478 3654 2535 traditio

2015 2568 2323 2640 pertineat,
2357 2574 2743 2641 nostrumque
2763 2570 3002 2626 omnino
3030 2570 3126 2637 sit,
3155 2570 3570 2642 quodcumque
3590 2569 3662 2625 de

2014 2657 2229 2713 nostris
2256 2659 2584 2731 sumpsisse
2614 2665 2672 2715 et
2704 2659 3008 2715 tradidiise
3035 2659 3279 2729 contigit
3307 2657 3663 2726 vobis.Quod

2016 2764 2150 2802 cum
2184 2747 2266 2803 ita
2296 2747 2396 2818 sit,
2427 2764 2544 2804 non
2585 2750 2837 2804 multum
2871 2749 3065 2816 refert,
3100 2766 3174 2804 an
3206 2765 3239 2805 a
3268 2753 3380 2804 Deo
3412 2749 3664 2805 formata

2017 2838 2095 2892 sit
2124 2836 2338 2893 animae
2368 2837 2746 2907 conscientia,
2781 2855 2853 2893 an
2890 2838 3101 2893 litteris
3132 2838 3257 2894 Dei.
3284 2838 3434 2903 Quid
3480 2837 3665 2909 igitur

2017 2925 2326 2994 vis,homo,
2351 2926 2422 2981 de
2441 2926 2714 2983 humanis
2744 2927 3052 2983 sententiis
3083 2925 3408 2982 litterarum
3426 2930 3661 2982 tuarum

2018 3016 2205 3071 exisse
2237 3015 2357 3070 haec
2388 3015 2445 3070 in
2480 3033 2624 3073 usus
2652 3016 2985 3073 communis
3015 3016 3403 3072 callositatem
3436 3014 3593 3087 (35)?

2019 3104 2151 3160 CAP.
2185 3121 2262 3159 v1.
2289 3105 2468 3161 Crede
2499 3104 2692 3177 itaque
2721 3106 2864 3173 tuis,
2898 3111 2954 3161 et
2983 3106 3053 3161 de
3093 3105 3529 3162 commentariis
3560 3120 3664 3160 no-

2019 3194 2161 3249 stris
2192 3198 2351 3249 tanto
2372 3195 2560 3266 magis
2592 3195 2763 3251 crede
2797 3194 3221 3263 divinis,sedde
3250 3193 3665 3265 auimeipsius

239 3285 578 3358 congenitae
629 3290 687 3340 et
743 3282 1014 3356 ingenita:
1084 3282 1454 3338 conscientiae
1517 3284 1690 3339 tacita
1747 3300 1908 3339 com-
1940 3268 1981 3333 C
2022 3282 2263 3339 arbitrio
2296 3284 2536 3355 perinde
2568 3286 2737 3340 crede
2768 3288 3009 3339 naturae.
3044 3284 3204 3356 Elige
3244 3300 3421 3356 quam
3474 3298 3546 3339 ex
3574 3282 3667 3338 his

244 3376 445 3432 missa
466 3374 530 3443 ⁷ο,
565 3373 715 3428 dicet
742 3372 941 3445 potius
971 3370 1335 3427 diventilatis
1366 3371 1423 3426 in
1444 3372 1652 3443 vulgus
1684 3372 1907 3444 opinio-

247 3465 460 3530 nibus,
505 3460 934 3535 publicatarum
983 3461 1026 3496 τί
1066 3460 1393 3516 litterarum
1445 3478 1640 3528 usum,
1685 3462 1809 3531 jam
1856 3466 1913 3517 et

244 3552 428 3626 quasi
471 3551 676 3607 vitium
725 3551 1164 3606 corroboratum
1216 3550 1410 3606 taliter
1454 3552 1909 3607 sermocinandi.

249 3644 429 3699 Certe
463 3640 625 3712 prior
674 3640 893 3708 anima,
944 3656 1123 3712 quam
1183 3640 1377 3695 littera
1433 3640 1582 3712 (33);
1642 3645 1699 3696 et
1758 3641 1913 3713 prior

248 3749 482 3800 sermo,
516 3746 694 3801 quam
726 3728 874 3785 liber
901 3746 916 3795 ;
946 3733 1002 3784 et
1036 3728 1194 3800 prior
1215 3745 1446 3796 sensus,
1480 3746 1657 3800 quam
1690 3730 1912 3802 stylus;

249 3828 309 3877 et
346 3820 512 3893 prior
558 3819 734 3874 homo
784 3818 930 3890 ipse,
984 3834 1157 3892 quam
1204 3817 1590 3891 philosophus
1640 3824 1696 3874 et
1726 3826 1913 3891 poeta.

248 3908 567 3981 Numquid
594 3924 729 3980 ergo
753 3907 1111 3963 credendum
1144 3911 1252 3967 est.
1287 3912 1420 3963 ante
1444 3907 1831 3964 litteraturam
1864 3919 1922 3971 et

251 3998 727 4070 divulgationem
759 3997 887 4068 ejus
920 4001 1114 4053 mutos
1146 3998 1369 4068 absque
1410 3997 1749 4068 hujusmodi
1782 4016 1918 4071 pro-

251 4086 738 4144 nuntiationibus
754 4084 1023 4143 homines
1044 4085 1259 4143 vixisse
1281 4085 1309 4140 Ἰ
1329 4086 1510 4142 Nemo
1534 4092 1715 4143 Deum
1749 4092 1807 4149 et
1823 4088 1921 4144 bo-

2021 3372 2253 3428 ﬁdelius
2298 3374 2341 3407 ⁷³
2386 3388 2646 3429 sororem
2693 3374 2964 3429 observes
3019 3372 3278 3428 veritatis
3328 3372 3462 3445 (36).
3506 3372 3563 3426 Si
3596 3373 3668 3428 de

2020 3462 2138 3518 tuis
2187 3462 2398 3518 litteris
2446 3463 2707 3531 dubitas,
2765 3478 2949 3533 neque
2999 3462 3174 3527 Deus,
3224 3478 3412 3534 neque
3458 3465 3669 3517 natura

2023 3550 2306 3605 mentitur
2337 3567 2350 3605 :
2386 3554 2450 3605 ut
2478 3555 2535 3605 et
2567 3555 2785 3605 naturae
2816 3556 2872 3605 et
2902 3550 3017 3606 Deo
3048 3549 3272 3617 credas,
3324 3549 3493 3605 crede
3546 3548 3670 3604 ani-

2024 3658 2130 3696 mae
2156 3658 2169 3708 ;
2204 3643 2283 3696 ita
2315 3641 2431 3709 ﬁet,
2463 3645 2527 3697 ut
2556 3646 2614 3696 et
2647 3640 2748 3696 tibi
2779 3641 3005 3696 credas.
3038 3639 3140 3695 Illa
3170 3644 3323 3695 certe
3353 3643 3464 3707 est,
3491 3655 3670 3710 quam

2024 3730 2172 3784 tanti
2206 3730 2367 3801 facis,
2401 3734 2686 3801 quantum
2722 3729 2765 3764 7‘
2796 3729 2895 3784 illa
2947 3734 3002 3784 te
3061 3729 3198 3784 facit
3231 3744 3243 3783 :
3278 3729 3447 3798 cujus
3490 3745 3553 3785 es
3586 3736 3669 3783 to-

2028 3824 2124 3874 tus
2168 3836 2180 3874 :
2224 3835 2350 3890 quae
2410 3817 2515 3873 tibi
2565 3818 2763 3873 omnia
2819 3822 2946 3885 est;
2999 3817 3125 3872 sine
3181 3833 3295 3887 qua
3331 3833 3437 3872 nec
3483 3816 3670 3871 vivere

2028 3912 2192 3979 potes
2224 3924 2328 3964 nec
2360 3907 2507 3963 mori
2533 3925 2546 3976 ;
2580 3916 2814 3980 propter
2844 3923 3022 3977 quam
3045 3906 3227 3961 Deum
3256 3905 3506 3977 negligis
3535 3906 3670 3976 (37).

2028 3999 2172 4053 Cum
2206 3997 2361 4052 enim
2394 3997 2566 4052 times
2601 3996 2723 4052 fieri
2754 3996 3144 4063 Christianus,
3178 3993 3330 4049 018
3372 4011 3501 4050 eam
3533 4010 3669 4049 con-

2029 4087 2158 4143 veni
2192 4102 2205 4142 :
2240 4102 2346 4142 cur
2376 4085 2556 4142 alium
2589 4086 2803 4155 colens,
2841 4091 3019 4141 Deum
3051 4082 3358 4140 nominat?
3388 4099 3511 4152 cur,
3535 4098 3671 4138 eum

1687 4266 1890 4329 Variae
1933 4265 2253 4328 lectiones.

330 4412 384 4447 ⁶²
409 4411 633 4468 Anima:
667 4413 783 4480 Βία.
898 4410 942 4447 ⁸³
973 4410 1109 4476 Qua:
1138 4411 1221 4464 aI.
1335 4408 1380 4443 ⁸³
1411 4412 1489 4465 De
1519 4408 1643 4465 add.
1678 4411 1799 4479 Rz’g.

1940 4408 1984 4444 ⁸³
2005 4409 2149 4483 Putp
2180 4410 2309 4483 Rig.

2445 4408 2489 4443 ⁶⁶
2537 4408 2639 4464 Est
2684 4407 2743 4464 in
2795 4410 2848 4463 te
2897 4408 3016 4478 Rig.
3128 4409 3172 4443 ⁶⁷
3205 4408 3273 4463 Et
3316 4407 3466 4464 abest
3495 4412 3682 4478 Paris:

250 4485 299 4557 ξιξ
335 4484 677 4557 Eruptionis
716 4470 1011 4557 Wouwer."
1058 4482 1104 4517 ⁸³
1136 4482 1203 4536 Et
1229 4480 1375 4557 abest
1406 4482 1526 4550 Βία.
1602 4482 1650 4557 ξ²⁰
1680 4470 1881 4557 Tacite
1911 4470 2290 4557 commissam
2320 4481 2597 4557 Wouwer.
2643 4481 2715 4557 ηπ
2740 4470 3110 4557 P_ub_l_ica_t_um
3139 4481 3267 4557 Ju‘n,
3344 4470 3686 4557 7’_tlontigit§

254 4555 427 4612 Unde
456 4552 630 4614 nosse
657 4558 787 4615 Jun.
863 4556 908 4591 ⁷⁸
939 4555 1003 4611 In
1031 4569 1281 4626 quorum
1314 4552 1442 4610 olea
1469 4569 1539 4609 ex
1566 4554 1818 4610 oleastra
1847 4553 2010 4609 insiti
2041 4569 2257 4610 sumus
2310 4553 2460 4608 Latt.
2494 4552 2695 4623 Rigalt.

2772 4550 3139 4607 “Fidelibus
3186 4553 3304 4623 Κίρ.
3382 4552 3427 4588 π
3470 4550 3683 4621 Qua—nti

252 4632 404 4686 Jun.

1710 4732 2233 4796 Commentarius.

253 4876 527 4934 Αἶηείάοε
583 4878 653 4934 de
727 4877 923 4949 Cajeta
976 4876 1166 4932 Ense
1237 4875 1462 4932 nutrice
1517 4874 1682 4948 paria
1740 4876 1998 4944 fermeD
2098 4875 2362 4949 —-:Prz'ar
2388 4876 2581 4931 anima
2612 4890 2783 4949 quam
2810 4874 3013 4929 littera.
3050 4874 3209 4949 Idem
3257 4880 3674 4947 argumentum

254 4951 449 5007 habet
479 4965 494 5007 :
802 4946 818 4949 ⁷
1519 4946 1537 4948 “
2029 4946 2263 5022 conﬁcit
2291 4963 2546 5022 magnus
2575 4946 2862 5022 Antonius
2909 4948 3054 5022 teste
3084 4946 3406 5022 Athanasio
3454 4949 3513 5005 in
3547 4951 3675 5022 ejus

322 5066 392 5115 Et
419 5079 570 5115 nunc
599 5068 776 5115 servat
796 5064 968 5114 bonos
989 5063 1175 5128 sedem
1199 5066 1340 5121 tuus,
1372 5072 1598 5128 ossaque
1628 5076 1825 5114 nomen

330 5129 595 5192 Hesperia
623 5129 676 5177 in
707 5142 922 5191 magus,
957 5127 1001 5176 si
1029 5140 1135 5189 qua
1164 5129 1244 5175 est
1270 5140 1333 5176 ea
1360 5126 1813 5190 gloria,signat,Le
1834 5128 1916 5176 Pr.

343 5236 458 5307 (32)
507 5236 655 5291 Abiit
686 5237 829 5307 jam.
880 5233 1118 5307 Veteres
1164 5238 1412 5288 mortuus
1458 5236 1537 5290 est
1612 5234 1919 5307 dicebant,

258 5304 447 5373 vixit,
474 5304 791 5375 abiit,abiit
821 5306 892 5361 ad
917 5304 1130 5377 plures.
1155 5307 1319 5377 ᾼριιά
1345 5307 1577 5361 Festum
1597 5306 1774 5362 etiam
1797 5306 1919 5361 abi-

258 5381 351 5435 tio
385 5396 490 5449 pro
522 5387 705 5433 morte
735 5376 1011 5434 sumitur.
1047 5376 1128 5431 LE
1159 5376 1258 5431 Pa.

341 5447 459 5521 (33)
494 5453 655 5506 Certe
696 5452 855 5522 prior
900 5450 1091 5522 anima
1120 5463 1286 5522 quam
1334 5448 1541 5522 littera.
1576 5454 1759 5522 Locus
1792 5447 1923 5522 iste,

253 5518 755 5593 quandoquidem
794 5520 969 5593 paulo
1002 5526 1135 5590 post
1165 5519 1334 5593 hanc
1364 5521 1574 5576 animae
1626 5518 1921 5593 loquelam

253 5590 650 5648 traditionem
683 5590 1006 5663 nuncupat,
1058 5590 1278 5664 optime
1326 5597 1516 5663 potest
1554 5590 1818 5664 adaptari
1851 5590 1921 5645 ad

254 5666 657 5721 traditionum
689 5663 1475 5736 ecclesiast.auctoritatem,
1528 5663 1741 5736 quippe
1796 5678 1925 5736 qua?

254 5736 445 5793 libris
494 5737 772 5793 omnibus
815 5739 873 5792 et
916 5734 1076 5807 style,
1129 5733 1187 5790 id
1236 5738 1327 5791 est
1375 5732 1707 5792 litteratura
1763 5732 1925 5791 omni

260 5807 505 5881 priores
534 5812 693 5864 sunt.
726 5812 874 5863 Pan.

2030 5019 2184 5083 Vita,
2216 5017 2420 5075 contra
2451 5018 2830 5090 philosophos
2863 5017 3171 5088 quosdam.
3204 5018 3336 5074 Lac.

2103 5090 2217 5162 (34)
2246 5092 2479 5146 Instruit
2505 5091 2874 5145 sustinebant.
2937 5090 3050 5144 [loc
3080 5092 3188 5157 est,
3239 5092 3675 5163 exspectabant.

2031 5166 2215 5304 Ιῖι(ὶζξὸ)
2249 5235 2310 5289 ιη
2366 5249 2498 5288 usus
2550 5214 2881 5289 consummis
2928 5231 3309 5304 callositatem.
3353 5238 3679 5293 Consuetu-

2032 5303 2229 5386 dinem
2256 5304 2571 5377 signiﬁcat,
2606 5322 2733 5376 qua:
2764 5304 2934 5374 longo
2967 5320 3075 5358 usu
3107 5303 3285 5359 veluti
3331 5306 3549 5364 callum
3580 5310 3680 5365 ob-

2034 5378 2220 5518 duélé).
2248 5446 2500 5503 Sororem
2528 5447 2774 5503 observes
2804 5446 3067 5501 veritatis.
3116 5445 3179 5519 id
3216 5450 3326 5519 est,
3387 5465 3523 5519 quae,
3548 5465 3682 5517 pro-

2077 5514 2172 5592 ius
2200 5514 2270 5573 ad
2302 5519 2605 5575 veritatem
2655 5519 2913 5586 accedat,
2960 5522 3059 5584 τῆς
3106 5514 3365 5586 saneea;
3403 5514 3676 5592 ⁷ἀδελξρήν.

2082 5590 2503 5733 ἾΒξΙῗῬνορεεν
2549 5678 2716 5733 quam
2758 5661 2927 5716 Deum
2990 5660 3245 5733 negligis.
3299 5659 3403 5722 Qui
3455 5658 3677 5733 scilicet

2034 5731 2210 5789 times
2243 5731 2788 5796 fieri—Christianus.
2838 5747 2911 5786 ne
2955 5731 3262 5785 nobiscum
3309 5747 3412 5800 pro
3443 5732 3679 5789 nomine

2036 5802 2247 5861 Christi
2272 5804 2554 5874 animam,
2588 5803 2698 5860 hoc
2728 5806 2816 5859 est
2845 5800 3047 5868 vitam,
3081 5816 3286 5871 ponas.
3318 5805 3443 5858 me.
