4094 6186
410 368 519 428 691
928 370 1456 433 TERTULLIANI
1501 373 1828 438 OPERUM
1876 376 2071 438 PARS
2116 377 2164 438 Ῑ.
2196 409 2275 421 -
2311 376 2582 438 SERIES
2627 377 2673 453 Ι,
2723 376 3286 440 APOLOGETIGA.
3653 380 3757 440 692’.

410 498 845 557 maledicendos
877 501 1118 573 spiritus
1165 504 1421 576 denotat,
1450 506 1739 565 daemonia
1789 525 2052 582 pronun-
2086 510 2136 576 Α
2167 510 2523 565 communis.
2555 509 2705 566 Deus
2738 508 2955 583 ubique
2984 510 3117 583 (41),
3152 513 3208 566 et
3238 509 3457 566 bonitas
3502 510 3595 567 Dei
3644 511 3762 567 ubi-

405 587 515 644 tiat
544 589 571 645 ?
600 589 715 646 Cur
745 590 814 647 ad
846 591 1057 647 omium
1096 598 1462 651 contestatur
1488 597 1620 670 (38),
1654 603 1711 654 et
1742 599 1810 655 ad
1842 603 2059 654 terram
2172 615 2323 671 que:
2359 598 2714 655 dmmonium
2747 600 2991 671 ubique,
3048 603 3105 655 et
3158 598 3474 656 maledictio
3528 600 3771 657 daemonii

406 678 727 735 detestatur
755 680 782 735 ?
811 682 927 737 Cur
954 680 1093 739 alibi
1134 683 1334 755 servit,
1360 684 1497 741 alibi
1533 686 1819 743 vindicem
1855 704 2059 743 conve-
2170 688 2410 761 ubique,
2435 688 2648 759 judicii
2682 688 2862 743 divini
2910 690 3196 745 invocatio
3227 689 3455 760 ubique.
3486 706 3631 745 mors
3658 690 3773 744 ubi-

408 768 497 823 nit
530 770 689 841 (39)?
720 769 837 826 Cur
866 772 937 827 de
968 772 1211 829 mortuis
1233 774 1506 845 judicat?
1537 776 1653 832 Cur
1683 778 1857 833 verba
1887 777 2063 833 habet
2170 796 2303 851 que,
2335 782 2391 834 et
2420 777 2778 835 conscientia
2810 778 3015 834 mortis
3061 778 3276 849 ubique
3306 784 3363 834 et
3404 779 3773 834 testimonium

410 856 1062 933 Christianorum,quos
1083 879 1154 918 ne
1170 863 1212 897 ⁷⁷
1230 864 1459 921 auditos
1475 866 1747 939 visosque
1763 866 1927 922 vult?
1949 868 2063 923 Cur
2173 869 2413 940 ubique.
2448 867 2655 924 Omnis
2686 867 2892 924 anima
2914 884 3019 924 suo
3043 868 3177 939 jure
3208 866 3661 940 proclamat,quaa
3687 883 3779 922 no-

407 950 515 1002 aut
575 948 747 1005 nobis
778 949 939 1007 dedit
996 968 1063 1007 ea
1110 951 1302 1023 verba,
1336 958 1438 1010 aut
1487 956 1713 1029 accepit
1766 974 1800 1012 a
1852 956 2065 1013 nobis?
2169 957 2261 1014 bis
2293 975 2364 1014 ne
2394 957 2438 992 ⁸ο
2487 956 2703 1013 mutire
2746 957 3104 1013 conceditur.
3138 957 3341 1013 Merito
3390 956 3561 1029 igitur
3605 956 3777 1012 omnis

406 1036 521 1092 Cur
550 1041 652 1094 aut
673 1039 890 1111 docuit,
914 1044 1016 1097 aut
1033 1040 1239 1098 didicit
1259 1042 1286 1097 ‘l
1316 1046 1659 1117 Suspectum
1682 1046 1834 1102 habe
1862 1046 1905 1081 ⁷⁸
1928 1062 2062 1102 con-
2169 1046 2367 1103 anima
2396 1063 2494 1103 rea
2540 1050 2599 1103 et
2644 1046 2814 1103 testis
2844 1050 2955 1114 est,
3008 1045 3067 1101 in
3099 1051 3332 1103 tantum
3361 1048 3417 1101 et
3444 1061 3539 1101 rea
3567 1044 3781 1113 erroris,

403 1125 759 1185 venientiam
792 1129 1220 1201 praedicationis
1253 1132 1311 1188 in
1348 1138 1514 1191 tanta
1562 1135 2060 1192 disconvenientis
2168 1136 2229 1192 in
2262 1139 2549 1210 quantum
2580 1137 2623 1173 ⁸¹
2666 1136 2835 1192 testis
2865 1135 3130 1192 veritatis
3162 1153 3176 1205 ;
3208 1140 3267 1191 et
3295 1133 3469 1191 stabit
3515 1138 3639 1189 ante
3692 1150 3783 1188 au-

403 1217 881 1274 conversationis.
915 1223 1117 1277 Vanus
1148 1238 1230 1292 es,
1265 1224 1315 1277 si
1369 1223 1503 1280 huic
1552 1224 1771 1297 linguae
1816 1224 1925 1281 soli
1956 1230 2061 1282 aut
2168 1226 2257 1282 las
2286 1226 2398 1298 (42)
2432 1225 2530 1281 Dei
2561 1225 2912 1296 diejudicii,
2946 1224 3091 1281 nihil
3122 1224 3345 1281 habens
3387 1223 3588 1280 dicere.
3620 1222 3782 1278 Deum

405 1304 635 1377 Graeca,
690 1323 819 1379 quae
872 1308 1215 1381 propinquas
1277 1313 1432 1368 inter
1460 1330 1524 1370 se
1580 1314 1871 1371 habentur
1925 1316 2059 1387 (40),
2170 1316 2529 1388 prasdicabas
2560 1316 2628 1384 ⁸2,
2677 1320 2879 1371 etnon
2926 1314 3308 1387 requirebas;
3343 1313 3619 1369 daemonia
3658 1313 3786 1366 abo-

403 1394 705 1466 reputabis
731 1396 1051 1467 ejusmodi,
1085 1404 1149 1454 ut
1198 1417 1377 1473 neges
1435 1407 1657 1459 naturis
1709 1405 2058 1460 universita-
2172 1403 2516 1470 minabaris,
2548 1408 2603 1460 et
2648 1402 2752 1458 illa
2800 1402 3434 1475 adorabas;judicium
3464 1401 3560 1457 Dei
3608 1398 3787 1473 appel-

406 1484 546 1537 tem.
581 1482 707 1539 Non
742 1486 960 1543 Latinis
992 1504 1097 1543 nec
1128 1489 1353 1562 Argivis
1394 1490 1537 1549 solis
1590 1494 1789 1550 anima
1819 1494 1889 1550 de
1919 1493 2060 1550 caelo
2170 1493 2355 1562 labas,
2386 1510 2492 1549 nec
2537 1508 2667 1549 esse
2712 1491 3032 1561 credebas;
3082 1492 3311 1548 inferna
3358 1490 3635 1563 supplicia
3661 1504 3786 1561 pra:-

404 1570 581 1626 cadit.
614 1572 891 1630 Omnium
923 1576 1187 1649 gentium
1220 1596 1377 1636 unus
1408 1581 1585 1639 homo
1630 1600 1845 1639 nomen
1877 1587 1965 1639 est
1994 1584 2059 1654 7°,
2170 1583 2469 1655 sumebas,
2502 1586 2558 1639 et
2590 1598 2705 1639 non
2738 1582 3102 1654 przscavebas
3129 1598 3143 1650 ;
3170 1580 3559 1637 Christianum
3599 1594 3787 1636 nomen

406 1676 525 1716 una
553 1662 771 1734 anima,
792 1666 953 1722 varia
978 1683 1108 1736 vox,
1142 1685 1296 1726 unus
1329 1671 1603 1743 spiritus,
1624 1673 1823 1729 varius
1855 1689 2058 1744 sonus,
2172 1672 2467 1746 sapiebas,
2501 1676 2556 1728 et
2581 1670 2978 1728 Christianum
3011 1669 3476 1744 persequebaris.

403 1750 641 1824 propria
667 1753 877 1827 cuique
904 1755 1061 1828 genti
1090 1756 1344 1831 loquela,
1382 1762 1485 1818 sed
1536 1761 1779 1834 lequelte
1811 1762 2062 1819 materia

1818 1888 2022 1950 Varias
2065 1886 2388 1949 lectiones.

474 1985 517 2022 ⁷⁷
547 1986 662 2043 Nec
691 1988 811 2059 Βία.
889 1989 934 2025 ⁷³
956 1990 1156 2065 iiabes
1184 1994 1313 2049 Jun.
1350 1995 1470 2064 Rig.
1547 1996 1594 2031 7°
1623 1995 1785 2052 Unus
1816 1997 2016 2063 homo,
2047 1997 2277 2052 varium
2325 2011 2538 2051 nomen
2573 1998 2663 2049 est
2687 1996 2819 2049 Jun.
2868 1993 3069 2064 Rigalt.
3118 1993 3398 2050 Omnium
3445 1991 3796 2065 gentium_va-

402 2058 557 2141 rium
585 2058 797 2115 nomen
830 2064 919 2141 est
956 2063 1171 2141 Wouw._
1231 2065 1276 2100 ⁸ο
1308 2058 1438 2123 Νθέ
1462 2068 1724 2125 Wouwer.
1759 2071 1877 2141 Rig.
1954 2058 2101 2125 ειἘι
2128 2069 2259 2125 add.
2291 2070 2416 2141 Rig.
2493 2068 2544 2103 ⁸²
2568 2067 2724 2121 Nihil
2758 2058 2981 2122 habens
3006 2066 3219 2135 dicere,
3250 2067 3352 2121 sed
3394 2058 3633 2121 audiens
3661 2062 3791 2118 dioe-

398 2145 480 2199 re,
512 2130 699 2188 Deum
723 2133 1105 2204 praedicabas,
1138 2135 1269 2194 Jun.

1839 2237 2365 2300 Commentarius.

441 2334 583 2416 “(38)
616 2334 726 2391 Cur
752 2336 825 2392 ad
851 2339 1045 2416 caelum
1074 2343 1446 2416 contestatur.
1466 2342 1640 2397 Notat
1692 2342 2047 2416 Macrobius,
2080 2351 2127 2415 Β
2160 2346 2223 2399 ut
2253 2343 2681 2416 redemptorem
2714 2345 2771 2395 et
2801 2345 3176 2416 assertorem,
3211 2338 3695 2416 quemadmodum
3727 2334 3788 2416 ad

412 2403 517 2461 lib.
550 2403 638 2473 iu,
687 2424 815 2481 cap.
870 2410 925 2486 9,
986 2416 1043 2466 et
1095 2412 1349 2479 Servius,
1392 2412 1494 2470 lib.
1538 2430 1617 2486 in
1648 2415 1864 2470 /Encid.
1897 2403 2052 2470 vete;
2080 2403 2125 2415 ”
2173 2415 2330 2486 leges
2360 2415 2430 2469 12
2460 2403 2580 2468 tab.
2608 2412 2765 2468 hunc
2806 2413 2997 2468 locum
3045 2403 3251 2486 citans:
3277 2411 3452 2467 latius
3483 2412 3792 2481 interpreta-

412 2493 515 2560 .res
584 2495 694 2560 pro
759 2480 1041 2552 qualitate
1117 2486 1455 2560 numinum,
1532 2485 1830 2560 interdum
1916 2486 2059 2560 ima,
2167 2480 2635 2560 turBeynardus
2669 2483 3458 2560 no_ster,cap.8et9_.l_3u.

409 2551 710 2628 interdum
741 2621 753 2628 _
781 2551 1039 2628 summa
1132 2551 1477 2628 respexisse.
1579 2558 1679 2611 Est
1768 2551 2061 2613 contestari
2245 2551 2543 2628 (iOdez
2589 2558 2909 2628 propinquae
2957 2551 3102 2628 inter
3146 2571 3201 2609 se
3246 2554 3535 2628 habentur.
3586 2551 3795 2606 Veteres

410 2624 622 2703 testem
664 2621 857 2692 palam
906 2626 1077 2703 ciere.
1127 2621 1327 2683 Cicéro
1384 2629 1452 2703 i_n_
1501 2631 1740 2703 Verrem
1778 2645 1789 2682 :
1826 2651 1853 2677 ‹‹
1916 2635 2061 2703 Deos
2171 2621 2842 2703 enim'Griscas'litteras
2874 2627 3636 2703 easdem_pene_f_uissc,quaa
3658 2635 3793 2675 nunc

410 2692 819 2771 hominesque
847 2701 1244 2771 contestatus.
1308 2722 1336 2749 »
1398 2701 1555 2754 Idem
1628 2701 1744 2755 Cic.
1805 2700 2062 2771 appellat
2175 2700 2385 2753 Latinae
2418 2706 2576 2763 sunt,
2614 2699 2829 2753 indicio
2861 2715 2988 2753 esse
3020 2692 3224 2771 scribit
3248 2697 3496 2758 Plinius,
3530 2692 3667 2749 ΡΑΜ.

408 2768 777 2842 contestatam
802 2766 889 2842 (de
916 2770 1233 2838 Divinat.):
1275 2793 1294 2818 ι
1330 2771 1510 2834 Quem
1559 2771 1716 2826 enim
1770 2766 1900 2825 non
1935 2790 2058 2827 mo-
2241 2772 2352 2841 (41)
2402 2772 2543 2826 Deus
2602 2772 2828 2842 ubique,
2888 2776 2998 2825 etc.
3052 2769 3272 2842 Ubique
3328 2784 3585 2842 praesens
3626 2769 3719 2842 ‘est
3737 2766 3793 2842 et

408 2843 538 2891 veat
553 2834 1053 2915 clarissimismon
1064 2834 1320 2896 umentis
1342 2846 1667 2898 contestata
1683 2844 2057 2915 consignata-

1709 2844 2057 2915 ;onsignata-
2169 2834 2366 2915 omnia
2394 2842 2597 2915 replet,
2630 2841 2656 2894 ὁ
2704 2834 2985 2914 satraps
3036 2834 3225 2915 παρὼν(
3253 2834 3366 2915 κεπιῖΔ
3397 2839 3561 2892 πάντα
3584 2834 3790 2915 ⁴ετλῃρῶν

410 2922 523 2979 que
548 2910 872 2965 auctoritas
892 2912 921 2965 ‘I
948 2935 978 2962 »
1007 2914 1106 2969 Est
1160 2919 1356 2970 autem
1407 2915 1638 2972 detestor
1681 2908 1970 2983 exsecror,
2004 2918 2062 2971 et

410 2979 735 3036 abominor.
771 2981 903 3037 Lac.

1709 2908 1970 2983 ixsecror,
2004 2918 2062 2971 et
2168 2914 2364 3040 ilfiqgit
2391 2908 2476 2969 S.’
2508 2908 2961 2985 Chrysostom'us
3008 2908 3154 2968 orat.
3204 2913 3239 2966 2
3284 2912 3551 2968 adversus
3578 2908 3789 2966 Iudaeos.

2218 3004 2247 3039 Ε
2328 3003 2382 3039 R.

526 2997 735 3036 minor.
771 2997 903 3037 LAC.
2173 2997 2247 3039 LE
2282 2997 2382 3039 PR.

477 3051 590 3126 (39)
620 3055 740 3126 cur
762 3054 931 3110 alibi:
959 3058 1143 3120 servit,
1176 3056 1317 3111 alibi
1344 3056 1615 3112 vindicem
1636 3058 1871 3111 conveni
1879 3063 1897 3111 t
1916 3060 1938 3109 .9
1959 3056 2056 3109 ΑΙ·
2242 3057 2357 3126 (42)
2387 3057 2449 3110 Et
2477 3055 2647 3110 stabit
2677 3059 2811 3109 (infe
2842 3056 3007 3110 aulas
3039 3056 3152 3109 Dei.
3188 3053 3532 3118 Rhenanus,
3560 3056 3613 3126 et
3636 3048 3792 3126 stabif

403 3120 659 3209 l‘udit'ad
687 3125 750 3209 id
793 3126 947 3209 quod
975 3143 1193 3209 supra,
1216 3144 1371 3209 -ca‘p.
1413 3132 1468 3195 2,
1503 3129 1651 3209 dixit
1682 3145 1694 3182 ε
1730 3150 1759 3177 ‹‹
1794 3129 1855 3183 1n
1911 3128 2059 3199 ipsis
2171 3120 2261 3184 lis;
2297 3120 2451 3209 Nihil
2484 3128 2903 3209 mutandumm
2936 3127 3112 3209 illud,
3136 3148 3167 3209 tt
3189 3136 3327 3181 ante
3357 3127 3524 3181 aulas
3558 3122 3797 3209 mimae}

402 3193 651 3271 denique
682 3193 1465 3271 templisDeum'judicem
1512 3200 1813 3270 imploras.
1849 3222 1876 3247 η
1910 3193 2059 3269 ρἰιεε-
2175 3222 2195 3247 α
2234 3205 2368 3255 ante
2409 3199 2753 3271 palatia‘Dei
2791 3221 2839 3271 ιι,
2892 3197 3034 3271 nisi_
3065 3198 3315 3253 fortasse
3363 3212 3553 3271 sermo
3582 3194 3649 3271 ad
3679 3205 3795 3271 9'88

402 3264 674 3347 terquem
708 3264 865 3347 quod
898 3268 993 3323 hic
1044 3286 1162 3347 non
1206 3264 1411 3347 solum,
1440 3275 1505 3326 ut
1542 3264 1829 3347 judicem,
1866 3264 1969 3347 sed
2003 3276 2061 3347 et
2171 3264 2483 3347 pertineat,
2530 3276 2586 3325 et
2631 3268 2947 3347 legendum
2990 3268 3086 3347 sit,
3120 3292 3148 3320 ‹‹
3183 3274 3321 3326 ante
3372 3268 3569 3326 caulas
3607 3264 3735 3329 Dei;
3772 3281 3795 3308 ››

400 3339 466 3389 ut
494 3338 785 3393 vindicem
818 3339 1071 3395 invocari
1106 3341 1178 3396 ab
1211 3341 1359 3413 ipsis
1394 3338 1573 3397 Deum
1616 3341 1831 3407 innuit,
1883 3342 1940 3397 id
1970 3346 2059 3397 est
2172 3338 2319 3397 nihil
2357 3347 2551 3399 tamen
2583 3338 2960 3396 mutandum.
2996 3346 3124 3396 an.

592 3592 777 3794 Ο.
900 3596 1454 3761 SEPT.
1583 3596 2157 3773 FLOR.
2279 3596 3627 3762 TERTULLIANI

1488 3874 1718 3998 AD
1810 3875 2741 3999 MARTYRES

1928 4088 2153 4150 LIBER
2193 4087 2306 4169 (1).

422 4432 425 4441 1
482 4364 917 4422 ARGUMENTUM.
949 4394 1018 4405 -—
1051 4363 1253 4432 Quinta
1278 4362 1653 4435 persecutione
1677 4362 1917 4434 iamjam
1965 4362 2292 4418 imminente
2336 4362 2437 4416 sub
2489 4362 2680 4418 Severo
2726 4362 3049 4434 opusculum
3079 4362 3229 4418 istud
3257 4362 3481 4435 scripsit
3511 4358 3800 4433 Septimius,

412 4451 472 4505 in
504 4469 606 4522 quo
634 4460 912 4525 martyres
969 4453 1297 4509 adhortatur
1351 4451 1423 4507 ad
1478 4453 1847 4526 constpntiam
1894 4451 1952 4506 in
1995 4450 2119 4521 ﬁde,
2180 4454 2229 4506 et
2278 4450 2632 4506 alacritatem
2656 4452 2716 4506 in
2745 4450 3024 4507 subeundo
3053 4453 3298 4508 carceris
3344 4451 3640 4524 squallore,
3660 4444 3803 4520 judi-

411 4553 642 4611 cumque
667 4542 918 4599 decretis.
950 4543 1052 4598 Eos
1103 4557 1233 4598 vero
1279 4542 1624 4613 potissimum
1670 4540 1741 4596 ad
1784 4555 1973 4611 pacem
2004 4539 2231 4607 invitat,
2281 4554 2447 4611 quam
2476 4540 2572 4611 qui
2598 4555 2711 4596 non
2738 4539 3010 4596 habebant
3041 4542 3101 4595 in
3121 4540 3385 4612 Ecclesia,
3419 4558 3453 4597 a
3479 4534 3803 4609 martyribus

407 4628 688 4699 petebant.

850 4861 1001 4917 619
1030 4858 1269 4918 CAPUT
1309 4860 1616 4918 PRIMUM.
2096 4859 2139 4928 C,
2178 4859 2496 4932 gnati,quaa
2528 4858 2694 4916 vobis
2723 4862 2782 4916 et
2810 4858 3053 4916 domina
3083 4858 3558 4917 mater.Ecclesia
3586 4857 3653 4914 de
3680 4853 3802 4910 ube-

413 4950 575 5006 Inter
601 4948 796 5006 carnis
827 4949 1128 5019 alimenta,
1160 4950 1448 5008 benedicti
1480 4954 1766 5022 martyres
1804 4948 1882 5020 (‘2)
1912 4946 2064 5004 desi-
2178 4947 2340 5004 ribus
2373 4948 2521 5018 suis,
2553 4952 2609 5005 ct
2640 4946 2860 5021 singuli
2894 4948 3103 5005 fratres
3135 4948 3208 5005 de
3236 4948 3451 5021 opibus
3482 4949 3498 4983 ί
3529 4947 3651 5005 suis
3686 4956 3801 5014 pro-

1836 5078 2039 5141 Variae
2080 5076 2398 5142 lectiones.

490 5162 508 5197 ¹
542 5160 830 5234 Operibus
861 5160 1033 5218 Rhen.
1063 5162 1293 5234 Francq.
1326 5161 1508 5216 Paris.

1852 5256 2372 5318 Commentarius.

487 5366 567 5437 (1)
624 5366 791 5423 Liber
848 5380 951 5423 seu
999 5365 1195 5437 potius
1272 5379 1466 5437 sermo
1541 5363 1614 5437 ad
1695 5364 2055 5435 Confessores,
2198 5364 2318 5437 _(2)
2352 5364 2629 5420 Benedicti
2655 5368 2951 5436 martyres.
2998 5364 3059 5419 Id
3093 5368 3181 5437 est
3232 5365 3521 5421 laudandi.
3556 5363 3667 5437 Hoc
3694 5355 3799 5437 epi-

420 5432 568 5510 qu'os
624 5443 905 5510 Martyres
927 5508 936 5510 Α
962 5432 1030 5510 ei
1063 5436 1267 5510 prisco
1296 5434 1605 5510 Aloquendi
1635 5432 1825 5510 _more
1870 5439 2057 5505 vocat,
2170 5432 2345 5510 theto
2380 5440 2665 5510 martyres
2699 5432 2867 5510 ornat
2902 5436 3326 5510 Tertullianus,
3348 5443 3430 5510 fut
3469 5435 3640 5508 paulo
3664 5432 3800 5510 post:

418 5497 575 5566 circa
621 5497 841 5565 annum
885 5508 1005 5563 197.
1048 5497 1249 5578 judice
1282 5505 1373 5561 Cl.
1406 5497 1740 5579 iNmsselto,
1790 5497 2061 5563 exaratus
2172 5507 2459 5579 imprimis
2484 5497 2608 5577 eryo
2642 5507 2931 5575 benedicti,
2970 5511 3027 5563 et
3054 5508 3207 5564 infra
3226 5497 3796 5579 ad'Mart'yres._Ouod

419 5586 531 5661 est,
561 5597 634 5661 eo
659 5582 775 5637 fere
805 5576 1067 5661 tempore
1096 5580 1200 5633 abs
1232 5577 1589 5659 Tertulliano
1610 5578 1799 5661 adhuc
1830 5595 1898 5661 es
1932 5594 2063 5661 asse
2172 5576 3087 5661 Eleutheriopontifici-Domst
3117 5580 3359 5661 martyri
3382 5576 3513 5661 iam.
3543 5576 3795 5661 defuncto

422 5644 729 5735 catholico,
770 5669 890 5735 quo
929 5644 1186 5735 'D‘everus
1243 5650 1330 5735 in”
1369 5665 1468 5735 eos
1526 5649 1932 5735 inquisiverat,
1962 5649 2064 5721 qui
2174 5648 2448 5735 superius
2478 5644 2971 5735 etiam‘attrjbuit.
3004 5644 3325 5735 Cyprianus
3376 5644 3728 5735 fortissimos
3741 5644 3801 5735 Ac}

420 5730 619 5794 partes
648 5716 810 5795 Nigri
842 5727 899 5781 et
925 5722 1120 5780 Albini
1150 5720 1334 5780 secuti
1383 5716 1632 5789 fuerant,
1685 5716 2064 5795 quemadmo-
2174 5716 2548 5795 beatissimos
2596 5721 2845 5795 subinde
2873 5716 3104 5795 vocare:
3162 5722 3328 5793 solet,
3380 5722 3637 5795 quodam
3681 5716 3795 5772 loco

1709 5790 1850 5849 dum
1872 5792 1994 5849 hac
2175 5790 2529 5851 fortissimos
2558 5796 2614 5851 et
2644 5790 3041 5852 ﬁdelissimos.
3072 5792 3257 5854 Rara.
