  <div class='ocr_page' id='page_1' title='image "/cluster/home/n/w/nwhite01/storage/ocr_20150623/1/hvd.32044096580337/354.png"; bbox 0 0 4094 6186; ppageno 0'>
   <div class='ocr_carea' id='block_1_1' title="bbox 308 298 425 361">
    <p class='ocr_par' dir='ltr' id='par_1_1' title="bbox 308 298 425 361">
     <span class='ocr_line' id='line_1_1' title="bbox 308 298 425 361; baseline 0.017 -3"><span class='ocrx_word' id='word_1_1' title='bbox 308 298 425 361; x_wconf 83' lang='grc'><strong>693</strong></span> 
     </span>
    </p>
   </div>
   <div class='ocr_carea' id='block_1_2' title="bbox 1725 302 2410 365">
    <p class='ocr_par' dir='ltr' id='par_1_2' title="bbox 1725 302 2410 365">
     <span class='ocr_line' id='line_1_2' title="bbox 1725 302 2410 365; baseline 0 -4"><span class='ocrx_word' id='word_1_2' title='bbox 1725 303 1827 362; x_wconf 85' lang='lat' dir='ltr'><strong>AD</strong></span> <span class='ocrx_word' id='word_1_3' title='bbox 1874 302 2327 365; x_wconf 76' lang='lat' dir='ltr'><strong>MARTYBES.</strong></span> <span class='ocrx_word' id='word_1_4' title='bbox 2387 317 2410 334; x_wconf 85' lang='grc'><strong>·</strong></span> 
     </span>
    </p>
   </div>
   <div class='ocr_carea' id='block_1_3' title="bbox 3608 306 3727 369">
    <p class='ocr_par' dir='ltr' id='par_1_3' title="bbox 3608 306 3727 369">
     <span class='ocr_line' id='line_1_3' title="bbox 3608 306 3727 369; baseline 0.017 -2"><span class='ocrx_word' id='word_1_5' title='bbox 3608 306 3727 369; x_wconf 75' lang='grc'><strong>694</strong></span> 
     </span>
    </p>
   </div>
   <div class='ocr_carea' id='block_1_4' title="bbox 305 432 3723 519">
    <p class='ocr_par' dir='ltr' id='par_1_4' title="bbox 305 432 3723 519">
     <span class='ocr_line' id='line_1_4' title="bbox 305 432 3723 519; baseline 0.001 -31"><span class='ocrx_word' id='word_1_6' title='bbox 305 433 452 505; x_wconf 90' lang='lat' dir='ltr'><strong>priis</strong></span> <span class='ocrx_word' id='word_1_7' title='bbox 480 432 541 486; x_wconf 89' lang='lat' dir='ltr'><strong>in</strong></span> <span class='ocrx_word' id='word_1_8' title='bbox 573 449 863 488; x_wconf 86' lang='lat' dir='ltr'><strong>carcerem</strong></span> <span class='ocrx_word' id='word_1_9' title='bbox 899 432 1377 501; x_wconf 79' lang='lat' dir='ltr'><strong>subministrant,</strong></span> <span class='ocrx_word' id='word_1_10' title='bbox 1430 435 1618 506; x_wconf 88' lang='lat' dir='ltr'><strong>capite</strong></span> <span class='ocrx_word' id='word_1_11' title='bbox 1649 434 1866 504; x_wconf 81' lang='lat' dir='ltr'><strong>aliquid</strong></span> <span class='ocrx_word' id='word_1_12' title='bbox 1901 438 1956 489; x_wconf 90' lang='lat' dir='ltr'><strong>et</strong></span> <span class='ocrx_word' id='word_1_13' title='bbox 1990 454 2034 519; x_wconf 76' lang='grc' dir='ltr'>Α</span> <span class='ocrx_word' id='word_1_14' title='bbox 2070 435 2287 505; x_wconf 76' lang='lat' dir='ltr'><strong>(Ephes.</strong></span> <span class='ocrx_word' id='word_1_15' title='bbox 2340 452 2415 504; x_wconf 79' lang='lat' dir='ltr'><strong>iv,</strong></span> <span class='ocrx_word' id='word_1_16' title='bbox 2477 437 2553 508; x_wconf 91' lang='lat'><strong>3),</strong></span> <span class='ocrx_word' id='word_1_17' title='bbox 2613 437 2709 508; x_wconf 87' lang='lat' dir='ltr'><strong>qui</strong></span> <span class='ocrx_word' id='word_1_18' title='bbox 2764 436 3066 493; x_wconf 83' lang='lat' dir='ltr'><strong>vobiscum</strong></span> <span class='ocrx_word' id='word_1_19' title='bbox 3126 436 3353 493; x_wconf 92' lang='lat' dir='ltr'><strong>introiit</strong></span> <span class='ocrx_word' id='word_1_20' title='bbox 3408 451 3723 493; x_wconf 89' lang='lat' dir='ltr'><strong>carcerem.</strong></span> 
     </span>
    </p>
   </div>
   <div class='ocr_carea' id='block_1_5' title="bbox 305 522 1955 595">
    <p class='ocr_par' dir='ltr' id='par_1_5' title="bbox 305 522 1955 595">
     <span class='ocr_line' id='line_1_5' title="bbox 305 522 1955 595; baseline -0.001 -18"><span class='ocrx_word' id='word_1_21' title='bbox 305 522 525 577; x_wconf 88' lang='lat' dir='ltr'><strong>anobis</strong></span> <span class='ocrx_word' id='word_1_22' title='bbox 543 522 697 593; x_wconf 91' lang='lat' dir='ltr'><strong>quod</strong></span> <span class='ocrx_word' id='word_1_23' title='bbox 725 523 893 576; x_wconf 91' lang='lat' dir='ltr'><strong>faciat</strong></span> <span class='ocrx_word' id='word_1_24' title='bbox 917 523 986 576; x_wconf 91' lang='lat' dir='ltr'><strong>ad</strong></span> <span class='ocrx_word' id='word_1_25' title='bbox 1003 523 1279 593; x_wconf 88' lang='lat' dir='ltr'><strong>spiritum</strong></span> <span class='ocrx_word' id='word_1_26' title='bbox 1305 539 1537 595; x_wconf 87' lang='lat' dir='ltr'><strong>quoque</strong></span> <span class='ocrx_word' id='word_1_27' title='bbox 1561 524 1955 578; x_wconf 88' lang='lat' dir='ltr'><strong>educandum.</strong></span> 
     </span>
    </p>
   </div>
   <div class='ocr_carea' id='block_1_6' title="bbox 306 611 1960 683">
    <p class='ocr_par' dir='ltr' id='par_1_6' title="bbox 306 611 1960 683">
     <span class='ocr_line' id='line_1_6' title="bbox 306 611 1960 683; baseline -0.001 -16"><span class='ocrx_word' id='word_1_28' title='bbox 306 612 461 667; x_wconf 72' lang='lat'><strong>020</strong></span> <span class='ocrx_word' id='word_1_29' title='bbox 493 614 737 666; x_wconf 81' lang='lat' dir='ltr'><strong>Carnem</strong></span> <span class='ocrx_word' id='word_1_30' title='bbox 786 611 941 665; x_wconf 90' lang='lat' dir='ltr'><strong>enim</strong></span> <span class='ocrx_word' id='word_1_31' title='bbox 994 611 1271 683; x_wconf 81' lang='lat' dir='ltr'><strong>saginari,</strong></span> <span class='ocrx_word' id='word_1_32' title='bbox 1327 618 1384 667; x_wconf 93' lang='lat' dir='ltr'><strong>et</strong></span> <span class='ocrx_word' id='word_1_33' title='bbox 1431 612 1703 683; x_wconf 80' lang='lat' dir='ltr'><strong>spiritum</strong></span> <span class='ocrx_word' id='word_1_34' title='bbox 1736 613 1960 667; x_wconf 91' lang='lat' dir='ltr'><strong>esurire</strong></span> 
     </span>
    </p>
   </div>
   <div class='ocr_carea' id='block_1_7' title="bbox 305 700 1958 772">
    <p class='ocr_par' dir='ltr' id='par_1_7' title="bbox 305 700 1958 772">
     <span class='ocr_line' id='line_1_7' title="bbox 305 700 1958 772; baseline -0.001 -17"><span class='ocrx_word' id='word_1_35' title='bbox 305 718 420 755; x_wconf 93' lang='lat' dir='ltr'><strong>non</strong></span> <span class='ocrx_word' id='word_1_36' title='bbox 456 702 715 772; x_wconf 81' lang='lat' dir='ltr'><strong>prodest.</strong></span> <span class='ocrx_word' id='word_1_37' title='bbox 750 700 894 765; x_wconf 92' lang='lat' dir='ltr'><strong>lmo,</strong></span> <span class='ocrx_word' id='word_1_38' title='bbox 929 700 974 754; x_wconf 89' lang='lat' dir='ltr'><strong>si</strong></span> <span class='ocrx_word' id='word_1_39' title='bbox 1008 702 1157 770; x_wconf 82' lang='lat' dir='ltr'><strong>quod</strong></span> <span class='ocrx_word' id='word_1_40' title='bbox 1207 701 1508 756; x_wconf 77' lang='lat' dir='ltr'><strong>infirmum</strong></span> <span class='ocrx_word' id='word_1_41' title='bbox 1560 707 1649 757; x_wconf 90' lang='lat' dir='ltr'><strong>est</strong></span> <span class='ocrx_word' id='word_1_42' title='bbox 1681 708 1958 770; x_wconf 76' lang='lat' dir='ltr'><strong>curatur;</strong></span> 
     </span>
    </p>
   </div>
   <div class='ocr_carea' id='block_1_8' title="bbox 303 788 1959 861">
    <p class='ocr_par' dir='ltr' id='par_1_8' title="bbox 303 788 1959 861">
     <span class='ocr_line' id='line_1_8' title="bbox 303 788 1959 861; baseline 0.003 -18"><span class='ocrx_word' id='word_1_43' title='bbox 303 807 488 861; x_wconf 67' lang='lat' dir='ltr'><strong>teque,</strong></span> <span class='ocrx_word' id='word_1_44' title='bbox 516 790 669 861; x_wconf 91' lang='lat' dir='ltr'><strong>quod</strong></span> <span class='ocrx_word' id='word_1_45' title='bbox 704 788 997 843; x_wconf 82' lang='lat' dir='ltr'><strong>infirmius</strong></span> <span class='ocrx_word' id='word_1_46' title='bbox 1030 789 1049 822; x_wconf 77' lang='grc'><strong>²</strong></span> <span class='ocrx_word' id='word_1_47' title='bbox 1083 794 1190 857; x_wconf 87' lang='lat' dir='ltr'><strong>est,</strong></span> <span class='ocrx_word' id='word_1_48' title='bbox 1224 790 1440 861; x_wconf 79' lang='lat' dir='ltr'><strong>negligi</strong></span> <span class='ocrx_word' id='word_1_49' title='bbox 1473 808 1586 846; x_wconf 93' lang='lat' dir='ltr'><strong>non</strong></span> <span class='ocrx_word' id='word_1_50' title='bbox 1622 792 1810 845; x_wconf 84' lang='lat' dir='ltr'><strong>debet.</strong></span> <span class='ocrx_word' id='word_1_51' title='bbox 1847 796 1959 847; x_wconf 90' lang='lat' dir='ltr'><strong>Nec</strong></span> 
     </span>
    </p>
   </div>
   <div class='ocr_carea' id='block_1_9' title="bbox 302 878 1963 949">
    <p class='ocr_par' dir='ltr' id='par_1_9' title="bbox 302 878 1963 949">
     <span class='ocr_line' id='line_1_9' title="bbox 302 878 1963 949; baseline 0.001 -16"><span class='ocrx_word' id='word_1_52' title='bbox 302 883 506 933; x_wconf 88' lang='lat' dir='ltr'><strong>tantus</strong></span> <span class='ocrx_word' id='word_1_53' title='bbox 538 894 643 949; x_wconf 91' lang='lat' dir='ltr'><strong>ego</strong></span> <span class='ocrx_word' id='word_1_54' title='bbox 675 894 829 943; x_wconf 90' lang='lat' dir='ltr'><strong>sum,</strong></span> <span class='ocrx_word' id='word_1_55' title='bbox 880 883 944 931; x_wconf 92' lang='lat' dir='ltr'><strong>ut</strong></span> <span class='ocrx_word' id='word_1_56' title='bbox 974 893 1075 931; x_wconf 91' lang='lat' dir='ltr'><strong>vos</strong></span> <span class='ocrx_word' id='word_1_57' title='bbox 1128 878 1394 949; x_wconf 90' lang='lat' dir='ltr'><strong>alloquar</strong></span> <span class='ocrx_word' id='word_1_58' title='bbox 1429 896 1442 945; x_wconf 91' lang='lat'><strong>;</strong></span> <span class='ocrx_word' id='word_1_59' title='bbox 1476 885 1873 934; x_wconf 90' lang='lat' dir='ltr'><strong>verumtamen</strong></span> <span class='ocrx_word' id='word_1_60' title='bbox 1906 884 1963 935; x_wconf 91' lang='lat' dir='ltr'><strong>et</strong></span> 
     </span>
    </p>
   </div>
   <div class='ocr_carea' id='block_1_10' title="bbox 302 967 1957 1039">
    <p class='ocr_par' dir='ltr' id='par_1_10' title="bbox 302 967 1957 1039">
     <span class='ocr_line' id='line_1_10' title="bbox 302 967 1957 1039; baseline 0.003 -20"><span class='ocrx_word' id='word_1_61' title='bbox 302 967 661 1039; x_wconf 72' lang='lat' dir='ltr'><strong>gladiatores</strong></span> <span class='ocrx_word' id='word_1_62' title='bbox 709 967 1134 1039; x_wconf 88' lang='lat' dir='ltr'><strong>perfetissimos</strong></span> <span class='ocrx_word' id='word_1_63' title='bbox 1187 984 1299 1022; x_wconf 90' lang='lat' dir='ltr'><strong>non</strong></span> <span class='ocrx_word' id='word_1_64' title='bbox 1333 972 1561 1023; x_wconf 89' lang='lat' dir='ltr'><strong>tantum</strong></span> <span class='ocrx_word' id='word_1_65' title='bbox 1598 968 1865 1039; x_wconf 85' lang='lat' dir='ltr'><strong>magistri</strong></span> <span class='ocrx_word' id='word_1_66' title='bbox 1900 972 1957 1024; x_wconf 91' lang='lat' dir='ltr'><strong>et</strong></span> 
     </span>
    </p>
   </div>
   <div class='ocr_carea' id='block_1_11' title="bbox 300 1055 1958 1128">
    <p class='ocr_par' dir='ltr' id='par_1_11' title="bbox 300 1055 1958 1128">
     <span class='ocr_line' id='line_1_11' title="bbox 300 1055 1958 1128; baseline 0.001 -18"><span class='ocrx_word' id='word_1_67' title='bbox 300 1057 601 1128; x_wconf 70' lang='lat' dir='ltr'><strong>prmpositi</strong></span> <span class='ocrx_word' id='word_1_68' title='bbox 631 1057 746 1121; x_wconf 90' lang='lat' dir='ltr'><strong>sui,</strong></span> <span class='ocrx_word' id='word_1_69' title='bbox 781 1056 881 1110; x_wconf 89' lang='lat' dir='ltr'><strong>sed</strong></span> <span class='ocrx_word' id='word_1_70' title='bbox 917 1057 1095 1109; x_wconf 91' lang='lat' dir='ltr'><strong>etiam</strong></span> <span class='ocrx_word' id='word_1_71' title='bbox 1128 1055 1321 1110; x_wconf 68' lang='lat' dir='ltr'><strong>idiotas</strong></span> <span class='ocrx_word' id='word_1_72' title='bbox 1355 1063 1412 1111; x_wconf 90' lang='lat' dir='ltr'><strong>et</strong></span> <span class='ocrx_word' id='word_1_73' title='bbox 1439 1056 1786 1128; x_wconf 87' lang='lat' dir='ltr'><strong>supervacui</strong></span> <span class='ocrx_word' id='word_1_74' title='bbox 1818 1057 1958 1127; x_wconf 76' lang='lat' dir='ltr'><strong>3qui</strong></span> 
     </span>
    </p>
   </div>
   <div class='ocr_carea' id='block_1_12' title="bbox 306 1142 1958 1218">
    <p class='ocr_par' dir='ltr' id='par_1_12' title="bbox 306 1142 1958 1218">
     <span class='ocr_line' id='line_1_12' title="bbox 306 1142 1958 1218; baseline 0.002 -20"><span class='ocrx_word' id='word_1_75' title='bbox 306 1160 422 1215; x_wconf 88' lang='lat' dir='ltr'><strong>que</strong></span> <span class='ocrx_word' id='word_1_76' title='bbox 452 1144 841 1200; x_wconf 78' lang='lat' dir='ltr'><strong>adhortantur</strong></span> <span class='ocrx_word' id='word_1_77' title='bbox 870 1144 941 1198; x_wconf 91' lang='lat' dir='ltr'><strong>de</strong></span> <span class='ocrx_word' id='word_1_78' title='bbox 983 1142 1328 1214; x_wconf 90' lang='lat' dir='ltr'><strong>longinquo,</strong></span> <span class='ocrx_word' id='word_1_79' title='bbox 1367 1150 1429 1199; x_wconf 91' lang='lat' dir='ltr'><strong>ut</strong></span> <span class='ocrx_word' id='word_1_80' title='bbox 1488 1162 1640 1218; x_wconf 75' lang='lat' dir='ltr'><strong>szepe</strong></span> <span class='ocrx_word' id='word_1_81' title='bbox 1699 1147 1770 1200; x_wconf 93' lang='lat' dir='ltr'><strong>de</strong></span> <span class='ocrx_word' id='word_1_82' title='bbox 1830 1146 1958 1218; x_wconf 91' lang='lat' dir='ltr'><strong>ipso</strong></span> 
     </span>
    </p>
   </div>
   <div class='ocr_carea' id='block_1_13' title="bbox 296 1233 1957 1307">
    <p class='ocr_par' dir='ltr' id='par_1_13' title="bbox 296 1233 1957 1307">
     <span class='ocr_line' id='line_1_13' title="bbox 296 1233 1957 1307; baseline 0.002 -20"><span class='ocrx_word' id='word_1_83' title='bbox 296 1233 517 1305; x_wconf 89' lang='lat' dir='ltr'><strong>populo</strong></span> <span class='ocrx_word' id='word_1_84' title='bbox 553 1234 773 1288; x_wconf 85' lang='lat' dir='ltr'><strong>dictata</strong></span> <span class='ocrx_word' id='word_1_85' title='bbox 805 1236 1085 1304; x_wconf 83' lang='lat' dir='ltr'><strong>suggesta</strong></span> <span class='ocrx_word' id='word_1_86' title='bbox 1108 1234 1453 1302; x_wconf 83' lang='lat' dir='ltr'><strong>profuerint.</strong></span> <span class='ocrx_word' id='word_1_87' title='bbox 1484 1234 1545 1288; x_wconf 91' lang='lat' dir='ltr'><strong>In</strong></span> <span class='ocrx_word' id='word_1_88' title='bbox 1574 1234 1779 1305; x_wconf 88' lang='lat' dir='ltr'><strong>primis</strong></span> <span class='ocrx_word' id='word_1_89' title='bbox 1799 1251 1957 1307; x_wconf 90' lang='lat' dir='ltr'><strong>ergo,</strong></span> 
     </span>
    </p>
   </div>
   <div class='ocr_carea' id='block_1_14' title="bbox 296 1319 1957 1393">
    <p class='ocr_par' dir='ltr' id='par_1_14' title="bbox 296 1319 1957 1393">
     <span class='ocr_line' id='line_1_14' title="bbox 296 1319 1957 1393; baseline 0.002 -18"><span class='ocrx_word' id='word_1_90' title='bbox 296 1321 614 1388; x_wconf 88' lang='lat' dir='ltr'><strong>benedicti,</strong></span> <span class='ocrx_word' id='word_1_91' title='bbox 678 1319 858 1375; x_wconf 90' lang='lat' dir='ltr'><strong>nolite</strong></span> <span class='ocrx_word' id='word_1_92' title='bbox 924 1320 1270 1375; x_wconf 88' lang='lat' dir='ltr'><strong>contristare</strong></span> <span class='ocrx_word' id='word_1_93' title='bbox 1335 1322 1613 1393; x_wconf 88' lang='lat' dir='ltr'><strong>Spiritum</strong></span> <span class='ocrx_word' id='word_1_94' title='bbox 1684 1327 1957 1378; x_wconf 90' lang='lat' dir='ltr'><strong>sanctum</strong></span> 
     </span>
    </p>
   </div>
   <div class='ocr_carea' id='block_1_15' title="bbox 2071 525 3717 593">
    <p class='ocr_par' dir='ltr' id='par_1_15' title="bbox 2071 525 3717 593">
     <span class='ocr_line' id='line_1_15' title="bbox 2071 525 3717 593; baseline 0.004 -15"><span class='ocrx_word' id='word_1_95' title='bbox 2071 525 2124 578; x_wconf 90' lang='lat' dir='ltr'><strong>Si</strong></span> <span class='ocrx_word' id='word_1_96' title='bbox 2158 527 2313 580; x_wconf 89' lang='lat' dir='ltr'><strong>enim</strong></span> <span class='ocrx_word' id='word_1_97' title='bbox 2368 542 2482 581; x_wconf 92' lang='lat' dir='ltr'><strong>non</strong></span> <span class='ocrx_word' id='word_1_98' title='bbox 2533 527 2836 582; x_wconf 85' lang='lat' dir='ltr'><strong>vobiscum</strong></span> <span class='ocrx_word' id='word_1_99' title='bbox 2888 543 3045 581; x_wconf 91' lang='lat' dir='ltr'><strong>nunc</strong></span> <span class='ocrx_word' id='word_1_100' title='bbox 3096 526 3416 593; x_wconf 87' lang='lat' dir='ltr'><strong>introisset,</strong></span> <span class='ocrx_word' id='word_1_101' title='bbox 3465 543 3568 582; x_wconf 89' lang='lat' dir='ltr'><strong>nec</strong></span> <span class='ocrx_word' id='word_1_102' title='bbox 3616 544 3717 585; x_wconf 88' lang='lat' dir='ltr'><strong>vos</strong></span> 
     </span>
    </p>
   </div>
   <div class='ocr_carea' id='block_1_16' title="bbox 2072 614 3723 687">
    <p class='ocr_par' dir='ltr' id='par_1_16' title="bbox 2072 614 3723 687">
     <span class='ocr_line' id='line_1_16' title="bbox 2072 614 3723 687; baseline 0.004 -21"><span class='ocrx_word' id='word_1_103' title='bbox 2072 614 2191 668; x_wconf 88' lang='lat' dir='ltr'><strong>illic</strong></span> <span class='ocrx_word' id='word_1_104' title='bbox 2226 615 2399 668; x_wconf 88' lang='lat' dir='ltr'><strong>hodie</strong></span> <span class='ocrx_word' id='word_1_105' title='bbox 2431 616 2713 670; x_wconf 80' lang='lat' dir='ltr'><strong>fuissetis.</strong></span> <span class='ocrx_word' id='word_1_106' title='bbox 2766 620 2829 669; x_wconf 91' lang='lat' dir='ltr'><strong>Et</strong></span> <span class='ocrx_word' id='word_1_107' title='bbox 2873 617 3001 670; x_wconf 89' lang='lat' dir='ltr'><strong>ideo</strong></span> <span class='ocrx_word' id='word_1_108' title='bbox 3050 617 3183 671; x_wconf 87' lang='lat' dir='ltr'><strong>date</strong></span> <span class='ocrx_word' id='word_1_109' title='bbox 3214 632 3471 687; x_wconf 87' lang='lat' dir='ltr'><strong>operam,</strong></span> <span class='ocrx_word' id='word_1_110' title='bbox 3506 622 3570 671; x_wconf 91' lang='lat' dir='ltr'><strong>ut</strong></span> <span class='ocrx_word' id='word_1_111' title='bbox 3601 616 3723 672; x_wconf 92' lang='lat' dir='ltr'><strong>illic</strong></span> 
     </span>
    </p>
   </div>
   <div class='ocr_carea' id='block_1_17' title="bbox 2070 703 3723 776">
    <p class='ocr_par' dir='ltr' id='par_1_17' title="bbox 2070 703 3723 776">
     <span class='ocr_line' id='line_1_17' title="bbox 2070 703 3723 776; baseline 0.004 -22"><span class='ocrx_word' id='word_1_112' title='bbox 2070 703 2373 757; x_wconf 90' lang='lat' dir='ltr'><strong>vobiscum</strong></span> <span class='ocrx_word' id='word_1_113' title='bbox 2419 709 2747 775; x_wconf 85' lang='lat' dir='ltr'><strong>perseveret</strong></span> <span class='ocrx_word' id='word_1_114' title='bbox 2800 720 2812 758; x_wconf 89' lang='lat'><strong>:</strong></span> <span class='ocrx_word' id='word_1_115' title='bbox 2866 704 2946 759; x_wconf 91' lang='lat' dir='ltr'><strong>ita</strong></span> <span class='ocrx_word' id='word_1_116' title='bbox 2990 721 3090 760; x_wconf 83' lang='lat' dir='ltr'><strong>vos</strong></span> <span class='ocrx_word' id='word_1_117' title='bbox 3135 704 3272 759; x_wconf 89' lang='lat' dir='ltr'><strong>inde</strong></span> <span class='ocrx_word' id='word_1_118' title='bbox 3318 706 3601 776; x_wconf 86' lang='lat' dir='ltr'><strong>perducat</strong></span> <span class='ocrx_word' id='word_1_119' title='bbox 3649 706 3723 760; x_wconf 91' lang='lat' dir='ltr'><strong>ad</strong></span> 
     </span>
    </p>
   </div>
   <div class='ocr_carea' id='block_1_18' title="bbox 2076 792 3722 864">
    <p class='ocr_par' dir='ltr' id='par_1_18' title="bbox 2076 792 3722 864">
     <span class='ocr_line' id='line_1_18' title="bbox 2076 792 3722 864; baseline 0.004 -20"><span class='ocrx_word' id='word_1_120' title='bbox 2076 792 2409 846; x_wconf 87' lang='lat' dir='ltr'><strong>Dominum.</strong></span> <span class='ocrx_word' id='word_1_121' title='bbox 2442 794 2661 849; x_wconf 91' lang='lat' dir='ltr'><strong>Domus</strong></span> <span class='ocrx_word' id='word_1_122' title='bbox 2695 794 2930 864; x_wconf 90' lang='lat' dir='ltr'><strong>quidem</strong></span> <span class='ocrx_word' id='word_1_123' title='bbox 2964 793 3180 848; x_wconf 89' lang='lat' dir='ltr'><strong>diaboli</strong></span> <span class='ocrx_word' id='word_1_124' title='bbox 3213 798 3303 848; x_wconf 92' lang='lat' dir='ltr'><strong>est</strong></span> <span class='ocrx_word' id='word_1_125' title='bbox 3332 799 3387 847; x_wconf 90' lang='lat' dir='ltr'><strong>et</strong></span> <span class='ocrx_word' id='word_1_126' title='bbox 3418 809 3636 863; x_wconf 89' lang='lat' dir='ltr'><strong>carcer,</strong></span> <span class='ocrx_word' id='word_1_127' title='bbox 3661 794 3722 850; x_wconf 90' lang='lat' dir='ltr'><strong>in</strong></span> 
     </span>
    </p>
   </div>
   <div class='ocr_carea' id='block_1_19' title="bbox 2070 881 3721 949">
    <p class='ocr_par' dir='ltr' id='par_1_19' title="bbox 2070 881 3721 949">
     <span class='ocr_line' id='line_1_19' title="bbox 2070 881 3721 949; baseline 0.002 -16"><span class='ocrx_word' id='word_1_128' title='bbox 2070 895 2186 949; x_wconf 86' lang='lat' dir='ltr'><strong>qua</strong></span> <span class='ocrx_word' id='word_1_129' title='bbox 2217 881 2501 936; x_wconf 83' lang='lat' dir='ltr'><strong>familiam</strong></span> <span class='ocrx_word' id='word_1_130' title='bbox 2533 899 2703 937; x_wconf 76' lang='lat' dir='ltr'><strong>suam</strong></span> <span class='ocrx_word' id='word_1_131' title='bbox 2736 883 3013 937; x_wconf 89' lang='lat' dir='ltr'><strong>continet.</strong></span> <span class='ocrx_word' id='word_1_132' title='bbox 3046 883 3154 936; x_wconf 87' lang='lat' dir='ltr'><strong>Sed</strong></span> <span class='ocrx_word' id='word_1_133' title='bbox 3200 898 3299 936; x_wconf 92' lang='lat' dir='ltr'><strong>vos</strong></span> <span class='ocrx_word' id='word_1_134' title='bbox 3331 882 3462 937; x_wconf 91' lang='lat' dir='ltr'><strong>ideo</strong></span> <span class='ocrx_word' id='word_1_135' title='bbox 3503 883 3563 936; x_wconf 89' lang='lat' dir='ltr'><strong>in</strong></span> <span class='ocrx_word' id='word_1_136' title='bbox 3595 899 3721 937; x_wconf 89' lang='lat' dir='ltr'><strong>car-</strong></span> 
     </span>
    </p>
   </div>
   <div class='ocr_carea' id='block_1_20' title="bbox 2070 970 3720 1040">
    <p class='ocr_par' dir='ltr' id='par_1_20' title="bbox 2070 970 3720 1040">
     <span class='ocr_line' id='line_1_20' title="bbox 2070 970 3720 1040; baseline 0.002 -17"><span class='ocrx_word' id='word_1_137' title='bbox 2070 983 2259 1023; x_wconf 90' lang='lat' dir='ltr'><strong>cerem</strong></span> <span class='ocrx_word' id='word_1_138' title='bbox 2295 970 2661 1040; x_wconf 86' lang='lat' dir='ltr'><strong>pervenistis,</strong></span> <span class='ocrx_word' id='word_1_139' title='bbox 2716 971 2863 1026; x_wconf 73' lang='lat'><strong>621</strong></span> <span class='ocrx_word' id='word_1_140' title='bbox 2905 975 2969 1024; x_wconf 90' lang='lat' dir='ltr'><strong>ut</strong></span> <span class='ocrx_word' id='word_1_141' title='bbox 3016 970 3183 1025; x_wconf 91' lang='lat' dir='ltr'><strong>illum</strong></span> <span class='ocrx_word' id='word_1_142' title='bbox 3234 971 3411 1025; x_wconf 88' lang='lat' dir='ltr'><strong>etiam</strong></span> <span class='ocrx_word' id='word_1_143' title='bbox 3457 970 3514 1024; x_wconf 92' lang='lat' dir='ltr'><strong>in</strong></span> <span class='ocrx_word' id='word_1_144' title='bbox 3549 971 3720 1026; x_wconf 90' lang='lat' dir='ltr'><strong>domo</strong></span> 
     </span>
    </p>
   </div>
   <div class='ocr_carea' id='block_1_21' title="bbox 2070 1058 3719 1132">
    <p class='ocr_par' dir='ltr' id='par_1_21' title="bbox 2070 1058 3719 1132">
     <span class='ocr_line' id='line_1_21' title="bbox 2070 1058 3719 1132; baseline 0.002 -21"><span class='ocrx_word' id='word_1_145' title='bbox 2070 1073 2176 1112; x_wconf 91' lang='lat' dir='ltr'><strong>sua</strong></span> <span class='ocrx_word' id='word_1_146' title='bbox 2209 1058 2581 1114; x_wconf 85' lang='lat' dir='ltr'><strong>conculcetis.</strong></span> <span class='ocrx_word' id='word_1_147' title='bbox 2631 1059 2764 1114; x_wconf 88' lang='lat' dir='ltr'><strong>Jam</strong></span> <span class='ocrx_word' id='word_1_148' title='bbox 2796 1060 2951 1114; x_wconf 89' lang='lat' dir='ltr'><strong>enim</strong></span> <span class='ocrx_word' id='word_1_149' title='bbox 2986 1059 3125 1114; x_wconf 87' lang='lat' dir='ltr'><strong>foris</strong></span> <span class='ocrx_word' id='word_1_150' title='bbox 3152 1059 3451 1132; x_wconf 88' lang='lat' dir='ltr'><strong>congressi</strong></span> <span class='ocrx_word' id='word_1_151' title='bbox 3482 1060 3719 1115; x_wconf 92' lang='lat' dir='ltr'><strong>concul-</strong></span> 
     </span>
    </p>
   </div>
   <div class='ocr_carea' id='block_1_22' title="bbox 2071 1146 3724 1220">
    <p class='ocr_par' dir='ltr' id='par_1_22' title="bbox 2071 1146 3724 1220">
     <span class='ocr_line' id='line_1_22' title="bbox 2071 1146 3724 1220; baseline 0.004 -22"><span class='ocrx_word' id='word_1_152' title='bbox 2071 1146 2375 1201; x_wconf 89' lang='lat' dir='ltr'><strong>caveratis.</strong></span> <span class='ocrx_word' id='word_1_153' title='bbox 2422 1147 2544 1202; x_wconf 88' lang='lat' dir='ltr'><strong>Non</strong></span> <span class='ocrx_word' id='word_1_154' title='bbox 2578 1164 2714 1220; x_wconf 86' lang='lat' dir='ltr'><strong>ergo</strong></span> <span class='ocrx_word' id='word_1_155' title='bbox 2746 1147 2901 1202; x_wconf 87' lang='lat' dir='ltr'><strong>dicat</strong></span> <span class='ocrx_word' id='word_1_156' title='bbox 2935 1164 2947 1201; x_wconf 91' lang='lat'><strong>:</strong></span> <span class='ocrx_word' id='word_1_157' title='bbox 2984 1151 3045 1201; x_wconf 92' lang='lat' dir='ltr'><strong>In</strong></span> <span class='ocrx_word' id='word_1_158' title='bbox 3102 1164 3230 1202; x_wconf 88' lang='lat' dir='ltr'><strong>meo</strong></span> <span class='ocrx_word' id='word_1_159' title='bbox 3279 1152 3439 1214; x_wconf 89' lang='lat' dir='ltr'><strong>sunt,</strong></span> <span class='ocrx_word' id='word_1_160' title='bbox 3487 1152 3724 1204; x_wconf 89' lang='lat' dir='ltr'><strong>tentabo</strong></span> 
     </span>
    </p>
   </div>
   <div class='ocr_carea' id='block_1_23' title="bbox 2069 1234 3723 1305">
    <p class='ocr_par' dir='ltr' id='par_1_23' title="bbox 2069 1234 3723 1305">
     <span class='ocr_line' id='line_1_23' title="bbox 2069 1234 3723 1305; baseline 0.004 -19"><span class='ocrx_word' id='word_1_161' title='bbox 2069 1235 2204 1289; x_wconf 91' lang='lat' dir='ltr'><strong>illos</strong></span> <span class='ocrx_word' id='word_1_162' title='bbox 2233 1234 2448 1289; x_wconf 89' lang='lat' dir='ltr'><strong>vilibus</strong></span> <span class='ocrx_word' id='word_1_163' title='bbox 2481 1234 2685 1290; x_wconf 91' lang='lat' dir='ltr'><strong>scidiis</strong></span> <span class='ocrx_word' id='word_1_164' title='bbox 2714 1236 2735 1269; x_wconf 77' lang='lat'><strong>‘</strong></span> <span class='ocrx_word' id='word_1_165' title='bbox 2772 1237 2872 1305; x_wconf 87' lang='lat'><strong>(3),</strong></span> <span class='ocrx_word' id='word_1_166' title='bbox 2905 1236 3313 1291; x_wconf 73' lang='lat' dir='ltr'><strong>affectionibus</strong></span> <span class='ocrx_word' id='word_1_167' title='bbox 3360 1237 3402 1304; x_wconf 84' lang='grc'><strong>⁸,</strong></span> <span class='ocrx_word' id='word_1_168' title='bbox 3437 1241 3540 1292; x_wconf 89' lang='lat' dir='ltr'><strong>aut</strong></span> <span class='ocrx_word' id='word_1_169' title='bbox 3570 1238 3723 1293; x_wconf 89' lang='lat' dir='ltr'><strong>inter</strong></span> 
     </span>
    </p>
   </div>
   <div class='ocr_carea' id='block_1_24' title="bbox 2069 1324 3719 1396">
    <p class='ocr_par' dir='ltr' id='par_1_24' title="bbox 2069 1324 3719 1396">
     <span class='ocr_line' id='line_1_24' title="bbox 2069 1324 3719 1396; baseline 0.002 -19"><span class='ocrx_word' id='word_1_170' title='bbox 2069 1340 2133 1378; x_wconf 91' lang='lat' dir='ltr'><strong>se</strong></span> <span class='ocrx_word' id='word_1_171' title='bbox 2164 1324 2655 1380; x_wconf 88' lang='lat' dir='ltr'><strong>dissensionibus.</strong></span> <span class='ocrx_word' id='word_1_172' title='bbox 2687 1324 2893 1395; x_wconf 77' lang='lat' dir='ltr'><strong>Fugiet</strong></span> <span class='ocrx_word' id='word_1_173' title='bbox 2932 1330 3311 1396; x_wconf 88' lang='lat' dir='ltr'><strong>conspectum</strong></span> <span class='ocrx_word' id='word_1_174' title='bbox 3344 1329 3629 1391; x_wconf 89' lang='lat' dir='ltr'><strong>vestrum,</strong></span> <span class='ocrx_word' id='word_1_175' title='bbox 3663 1330 3719 1381; x_wconf 88' lang='lat' dir='ltr'><strong>et</strong></span> 
     </span>
    </p>
   </div>
   <div class='ocr_carea' id='block_1_25' title="bbox 1740 1432 2275 1493">
    <p class='ocr_par' dir='ltr' id='par_1_25' title="bbox 1740 1432 2275 1493">
     <span class='ocr_line' id='line_1_25' title="bbox 1740 1432 2275 1493; baseline -0.002 -1"><span class='ocrx_word' id='word_1_176' title='bbox 1740 1433 1944 1493; x_wconf 63' lang='lat' dir='ltr'><strong>Variae</strong></span> <span class='ocrx_word' id='word_1_177' title='bbox 1976 1432 2275 1493; x_wconf 88' lang='lat' dir='ltr'><strong>lectiones</strong></span> 
     </span>
    </p>
   </div>
   <div class='ocr_carea' id='block_1_26' title="bbox 375 1525 3718 1603">
    <p class='ocr_par' dir='ltr' id='par_1_26' title="bbox 375 1525 3718 1603">
     <span class='ocr_line' id='line_1_26' title="bbox 375 1525 3718 1603; baseline 0.003 -22"><span class='ocrx_word' id='word_1_178' title='bbox 375 1528 397 1561; x_wconf 81' lang='grc'>²</span> <span class='ocrx_word' id='word_1_179' title='bbox 426 1528 562 1603; x_wconf 71' lang='lat' dir='ltr'><strong>Attg.</strong></span> <span class='ocrx_word' id='word_1_180' title='bbox 596 1526 853 1603; x_wconf 68' lang='lat' dir='ltr'><strong>Nequiter</strong></span> <span class='ocrx_word' id='word_1_181' title='bbox 884 1525 1112 1603; x_wconf 62' lang='lat' dir='ltr'><strong>Emend.</strong></span> <span class='ocrx_word' id='word_1_182' title='bbox 1150 1525 1409 1603; x_wconf 51' lang='lat' dir='ltr'><strong>firmius:</strong></span> <span class='ocrx_word' id='word_1_183' title='bbox 1438 1600 1445 1603; x_wconf 20' lang='grc' dir='ltr'><strong>Α</strong></span> <span class='ocrx_word' id='word_1_184' title='bbox 1477 1528 1498 1561; x_wconf 88' lang='grc'>³</span> <span class='ocrx_word' id='word_1_185' title='bbox 1534 1528 1683 1603; x_wconf 59' lang='lat' dir='ltr'><strong>Alii,</strong></span> <span class='ocrx_word' id='word_1_186' title='bbox 1709 1545 2088 1603; x_wconf 78' lang='lat' dir='ltr'><strong>supervacue.</strong></span> <span class='ocrx_word' id='word_1_187' title='bbox 2165 1530 2193 1603; x_wconf 10' lang='lat'><strong>‘7</strong></span> <span class='ocrx_word' id='word_1_188' title='bbox 2217 1528 2381 1603; x_wconf 89' lang='lat' dir='ltr'><strong>Odiis</strong></span> <span class='ocrx_word' id='word_1_189' title='bbox 2423 1532 2611 1600; x_wconf 85' lang='lat' dir='ltr'><strong>Fran.,</strong></span> <span class='ocrx_word' id='word_1_190' title='bbox 2669 1530 2880 1587; x_wconf 87' lang='lat' dir='ltr'><strong>inediis</strong></span> <span class='ocrx_word' id='word_1_191' title='bbox 2910 1529 3105 1603; x_wconf 57' lang='lat' dir='ltr'><strong>Rhein,</strong></span> <span class='ocrx_word' id='word_1_192' title='bbox 3161 1547 3261 1602; x_wconf 85' lang='lat' dir='ltr'><strong>pro</strong></span> <span class='ocrx_word' id='word_1_193' title='bbox 3317 1530 3533 1589; x_wconf 87' lang='lat' dir='ltr'><strong>vilibus</strong></span> <span class='ocrx_word' id='word_1_194' title='bbox 3578 1535 3718 1591; x_wconf 80' lang='lat' dir='ltr'><strong>Jun.</strong></span> 
     </span>
    </p>
   </div>
   <div class='ocr_carea' id='block_1_27' title="bbox 297 1599 2343 1670">
    <p class='ocr_par' dir='ltr' id='par_1_27' title="bbox 297 1599 2343 1670">
     <span class='ocr_line' id='line_1_27' title="bbox 297 1599 2343 1670; baseline 0 -15"><span class='ocrx_word' id='word_1_195' title='bbox 297 1601 514 1655; x_wconf 77' lang='lat' dir='ltr'><strong>mavult</strong></span> <span class='ocrx_word' id='word_1_196' title='bbox 548 1599 797 1655; x_wconf 90' lang='lat' dir='ltr'><strong>utilibus</strong></span> <span class='ocrx_word' id='word_1_197' title='bbox 828 1616 841 1667; x_wconf 93' lang='lat'><strong>;</strong></span> <span class='ocrx_word' id='word_1_198' title='bbox 874 1599 1078 1655; x_wconf 91' lang='lat' dir='ltr'><strong>scidiis</strong></span> <span class='ocrx_word' id='word_1_199' title='bbox 1108 1601 1350 1670; x_wconf 79' lang='lat' dir='ltr'><strong>reposuit</strong></span> <span class='ocrx_word' id='word_1_200' title='bbox 1384 1600 1589 1670; x_wconf 79' lang='lat' dir='ltr'><strong>Rigalt.</strong></span> <span class='ocrx_word' id='word_1_201' title='bbox 1666 1601 1686 1635; x_wconf 77' lang='grc'><strong>³</strong></span> <span class='ocrx_word' id='word_1_202' title='bbox 1716 1599 2145 1657; x_wconf 67' lang='lat' dir='ltr'><strong>Deiectionibus</strong></span> <span class='ocrx_word' id='word_1_203' title='bbox 2177 1602 2343 1657; x_wconf 70' lang='lat' dir='ltr'><strong>(then.</strong></span> 
     </span>
    </p>
   </div>
   <div class='ocr_carea' id='block_1_28' title="bbox 1740 1707 2260 1769">
    <p class='ocr_par' dir='ltr' id='par_1_28' title="bbox 1740 1707 2260 1769">
     <span class='ocr_line' id='line_1_28' title="bbox 1740 1707 2260 1769; baseline 0 -2"><span class='ocrx_word' id='word_1_204' title='bbox 1740 1707 2260 1769; x_wconf 77' lang='lat' dir='ltr'><strong>Commentaiius.</strong></span> 
     </span>
    </p>
   </div>
   <div class='ocr_carea' id='block_1_29' title="bbox 304 1812 3709 1890">
    <p class='ocr_par' dir='ltr' id='par_1_29' title="bbox 304 1812 3709 1890">
     <span class='ocr_line' id='line_1_29' title="bbox 304 1812 3709 1890; baseline 0.001 -21"><span class='ocrx_word' id='word_1_205' title='bbox 304 1814 451 1890; x_wconf 77' lang='lat' dir='ltr'><strong>dum</strong></span> <span class='ocrx_word' id='word_1_206' title='bbox 483 1813 605 1890; x_wconf 61' lang='lat' dir='ltr'><strong>hazc</strong></span> <span class='ocrx_word' id='word_1_207' title='bbox 641 1813 831 1890; x_wconf 72' lang='lat' dir='ltr'><strong>ipsius</strong></span> <span class='ocrx_word' id='word_1_208' title='bbox 861 1812 1206 1890; x_wconf 82' lang='lat' dir='ltr'><strong>Tertulliani</strong></span> <span class='ocrx_word' id='word_1_209' title='bbox 1237 1812 1415 1890; x_wconf 79' lang='lat' dir='ltr'><strong>verba</strong></span> <span class='ocrx_word' id='word_1_210' title='bbox 1443 1813 1959 1890; x_wconf 77' lang='lat' dir='ltr'><strong>_innunt_(Tertul_-</strong></span> <span class='ocrx_word' id='word_1_211' title='bbox 1994 1826 2041 1890; x_wconf 75' lang='grc' dir='ltr'><strong>Β</strong></span> <span class='ocrx_word' id='word_1_212' title='bbox 2075 1814 2343 1890; x_wconf 81' lang='lat' dir='ltr'><strong>militiam</strong></span> <span class='ocrx_word' id='word_1_213' title='bbox 2390 1815 2486 1871; x_wconf 91' lang='lat' dir='ltr'><strong>Dei</strong></span> <span class='ocrx_word' id='word_1_214' title='bbox 2513 1816 2649 1890; x_wconf 21' lang='lat' dir='ltr'><strong>Avivi</strong></span> <span class='ocrx_word' id='word_1_215' title='bbox 2686 1818 2811 1889; x_wconf 86' lang='lat' dir='ltr'><strong>jam</strong></span> <span class='ocrx_word' id='word_1_216' title='bbox 2851 1818 3012 1884; x_wconf 90' lang='lat' dir='ltr'><strong>tunc,</strong></span> <span class='ocrx_word' id='word_1_217' title='bbox 3043 1831 3197 1890; x_wconf 77' lang='lat' dir='ltr'><strong>cum</strong></span> <span class='ocrx_word' id='word_1_218' title='bbox 3243 1815 3320 1890; x_wconf 85' lang='lat' dir='ltr'><strong>_in_</strong></span> <span class='ocrx_word' id='word_1_219' title='bbox 3358 1817 3709 1890; x_wconf 76' lang='lat' dir='ltr'><strong>sacramenti</strong></span> 
     </span>
    </p>
   </div>
   <div class='ocr_carea' id='block_1_30' title="bbox 296 1885 1955 1957">
    <p class='ocr_par' dir='ltr' id='par_1_30' title="bbox 296 1885 1955 1957">
     <span class='ocr_line' id='line_1_30' title="bbox 296 1885 1955 1957; baseline 0 -17"><span class='ocrx_word' id='word_1_220' title='bbox 296 1886 445 1940; x_wconf 88' lang='lat' dir='ltr'><strong>lian.</strong></span> <span class='ocrx_word' id='word_1_221' title='bbox 491 1885 593 1941; x_wconf 89' lang='lat' dir='ltr'><strong>lib.</strong></span> <span class='ocrx_word' id='word_1_222' title='bbox 630 1886 707 1940; x_wconf 79' lang='lat' dir='ltr'><strong>ad</strong></span> <span class='ocrx_word' id='word_1_223' title='bbox 756 1885 983 1957; x_wconf 82' lang='lat' dir='ltr'><strong>Martyr.</strong></span> <span class='ocrx_word' id='word_1_224' title='bbox 1035 1902 1083 1939; x_wconf 90' lang='lat' dir='ltr'><strong>c.</strong></span> <span class='ocrx_word' id='word_1_225' title='bbox 1116 1886 1170 1956; x_wconf 82' lang='grc'><strong>6)</strong></span> <span class='ocrx_word' id='word_1_226' title='bbox 1207 1901 1219 1939; x_wconf 90' lang='lat'><strong>:</strong></span> <span class='ocrx_word' id='word_1_227' title='bbox 1254 1910 1279 1934; x_wconf 79' lang='grc' dir='ltr'>α</span> <span class='ocrx_word' id='word_1_228' title='bbox 1320 1885 1395 1939; x_wconf 84' lang='lat' dir='ltr'><strong>Ad</strong></span> <span class='ocrx_word' id='word_1_229' title='bbox 1443 1885 1548 1940; x_wconf 89' lang='lat' dir='ltr'><strong>hoc</strong></span> <span class='ocrx_word' id='word_1_230' title='bbox 1598 1885 1833 1957; x_wconf 85' lang='lat' dir='ltr'><strong>quidem</strong></span> <span class='ocrx_word' id='word_1_231' title='bbox 1871 1888 1955 1941; x_wconf 89' lang='lat' dir='ltr'><strong>vel</strong></span> 
     </span>
    </p>
   </div>
   <div class='ocr_carea' id='block_1_31' title="bbox 299 1956 1954 2038">
    <p class='ocr_par' dir='ltr' id='par_1_31' title="bbox 299 1956 1954 2038">
     <span class='ocr_line' id='line_1_31' title="bbox 299 1956 1954 2038; baseline 0 -26"><span class='ocrx_word' id='word_1_232' title='bbox 299 1958 615 2038; x_wconf 64' lang='lat' dir='ltr'><strong>prasentia</strong></span> <span class='ocrx_word' id='word_1_233' title='bbox 646 1956 809 2011; x_wconf 89' lang='lat' dir='ltr'><strong>vobis</strong></span> <span class='ocrx_word' id='word_1_234' title='bbox 839 1956 1117 2038; x_wconf 42' lang='lat' dir='ltr'><strong>tempore.</strong></span> <span class='ocrx_word' id='word_1_235' title='bbox 1143 1958 1289 2038; x_wconf 81' lang='lat' dir='ltr'><strong>decu</strong></span> <span class='ocrx_word' id='word_1_236' title='bbox 1303 1956 1686 2038; x_wconf 40' lang='lat' dir='ltr'><strong>nien‘tamsint,</strong></span> <span class='ocrx_word' id='word_1_237' title='bbox 1720 1963 1954 2038; x_wconf 68' lang='lat' dir='ltr'><strong>quanta:</strong></span> 
     </span>
    </p>
   </div>
   <div class='ocr_carea' id='block_1_32' title="bbox 296 2028 1957 2101">
    <p class='ocr_par' dir='ltr' id='par_1_32' title="bbox 296 2028 1957 2101">
     <span class='ocr_line' id='line_1_32' title="bbox 296 2028 1957 2101; baseline 0 -18"><span class='ocrx_word' id='word_1_238' title='bbox 296 2028 624 2100; x_wconf 56' lang='lat' dir='ltr'><strong>(qualesque</strong></span> <span class='ocrx_word' id='word_1_239' title='bbox 654 2045 913 2101; x_wconf 66' lang='lat' dir='ltr'><strong>persona:</strong></span> <span class='ocrx_word' id='word_1_240' title='bbox 961 2028 1295 2100; x_wconf 86' lang='lat' dir='ltr'><strong>inopinatos</strong></span> <span class='ocrx_word' id='word_1_241' title='bbox 1316 2028 1649 2101; x_wconf 20' lang='lat' dir='ltr'><strong>“natalibus</strong></span> <span class='ocrx_word' id='word_1_242' title='bbox 1681 2036 1737 2084; x_wconf 91' lang='lat' dir='ltr'><strong>et</strong></span> <span class='ocrx_word' id='word_1_243' title='bbox 1769 2030 1957 2101; x_wconf 90' lang='lat' dir='ltr'><strong>digni-</strong></span> 
     </span>
    </p>
   </div>
   <div class='ocr_carea' id='block_1_33' title="bbox 296 2099 1953 2171">
    <p class='ocr_par' dir='ltr' id='par_1_33' title="bbox 296 2099 1953 2171">
     <span class='ocr_line' id='line_1_33' title="bbox 296 2099 1953 2171; baseline -0.001 -15"><span class='ocrx_word' id='word_1_244' title='bbox 296 2099 549 2169; x_wconf 73' lang='lat' dir='ltr'><strong>tatibus,</strong></span> <span class='ocrx_word' id='word_1_245' title='bbox 580 2106 637 2156; x_wconf 89' lang='lat' dir='ltr'><strong>et</strong></span> <span class='ocrx_word' id='word_1_246' title='bbox 657 2099 1033 2171; x_wconf 84' lang='lat' dir='ltr'><strong>corporibus,</strong></span> <span class='ocrx_word' id='word_1_247' title='bbox 1066 2105 1123 2156; x_wconf 88' lang='lat' dir='ltr'><strong>et</strong></span> <span class='ocrx_word' id='word_1_248' title='bbox 1168 2099 1443 2156; x_wconf 63' lang='lat' dir='ltr'><strong>aetatibus</strong></span> <span class='ocrx_word' id='word_1_249' title='bbox 1482 2100 1609 2155; x_wconf 89' lang='lat' dir='ltr'><strong>suis</strong></span> <span class='ocrx_word' id='word_1_250' title='bbox 1641 2099 1953 2155; x_wconf 50' lang='lat' dir='ltr'><strong>exitus—re-</strong></span> 
     </span>
    </p>
   </div>
   <div class='ocr_carea' id='block_1_34' title="bbox 300 2171 1949 2243">
    <p class='ocr_par' dir='ltr' id='par_1_34' title="bbox 300 2171 1949 2243">
     <span class='ocr_line' id='line_1_34' title="bbox 300 2171 1949 2243; baseline 0 -15"><span class='ocrx_word' id='word_1_251' title='bbox 300 2176 524 2239; x_wconf 84' lang='lat' dir='ltr'><strong>ferunt,</strong></span> <span class='ocrx_word' id='word_1_252' title='bbox 557 2172 813 2227; x_wconf 61' lang='lat' dir='ltr'><strong>hominis</strong></span> <span class='ocrx_word' id='word_1_253' title='bbox 844 2188 1023 2226; x_wconf 84' lang='lat' dir='ltr'><strong>causa</strong></span> <span class='ocrx_word' id='word_1_254' title='bbox 1056 2190 1068 2225; x_wconf 92' lang='lat'><strong>:</strong></span> <span class='ocrx_word' id='word_1_255' title='bbox 1104 2178 1209 2227; x_wconf 93' lang='lat' dir='ltr'><strong>aut</strong></span> <span class='ocrx_word' id='word_1_256' title='bbox 1238 2173 1309 2225; x_wconf 90' lang='lat' dir='ltr'><strong>ab</strong></span> <span class='ocrx_word' id='word_1_257' title='bbox 1342 2171 1468 2243; x_wconf 90' lang='lat' dir='ltr'><strong>ipso</strong></span> <span class='ocrx_word' id='word_1_258' title='bbox 1502 2172 1549 2225; x_wconf 81' lang='lat' dir='ltr'><strong>si</strong></span> <span class='ocrx_word' id='word_1_259' title='bbox 1584 2178 1785 2227; x_wconf 91' lang='lat' dir='ltr'><strong>contra</strong></span> <span class='ocrx_word' id='word_1_260' title='bbox 1816 2189 1949 2228; x_wconf 89' lang='lat' dir='ltr'><strong>eum</strong></span> 
     </span>
    </p>
   </div>
   <div class='ocr_carea' id='block_1_35' title="bbox 295 2243 1947 2314">
    <p class='ocr_par' dir='ltr' id='par_1_35' title="bbox 295 2243 1947 2314">
     <span class='ocr_line' id='line_1_35' title="bbox 295 2243 1947 2314; baseline -0.001 -13"><span class='ocrx_word' id='word_1_261' title='bbox 295 2245 561 2310; x_wconf 85' lang='lat' dir='ltr'><strong>fecerint,</strong></span> <span class='ocrx_word' id='word_1_262' title='bbox 595 2249 696 2299; x_wconf 90' lang='lat' dir='ltr'><strong>aut</strong></span> <span class='ocrx_word' id='word_1_263' title='bbox 725 2244 796 2298; x_wconf 85' lang='lat' dir='ltr'><strong>ab</strong></span> <span class='ocrx_word' id='word_1_264' title='bbox 846 2244 1193 2299; x_wconf 88' lang='lat' dir='ltr'><strong>adversariis</strong></span> <span class='ocrx_word' id='word_1_265' title='bbox 1224 2245 1373 2314; x_wconf 87' lang='lat' dir='ltr'><strong>ejus,</strong></span> <span class='ocrx_word' id='word_1_266' title='bbox 1408 2243 1457 2296; x_wconf 85' lang='lat' dir='ltr'><strong>si</strong></span> <span class='ocrx_word' id='word_1_267' title='bbox 1506 2260 1608 2313; x_wconf 93' lang='lat' dir='ltr'><strong>pro</strong></span> <span class='ocrx_word' id='word_1_268' title='bbox 1659 2260 1725 2299; x_wconf 92' lang='lat' dir='ltr'><strong>eo</strong></span> <span class='ocrx_word' id='word_1_269' title='bbox 1778 2248 1947 2299; x_wconf 89' lang='lat' dir='ltr'><strong>stete-</strong></span> 
     </span>
    </p>
   </div>
   <div class='ocr_carea' id='block_1_36' title="bbox 299 2315 1947 2387">
    <p class='ocr_par' dir='ltr' id='par_1_36' title="bbox 299 2315 1947 2387">
     <span class='ocr_line' id='line_1_36' title="bbox 299 2315 1947 2387; baseline 0 -16"><span class='ocrx_word' id='word_1_270' title='bbox 299 2319 444 2371; x_wconf 88' lang='lat' dir='ltr'><strong>rint.</strong></span> <span class='ocrx_word' id='word_1_271' title='bbox 484 2340 503 2363; x_wconf 84' lang='grc' dir='ltr'><strong>ιι</strong></span> <span class='ocrx_word' id='word_1_272' title='bbox 538 2315 701 2370; x_wconf 87' lang='lat' dir='ltr'><strong>Aeris</strong></span> <span class='ocrx_word' id='word_1_273' title='bbox 750 2315 966 2371; x_wconf 86' lang='lat' dir='ltr'><strong>isliber</strong></span> <span class='ocrx_word' id='word_1_274' title='bbox 1005 2320 1096 2370; x_wconf 91' lang='lat' dir='ltr'><strong>est</strong></span> <span class='ocrx_word' id='word_1_275' title='bbox 1150 2317 1219 2371; x_wconf 93' lang='lat' dir='ltr'><strong>ad</strong></span> <span class='ocrx_word' id='word_1_276' title='bbox 1268 2318 1554 2387; x_wconf 84' lang='lat' dir='ltr'><strong>martyres</strong></span> <span class='ocrx_word' id='word_1_277' title='bbox 1595 2316 1947 2384; x_wconf 86' lang='lat' dir='ltr'><strong>adhortatio,</strong></span> 
     </span>
    </p>
   </div>
   <div class='ocr_carea' id='block_1_37' title="bbox 301 2387 1947 2460">
    <p class='ocr_par' dir='ltr' id='par_1_37' title="bbox 301 2387 1947 2460">
     <span class='ocr_line' id='line_1_37' title="bbox 301 2387 1947 2460; baseline 0.001 -19"><span class='ocrx_word' id='word_1_278' title='bbox 301 2406 427 2460; x_wconf 88' lang='lat' dir='ltr'><strong>qua</strong></span> <span class='ocrx_word' id='word_1_279' title='bbox 458 2405 556 2443; x_wconf 92' lang='lat' dir='ltr'><strong>eos</strong></span> <span class='ocrx_word' id='word_1_280' title='bbox 596 2387 934 2442; x_wconf 71' lang='lat' dir='ltr'><strong>Christianae</strong></span> <span class='ocrx_word' id='word_1_281' title='bbox 960 2387 1259 2454; x_wconf 84' lang='lat' dir='ltr'><strong>religionis</strong></span> <span class='ocrx_word' id='word_1_282' title='bbox 1282 2404 1458 2440; x_wconf 92' lang='lat' dir='ltr'><strong>causa</strong></span> <span class='ocrx_word' id='word_1_283' title='bbox 1490 2388 1545 2439; x_wconf 89' lang='lat' dir='ltr'><strong>in</strong></span> <span class='ocrx_word' id='word_1_284' title='bbox 1580 2387 1831 2442; x_wconf 90' lang='lat' dir='ltr'><strong>vinculis</strong></span> <span class='ocrx_word' id='word_1_285' title='bbox 1857 2389 1947 2442; x_wconf 87' lang='lat' dir='ltr'><strong>de-</strong></span> 
     </span>
    </p>
   </div>
   <div class='ocr_carea' id='block_1_38' title="bbox 299 2460 1944 2530">
    <p class='ocr_par' dir='ltr' id='par_1_38' title="bbox 299 2460 1944 2530">
     <span class='ocr_line' id='line_1_38' title="bbox 299 2460 1944 2530; baseline -0.001 -15"><span class='ocrx_word' id='word_1_286' title='bbox 299 2468 496 2515; x_wconf 87' lang='lat' dir='ltr'><strong>tentos</strong></span> <span class='ocrx_word' id='word_1_287' title='bbox 528 2460 599 2514; x_wconf 86' lang='lat' dir='ltr'><strong>ad</strong></span> <span class='ocrx_word' id='word_1_288' title='bbox 633 2460 1024 2514; x_wconf 85' lang='lat' dir='ltr'><strong>constantiam</strong></span> <span class='ocrx_word' id='word_1_289' title='bbox 1056 2460 1115 2513; x_wconf 92' lang='lat' dir='ltr'><strong>in</strong></span> <span class='ocrx_word' id='word_1_290' title='bbox 1161 2460 1289 2520; x_wconf 82' lang='lat' dir='ltr'><strong>fide,</strong></span> <span class='ocrx_word' id='word_1_291' title='bbox 1328 2460 1688 2513; x_wconf 87' lang='lat' dir='ltr'><strong>alacritatem</strong></span> <span class='ocrx_word' id='word_1_292' title='bbox 1724 2460 1780 2513; x_wconf 89' lang='lat' dir='ltr'><strong>in</strong></span> <span class='ocrx_word' id='word_1_293' title='bbox 1817 2476 1944 2530; x_wconf 87' lang='lat' dir='ltr'><strong>per-</strong></span> 
     </span>
    </p>
   </div>
   <div class='ocr_carea' id='block_1_39' title="bbox 293 2530 1949 2600">
    <p class='ocr_par' dir='ltr' id='par_1_39' title="bbox 293 2530 1949 2600">
     <span class='ocr_line' id='line_1_39' title="bbox 293 2530 1949 2600; baseline -0.001 -13"><span class='ocrx_word' id='word_1_294' title='bbox 293 2532 538 2587; x_wconf 82' lang='lat' dir='ltr'><strong>ferendo</strong></span> <span class='ocrx_word' id='word_1_295' title='bbox 567 2530 815 2585; x_wconf 88' lang='lat' dir='ltr'><strong>carceris</strong></span> <span class='ocrx_word' id='word_1_296' title='bbox 869 2530 1163 2600; x_wconf 86' lang='lat' dir='ltr'><strong>squallore</strong></span> <span class='ocrx_word' id='word_1_297' title='bbox 1211 2535 1267 2584; x_wconf 89' lang='lat' dir='ltr'><strong>et</strong></span> <span class='ocrx_word' id='word_1_298' title='bbox 1316 2530 1795 2600; x_wconf 87' lang='lat' dir='ltr'><strong>impendentibus</strong></span> <span class='ocrx_word' id='word_1_299' title='bbox 1835 2530 1949 2585; x_wconf 87' lang='lat' dir='ltr'><strong>sibi</strong></span> 
     </span>
    </p>
   </div>
   <div class='ocr_carea' id='block_1_40' title="bbox 292 2601 1947 2675">
    <p class='ocr_par' dir='ltr' id='par_1_40' title="bbox 292 2601 1947 2675">
     <span class='ocr_line' id='line_1_40' title="bbox 292 2601 1947 2675; baseline -0.001 -16"><span class='ocrx_word' id='word_1_300' title='bbox 292 2603 605 2675; x_wconf 87' lang='lat' dir='ltr'><strong>suppliciis</strong></span> <span class='ocrx_word' id='word_1_301' title='bbox 626 2602 1001 2675; x_wconf 86' lang='lat' dir='ltr'><strong>vehementer</strong></span> <span class='ocrx_word' id='word_1_302' title='bbox 1031 2609 1222 2675; x_wconf 86' lang='lat' dir='ltr'><strong>movet</strong></span> <span class='ocrx_word' id='word_1_303' title='bbox 1251 2605 1305 2655; x_wconf 91' lang='lat' dir='ltr'><strong>et</strong></span> <span class='ocrx_word' id='word_1_304' title='bbox 1367 2601 1609 2675; x_wconf 82' lang='lat' dir='ltr'><strong>animat,</strong></span> <span class='ocrx_word' id='word_1_305' title='bbox 1669 2618 1789 2675; x_wconf 75' lang='lat' dir='ltr'><strong>eos</strong></span> <span class='ocrx_word' id='word_1_306' title='bbox 1816 2620 1947 2658; x_wconf 90' lang='lat' dir='ltr'><strong>vero</strong></span> 
     </span>
    </p>
   </div>
   <div class='ocr_carea' id='block_1_41' title="bbox 340 2672 1949 2745">
    <p class='ocr_par' dir='ltr' id='par_1_41' title="bbox 340 2672 1949 2745">
     <span class='ocr_line' id='line_1_41' title="bbox 340 2672 1949 2745; baseline 0 -15"><span class='ocrx_word' id='word_1_307' title='bbox 340 2672 679 2730; x_wconf 52' lang='lat' dir='ltr'><strong>oti&#39;ssimum</strong></span> <span class='ocrx_word' id='word_1_308' title='bbox 714 2674 785 2727; x_wconf 91' lang='lat' dir='ltr'><strong>ad</strong></span> <span class='ocrx_word' id='word_1_309' title='bbox 817 2689 1017 2745; x_wconf 89' lang='lat' dir='ltr'><strong>pacem</strong></span> <span class='ocrx_word' id='word_1_310' title='bbox 1046 2673 1273 2739; x_wconf 86' lang='lat' dir='ltr'><strong>invitat,</strong></span> <span class='ocrx_word' id='word_1_311' title='bbox 1298 2688 1476 2743; x_wconf 83' lang='lat' dir='ltr'><strong>quam</strong></span> <span class='ocrx_word' id='word_1_312' title='bbox 1500 2672 1597 2743; x_wconf 92' lang='lat' dir='ltr'><strong>qui</strong></span> <span class='ocrx_word' id='word_1_313' title='bbox 1632 2689 1745 2727; x_wconf 91' lang='lat' dir='ltr'><strong>non</strong></span> <span class='ocrx_word' id='word_1_314' title='bbox 1780 2673 1949 2730; x_wconf 90' lang='lat' dir='ltr'><strong>habe-</strong></span> 
     </span>
    </p>
   </div>
   <div class='ocr_carea' id='block_1_42' title="bbox 295 2694 1783 2815">
    <p class='ocr_par' dir='ltr' id='par_1_42' title="bbox 295 2694 1783 2815">
     <span class='ocr_line' id='line_1_42' title="bbox 340 2694 1783 2745; baseline -0.003 -15"><span class='ocrx_word' id='word_1_315' title='bbox 340 2694 679 2730; x_wconf 74' lang='lat' dir='ltr'><strong>oussxmum</strong></span> <span class='ocrx_word' id='word_1_316' title='bbox 714 2694 785 2727; x_wconf 85' lang='lat' dir='ltr'><strong>aa</strong></span> <span class='ocrx_word' id='word_1_317' title='bbox 817 2694 1017 2745; x_wconf 87' lang='lat' dir='ltr'><strong>pacem</strong></span> <span class='ocrx_word' id='word_1_318' title='bbox 1047 2694 1273 2739; x_wconf 75' lang='lat' dir='ltr'><strong>invuat,</strong></span> <span class='ocrx_word' id='word_1_319' title='bbox 1298 2694 1476 2743; x_wconf 82' lang='lat' dir='ltr'><strong>quam</strong></span> <span class='ocrx_word' id='word_1_320' title='bbox 1500 2694 1597 2743; x_wconf 76' lang='grc' dir='ltr'><strong>(μη</strong></span> <span class='ocrx_word' id='word_1_321' title='bbox 1632 2694 1745 2727; x_wconf 92' lang='lat' dir='ltr'><strong>non</strong></span> <span class='ocrx_word' id='word_1_322' title='bbox 1782 2694 1783 2725; x_wconf 60' lang='grc' dir='ltr'>ι</span> 
     </span>
     <span class='ocr_line' id='line_1_43' title="bbox 295 2694 1783 2815; baseline -0.002 -13"><span class='ocrx_word' id='word_1_323' title='bbox 295 2694 520 2802; x_wconf 55' lang='lat' dir='ltr'><strong>ﬂabant</strong></span> <span class='ocrx_word' id='word_1_324' title='bbox 548 2750 619 2800; x_wconf 87' lang='lat' dir='ltr'><strong>ab</strong></span> <span class='ocrx_word' id='word_1_325' title='bbox 653 2744 927 2800; x_wconf 76' lang='lat' dir='ltr'><strong>Ecclesia.</strong></span> <span class='ocrx_word' id='word_1_326' title='bbox 962 2763 992 2798; x_wconf 94' lang='lat' dir='ltr'><strong>a</strong></span> <span class='ocrx_word' id='word_1_327' title='bbox 1026 2744 1380 2815; x_wconf 87' lang='lat' dir='ltr'><strong>martyribus</strong></span> <span class='ocrx_word' id='word_1_328' title='bbox 1415 2744 1783 2815; x_wconf 83' lang='lat' dir='ltr'><strong>expetebant.</strong></span> 
     </span>
    </p>
   </div>
   <div class='ocr_carea' id='block_1_43' title="bbox 372 2816 1943 2888">
    <p class='ocr_par' dir='ltr' id='par_1_43' title="bbox 372 2816 1943 2888">
     <span class='ocr_line' id='line_1_44' title="bbox 372 2816 1943 2888; baseline -0.001 -16"><span class='ocrx_word' id='word_1_329' title='bbox 372 2823 460 2873; x_wconf 81' lang='lat' dir='ltr'><strong>Ab</strong></span> <span class='ocrx_word' id='word_1_330' title='bbox 489 2818 654 2872; x_wconf 88' lang='lat' dir='ltr'><strong>initio</strong></span> <span class='ocrx_word' id='word_1_331' title='bbox 686 2818 886 2872; x_wconf 86' lang='lat' dir='ltr'><strong>laudat</strong></span> <span class='ocrx_word' id='word_1_332' title='bbox 915 2818 1187 2888; x_wconf 90' lang='lat' dir='ltr'><strong>pietatem</strong></span> <span class='ocrx_word' id='word_1_333' title='bbox 1241 2817 1524 2888; x_wconf 77' lang='lat' dir='ltr'><strong>ﬁdelium,</strong></span> <span class='ocrx_word' id='word_1_334' title='bbox 1578 2816 1678 2887; x_wconf 91' lang='lat' dir='ltr'><strong>qui</strong></span> <span class='ocrx_word' id='word_1_335' title='bbox 1730 2821 1943 2888; x_wconf 84' lang='lat' dir='ltr'><strong>marty-</strong></span> 
     </span>
    </p>
   </div>
   <div class='ocr_carea' id='block_1_44' title="bbox 292 2887 1947 2958">
    <p class='ocr_par' dir='ltr' id='par_1_44' title="bbox 292 2887 1947 2958">
     <span class='ocr_line' id='line_1_45' title="bbox 292 2887 1947 2958; baseline -0.002 -13"><span class='ocrx_word' id='word_1_336' title='bbox 292 2891 463 2945; x_wconf 84' lang='lat' dir='ltr'><strong>ribus</strong></span> <span class='ocrx_word' id='word_1_337' title='bbox 510 2890 569 2943; x_wconf 87' lang='lat' dir='ltr'><strong>in</strong></span> <span class='ocrx_word' id='word_1_338' title='bbox 619 2905 847 2944; x_wconf 77' lang='lat' dir='ltr'><strong>carcere</strong></span> <span class='ocrx_word' id='word_1_339' title='bbox 905 2887 1241 2943; x_wconf 87' lang='lat' dir='ltr'><strong>constitutis</strong></span> <span class='ocrx_word' id='word_1_340' title='bbox 1295 2887 1574 2942; x_wconf 84' lang='lat' dir='ltr'><strong>alimenta</strong></span> <span class='ocrx_word' id='word_1_341' title='bbox 1621 2887 1947 2958; x_wconf 87' lang='lat' dir='ltr'><strong>corporalia</strong></span> 
     </span>
    </p>
   </div>
   <div class='ocr_carea' id='block_1_45' title="bbox 296 2958 1946 3032">
    <p class='ocr_par' dir='ltr' id='par_1_45' title="bbox 296 2958 1946 3032">
     <span class='ocr_line' id='line_1_46' title="bbox 296 2958 1946 3032; baseline -0.002 -16"><span class='ocrx_word' id='word_1_342' title='bbox 296 2961 768 3028; x_wconf 85' lang='lat' dir='ltr'><strong>ministrabant;</strong></span> <span class='ocrx_word' id='word_1_343' title='bbox 826 2958 957 3015; x_wconf 87' lang='lat' dir='ltr'><strong>dein</strong></span> <span class='ocrx_word' id='word_1_344' title='bbox 1017 2960 1173 3032; x_wconf 87' lang='lat' dir='ltr'><strong>ipsos</strong></span> <span class='ocrx_word' id='word_1_345' title='bbox 1207 2965 1490 3032; x_wconf 81' lang='lat' dir='ltr'><strong>martyres</strong></span> <span class='ocrx_word' id='word_1_346' title='bbox 1550 2959 1946 3032; x_wconf 84' lang='lat' dir='ltr'><strong>hortatur,_ne</strong></span> 
     </span>
    </p>
   </div>
   <div class='ocr_carea' id='block_1_46' title="bbox 288 3030 1945 3105">
    <p class='ocr_par' dir='ltr' id='par_1_46' title="bbox 288 3030 1945 3105">
     <span class='ocr_line' id='line_1_47' title="bbox 288 3030 1945 3105; baseline -0.003 -17"><span class='ocrx_word' id='word_1_347' title='bbox 288 3035 571 3105; x_wconf 76' lang='lat' dir='ltr'><strong>Spiritum</strong></span> <span class='ocrx_word' id='word_1_348' title='bbox 609 3042 871 3087; x_wconf 73' lang='lat' dir='ltr'><strong>sanetum</strong></span> <span class='ocrx_word' id='word_1_349' title='bbox 899 3030 1225 3087; x_wconf 44' lang='lat' dir='ltr'><strong>conti—&#39;istari</strong></span> <span class='ocrx_word' id='word_1_350' title='bbox 1256 3030 1474 3105; x_wconf 74' lang='lat' dir='ltr'><strong>vellent,</strong></span> <span class='ocrx_word' id='word_1_351' title='bbox 1530 3030 1637 3105; x_wconf 81' lang='lat' dir='ltr'><strong>sed</strong></span> <span class='ocrx_word' id='word_1_352' title='bbox 1679 3047 1811 3085; x_wconf 90' lang='lat' dir='ltr'><strong>eum</strong></span> <span class='ocrx_word' id='word_1_353' title='bbox 1865 3030 1945 3084; x_wconf 92' lang='lat' dir='ltr'><strong>ita</strong></span> 
     </span>
    </p>
   </div>
   <div class='ocr_carea' id='block_1_47' title="bbox 286 3101 1941 3173">
    <p class='ocr_par' dir='ltr' id='par_1_47' title="bbox 286 3101 1941 3173">
     <span class='ocr_line' id='line_1_48' title="bbox 286 3101 1941 3173; baseline -0.003 -12"><span class='ocrx_word' id='word_1_354' title='bbox 286 3101 652 3172; x_wconf 79' lang='lat' dir='ltr'><strong>custodiant,</strong></span> <span class='ocrx_word' id='word_1_355' title='bbox 684 3109 748 3158; x_wconf 90' lang='lat' dir='ltr'><strong>ut</strong></span> <span class='ocrx_word' id='word_1_356' title='bbox 777 3118 977 3173; x_wconf 91' lang='lat' dir='ltr'><strong>pacem</strong></span> <span class='ocrx_word' id='word_1_357' title='bbox 1009 3107 1066 3157; x_wconf 88' lang='lat' dir='ltr'><strong>et</strong></span> <span class='ocrx_word' id='word_1_358' title='bbox 1106 3103 1478 3157; x_wconf 89' lang='lat' dir='ltr'><strong>concordiam</strong></span> <span class='ocrx_word' id='word_1_359' title='bbox 1526 3101 1769 3157; x_wconf 90' lang='lat' dir='ltr'><strong>invicem</strong></span> <span class='ocrx_word' id='word_1_360' title='bbox 1820 3118 1941 3157; x_wconf 84' lang='lat' dir='ltr'><strong>ser-</strong></span> 
     </span>
    </p>
   </div>
   <div class='ocr_carea' id='block_1_48' title="bbox 2070 1887 3710 1959">
    <p class='ocr_par' dir='ltr' id='par_1_48' title="bbox 2070 1887 3710 1959">
     <span class='ocr_line' id='line_1_49' title="bbox 2070 1887 3710 1959; baseline 0.005 -20"><span class='ocrx_word' id='word_1_361' title='bbox 2070 1888 2245 1942; x_wconf 85' lang='lat' dir='ltr'><strong>verba</strong></span> <span class='ocrx_word' id='word_1_362' title='bbox 2277 1887 2737 1959; x_wconf 83' lang='lat' dir='ltr'><strong>respondimus:</strong></span> <span class='ocrx_word' id='word_1_363' title='bbox 2789 1905 2922 1944; x_wconf 89' lang='lat' dir='ltr'><strong>nem</strong></span> <span class='ocrx_word' id='word_1_364' title='bbox 2975 1887 3143 1943; x_wconf 90' lang='lat' dir='ltr'><strong>miles</strong></span> <span class='ocrx_word' id='word_1_365' title='bbox 3188 1888 3257 1942; x_wconf 89' lang='lat' dir='ltr'><strong>ad</strong></span> <span class='ocrx_word' id='word_1_366' title='bbox 3310 1887 3529 1943; x_wconf 89' lang='lat' dir='ltr'><strong>bellum</strong></span> <span class='ocrx_word' id='word_1_367' title='bbox 3575 1905 3710 1947; x_wconf 88' lang='lat' dir='ltr'><strong>cum</strong></span> 
     </span>
    </p>
   </div>
   <div class='ocr_carea' id='block_1_49' title="bbox 2064 1959 3708 2031">
    <p class='ocr_par' dir='ltr' id='par_1_49' title="bbox 2064 1959 3708 2031">
     <span class='ocr_line' id='line_1_50' title="bbox 2064 1959 3708 2031; baseline 0.002 -18"><span class='ocrx_word' id='word_1_368' title='bbox 2064 1959 2290 2014; x_wconf 90' lang='lat' dir='ltr'><strong>deliciis</strong></span> <span class='ocrx_word' id='word_1_369' title='bbox 2321 1959 2501 2029; x_wconf 89' lang='lat' dir='ltr'><strong>venit,</strong></span> <span class='ocrx_word' id='word_1_370' title='bbox 2536 1976 2639 2015; x_wconf 92' lang='lat' dir='ltr'><strong>nec</strong></span> <span class='ocrx_word' id='word_1_371' title='bbox 2669 1961 2741 2015; x_wconf 89' lang='lat' dir='ltr'><strong>de</strong></span> <span class='ocrx_word' id='word_1_372' title='bbox 2770 1960 3039 2015; x_wconf 91' lang='lat' dir='ltr'><strong>cubiculo</strong></span> <span class='ocrx_word' id='word_1_373' title='bbox 3069 1960 3138 2014; x_wconf 86' lang='lat' dir='ltr'><strong>ad</strong></span> <span class='ocrx_word' id='word_1_374' title='bbox 3160 1959 3343 2015; x_wconf 88' lang='lat' dir='ltr'><strong>aciem</strong></span> <span class='ocrx_word' id='word_1_375' title='bbox 3379 1960 3708 2031; x_wconf 89' lang='lat' dir='ltr'><strong>procedit...</strong></span> 
     </span>
    </p>
   </div>
   <div class='ocr_carea' id='block_1_50' title="bbox 2063 2030 3710 2103">
    <p class='ocr_par' dir='ltr' id='par_1_50' title="bbox 2063 2030 3710 2103">
     <span class='ocr_line' id='line_1_51' title="bbox 2063 2030 3710 2103; baseline 0.003 -20"><span class='ocrx_word' id='word_1_376' title='bbox 2063 2032 2241 2085; x_wconf 89' lang='lat' dir='ltr'><strong>etiam</strong></span> <span class='ocrx_word' id='word_1_377' title='bbox 2276 2032 2332 2085; x_wconf 91' lang='lat' dir='ltr'><strong>in</strong></span> <span class='ocrx_word' id='word_1_378' title='bbox 2368 2048 2529 2101; x_wconf 89' lang='lat' dir='ltr'><strong>pace,</strong></span> <span class='ocrx_word' id='word_1_379' title='bbox 2568 2032 2764 2087; x_wconf 91' lang='lat' dir='ltr'><strong>labore</strong></span> <span class='ocrx_word' id='word_1_380' title='bbox 2795 2036 2852 2086; x_wconf 91' lang='lat' dir='ltr'><strong>et</strong></span> <span class='ocrx_word' id='word_1_381' title='bbox 2900 2032 3289 2087; x_wconf 90' lang='lat' dir='ltr'><strong>incommodis</strong></span> <span class='ocrx_word' id='word_1_382' title='bbox 3338 2030 3557 2086; x_wconf 85' lang='lat' dir='ltr'><strong>bellum</strong></span> <span class='ocrx_word' id='word_1_383' title='bbox 3587 2034 3710 2103; x_wconf 88' lang='lat' dir='ltr'><strong>pati</strong></span> 
     </span>
    </p>
   </div>
   <div class='ocr_carea' id='block_1_51' title="bbox 2053 2103 3709 2171">
    <p class='ocr_par' dir='ltr' id='par_1_51' title="bbox 2053 2103 3709 2171">
     <span class='ocr_line' id='line_1_52' title="bbox 2053 2103 3709 2171; baseline 0.002 -16"><span class='ocrx_word' id='word_1_384' title='bbox 2053 2104 2175 2171; x_wconf 85' lang='lat' dir='ltr'><strong>jrm</strong></span> <span class='ocrx_word' id='word_1_385' title='bbox 2206 2103 2589 2157; x_wconf 90' lang='lat' dir='ltr'><strong>ediscunt.....</strong></span> <span class='ocrx_word' id='word_1_386' title='bbox 2640 2104 2862 2159; x_wconf 80' lang='lat' dir='ltr'><strong>Sudore</strong></span> <span class='ocrx_word' id='word_1_387' title='bbox 2905 2104 3103 2159; x_wconf 89' lang='lat' dir='ltr'><strong>omnia</strong></span> <span class='ocrx_word' id='word_1_388' title='bbox 3146 2108 3445 2169; x_wconf 90' lang='lat' dir='ltr'><strong>constant,</strong></span> <span class='ocrx_word' id='word_1_389' title='bbox 3480 2120 3553 2159; x_wconf 89' lang='lat' dir='ltr'><strong>ne</strong></span> <span class='ocrx_word' id='word_1_390' title='bbox 3581 2121 3709 2159; x_wconf 89' lang='lat' dir='ltr'><strong>cor-</strong></span> 
     </span>
    </p>
   </div>
   <div class='ocr_carea' id='block_1_52' title="bbox 2061 2174 3708 2246">
    <p class='ocr_par' dir='ltr' id='par_1_52' title="bbox 2061 2174 3708 2246">
     <span class='ocr_line' id='line_1_53' title="bbox 2061 2174 3708 2246; baseline 0.001 -18"><span class='ocrx_word' id='word_1_391' title='bbox 2061 2190 2201 2244; x_wconf 87' lang='lat' dir='ltr'><strong>pora</strong></span> <span class='ocrx_word' id='word_1_392' title='bbox 2234 2180 2407 2246; x_wconf 83' lang='lat' dir='ltr'><strong>atque</strong></span> <span class='ocrx_word' id='word_1_393' title='bbox 2439 2174 2617 2246; x_wconf 83' lang='lat' dir='ltr'><strong>animi</strong></span> <span class='ocrx_word' id='word_1_394' title='bbox 2640 2175 3123 2246; x_wconf 82' lang='lat' dir='ltr'><strong>cxpavescant,de</strong></span> <span class='ocrx_word' id='word_1_395' title='bbox 3156 2178 3363 2230; x_wconf 86' lang='lat' dir='ltr'><strong>umbra</strong></span> <span class='ocrx_word' id='word_1_396' title='bbox 3394 2175 3465 2229; x_wconf 89' lang='lat' dir='ltr'><strong>ad</strong></span> <span class='ocrx_word' id='word_1_397' title='bbox 3498 2175 3708 2244; x_wconf 85' lang='lat' dir='ltr'><strong>solem,</strong></span> 
     </span>
    </p>
   </div>
   <div class='ocr_carea' id='block_1_53' title="bbox 2060 2244 3708 2317">
    <p class='ocr_par' dir='ltr' id='par_1_53' title="bbox 2060 2244 3708 2317">
     <span class='ocr_line' id='line_1_54' title="bbox 2060 2244 3708 2317; baseline 0.002 -18"><span class='ocrx_word' id='word_1_398' title='bbox 2060 2246 2130 2299; x_wconf 93' lang='lat' dir='ltr'><strong>de</strong></span> <span class='ocrx_word' id='word_1_399' title='bbox 2161 2244 2283 2301; x_wconf 89' lang='lat' dir='ltr'><strong>sole</strong></span> <span class='ocrx_word' id='word_1_400' title='bbox 2313 2244 2382 2300; x_wconf 82' lang='lat' dir='ltr'><strong>ad</strong></span> <span class='ocrx_word' id='word_1_401' title='bbox 2418 2245 2650 2301; x_wconf 68' lang='lat' dir='ltr'><strong>coelum.</strong></span> <span class='ocrx_word' id='word_1_402' title='bbox 2682 2244 2729 2297; x_wconf 72' lang='grc'><strong>››“</strong></span> <span class='ocrx_word' id='word_1_403' title='bbox 2761 2248 2866 2313; x_wconf 90' lang='lat' dir='ltr'><strong>(Id.</strong></span> <span class='ocrx_word' id='word_1_404' title='bbox 2900 2248 3059 2314; x_wconf 81' lang='lat' dir='ltr'><strong>ibid.,</strong></span> <span class='ocrx_word' id='word_1_405' title='bbox 3110 2263 3241 2317; x_wconf 87' lang='lat' dir='ltr'><strong>cap.</strong></span> <span class='ocrx_word' id='word_1_406' title='bbox 3285 2246 3383 2317; x_wconf 12' lang='lat'><strong>,3).</strong></span> <span class='ocrx_word' id='word_1_407' title='bbox 3419 2246 3708 2317; x_wconf 85' lang='lat' dir='ltr'><strong>Tandem,</strong></span> 
     </span>
    </p>
   </div>
   <div class='ocr_carea' id='block_1_54' title="bbox 2061 2316 3709 2374">
    <p class='ocr_par' dir='ltr' id='par_1_54' title="bbox 2061 2316 3709 2374">
     <span class='ocr_line' id='line_1_55' title="bbox 2061 2316 3709 2374; baseline 0.002 -3"><span class='ocrx_word' id='word_1_408' title='bbox 2061 2333 2129 2371; x_wconf 92' lang='lat' dir='ltr'><strong>ne</strong></span> <span class='ocrx_word' id='word_1_409' title='bbox 2163 2321 2588 2373; x_wconf 88' lang='lat' dir='ltr'><strong>tormentorum</strong></span> <span class='ocrx_word' id='word_1_410' title='bbox 2622 2318 2938 2372; x_wconf 89' lang='lat' dir='ltr'><strong>acerbitate</strong></span> <span class='ocrx_word' id='word_1_411' title='bbox 2967 2316 3118 2372; x_wconf 92' lang='lat' dir='ltr'><strong>vinci</strong></span> <span class='ocrx_word' id='word_1_412' title='bbox 3153 2334 3215 2371; x_wconf 91' lang='lat' dir='ltr'><strong>se</strong></span> <span class='ocrx_word' id='word_1_413' title='bbox 3247 2316 3448 2371; x_wconf 91' lang='lat' dir='ltr'><strong>sinant</strong></span> <span class='ocrx_word' id='word_1_414' title='bbox 3478 2318 3709 2374; x_wconf 88' lang='lat' dir='ltr'><strong>confes-</strong></span> 
     </span>
    </p>
   </div>
   <div class='ocr_carea' id='block_1_55' title="bbox 2061 2388 3707 2460">
    <p class='ocr_par' dir='ltr' id='par_1_55' title="bbox 2061 2388 3707 2460">
     <span class='ocr_line' id='line_1_56' title="bbox 2061 2388 3707 2460; baseline 0.002 -20"><span class='ocrx_word' id='word_1_415' title='bbox 2061 2405 2247 2453; x_wconf 83' lang='lat' dir='ltr'><strong>sores,</strong></span> <span class='ocrx_word' id='word_1_416' title='bbox 2299 2389 2562 2460; x_wconf 83' lang='lat' dir='ltr'><strong>exempla</strong></span> <span class='ocrx_word' id='word_1_417' title='bbox 2594 2389 2850 2443; x_wconf 86' lang='lat' dir='ltr'><strong>virorum</strong></span> <span class='ocrx_word' id='word_1_418' title='bbox 2903 2400 2958 2443; x_wconf 87' lang='lat' dir='ltr'><strong>et</strong></span> <span class='ocrx_word' id='word_1_419' title='bbox 3005 2388 3321 2444; x_wconf 79' lang='lat' dir='ltr'><strong>mulierum</strong></span> <span class='ocrx_word' id='word_1_420' title='bbox 3375 2388 3707 2457; x_wconf 78' lang='lat' dir='ltr'><strong>gentilium,</strong></span> 
     </span>
    </p>
   </div>
   <div class='ocr_carea' id='block_1_56' title="bbox 2060 2460 3708 2531">
    <p class='ocr_par' dir='ltr' id='par_1_56' title="bbox 2060 2460 3708 2531">
     <span class='ocr_line' id='line_1_57' title="bbox 2060 2460 3708 2531; baseline 0.002 -18"><span class='ocrx_word' id='word_1_421' title='bbox 2060 2462 2157 2530; x_wconf 92' lang='lat' dir='ltr'><strong>qui</strong></span> <span class='ocrx_word' id='word_1_422' title='bbox 2199 2477 2267 2515; x_wconf 83' lang='lat' dir='ltr'><strong>ex</strong></span> <span class='ocrx_word' id='word_1_423' title='bbox 2324 2460 2507 2515; x_wconf 90' lang='lat' dir='ltr'><strong>solius</strong></span> <span class='ocrx_word' id='word_1_424' title='bbox 2562 2477 2718 2515; x_wconf 68' lang='lat' dir='ltr'><strong>vanae</strong></span> <span class='ocrx_word' id='word_1_425' title='bbox 2769 2460 2966 2531; x_wconf 72' lang='lat' dir='ltr'><strong>gloriaa</strong></span> <span class='ocrx_word' id='word_1_426' title='bbox 3026 2460 3259 2531; x_wconf 85' lang='lat' dir='ltr'><strong>motive</strong></span> <span class='ocrx_word' id='word_1_427' title='bbox 3298 2467 3590 2515; x_wconf 90' lang='lat' dir='ltr'><strong>tormenta</strong></span> <span class='ocrx_word' id='word_1_428' title='bbox 3648 2466 3708 2517; x_wconf 92' lang='lat' dir='ltr'><strong>et</strong></span> 
     </span>
    </p>
   </div>
   <div class='ocr_carea' id='block_1_57' title="bbox 2060 2530 3703 2603">
    <p class='ocr_par' dir='ltr' id='par_1_57' title="bbox 2060 2530 3703 2603">
     <span class='ocr_line' id='line_1_58' title="bbox 2060 2530 3703 2603; baseline 0.001 -17"><span class='ocrx_word' id='word_1_429' title='bbox 2060 2538 2305 2586; x_wconf 89' lang='lat' dir='ltr'><strong>mortem</strong></span> <span class='ocrx_word' id='word_1_430' title='bbox 2339 2534 2563 2586; x_wconf 90' lang='lat' dir='ltr'><strong>fortiter</strong></span> <span class='ocrx_word' id='word_1_431' title='bbox 2596 2530 2992 2603; x_wconf 82' lang='lat' dir='ltr'><strong>sustinerent,</strong></span> <span class='ocrx_word' id='word_1_432' title='bbox 3052 2530 3293 2588; x_wconf 87' lang='lat' dir='ltr'><strong>adducit</strong></span> <span class='ocrx_word' id='word_1_433' title='bbox 3347 2532 3480 2601; x_wconf 89' lang='lat' dir='ltr'><strong>(ld.,</strong></span> <span class='ocrx_word' id='word_1_434' title='bbox 3538 2534 3703 2603; x_wconf 76' lang='lat' dir='ltr'><strong>Ibid.,</strong></span> 
     </span>
    </p>
   </div>
   <div class='ocr_carea' id='block_1_58' title="bbox 2058 2602 3701 2675">
    <p class='ocr_par' dir='ltr' id='par_1_58' title="bbox 2058 2602 3701 2675">
     <span class='ocr_line' id='line_1_59' title="bbox 2058 2602 3701 2675; baseline 0.001 -17"><span class='ocrx_word' id='word_1_435' title='bbox 2058 2620 2184 2675; x_wconf 88' lang='lat' dir='ltr'><strong>cap.</strong></span> <span class='ocrx_word' id='word_1_436' title='bbox 2219 2604 2250 2657; x_wconf 80' lang='grc'>4</span> <span class='ocrx_word' id='word_1_437' title='bbox 2281 2608 2337 2657; x_wconf 91' lang='lat' dir='ltr'><strong>et</strong></span> <span class='ocrx_word' id='word_1_438' title='bbox 2363 2604 2441 2673; x_wconf 84' lang='lat'><strong>5).</strong></span> <span class='ocrx_word' id='word_1_439' title='bbox 2475 2602 2629 2658; x_wconf 86' lang='lat' dir='ltr'><strong>Nihil</strong></span> <span class='ocrx_word' id='word_1_440' title='bbox 2668 2620 2807 2659; x_wconf 87' lang='lat' dir='ltr'><strong>sane</strong></span> <span class='ocrx_word' id='word_1_441' title='bbox 2858 2604 2965 2658; x_wconf 90' lang='lat' dir='ltr'><strong>hoc</strong></span> <span class='ocrx_word' id='word_1_442' title='bbox 2998 2604 3172 2675; x_wconf 87' lang='lat' dir='ltr'><strong>brevi</strong></span> <span class='ocrx_word' id='word_1_443' title='bbox 3230 2618 3500 2675; x_wconf 83' lang='lat' dir='ltr'><strong>sermone</strong></span> <span class='ocrx_word' id='word_1_444' title='bbox 3530 2602 3701 2660; x_wconf 58' lang='lat' dir='ltr'><strong>veheé</strong></span> 
     </span>
    </p>
   </div>
   <div class='ocr_carea' id='block_1_59' title="bbox 2058 2673 3701 2746">
    <p class='ocr_par' dir='ltr' id='par_1_59' title="bbox 2058 2673 3701 2746">
     <span class='ocr_line' id='line_1_60' title="bbox 2058 2673 3701 2746; baseline 0.002 -18"><span class='ocrx_word' id='word_1_445' title='bbox 2058 2673 2330 2738; x_wconf 76' lang='lat' dir='ltr'><strong>mentias,</strong></span> <span class='ocrx_word' id='word_1_446' title='bbox 2361 2679 2463 2729; x_wconf 88' lang='lat' dir='ltr'><strong>aut</strong></span> <span class='ocrx_word' id='word_1_447' title='bbox 2494 2676 2794 2730; x_wconf 85' lang='lat' dir='ltr'><strong>movendis</strong></span> <span class='ocrx_word' id='word_1_448' title='bbox 2828 2674 3042 2729; x_wconf 89' lang='lat' dir='ltr'><strong>animis</strong></span> <span class='ocrx_word' id='word_1_449' title='bbox 3096 2675 3313 2746; x_wconf 86' lang='lat' dir='ltr'><strong>aptius,</strong></span> <span class='ocrx_word' id='word_1_450' title='bbox 3340 2673 3541 2744; x_wconf 90' lang='lat' dir='ltr'><strong>judice</strong></span> <span class='ocrx_word' id='word_1_451' title='bbox 3572 2690 3701 2746; x_wconf 90' lang='lat' dir='ltr'><strong>per-</strong></span> 
     </span>
    </p>
   </div>
   <div class='ocr_carea' id='block_1_60' title="bbox 2056 2746 3698 2819">
    <p class='ocr_par' dir='ltr' id='par_1_60' title="bbox 2056 2746 3698 2819">
     <span class='ocr_line' id='line_1_61' title="bbox 2056 2746 3698 2819; baseline 0.002 -19"><span class='ocrx_word' id='word_1_452' title='bbox 2056 2747 2224 2801; x_wconf 91' lang='lat' dir='ltr'><strong>docto</strong></span> <span class='ocrx_word' id='word_1_453' title='bbox 2257 2746 2378 2800; x_wconf 92' lang='lat' dir='ltr'><strong>viro</strong></span> <span class='ocrx_word' id='word_1_454' title='bbox 2410 2746 2659 2816; x_wconf 90' lang='lat' dir='ltr'><strong>Dupinio</strong></span> <span class='ocrx_word' id='word_1_455' title='bbox 2708 2746 2993 2819; x_wconf 64' lang='lat' dir='ltr'><strong>(Biblioth.</strong></span> <span class='ocrx_word' id='word_1_456' title='bbox 3043 2746 3137 2801; x_wconf 69' lang='lat' dir='ltr'><strong>de:</strong></span> <span class='ocrx_word' id='word_1_457' title='bbox 3178 2751 3603 2819; x_wconf 24' lang='lat' dir='ltr'><strong>autem-35mm,</strong></span> <span class='ocrx_word' id='word_1_458' title='bbox 3633 2748 3698 2819; x_wconf 81' lang='grc' dir='ltr'><strong>ι).</strong></span> 
     </span>
    </p>
   </div>
   <div class='ocr_carea' id='block_1_61' title="bbox 2058 2816 3696 2889">
    <p class='ocr_par' dir='ltr' id='par_1_61' title="bbox 2058 2816 3696 2889">
     <span class='ocr_line' id='line_1_62' title="bbox 2058 2816 3696 2889; baseline 0.002 -18"><span class='ocrx_word' id='word_1_459' title='bbox 2058 2823 2174 2872; x_wconf 82' lang='lat' dir='ltr'><strong>Hoc</strong></span> <span class='ocrx_word' id='word_1_460' title='bbox 2222 2819 2282 2871; x_wconf 92' lang='lat' dir='ltr'><strong>in</strong></span> <span class='ocrx_word' id='word_1_461' title='bbox 2325 2828 2670 2889; x_wconf 88' lang='lat' dir='ltr'><strong>argumento</strong></span> <span class='ocrx_word' id='word_1_462' title='bbox 2719 2817 3143 2889; x_wconf 82' lang='lat' dir='ltr'><strong>Tertullianum</strong></span> <span class='ocrx_word' id='word_1_463' title='bbox 3209 2823 3407 2889; x_wconf 84' lang='lat' dir='ltr'><strong>postea</strong></span> <span class='ocrx_word' id='word_1_464' title='bbox 3428 2816 3696 2874; x_wconf 85' lang='lat' dir='ltr'><strong>imitatus</strong></span> 
     </span>
    </p>
   </div>
   <div class='ocr_carea' id='block_1_62' title="bbox 2054 2888 3693 2961">
    <p class='ocr_par' dir='ltr' id='par_1_62' title="bbox 2054 2888 3693 2961">
     <span class='ocr_line' id='line_1_63' title="bbox 2054 2888 3693 2961; baseline -0.001 -16"><span class='ocrx_word' id='word_1_465' title='bbox 2054 2897 2144 2945; x_wconf 88' lang='lat' dir='ltr'><strong>est</strong></span> <span class='ocrx_word' id='word_1_466' title='bbox 2187 2888 2409 2943; x_wconf 84' lang='lat' dir='ltr'><strong>beatus</strong></span> <span class='ocrx_word' id='word_1_467' title='bbox 2443 2890 2767 2961; x_wconf 81' lang='lat' dir='ltr'><strong>Cyprianus</strong></span> <span class='ocrx_word' id='word_1_468' title='bbox 2821 2890 2879 2943; x_wconf 91' lang='lat' dir='ltr'><strong>in</strong></span> <span class='ocrx_word' id='word_1_469' title='bbox 2909 2906 3018 2961; x_wconf 83' lang='lat' dir='ltr'><strong>suo</strong></span> <span class='ocrx_word' id='word_1_470' title='bbox 3078 2888 3143 2943; x_wconf 83' lang='lat' dir='ltr'><strong>de</strong></span> <span class='ocrx_word' id='word_1_471' title='bbox 3197 2888 3592 2945; x_wconf 72' lang='lat' dir='ltr'><strong>Exhortatione</strong></span> <span class='ocrx_word' id='word_1_472' title='bbox 3642 2893 3693 2945; x_wconf 86' lang='lat' dir='ltr'><strong>et</strong></span> 
     </span>
    </p>
   </div>
   <div class='ocr_carea' id='block_1_63' title="bbox 2054 2960 3700 3032">
    <p class='ocr_par' dir='ltr' id='par_1_63' title="bbox 2054 2960 3700 3032">
     <span class='ocr_line' id='line_1_64' title="bbox 2054 2960 3700 3032; baseline 0.001 -17"><span class='ocrx_word' id='word_1_473' title='bbox 2054 2961 2217 3015; x_wconf 79' lang='lat' dir='ltr'><strong>laude</strong></span> <span class='ocrx_word' id='word_1_474' title='bbox 2261 2960 2525 3030; x_wconf 76' lang='lat' dir='ltr'><strong>Martyrii</strong></span> <span class='ocrx_word' id='word_1_475' title='bbox 2570 2960 2740 3026; x_wconf 91' lang='lat' dir='ltr'><strong>libro,</strong></span> <span class='ocrx_word' id='word_1_476' title='bbox 2798 2964 2854 3015; x_wconf 92' lang='lat' dir='ltr'><strong>et</strong></span> <span class='ocrx_word' id='word_1_477' title='bbox 2905 2960 2961 3013; x_wconf 93' lang='lat' dir='ltr'><strong>in</strong></span> <span class='ocrx_word' id='word_1_478' title='bbox 3010 2960 3152 3032; x_wconf 89' lang='lat' dir='ltr'><strong>suis</strong></span> <span class='ocrx_word' id='word_1_479' title='bbox 3183 2961 3252 3015; x_wconf 91' lang='lat' dir='ltr'><strong>ad</strong></span> <span class='ocrx_word' id='word_1_480' title='bbox 3306 2967 3593 3032; x_wconf 87' lang='lat' dir='ltr'><strong>martyres</strong></span> <span class='ocrx_word' id='word_1_481' title='bbox 3641 2966 3700 3017; x_wconf 89' lang='lat' dir='ltr'><strong>et</strong></span> 
     </span>
    </p>
   </div>
   <div class='ocr_carea' id='block_1_64' title="bbox 2053 3031 3701 3103">
    <p class='ocr_par' dir='ltr' id='par_1_64' title="bbox 2053 3031 3701 3103">
     <span class='ocr_line' id='line_1_65' title="bbox 2053 3031 3701 3103; baseline 0.001 -18"><span class='ocrx_word' id='word_1_482' title='bbox 2053 3033 2417 3087; x_wconf 87' lang='lat' dir='ltr'><strong>confessores</strong></span> <span class='ocrx_word' id='word_1_483' title='bbox 2450 3031 2742 3102; x_wconf 89' lang='lat' dir='ltr'><strong>Epistolis.</strong></span> <span class='ocrx_word' id='word_1_484' title='bbox 2777 3032 3059 3103; x_wconf 65' lang='lat' dir='ltr'><strong>Caeterum</strong></span> <span class='ocrx_word' id='word_1_485' title='bbox 3093 3031 3160 3085; x_wconf 89' lang='lat' dir='ltr'><strong>ad</strong></span> <span class='ocrx_word' id='word_1_486' title='bbox 3197 3031 3565 3103; x_wconf 78' lang='lat' dir='ltr'><strong>martyresin</strong></span> <span class='ocrx_word' id='word_1_487' title='bbox 3601 3032 3701 3087; x_wconf 90' lang='lat' dir='ltr'><strong>ali-</strong></span> 
     </span>
    </p>
   </div>
   <div class='ocr_carea' id='block_1_65' title="bbox 2054 3102 3693 3174">
    <p class='ocr_par' dir='ltr' id='par_1_65' title="bbox 2054 3102 3693 3174">
     <span class='ocr_line' id='line_1_66' title="bbox 2054 3102 3693 3174; baseline 0.001 -16"><span class='ocrx_word' id='word_1_488' title='bbox 2054 3121 2167 3174; x_wconf 93' lang='lat' dir='ltr'><strong>quo</strong></span> <span class='ocrx_word' id='word_1_489' title='bbox 2199 3103 2413 3174; x_wconf 84' lang='lat' dir='ltr'><strong>Oppido</strong></span> <span class='ocrx_word' id='word_1_490' title='bbox 2458 3103 2696 3158; x_wconf 89' lang='lat' dir='ltr'><strong>ditionis</strong></span> <span class='ocrx_word' id='word_1_491' title='bbox 2746 3102 3245 3172; x_wconf 83' lang='lat' dir='ltr'><strong>Carthaginensis,</strong></span> <span class='ocrx_word' id='word_1_492' title='bbox 3276 3102 3379 3157; x_wconf 89' lang='lat' dir='ltr'><strong>aut</strong></span> <span class='ocrx_word' id='word_1_493' title='bbox 3424 3102 3601 3158; x_wconf 87' lang='lat' dir='ltr'><strong>etiam</strong></span> <span class='ocrx_word' id='word_1_494' title='bbox 3634 3104 3693 3160; x_wconf 91' lang='lat' dir='ltr'><strong>in</strong></span> 
     </span>
    </p>
   </div>
   <div class='ocr_carea' id='block_1_66' title="bbox 288 3174 3692 3258">
    <p class='ocr_par' dir='ltr' id='par_1_66' title="bbox 288 3174 3692 3258">
     <span class='ocr_line' id='line_1_67' title="bbox 288 3174 3692 3258; baseline 0.001 -29"><span class='ocrx_word' id='word_1_495' title='bbox 288 3185 449 3239; x_wconf 86' lang='lat' dir='ltr'><strong>vent.</strong></span> <span class='ocrx_word' id='word_1_496' title='bbox 483 3192 722 3258; x_wconf 59' lang='lat' dir='ltr'><strong>«quam</strong></span> <span class='ocrx_word' id='word_1_497' title='bbox 755 3176 989 3245; x_wconf 85' lang='lat' dir='ltr'><strong>quidem</strong></span> <span class='ocrx_word' id='word_1_498' title='bbox 1030 3174 1087 3229; x_wconf 90' lang='lat' dir='ltr'><strong>in</strong></span> <span class='ocrx_word' id='word_1_499' title='bbox 1123 3175 1378 3229; x_wconf 86' lang='lat' dir='ltr'><strong>Ecclesia</strong></span> <span class='ocrx_word' id='word_1_500' title='bbox 1427 3190 1538 3228; x_wconf 88' lang='lat' dir='ltr'><strong>non</strong></span> <span class='ocrx_word' id='word_1_501' title='bbox 1575 3175 1877 3258; x_wconf 81' lang='lat' dir='ltr'><strong>habentes,</strong></span> <span class='ocrx_word' id='word_1_502' title='bbox 1911 3190 1942 3228; x_wconf 89' lang='lat' dir='ltr'><strong>a</strong></span> <span class='ocrx_word' id='word_1_503' title='bbox 1973 3192 2015 3258; x_wconf 67' lang='grc' dir='ltr'><strong>ρ</strong></span> <span class='ocrx_word' id='word_1_504' title='bbox 2053 3175 2402 3258; x_wconf 44' lang='grc' dir='ltr'><strong>Οενὶὺηδεὶηθ</strong></span> <span class='ocrx_word' id='word_1_505' title='bbox 2432 3175 2560 3254; x_wconf 79' lang='lat' dir='ltr'><strong>ipsa</strong></span> <span class='ocrx_word' id='word_1_506' title='bbox 2581 3176 2838 3246; x_wconf 91' lang='lat' dir='ltr'><strong>captivos</strong></span> <span class='ocrx_word' id='word_1_507' title='bbox 2858 3174 3272 3258; x_wconf 73' lang='lat' dir='ltr'><strong>perscripsisse</strong></span> <span class='ocrx_word' id='word_1_508' title='bbox 3295 3176 3450 3258; x_wconf 69' lang='lat' dir='ltr'><strong>hunc</strong></span> <span class='ocrx_word' id='word_1_509' title='bbox 3471 3191 3692 3231; x_wconf 86' lang='lat' dir='ltr'><strong>sermo-</strong></span> 
     </span>
    </p>
   </div>
   <div class='ocr_carea' id='block_1_67' title="bbox 293 3248 1942 3319">
    <p class='ocr_par' dir='ltr' id='par_1_67' title="bbox 293 3248 1942 3319">
     <span class='ocr_line' id='line_1_68' title="bbox 293 3248 1942 3319; baseline -0.003 -16"><span class='ocrx_word' id='word_1_510' title='bbox 293 3250 652 3319; x_wconf 84' lang='lat' dir='ltr'><strong>martyribus</strong></span> <span class='ocrx_word' id='word_1_511' title='bbox 705 3248 764 3300; x_wconf 89' lang='lat' dir='ltr'><strong>in</strong></span> <span class='ocrx_word' id='word_1_512' title='bbox 822 3262 1050 3301; x_wconf 86' lang='lat' dir='ltr'><strong>carcere</strong></span> <span class='ocrx_word' id='word_1_513' title='bbox 1111 3262 1349 3319; x_wconf 73' lang='lat' dir='ltr'><strong>exorare</strong></span> <span class='ocrx_word' id='word_1_514' title='bbox 1400 3250 1851 3319; x_wconf 78' lang='lat' dir='ltr'><strong>consueverunt.</strong></span> <span class='ocrx_word' id='word_1_515' title='bbox 1914 3268 1942 3294; x_wconf 87' lang='grc'><strong>››</strong></span> 
     </span>
    </p>
   </div>
   <div class='ocr_carea' id='block_1_68' title="bbox 292 3316 1945 3388">
    <p class='ocr_par' dir='ltr' id='par_1_68' title="bbox 292 3316 1945 3388">
     <span class='ocr_line' id='line_1_69' title="bbox 292 3316 1945 3388; baseline -0.002 -13"><span class='ocrx_word' id='word_1_516' title='bbox 292 3322 365 3375; x_wconf 85' lang='lat' dir='ltr'><strong>Et</strong></span> <span class='ocrx_word' id='word_1_517' title='bbox 400 3342 423 3370; x_wconf 84' lang='grc' dir='ltr'><strong>(ι</strong></span> <span class='ocrx_word' id='word_1_518' title='bbox 452 3316 588 3374; x_wconf 84' lang='lat' dir='ltr'><strong>ideo</strong></span> <span class='ocrx_word' id='word_1_519' title='bbox 618 3334 745 3373; x_wconf 88' lang='lat' dir='ltr'><strong>eam</strong></span> <span class='ocrx_word' id='word_1_520' title='bbox 778 3319 952 3373; x_wconf 88' lang='lat' dir='ltr'><strong>etiam</strong></span> <span class='ocrx_word' id='word_1_521' title='bbox 990 3323 1292 3388; x_wconf 88' lang='lat' dir='ltr'><strong>propterea</strong></span> <span class='ocrx_word' id='word_1_522' title='bbox 1330 3316 1389 3370; x_wconf 94' lang='lat' dir='ltr'><strong>in</strong></span> <span class='ocrx_word' id='word_1_523' title='bbox 1436 3316 1597 3388; x_wconf 86' lang='lat' dir='ltr'><strong>vobis</strong></span> <span class='ocrx_word' id='word_1_524' title='bbox 1630 3316 1945 3388; x_wconf 10' lang='lat' dir='ltr'><strong>hahererret</strong></span> 
     </span>
    </p>
   </div>
   <div class='ocr_carea' id='block_1_69' title="bbox 294 3387 1942 3446">
    <p class='ocr_par' dir='ltr' id='par_1_69' title="bbox 294 3387 1942 3446">
     <span class='ocr_line' id='line_1_70' title="bbox 294 3387 1942 3446; baseline -0.002 -1"><span class='ocrx_word' id='word_1_525' title='bbox 294 3393 495 3446; x_wconf 88' lang='lat' dir='ltr'><strong>fovere</strong></span> <span class='ocrx_word' id='word_1_526' title='bbox 526 3396 585 3445; x_wconf 89' lang='lat' dir='ltr'><strong>et</strong></span> <span class='ocrx_word' id='word_1_527' title='bbox 635 3389 933 3444; x_wconf 85' lang='lat' dir='ltr'><strong>custodire</strong></span> <span class='ocrx_word' id='word_1_528' title='bbox 965 3387 1188 3443; x_wconf 85' lang='lat' dir='ltr'><strong>debetis</strong></span> <span class='ocrx_word' id='word_1_529' title='bbox 1239 3404 1251 3441; x_wconf 89' lang='lat'>:</span> <span class='ocrx_word' id='word_1_530' title='bbox 1307 3394 1371 3441; x_wconf 91' lang='lat' dir='ltr'><strong>ut</strong></span> <span class='ocrx_word' id='word_1_531' title='bbox 1420 3388 1467 3442; x_wconf 90' lang='lat' dir='ltr'><strong>si</strong></span> <span class='ocrx_word' id='word_1_532' title='bbox 1514 3387 1660 3441; x_wconf 88' lang='lat' dir='ltr'><strong>forte</strong></span> <span class='ocrx_word' id='word_1_533' title='bbox 1707 3394 1763 3441; x_wconf 89' lang='lat' dir='ltr'><strong>et</strong></span> <span class='ocrx_word' id='word_1_534' title='bbox 1812 3387 1942 3442; x_wconf 90' lang='lat' dir='ltr'><strong>aliis</strong></span> 
     </span>
    </p>
   </div>
   <div class='ocr_carea' id='block_1_70' title="bbox 341 3459 1938 3530">
    <p class='ocr_par' dir='ltr' id='par_1_70' title="bbox 341 3459 1938 3530">
     <span class='ocr_line' id='line_1_71' title="bbox 341 3459 1938 3530; baseline -0.003 -14"><span class='ocrx_word' id='word_1_535' title='bbox 341 3468 576 3518; x_wconf 59' lang='lat' dir='ltr'><strong>rastare</strong></span> <span class='ocrx_word' id='word_1_536' title='bbox 609 3461 847 3530; x_wconf 89' lang='lat' dir='ltr'><strong>possitis</strong></span> <span class='ocrx_word' id='word_1_537' title='bbox 893 3461 998 3520; x_wconf 86' lang='lat' dir='ltr'><strong>(td.</strong></span> <span class='ocrx_word' id='word_1_538' title='bbox 1053 3460 1185 3513; x_wconf 79' lang='lat' dir='ltr'><strong>ibid.</strong></span> <span class='ocrx_word' id='word_1_539' title='bbox 1241 3476 1367 3522; x_wconf 89' lang='lat' dir='ltr'><strong>cap.</strong></span> <span class='ocrx_word' id='word_1_540' title='bbox 1413 3459 1483 3528; x_wconf 86' lang='grc'>1).</span> <span class='ocrx_word' id='word_1_541' title='bbox 1534 3481 1561 3507; x_wconf 89' lang='grc'><strong>››</strong></span> <span class='ocrx_word' id='word_1_542' title='bbox 1596 3459 1672 3513; x_wconf 85' lang='lat' dir='ltr'><strong>Ex</strong></span> <span class='ocrx_word' id='word_1_543' title='bbox 1715 3460 1938 3514; x_wconf 87' lang='lat' dir='ltr'><strong>Tertul-</strong></span> 
     </span>
    </p>
   </div>
   <div class='ocr_carea' id='block_1_71' title="bbox 292 3480 1943 3604">
    <p class='ocr_par' dir='ltr' id='par_1_71' title="bbox 292 3480 1943 3604">
     <span class='ocr_line' id='line_1_72' title="bbox 341 3480 1938 3530; baseline -0.003 -14"><span class='ocrx_word' id='word_1_544' title='bbox 341 3480 576 3518; x_wconf 61' lang='lat' dir='ltr'><strong>rmsmre</strong></span> <span class='ocrx_word' id='word_1_545' title='bbox 609 3480 847 3530; x_wconf 80' lang='lat' dir='ltr'><strong>possms</strong></span> <span class='ocrx_word' id='word_1_546' title='bbox 893 3480 998 3520; x_wconf 73' lang='lat' dir='ltr'><strong>(tu.</strong></span> <span class='ocrx_word' id='word_1_547' title='bbox 1053 3480 1185 3513; x_wconf 73' lang='lat' dir='ltr'><strong>101a.</strong></span> <span class='ocrx_word' id='word_1_548' title='bbox 1241 3480 1367 3522; x_wconf 81' lang='lat' dir='ltr'><strong>cap.</strong></span> <span class='ocrx_word' id='word_1_549' title='bbox 1413 3480 1483 3528; x_wconf 81' lang='grc' dir='ltr'><strong>ι).</strong></span> <span class='ocrx_word' id='word_1_550' title='bbox 1534 3481 1561 3507; x_wconf 89' lang='grc'><strong>››</strong></span> <span class='ocrx_word' id='word_1_551' title='bbox 1599 3480 1672 3513; x_wconf 76' lang='grc' dir='ltr'><strong>ω(</strong></span> <span class='ocrx_word' id='word_1_552' title='bbox 1729 3480 1938 3514; x_wconf 74' lang='lat' dir='ltr'><strong>lenul-</strong></span> 
     </span>
     <span class='ocr_line' id='line_1_73' title="bbox 292 3480 1943 3604; baseline -0.002 -15"><span class='ocrx_word' id='word_1_553' title='bbox 292 3480 441 3589; x_wconf 73' lang='lat' dir='ltr'><strong>iiani</strong></span> <span class='ocrx_word' id='word_1_554' title='bbox 471 3533 666 3589; x_wconf 86' lang='lat' dir='ltr'><strong>verbis</strong></span> <span class='ocrx_word' id='word_1_555' title='bbox 693 3532 801 3587; x_wconf 88' lang='lat' dir='ltr'><strong>viri</strong></span> <span class='ocrx_word' id='word_1_556' title='bbox 849 3532 1000 3588; x_wconf 89' lang='lat' dir='ltr'><strong>docti</strong></span> <span class='ocrx_word' id='word_1_557' title='bbox 1033 3531 1345 3604; x_wconf 82' lang='lat' dir='ltr'><strong>colligunt,</strong></span> <span class='ocrx_word' id='word_1_558' title='bbox 1384 3530 1656 3585; x_wconf 89' lang='lat' dir='ltr'><strong>eumdem</strong></span> <span class='ocrx_word' id='word_1_559' title='bbox 1687 3530 1749 3589; x_wconf 86' lang='lat' dir='ltr'><strong>in</strong></span> <span class='ocrx_word' id='word_1_560' title='bbox 1778 3546 1943 3586; x_wconf 90' lang='lat' dir='ltr'><strong>com-</strong></span> 
     </span>
    </p>
   </div>
   <div class='ocr_carea' id='block_1_72' title="bbox 293 3603 1937 3673">
    <p class='ocr_par' dir='ltr' id='par_1_72' title="bbox 293 3603 1937 3673">
     <span class='ocr_line' id='line_1_74' title="bbox 293 3603 1937 3673; baseline -0.004 -12"><span class='ocrx_word' id='word_1_561' title='bbox 293 3606 547 3661; x_wconf 84' lang='lat' dir='ltr'><strong>munion</strong></span> <span class='ocrx_word' id='word_1_562' title='bbox 586 3603 854 3659; x_wconf 75' lang='lat' dir='ltr'><strong>Ecclesia:</strong></span> <span class='ocrx_word' id='word_1_563' title='bbox 903 3604 1201 3660; x_wconf 65' lang='lat' dir='ltr'><strong>catholica:</strong></span> <span class='ocrx_word' id='word_1_564' title='bbox 1233 3603 1577 3673; x_wconf 59' lang='lat' dir='ltr'><strong>praesentem</strong></span> <span class='ocrx_word' id='word_1_565' title='bbox 1625 3608 1937 3657; x_wconf 89' lang='lat' dir='ltr'><strong>tractatum</strong></span> 
     </span>
    </p>
   </div>
   <div class='ocr_carea' id='block_1_73' title="bbox 291 3673 1937 3732">
    <p class='ocr_par' dir='ltr' id='par_1_73' title="bbox 291 3673 1937 3732">
     <span class='ocr_line' id='line_1_75' title="bbox 291 3673 1937 3732; baseline -0.002 0"><span class='ocrx_word' id='word_1_566' title='bbox 291 3693 590 3732; x_wconf 79' lang='lat' dir='ltr'><strong>exarasse.</strong></span> <span class='ocrx_word' id='word_1_567' title='bbox 629 3678 835 3731; x_wconf 81' lang='lat' dir='ltr'><strong>Factus</strong></span> <span class='ocrx_word' id='word_1_568' title='bbox 873 3676 1028 3731; x_wconf 90' lang='lat' dir='ltr'><strong>enim</strong></span> <span class='ocrx_word' id='word_1_569' title='bbox 1074 3673 1429 3729; x_wconf 87' lang='lat' dir='ltr'><strong>Montanista</strong></span> <span class='ocrx_word' id='word_1_570' title='bbox 1466 3673 1587 3728; x_wconf 80' lang='lat' dir='ltr'><strong>haec</strong></span> <span class='ocrx_word' id='word_1_571' title='bbox 1619 3674 1815 3729; x_wconf 86' lang='lat' dir='ltr'><strong>omnia</strong></span> <span class='ocrx_word' id='word_1_572' title='bbox 1848 3673 1937 3728; x_wconf 87' lang='lat' dir='ltr'><strong>lu-</strong></span> 
     </span>
    </p>
   </div>
   <div class='ocr_carea' id='block_1_74' title="bbox 287 3744 1935 3817">
    <p class='ocr_par' dir='ltr' id='par_1_74' title="bbox 287 3744 1935 3817">
     <span class='ocr_line' id='line_1_76' title="bbox 287 3744 1935 3817; baseline -0.004 -14"><span class='ocrx_word' id='word_1_573' title='bbox 287 3748 485 3803; x_wconf 78' lang='lat' dir='ltr'><strong>dibrio</strong></span> <span class='ocrx_word' id='word_1_574' title='bbox 519 3748 744 3812; x_wconf 89' lang='lat' dir='ltr'><strong>habuit,</strong></span> <span class='ocrx_word' id='word_1_575' title='bbox 776 3750 841 3801; x_wconf 91' lang='lat' dir='ltr'><strong>ut</strong></span> <span class='ocrx_word' id='word_1_576' title='bbox 889 3750 1044 3817; x_wconf 89' lang='lat' dir='ltr'><strong>patet</strong></span> <span class='ocrx_word' id='word_1_577' title='bbox 1074 3762 1139 3800; x_wconf 87' lang='lat' dir='ltr'><strong>ex</strong></span> <span class='ocrx_word' id='word_1_578' title='bbox 1189 3745 1338 3800; x_wconf 86' lang='lat' dir='ltr'><strong>libro</strong></span> <span class='ocrx_word' id='word_1_579' title='bbox 1386 3745 1450 3799; x_wconf 85' lang='lat' dir='ltr'><strong>de</strong></span> <span class='ocrx_word' id='word_1_580' title='bbox 1481 3744 1775 3801; x_wconf 76' lang='lat' dir='ltr'><strong>Pudicitia.</strong></span> <span class='ocrx_word' id='word_1_581' title='bbox 1808 3762 1935 3817; x_wconf 89' lang='lat' dir='ltr'><strong>cap.</strong></span> 
     </span>
    </p>
   </div>
   <div class='ocr_carea' id='block_1_75' title="bbox 283 3817 1937 3889">
    <p class='ocr_par' dir='ltr' id='par_1_75' title="bbox 283 3817 1937 3889">
     <span class='ocr_line' id='line_1_77' title="bbox 283 3817 1937 3889; baseline -0.004 -14"><span class='ocrx_word' id='word_1_582' title='bbox 283 3824 384 3875; x_wconf 86' lang='lat'><strong>22.</strong></span> <span class='ocrx_word' id='word_1_583' title='bbox 430 3826 488 3875; x_wconf 91' lang='lat' dir='ltr'><strong>et</strong></span> <span class='ocrx_word' id='word_1_584' title='bbox 517 3818 621 3875; x_wconf 91' lang='lat' dir='ltr'><strong>lib.</strong></span> <span class='ocrx_word' id='word_1_585' title='bbox 680 3818 1009 3889; x_wconf 79' lang='lat' dir='ltr'><strong>delejunio,</strong></span> <span class='ocrx_word' id='word_1_586' title='bbox 1065 3833 1194 3888; x_wconf 89' lang='lat' dir='ltr'><strong>cap.</strong></span> <span class='ocrx_word' id='word_1_587' title='bbox 1262 3818 1342 3872; x_wconf 83' lang='lat' dir='ltr'><strong>t2.</strong></span> <span class='ocrx_word' id='word_1_588' title='bbox 1398 3817 1467 3873; x_wconf 89' lang='lat' dir='ltr'><strong>Ut</strong></span> <span class='ocrx_word' id='word_1_589' title='bbox 1520 3832 1669 3889; x_wconf 87' lang='lat' dir='ltr'><strong>vero</strong></span> <span class='ocrx_word' id='word_1_590' title='bbox 1710 3817 1937 3889; x_wconf 87' lang='lat' dir='ltr'><strong>Tertul-</strong></span> 
     </span>
    </p>
   </div>
   <div class='ocr_carea' id='block_1_76' title="bbox 285 3887 1935 3962">
    <p class='ocr_par' dir='ltr' id='par_1_76' title="bbox 285 3887 1935 3962">
     <span class='ocr_line' id='line_1_78' title="bbox 285 3887 1935 3962; baseline -0.003 -16"><span class='ocrx_word' id='word_1_591' title='bbox 285 3892 491 3947; x_wconf 83' lang='lat' dir='ltr'><strong>lianus</strong></span> <span class='ocrx_word' id='word_1_592' title='bbox 522 3887 882 3962; x_wconf 84' lang='lat' dir='ltr'><strong>martyribus</strong></span> <span class='ocrx_word' id='word_1_593' title='bbox 930 3890 1000 3945; x_wconf 90' lang='lat' dir='ltr'><strong>ad</strong></span> <span class='ocrx_word' id='word_1_594' title='bbox 1056 3887 1428 3962; x_wconf 77' lang='lat' dir='ltr'><strong>perferendos</strong></span> <span class='ocrx_word' id='word_1_595' title='bbox 1459 3887 1706 3962; x_wconf 84' lang='lat' dir='ltr'><strong>carceris</strong></span> <span class='ocrx_word' id='word_1_596' title='bbox 1738 3888 1935 3962; x_wconf 87' lang='lat' dir='ltr'><strong>squal-</strong></span> 
     </span>
    </p>
   </div>
   <div class='ocr_carea' id='block_1_77' title="bbox 282 3958 1936 4041">
    <p class='ocr_par' dir='ltr' id='par_1_77' title="bbox 282 3958 1936 4041">
     <span class='ocr_line' id='line_1_79' title="bbox 282 3958 1936 4041; baseline -0.003 -23"><span class='ocrx_word' id='word_1_597' title='bbox 282 3958 729 4041; x_wconf 82' lang='lat' dir='ltr'><strong>lores_animos</strong></span> <span class='ocrx_word' id='word_1_598' title='bbox 773 3962 972 4030; x_wconf 87' lang='lat' dir='ltr'><strong>addat,</strong></span> <span class='ocrx_word' id='word_1_599' title='bbox 1020 3960 1303 4041; x_wconf 65' lang='lat' dir='ltr'><strong>proponit</strong></span> <span class='ocrx_word' id='word_1_600' title='bbox 1346 3958 1710 4041; x_wconf 38' lang='lat' dir='ltr'><strong>illisni‘psum</strong></span> <span class='ocrx_word' id='word_1_601' title='bbox 1744 3960 1936 4031; x_wconf 89' lang='lat' dir='ltr'><strong>magis</strong></span> 
     </span>
    </p>
   </div>
   <div class='ocr_carea' id='block_1_78' title="bbox 282 4029 1932 4099">
    <p class='ocr_par' dir='ltr' id='par_1_78' title="bbox 282 4029 1932 4099">
     <span class='ocr_line' id='line_1_80' title="bbox 282 4029 1932 4099; baseline -0.002 -9"><span class='ocrx_word' id='word_1_602' title='bbox 282 4035 584 4090; x_wconf 85' lang='lat' dir='ltr'><strong>mundum</strong></span> <span class='ocrx_word' id='word_1_603' title='bbox 615 4049 908 4089; x_wconf 89' lang='lat' dir='ltr'><strong>carcerem</strong></span> <span class='ocrx_word' id='word_1_604' title='bbox 938 4029 1089 4099; x_wconf 80' lang='lat' dir='ltr'><strong>esse,</strong></span> <span class='ocrx_word' id='word_1_605' title='bbox 1131 4029 1194 4086; x_wconf 81' lang='lat' dir='ltr'><strong>et</strong></span> <span class='ocrx_word' id='word_1_606' title='bbox 1224 4030 1376 4086; x_wconf 90' lang='lat' dir='ltr'><strong>illico</strong></span> <span class='ocrx_word' id='word_1_607' title='bbox 1427 4029 1714 4085; x_wconf 85' lang='lat' dir='ltr'><strong>utilitates</strong></span> <span class='ocrx_word' id='word_1_608' title='bbox 1744 4046 1811 4085; x_wconf 71' lang='lat' dir='ltr'><strong>ex</strong></span> <span class='ocrx_word' id='word_1_609' title='bbox 1839 4029 1932 4086; x_wconf 76' lang='lat' dir='ltr'><strong>eo-</strong></span> 
     </span>
    </p>
   </div>
   <div class='ocr_carea' id='block_1_79' title="bbox 288 4101 1932 4174">
    <p class='ocr_par' dir='ltr' id='par_1_79' title="bbox 288 4101 1932 4174">
     <span class='ocr_line' id='line_1_81' title="bbox 288 4101 1932 4174; baseline -0.002 -13"><span class='ocrx_word' id='word_1_610' title='bbox 288 4123 426 4161; x_wconf 85' lang='lat' dir='ltr'><strong>rum</strong></span> <span class='ocrx_word' id='word_1_611' title='bbox 462 4106 520 4161; x_wconf 88' lang='lat' dir='ltr'><strong>in</strong></span> <span class='ocrx_word' id='word_1_612' title='bbox 553 4105 886 4161; x_wconf 89' lang='lat' dir='ltr'><strong>carceribus</strong></span> <span class='ocrx_word' id='word_1_613' title='bbox 928 4103 1258 4160; x_wconf 89' lang='lat' dir='ltr'><strong>detentione</strong></span> <span class='ocrx_word' id='word_1_614' title='bbox 1291 4101 1664 4174; x_wconf 86' lang='lat' dir='ltr'><strong>proﬂuentes</strong></span> <span class='ocrx_word' id='word_1_615' title='bbox 1692 4118 1932 4158; x_wconf 90' lang='lat' dir='ltr'><strong>enume-</strong></span> 
     </span>
    </p>
   </div>
   <div class='ocr_carea' id='block_1_80' title="bbox 280 4172 1931 4247">
    <p class='ocr_par' dir='ltr' id='par_1_80' title="bbox 280 4172 1931 4247">
     <span class='ocr_line' id='line_1_82' title="bbox 280 4172 1931 4247; baseline -0.002 -14"><span class='ocrx_word' id='word_1_616' title='bbox 280 4181 399 4245; x_wconf 86' lang='lat' dir='ltr'><strong>rat,</strong></span> <span class='ocrx_word' id='word_1_617' title='bbox 432 4177 516 4233; x_wconf 88' lang='lat' dir='ltr'><strong>ita</strong></span> <span class='ocrx_word' id='word_1_618' title='bbox 562 4177 860 4233; x_wconf 89' lang='lat' dir='ltr'><strong>disserens</strong></span> <span class='ocrx_word' id='word_1_619' title='bbox 894 4193 907 4231; x_wconf 90' lang='lat'><strong>:</strong></span> <span class='ocrx_word' id='word_1_620' title='bbox 946 4198 973 4226; x_wconf 84' lang='lat'><strong>«</strong></span> <span class='ocrx_word' id='word_1_621' title='bbox 1007 4172 1461 4247; x_wconf 34' lang='lat' dir='ltr'><strong>Segregatijestis</strong></span> <span class='ocrx_word' id='word_1_622' title='bbox 1506 4176 1577 4229; x_wconf 87' lang='lat' dir='ltr'><strong>ab</strong></span> <span class='ocrx_word' id='word_1_623' title='bbox 1602 4174 1730 4247; x_wconf 91' lang='lat' dir='ltr'><strong>ipso</strong></span> <span class='ocrx_word' id='word_1_624' title='bbox 1761 4189 1931 4229; x_wconf 88' lang='lat' dir='ltr'><strong>mun-</strong></span> 
     </span>
    </p>
   </div>
   <div class='ocr_carea' id='block_1_81' title="bbox 278 4245 1929 4321">
    <p class='ocr_par' dir='ltr' id='par_1_81' title="bbox 278 4245 1929 4321">
     <span class='ocr_line' id='line_1_83' title="bbox 278 4245 1929 4321; baseline -0.004 -16"><span class='ocrx_word' id='word_1_625' title='bbox 278 4250 385 4319; x_wconf 89' lang='lat' dir='ltr'><strong>do,</strong></span> <span class='ocrx_word' id='word_1_626' title='bbox 419 4255 641 4321; x_wconf 86' lang='lat' dir='ltr'><strong>quanto</strong></span> <span class='ocrx_word' id='word_1_627' title='bbox 672 4248 862 4321; x_wconf 88' lang='lat' dir='ltr'><strong>magis</strong></span> <span class='ocrx_word' id='word_1_628' title='bbox 913 4265 947 4303; x_wconf 91' lang='lat' dir='ltr'><strong>a</strong></span> <span class='ocrx_word' id='word_1_629' title='bbox 975 4245 1213 4321; x_wconf 34' lang='lat' dir='ltr'><strong>saeculo‘</strong></span> <span class='ocrx_word' id='word_1_630' title='bbox 1239 4245 1527 4321; x_wconf 81' lang='lat' dir='ltr'><strong>rebusque</strong></span> <span class='ocrx_word' id='word_1_631' title='bbox 1556 4245 1730 4321; x_wconf 83' lang='lat' dir='ltr'><strong>ejus?</strong></span> <span class='ocrx_word' id='word_1_632' title='bbox 1754 4288 1766 4300; x_wconf 94' lang='lat'><strong>.</strong></span> <span class='ocrx_word' id='word_1_633' title='bbox 1796 4286 1809 4299; x_wconf 95' lang='lat'><strong>.</strong></span> <span class='ocrx_word' id='word_1_634' title='bbox 1832 4288 1846 4300; x_wconf 94' lang='lat'><strong>.</strong></span> <span class='ocrx_word' id='word_1_635' title='bbox 1875 4286 1887 4300; x_wconf 93' lang='lat'><strong>.</strong></span> <span class='ocrx_word' id='word_1_636' title='bbox 1916 4286 1929 4299; x_wconf 92' lang='lat'><strong>.</strong></span> 
     </span>
    </p>
   </div>
   <div class='ocr_carea' id='block_1_82' title="bbox 281 4317 1928 4399">
    <p class='ocr_par' dir='ltr' id='par_1_82' title="bbox 281 4317 1928 4399">
     <span class='ocr_line' id='line_1_84' title="bbox 281 4317 1928 4399; baseline -0.004 -22"><span class='ocrx_word' id='word_1_637' title='bbox 281 4317 635 4399; x_wconf 54' lang='lat' dir='ltr'><strong>Nun&#39;vides</strong></span> <span class='ocrx_word' id='word_1_638' title='bbox 692 4317 914 4399; x_wconf 79' lang='lat' dir='ltr'><strong>alienos</strong></span> <span class='ocrx_word' id='word_1_639' title='bbox 968 4320 1308 4399; x_wconf 82' lang='lat' dir='ltr'><strong>deos,__non</strong></span> <span class='ocrx_word' id='word_1_640' title='bbox 1341 4317 1696 4399; x_wconf 73' lang='lat' dir='ltr'><strong>imaginibus</strong></span> <span class='ocrx_word' id='word_1_641' title='bbox 1728 4333 1928 4373; x_wconf 89' lang='lat' dir='ltr'><strong>eorum</strong></span> 
     </span>
    </p>
   </div>
   <div class='ocr_carea' id='block_1_83' title="bbox 279 4389 1930 4461">
    <p class='ocr_par' dir='ltr' id='par_1_83' title="bbox 279 4389 1930 4461">
     <span class='ocr_line' id='line_1_85' title="bbox 279 4389 1930 4461; baseline -0.002 -15"><span class='ocrx_word' id='word_1_642' title='bbox 279 4394 566 4457; x_wconf 84' lang='lat' dir='ltr'><strong>incurris,</strong></span> <span class='ocrx_word' id='word_1_643' title='bbox 600 4410 713 4449; x_wconf 91' lang='lat' dir='ltr'><strong>non</strong></span> <span class='ocrx_word' id='word_1_644' title='bbox 748 4392 1041 4447; x_wconf 88' lang='lat' dir='ltr'><strong>solemnes</strong></span> <span class='ocrx_word' id='word_1_645' title='bbox 1070 4390 1378 4447; x_wconf 87' lang='lat' dir='ltr'><strong>nationum</strong></span> <span class='ocrx_word' id='word_1_646' title='bbox 1419 4389 1543 4444; x_wconf 90' lang='lat' dir='ltr'><strong>dies</strong></span> <span class='ocrx_word' id='word_1_647' title='bbox 1591 4390 1719 4461; x_wconf 88' lang='lat' dir='ltr'><strong>ipsa</strong></span> <span class='ocrx_word' id='word_1_648' title='bbox 1777 4406 1930 4444; x_wconf 88' lang='lat' dir='ltr'><strong>com-</strong></span> 
     </span>
    </p>
   </div>
   <div class='ocr_carea' id='block_1_84' title="bbox 276 4461 1929 4535">
    <p class='ocr_par' dir='ltr' id='par_1_84' title="bbox 276 4461 1929 4535">
     <span class='ocr_line' id='line_1_86' title="bbox 276 4461 1929 4535; baseline -0.002 -16"><span class='ocrx_word' id='word_1_649' title='bbox 276 4464 567 4520; x_wconf 86' lang='lat' dir='ltr'><strong>mistione</strong></span> <span class='ocrx_word' id='word_1_650' title='bbox 600 4465 937 4535; x_wconf 87' lang='lat' dir='ltr'><strong>participas,</strong></span> <span class='ocrx_word' id='word_1_651' title='bbox 984 4480 1099 4518; x_wconf 91' lang='lat' dir='ltr'><strong>non</strong></span> <span class='ocrx_word' id='word_1_652' title='bbox 1131 4461 1435 4535; x_wconf 83' lang='lat' dir='ltr'><strong>nidoribus</strong></span> <span class='ocrx_word' id='word_1_653' title='bbox 1468 4462 1695 4530; x_wconf 91' lang='lat' dir='ltr'><strong>spurcis</strong></span> <span class='ocrx_word' id='word_1_654' title='bbox 1724 4461 1929 4535; x_wconf 85' lang='lat' dir='ltr'><strong>verbe—</strong></span> 
     </span>
    </p>
   </div>
   <div class='ocr_carea' id='block_1_85' title="bbox 279 4531 1930 4605">
    <p class='ocr_par' dir='ltr' id='par_1_85' title="bbox 279 4531 1930 4605">
     <span class='ocr_line' id='line_1_87' title="bbox 279 4531 1930 4605; baseline -0.001 -16"><span class='ocrx_word' id='word_1_655' title='bbox 279 4538 461 4600; x_wconf 87' lang='lat' dir='ltr'><strong>raris,</strong></span> <span class='ocrx_word' id='word_1_656' title='bbox 509 4531 623 4591; x_wconf 86' lang='lat' dir='ltr'><strong>nou</strong></span> <span class='ocrx_word' id='word_1_657' title='bbox 674 4531 1031 4591; x_wconf 77' lang='lat' dir='ltr'><strong>clamoribus</strong></span> <span class='ocrx_word' id='word_1_658' title='bbox 1079 4531 1570 4605; x_wconf 85' lang='lat' dir='ltr'><strong>spectaculorum,</strong></span> <span class='ocrx_word' id='word_1_659' title='bbox 1625 4534 1930 4605; x_wconf 88' lang='lat' dir='ltr'><strong>atrocitate</strong></span> 
     </span>
    </p>
   </div>
   <div class='ocr_carea' id='block_1_86' title="bbox 274 4603 1927 4678">
    <p class='ocr_par' dir='ltr' id='par_1_86' title="bbox 274 4603 1927 4678">
     <span class='ocr_line' id='line_1_88' title="bbox 274 4603 1927 4678; baseline -0.001 -17"><span class='ocrx_word' id='word_1_660' title='bbox 274 4606 373 4662; x_wconf 86' lang='lat' dir='ltr'><strong>vel</strong></span> <span class='ocrx_word' id='word_1_661' title='bbox 409 4608 625 4671; x_wconf 80' lang='lat' dir='ltr'><strong>furore,</strong></span> <span class='ocrx_word' id='word_1_662' title='bbox 654 4607 744 4663; x_wconf 89' lang='lat' dir='ltr'><strong>vel</strong></span> <span class='ocrx_word' id='word_1_663' title='bbox 775 4603 1599 4678; x_wconf 80' lang='lat' dir='ltr'><strong>impudicitiacelebrantium</strong></span> <span class='ocrx_word' id='word_1_664' title='bbox 1641 4604 1881 4678; x_wconf 72' lang='lat' dir='ltr'><strong>caederis</strong></span> <span class='ocrx_word' id='word_1_665' title='bbox 1915 4620 1927 4659; x_wconf 91' lang='lat'>:</span> 
     </span>
    </p>
   </div>
   <div class='ocr_carea' id='block_1_87' title="bbox 278 4675 1933 4749">
    <p class='ocr_par' dir='ltr' id='par_1_87' title="bbox 278 4675 1933 4749">
     <span class='ocr_line' id='line_1_89' title="bbox 278 4675 1933 4749; baseline -0.003 -15"><span class='ocrx_word' id='word_1_666' title='bbox 278 4695 405 4734; x_wconf 92' lang='lat' dir='ltr'><strong>non</strong></span> <span class='ocrx_word' id='word_1_667' title='bbox 436 4678 499 4734; x_wconf 89' lang='lat' dir='ltr'><strong>in</strong></span> <span class='ocrx_word' id='word_1_668' title='bbox 530 4680 657 4735; x_wconf 91' lang='lat' dir='ltr'><strong>loca</strong></span> <span class='ocrx_word' id='word_1_669' title='bbox 686 4675 999 4735; x_wconf 83' lang='lat' dir='ltr'><strong>libidiuum</strong></span> <span class='ocrx_word' id='word_1_670' title='bbox 1035 4676 1400 4749; x_wconf 84' lang='lat' dir='ltr'><strong>publicarum</strong></span> <span class='ocrx_word' id='word_1_671' title='bbox 1421 4675 1572 4749; x_wconf 79' lang='lat' dir='ltr'><strong>oculi</strong></span> <span class='ocrx_word' id='word_1_672' title='bbox 1603 4677 1689 4731; x_wconf 89' lang='lat' dir='ltr'><strong>tui</strong></span> <span class='ocrx_word' id='word_1_673' title='bbox 1724 4676 1933 4749; x_wconf 89' lang='lat' dir='ltr'><strong>impin-</strong></span> 
     </span>
    </p>
   </div>
   <div class='ocr_carea' id='block_1_88' title="bbox 274 4746 1934 4821">
    <p class='ocr_par' dir='ltr' id='par_1_88' title="bbox 274 4746 1934 4821">
     <span class='ocr_line' id='line_1_90' title="bbox 274 4746 1934 4821; baseline -0.001 -16"><span class='ocrx_word' id='word_1_674' title='bbox 274 4754 435 4821; x_wconf 84' lang='lat' dir='ltr'><strong>gunt</strong></span> <span class='ocrx_word' id='word_1_675' title='bbox 469 4766 485 4806; x_wconf 90' lang='lat'>:</span> <span class='ocrx_word' id='word_1_676' title='bbox 516 4767 688 4807; x_wconf 85' lang='lat' dir='ltr'><strong>vacas</strong></span> <span class='ocrx_word' id='word_1_677' title='bbox 717 4768 751 4806; x_wconf 90' lang='lat' dir='ltr'><strong>a</strong></span> <span class='ocrx_word' id='word_1_678' title='bbox 775 4746 1090 4817; x_wconf 79' lang='lat' dir='ltr'><strong>scandatis,</strong></span> <span class='ocrx_word' id='word_1_679' title='bbox 1132 4766 1165 4804; x_wconf 90' lang='lat' dir='ltr'><strong>a</strong></span> <span class='ocrx_word' id='word_1_680' title='bbox 1192 4746 1708 4821; x_wconf 30' lang='lat' dir='ltr'><strong>tentationibusta</strong></span> <span class='ocrx_word' id='word_1_681' title='bbox 1739 4746 1934 4803; x_wconf 82' lang='lat' dir='ltr'><strong>recor-</strong></span> 
     </span>
    </p>
   </div>
   <div class='ocr_carea' id='block_1_89' title="bbox 272 4818 1933 4892">
    <p class='ocr_par' dir='ltr' id='par_1_89' title="bbox 272 4818 1933 4892">
     <span class='ocr_line' id='line_1_91' title="bbox 272 4818 1933 4892; baseline -0.002 -15"><span class='ocrx_word' id='word_1_682' title='bbox 272 4818 624 4878; x_wconf 73' lang='lat' dir='ltr'><strong>dationibus</strong></span> <span class='ocrx_word' id='word_1_683' title='bbox 656 4821 849 4891; x_wconf 90' lang='lat' dir='ltr'><strong>malis,</strong></span> <span class='ocrx_word' id='word_1_684' title='bbox 875 4823 1001 4892; x_wconf 86' lang='lat' dir='ltr'><strong>jam</strong></span> <span class='ocrx_word' id='word_1_685' title='bbox 1032 4826 1088 4876; x_wconf 92' lang='lat' dir='ltr'><strong>et</strong></span> <span class='ocrx_word' id='word_1_686' title='bbox 1117 4838 1151 4875; x_wconf 93' lang='lat' dir='ltr'><strong>a</strong></span> <span class='ocrx_word' id='word_1_687' title='bbox 1190 4818 1612 4891; x_wconf 89' lang='lat' dir='ltr'><strong>persecutione.</strong></span> <span class='ocrx_word' id='word_1_688' title='bbox 1644 4819 1933 4892; x_wconf 8' lang='lat' dir='ltr'><strong>Hocgpraa-</strong></span> 
     </span>
    </p>
   </div>
   <div class='ocr_carea' id='block_1_90' title="bbox 272 4890 1932 4965">
    <p class='ocr_par' dir='ltr' id='par_1_90' title="bbox 272 4890 1932 4965">
     <span class='ocr_line' id='line_1_92' title="bbox 272 4890 1932 4965; baseline -0.003 -15"><span class='ocrx_word' id='word_1_689' title='bbox 272 4898 407 4965; x_wconf 80' lang='lat' dir='ltr'><strong>stat</strong></span> <span class='ocrx_word' id='word_1_690' title='bbox 435 4910 632 4950; x_wconf 86' lang='lat' dir='ltr'><strong>carcer</strong></span> <span class='ocrx_word' id='word_1_691' title='bbox 658 4890 1011 4963; x_wconf 77' lang='lat' dir='ltr'><strong>Christiano,</strong></span> <span class='ocrx_word' id='word_1_692' title='bbox 1044 4890 1206 4965; x_wconf 85' lang='lat' dir='ltr'><strong>quod</strong></span> <span class='ocrx_word' id='word_1_693' title='bbox 1231 4906 1467 4948; x_wconf 84' lang='lat' dir='ltr'><strong>oremus</strong></span> <span class='ocrx_word' id='word_1_694' title='bbox 1508 4890 1932 4963; x_wconf 89' lang='lat' dir='ltr'><strong>prophetis.....</strong></span> 
     </span>
    </p>
   </div>
   <div class='ocr_carea' id='block_1_91' title="bbox 274 4964 1929 5031">
    <p class='ocr_par' dir='ltr' id='par_1_91' title="bbox 274 4964 1929 5031">
     <span class='ocr_line' id='line_1_93' title="bbox 274 4964 1929 5031; baseline -0.002 -10"><span class='ocrx_word' id='word_1_695' title='bbox 274 4964 627 5022; x_wconf 84' lang='lat' dir='ltr'><strong>auferamus</strong></span> <span class='ocrx_word' id='word_1_696' title='bbox 676 4966 922 5022; x_wconf 89' lang='lat' dir='ltr'><strong>carceris</strong></span> <span class='ocrx_word' id='word_1_697' title='bbox 955 4964 1190 5031; x_wconf 87' lang='lat' dir='ltr'><strong>nomen,</strong></span> <span class='ocrx_word' id='word_1_698' title='bbox 1248 4978 1549 5019; x_wconf 87' lang='lat' dir='ltr'><strong>secessum</strong></span> <span class='ocrx_word' id='word_1_699' title='bbox 1608 4978 1929 5018; x_wconf 88' lang='lat' dir='ltr'><strong>vocemus:</strong></span> 
     </span>
    </p>
   </div>
   <div class='ocr_carea' id='block_1_92' title="bbox 269 5033 1936 5110">
    <p class='ocr_par' dir='ltr' id='par_1_92' title="bbox 269 5033 1936 5110">
     <span class='ocr_line' id='line_1_94' title="bbox 269 5033 1936 5110; baseline -0.004 -15"><span class='ocrx_word' id='word_1_700' title='bbox 269 5037 393 5095; x_wconf 86' lang='lat' dir='ltr'><strong>etsi</strong></span> <span class='ocrx_word' id='word_1_701' title='bbox 426 5054 640 5110; x_wconf 86' lang='lat' dir='ltr'><strong>corpus</strong></span> <span class='ocrx_word' id='word_1_702' title='bbox 673 5038 1016 5106; x_wconf 89' lang='lat' dir='ltr'><strong>includitur,</strong></span> <span class='ocrx_word' id='word_1_703' title='bbox 1048 5037 1156 5093; x_wconf 85' lang='lat' dir='ltr'><strong>etsi</strong></span> <span class='ocrx_word' id='word_1_704' title='bbox 1187 5051 1323 5110; x_wconf 83' lang='lat' dir='ltr'><strong>caro</strong></span> <span class='ocrx_word' id='word_1_705' title='bbox 1372 5035 1688 5110; x_wconf 80' lang='lat' dir='ltr'><strong>detinetur,</strong></span> <span class='ocrx_word' id='word_1_706' title='bbox 1739 5033 1936 5110; x_wconf 78' lang='lat' dir='ltr'><strong>omnia</strong></span> 
     </span>
    </p>
   </div>
   <div class='ocr_carea' id='block_1_93' title="bbox 271 5106 1932 5182">
    <p class='ocr_par' dir='ltr' id='par_1_93' title="bbox 271 5106 1932 5182">
     <span class='ocr_line' id='line_1_95' title="bbox 271 5106 1932 5182; baseline -0.004 -16"><span class='ocrx_word' id='word_1_707' title='bbox 271 5106 783 5182; x_wconf 55' lang='lat' dir='ltr'><strong>spiritui&#39;patent.</strong></span> <span class='ocrx_word' id='word_1_708' title='bbox 834 5110 1060 5181; x_wconf 88' lang='lat' dir='ltr'><strong>Vagare</strong></span> <span class='ocrx_word' id='word_1_709' title='bbox 1111 5106 1654 5182; x_wconf 83' lang='lat' dir='ltr'><strong>spiritu,_spatiare</strong></span> <span class='ocrx_word' id='word_1_710' title='bbox 1701 5106 1932 5175; x_wconf 90' lang='lat' dir='ltr'><strong>spiritu,</strong></span> 
     </span>
    </p>
   </div>
   <div class='ocr_carea' id='block_1_94' title="bbox 272 5178 1936 5252">
    <p class='ocr_par' dir='ltr' id='par_1_94' title="bbox 272 5178 1936 5252">
     <span class='ocr_line' id='line_1_96' title="bbox 272 5178 1936 5252; baseline -0.003 -16"><span class='ocrx_word' id='word_1_711' title='bbox 272 5178 336 5236; x_wconf 77' lang='lat' dir='ltr'><strong>et</strong></span> <span class='ocrx_word' id='word_1_712' title='bbox 368 5197 483 5235; x_wconf 91' lang='lat' dir='ltr'><strong>non</strong></span> <span class='ocrx_word' id='word_1_713' title='bbox 519 5178 709 5237; x_wconf 76' lang='lat' dir='ltr'><strong>stadia</strong></span> <span class='ocrx_word' id='word_1_714' title='bbox 729 5178 1056 5252; x_wconf 44' lang='lat' dir='ltr'><strong>opacaIaut</strong></span> <span class='ocrx_word' id='word_1_715' title='bbox 1078 5178 1338 5250; x_wconf 81' lang='lat' dir='ltr'><strong>porticus</strong></span> <span class='ocrx_word' id='word_1_716' title='bbox 1372 5178 1578 5252; x_wconf 86' lang='lat' dir='ltr'><strong>longas</strong></span> <span class='ocrx_word' id='word_1_717' title='bbox 1607 5192 1936 5252; x_wconf 86' lang='lat' dir='ltr'><strong>preponens</strong></span> 
     </span>
    </p>
   </div>
   <div class='ocr_carea' id='block_1_95' title="bbox 276 5249 1935 5322">
    <p class='ocr_par' dir='ltr' id='par_1_95' title="bbox 276 5249 1935 5322">
     <span class='ocr_line' id='line_1_97' title="bbox 276 5249 1935 5322; baseline -0.002 -16"><span class='ocrx_word' id='word_1_718' title='bbox 276 5252 417 5313; x_wconf 90' lang='lat' dir='ltr'><strong>tibi,</strong></span> <span class='ocrx_word' id='word_1_719' title='bbox 448 5253 550 5307; x_wconf 90' lang='lat' dir='ltr'><strong>sed</strong></span> <span class='ocrx_word' id='word_1_720' title='bbox 584 5253 743 5308; x_wconf 88' lang='lat' dir='ltr'><strong>illam</strong></span> <span class='ocrx_word' id='word_1_721' title='bbox 770 5249 944 5320; x_wconf 77' lang='lat' dir='ltr'><strong>viam,</strong></span> <span class='ocrx_word' id='word_1_722' title='bbox 980 5249 1105 5322; x_wconf 81' lang='lat' dir='ltr'><strong>quae</strong></span> <span class='ocrx_word' id='word_1_723' title='bbox 1141 5252 1209 5305; x_wconf 87' lang='lat' dir='ltr'><strong>ad</strong></span> <span class='ocrx_word' id='word_1_724' title='bbox 1238 5254 1413 5305; x_wconf 89' lang='lat' dir='ltr'><strong>Deum</strong></span> <span class='ocrx_word' id='word_1_725' title='bbox 1448 5249 1631 5305; x_wconf 90' lang='lat' dir='ltr'><strong>ducit.</strong></span> <span class='ocrx_word' id='word_1_726' title='bbox 1657 5249 1935 5313; x_wconf 81' lang='lat' dir='ltr'><strong>Quotiens</strong></span> 
     </span>
    </p>
   </div>
   <div class='ocr_carea' id='block_1_96' title="bbox 269 5322 1933 5387">
    <p class='ocr_par' dir='ltr' id='par_1_96' title="bbox 269 5322 1933 5387">
     <span class='ocr_line' id='line_1_98' title="bbox 269 5322 1933 5387; baseline -0.002 -8"><span class='ocrx_word' id='word_1_727' title='bbox 269 5340 409 5379; x_wconf 85' lang='lat' dir='ltr'><strong>eam</strong></span> <span class='ocrx_word' id='word_1_728' title='bbox 444 5324 657 5387; x_wconf 84' lang='lat' dir='ltr'><strong>spiritu</strong></span> <span class='ocrx_word' id='word_1_729' title='bbox 690 5322 1179 5387; x_wconf 89' lang='lat' dir='ltr'><strong>deambulaveris,</strong></span> <span class='ocrx_word' id='word_1_730' title='bbox 1224 5324 1437 5377; x_wconf 89' lang='lat' dir='ltr'><strong>totiens</strong></span> <span class='ocrx_word' id='word_1_731' title='bbox 1469 5322 1527 5376; x_wconf 91' lang='lat' dir='ltr'><strong>in</strong></span> <span class='ocrx_word' id='word_1_732' title='bbox 1560 5337 1789 5377; x_wconf 88' lang='lat' dir='ltr'><strong>carcere</strong></span> <span class='ocrx_word' id='word_1_733' title='bbox 1820 5338 1933 5377; x_wconf 93' lang='lat' dir='ltr'><strong>non</strong></span> 
     </span>
    </p>
   </div>
   <div class='ocr_carea' id='block_1_97' title="bbox 268 5394 1934 5462">
    <p class='ocr_par' dir='ltr' id='par_1_97' title="bbox 268 5394 1934 5462">
     <span class='ocr_line' id='line_1_99' title="bbox 268 5394 1934 5462; baseline -0.004 -10"><span class='ocrx_word' id='word_1_734' title='bbox 268 5396 419 5452; x_wconf 85' lang='lat' dir='ltr'><strong>eris.</strong></span> <span class='ocrx_word' id='word_1_735' title='bbox 452 5394 604 5450; x_wconf 88' lang='lat' dir='ltr'><strong>Nihil</strong></span> <span class='ocrx_word' id='word_1_736' title='bbox 661 5412 797 5451; x_wconf 89' lang='lat' dir='ltr'><strong>crus</strong></span> <span class='ocrx_word' id='word_1_737' title='bbox 831 5396 1013 5451; x_wconf 88' lang='lat' dir='ltr'><strong>sentit</strong></span> <span class='ocrx_word' id='word_1_738' title='bbox 1068 5396 1125 5450; x_wconf 92' lang='lat' dir='ltr'><strong>in</strong></span> <span class='ocrx_word' id='word_1_739' title='bbox 1162 5409 1356 5462; x_wconf 92' lang='lat' dir='ltr'><strong>nervo,</strong></span> <span class='ocrx_word' id='word_1_740' title='bbox 1391 5410 1524 5448; x_wconf 92' lang='lat' dir='ltr'><strong>eum</strong></span> <span class='ocrx_word' id='word_1_741' title='bbox 1581 5394 1817 5448; x_wconf 90' lang='lat' dir='ltr'><strong>animus</strong></span> <span class='ocrx_word' id='word_1_742' title='bbox 1877 5394 1934 5446; x_wconf 95' lang='lat' dir='ltr'><strong>in</strong></span> 
     </span>
    </p>
   </div>
   <div class='ocr_carea' id='block_1_98' title="bbox 264 5464 1933 5537">
    <p class='ocr_par' dir='ltr' id='par_1_98' title="bbox 264 5464 1933 5537">
     <span class='ocr_line' id='line_1_100' title="bbox 264 5464 1933 5537; baseline -0.002 -14"><span class='ocrx_word' id='word_1_743' title='bbox 264 5466 422 5523; x_wconf 85' lang='lat' dir='ltr'><strong>ccelo</strong></span> <span class='ocrx_word' id='word_1_744' title='bbox 452 5472 543 5522; x_wconf 90' lang='lat' dir='ltr'><strong>est</strong></span> <span class='ocrx_word' id='word_1_745' title='bbox 569 5468 705 5534; x_wconf 94' lang='lat' dir='ltr'><strong>(ld.,</strong></span> <span class='ocrx_word' id='word_1_746' title='bbox 736 5468 895 5537; x_wconf 83' lang='lat' dir='ltr'><strong>ibid.,</strong></span> <span class='ocrx_word' id='word_1_747' title='bbox 930 5483 1056 5536; x_wconf 90' lang='lat' dir='ltr'><strong>cap.</strong></span> <span class='ocrx_word' id='word_1_748' title='bbox 1088 5465 1166 5535; x_wconf 87' lang='lat'><strong>2).</strong></span> <span class='ocrx_word' id='word_1_749' title='bbox 1203 5486 1261 5537; x_wconf 65' lang='grc' dir='ltr'><strong>››Δ</strong></span> <span class='ocrx_word' id='word_1_750' title='bbox 1286 5464 1490 5519; x_wconf 90' lang='lat' dir='ltr'><strong>Postea</strong></span> <span class='ocrx_word' id='word_1_751' title='bbox 1542 5470 1829 5537; x_wconf 88' lang='lat' dir='ltr'><strong>martyres</strong></span> <span class='ocrx_word' id='word_1_752' title='bbox 1861 5465 1933 5519; x_wconf 91' lang='lat' dir='ltr'><strong>ad</strong></span> 
     </span>
    </p>
   </div>
   <div class='ocr_carea' id='block_1_99' title="bbox 264 5535 1935 5612">
    <p class='ocr_par' dir='ltr' id='par_1_99' title="bbox 264 5535 1935 5612">
     <span class='ocr_line' id='line_1_101' title="bbox 264 5535 1935 5612; baseline -0.002 -19"><span class='ocrx_word' id='word_1_753' title='bbox 264 5539 626 5612; x_wconf 86' lang='lat' dir='ltr'><strong>patientiam</strong></span> <span class='ocrx_word' id='word_1_754' title='bbox 658 5544 716 5593; x_wconf 89' lang='lat' dir='ltr'><strong>et</strong></span> <span class='ocrx_word' id='word_1_755' title='bbox 747 5535 1138 5612; x_wconf 84' lang='lat' dir='ltr'><strong>constantiam</strong></span> <span class='ocrx_word' id='word_1_756' title='bbox 1171 5535 1363 5612; x_wconf 84' lang='lat' dir='ltr'><strong>adhuc</strong></span> <span class='ocrx_word' id='word_1_757' title='bbox 1386 5536 1634 5612; x_wconf 81' lang='lat' dir='ltr'><strong>excitare</strong></span> <span class='ocrx_word' id='word_1_758' title='bbox 1667 5535 1935 5603; x_wconf 65' lang='lat' dir='ltr'><strong>constar,</strong></span> 
     </span>
    </p>
   </div>
   <div class='ocr_carea' id='block_1_100' title="bbox 268 5607 1938 5683">
    <p class='ocr_par' dir='ltr' id='par_1_100' title="bbox 268 5607 1938 5683">
     <span class='ocr_line' id='line_1_102' title="bbox 268 5607 1938 5683; baseline -0.002 -17"><span class='ocrx_word' id='word_1_759' title='bbox 268 5607 461 5683; x_wconf 78' lang='lat' dir='ltr'><strong>petita</strong></span> <span class='ocrx_word' id='word_1_760' title='bbox 494 5612 717 5683; x_wconf 81' lang='lat' dir='ltr'><strong>ratione</strong></span> <span class='ocrx_word' id='word_1_761' title='bbox 747 5612 819 5667; x_wconf 93' lang='lat' dir='ltr'><strong>ab</strong></span> <span class='ocrx_word' id='word_1_762' title='bbox 853 5610 1210 5683; x_wconf 82' lang='lat' dir='ltr'><strong>obligatione</strong></span> <span class='ocrx_word' id='word_1_763' title='bbox 1232 5607 1607 5683; x_wconf 80' lang='lat' dir='ltr'><strong>inbaptismo</strong></span> <span class='ocrx_word' id='word_1_764' title='bbox 1639 5612 1938 5683; x_wconf 83' lang='lat' dir='ltr'><strong>contracta</strong></span> 
     </span>
    </p>
   </div>
   <div class='ocr_carea' id='block_1_101' title="bbox 266 5676 1934 5755">
    <p class='ocr_par' dir='ltr' id='par_1_101' title="bbox 266 5676 1934 5755">
     <span class='ocr_line' id='line_1_103' title="bbox 266 5676 1934 5755; baseline -0.004 -16"><span class='ocrx_word' id='word_1_765' title='bbox 266 5676 579 5755; x_wconf 70' lang='lat' dir='ltr'><strong>militandi</strong></span> <span class='ocrx_word' id='word_1_766' title='bbox 610 5699 712 5755; x_wconf 74' lang='lat' dir='ltr'><strong>pro</strong></span> <span class='ocrx_word' id='word_1_767' title='bbox 743 5676 1101 5755; x_wconf 60' lang='lat' dir='ltr'><strong>servitio&#39;Dei</strong></span> <span class='ocrx_word' id='word_1_768' title='bbox 1125 5694 1151 5755; x_wconf 87' lang='lat'><strong>_:</strong></span> <span class='ocrx_word' id='word_1_769' title='bbox 1187 5700 1227 5755; x_wconf 55' lang='lat' dir='ltr'><strong>ct</strong></span> <span class='ocrx_word' id='word_1_770' title='bbox 1246 5676 1331 5733; x_wconf 86' lang='lat' dir='ltr'><strong>Sit</strong></span> <span class='ocrx_word' id='word_1_771' title='bbox 1361 5676 1934 5755; x_wconf 48' lang='lat' dir='ltr'><strong>nunc,_inquit,carj</strong></span> 
     </span>
    </p>
   </div>
   <div class='ocr_carea' id='block_1_102' title="bbox 266 5747 1937 5819">
    <p class='ocr_par' dir='ltr' id='par_1_102' title="bbox 266 5747 1937 5819">
     <span class='ocr_line' id='line_1_104' title="bbox 266 5747 1937 5819; baseline -0.002 -8"><span class='ocrx_word' id='word_1_772' title='bbox 266 5772 370 5811; x_wconf 87' lang='lat' dir='ltr'><strong>cer</strong></span> <span class='ocrx_word' id='word_1_773' title='bbox 401 5752 581 5819; x_wconf 66' lang='lat' dir='ltr'><strong>etiam</strong></span> <span class='ocrx_word' id='word_1_774' title='bbox 610 5747 977 5811; x_wconf 55' lang='lat' dir='ltr'><strong>&#39;Christianis</strong></span> <span class='ocrx_word' id='word_1_775' title='bbox 1026 5749 1310 5809; x_wconf 83' lang='lat' dir='ltr'><strong>molestus</strong></span> <span class='ocrx_word' id='word_1_776' title='bbox 1341 5764 1354 5805; x_wconf 91' lang='lat'><strong>:</strong></span> <span class='ocrx_word' id='word_1_777' title='bbox 1389 5747 1575 5806; x_wconf 87' lang='lat' dir='ltr'><strong>vocati</strong></span> <span class='ocrx_word' id='word_1_778' title='bbox 1624 5747 1832 5806; x_wconf 85' lang='lat' dir='ltr'><strong>sumus</strong></span> <span class='ocrx_word' id='word_1_779' title='bbox 1864 5751 1937 5807; x_wconf 89' lang='lat' dir='ltr'><strong>ad</strong></span> 
     </span>
    </p>
   </div>
   <div class='ocr_carea' id='block_1_103' title="bbox 1962 4566 2010 4632">
    <p class='ocr_par' dir='ltr' id='par_1_103' title="bbox 1962 4566 2010 4632">
     <span class='ocr_line' id='line_1_105' title="bbox 1962 4566 2010 4632; baseline 0 0"><span class='ocrx_word' id='word_1_780' title='bbox 1962 4566 2010 4632; x_wconf 93' lang='lat' dir='ltr'><strong>D</strong></span> 
     </span>
    </p>
   </div>
   <div class='ocr_carea' id='block_1_104' title="bbox 2056 3245 3696 3318">
    <p class='ocr_par' dir='ltr' id='par_1_104' title="bbox 2056 3245 3696 3318">
     <span class='ocr_line' id='line_1_106' title="bbox 2056 3245 3696 3318; baseline 0.001 -17"><span class='ocrx_word' id='word_1_781' title='bbox 2056 3264 2185 3302; x_wconf 90' lang='lat' dir='ltr'><strong>nem</strong></span> <span class='ocrx_word' id='word_1_782' title='bbox 2210 3245 2833 3315; x_wconf 86' lang='lat' dir='ltr'><strong>Septimium,censent</strong></span> <span class='ocrx_word' id='word_1_783' title='bbox 2856 3247 2969 3301; x_wconf 90' lang='lat' dir='ltr'><strong>fere</strong></span> <span class='ocrx_word' id='word_1_784' title='bbox 2999 3262 3199 3318; x_wconf 89' lang='lat' dir='ltr'><strong>omnes</strong></span> <span class='ocrx_word' id='word_1_785' title='bbox 3218 3245 3429 3300; x_wconf 91' lang='lat' dir='ltr'><strong>eruditi</strong></span> <span class='ocrx_word' id='word_1_786' title='bbox 3458 3252 3696 3318; x_wconf 89' lang='lat' dir='ltr'><strong>propter</strong></span> 
     </span>
    </p>
   </div>
   <div class='ocr_carea' id='block_1_105' title="bbox 2056 3317 3691 3388">
    <p class='ocr_par' dir='ltr' id='par_1_105' title="bbox 2056 3317 3691 3388">
     <span class='ocr_line' id='line_1_107' title="bbox 2056 3317 3691 3388; baseline 0.001 -15"><span class='ocrx_word' id='word_1_787' title='bbox 2056 3318 2174 3373; x_wconf 62' lang='lat' dir='ltr'><strong>hrec</strong></span> <span class='ocrx_word' id='word_1_788' title='bbox 2206 3318 2362 3372; x_wconf 90' lang='lat' dir='ltr'><strong>illius</strong></span> <span class='ocrx_word' id='word_1_789' title='bbox 2395 3318 2569 3373; x_wconf 88' lang='lat' dir='ltr'><strong>verba</strong></span> <span class='ocrx_word' id='word_1_790' title='bbox 2603 3335 2615 3372; x_wconf 90' lang='lat'><strong>:</strong></span> <span class='ocrx_word' id='word_1_791' title='bbox 2652 3340 2677 3367; x_wconf 91' lang='grc'><strong>‹‹</strong></span> <span class='ocrx_word' id='word_1_792' title='bbox 2713 3318 2945 3374; x_wconf 87' lang='lat' dir='ltr'><strong>Judicia</strong></span> <span class='ocrx_word' id='word_1_793' title='bbox 2992 3317 3245 3388; x_wconf 88' lang='lat' dir='ltr'><strong>denique</strong></span> <span class='ocrx_word' id='word_1_794' title='bbox 3294 3334 3410 3372; x_wconf 89' lang='lat' dir='ltr'><strong>non</strong></span> <span class='ocrx_word' id='word_1_795' title='bbox 3444 3317 3691 3388; x_wconf 85' lang='lat' dir='ltr'><strong>procon-</strong></span> 
     </span>
    </p>
   </div>
   <div class='ocr_carea' id='block_1_106' title="bbox 2052 3388 3694 3459">
    <p class='ocr_par' dir='ltr' id='par_1_106' title="bbox 2052 3388 3694 3459">
     <span class='ocr_line' id='line_1_108' title="bbox 2052 3388 3694 3459; baseline 0.001 -15"><span class='ocrx_word' id='word_1_796' title='bbox 2052 3389 2221 3452; x_wconf 90' lang='lat' dir='ltr'><strong>sulis,</strong></span> <span class='ocrx_word' id='word_1_797' title='bbox 2275 3390 2375 3443; x_wconf 91' lang='lat' dir='ltr'><strong>sed</strong></span> <span class='ocrx_word' id='word_1_798' title='bbox 2426 3390 2522 3444; x_wconf 91' lang='lat' dir='ltr'><strong>Dei</strong></span> <span class='ocrx_word' id='word_1_799' title='bbox 2574 3390 2825 3445; x_wconf 90' lang='lat' dir='ltr'><strong>sustinet</strong></span> <span class='ocrx_word' id='word_1_800' title='bbox 2893 3388 3154 3459; x_wconf 87' lang='lat' dir='ltr'><strong>(Tertull.</strong></span> <span class='ocrx_word' id='word_1_801' title='bbox 3227 3388 3282 3442; x_wconf 93' lang='lat' dir='ltr'><strong>in</strong></span> <span class='ocrx_word' id='word_1_802' title='bbox 3330 3393 3563 3444; x_wconf 87' lang='lat' dir='ltr'><strong>tractat.</strong></span> <span class='ocrx_word' id='word_1_803' title='bbox 3616 3391 3694 3446; x_wconf 85' lang='lat' dir='ltr'><strong>ad</strong></span> 
     </span>
    </p>
   </div>
   <div class='ocr_carea' id='block_1_107' title="bbox 2050 3459 3691 3534">
    <p class='ocr_par' dir='ltr' id='par_1_107' title="bbox 2050 3459 3691 3534">
     <span class='ocr_line' id='line_1_109' title="bbox 2050 3459 3691 3534; baseline 0.001 -19"><span class='ocrx_word' id='word_1_804' title='bbox 2050 3463 2275 3531; x_wconf 82' lang='lat' dir='ltr'><strong>Martyr.</strong></span> <span class='ocrx_word' id='word_1_805' title='bbox 2310 3478 2438 3532; x_wconf 92' lang='lat' dir='ltr'><strong>cap.</strong></span> <span class='ocrx_word' id='word_1_806' title='bbox 2482 3464 2579 3534; x_wconf 5' lang='lat'><strong>2).,</strong></span> <span class='ocrx_word' id='word_1_807' title='bbox 2609 3461 2753 3517; x_wconf 90' lang='lat' dir='ltr'><strong>Nam</strong></span> <span class='ocrx_word' id='word_1_808' title='bbox 2803 3462 2874 3515; x_wconf 91' lang='lat' dir='ltr'><strong>de</strong></span> <span class='ocrx_word' id='word_1_809' title='bbox 2923 3459 3265 3534; x_wconf 78' lang='lat' dir='ltr'><strong>proconsule</strong></span> <span class='ocrx_word' id='word_1_810' title='bbox 3302 3460 3506 3516; x_wconf 74' lang='lat' dir='ltr'><strong>Africae</strong></span> <span class='ocrx_word' id='word_1_811' title='bbox 3555 3460 3691 3534; x_wconf 89' lang='lat' dir='ltr'><strong>plu-</strong></span> 
     </span>
    </p>
   </div>
   <div class='ocr_carea' id='block_1_108' title="bbox 2048 3532 3362 3600">
    <p class='ocr_par' dir='ltr' id='par_1_108' title="bbox 2048 3532 3362 3600">
     <span class='ocr_line' id='line_1_110' title="bbox 2048 3532 3362 3600; baseline 0 -13"><span class='ocrx_word' id='word_1_812' title='bbox 2048 3534 2196 3587; x_wconf 88' lang='lat' dir='ltr'><strong>rima</strong></span> <span class='ocrx_word' id='word_1_813' title='bbox 2230 3534 2294 3586; x_wconf 88' lang='lat' dir='ltr'><strong>tit</strong></span> <span class='ocrx_word' id='word_1_814' title='bbox 2322 3533 2538 3587; x_wconf 88' lang='lat' dir='ltr'><strong>mentio</strong></span> <span class='ocrx_word' id='word_1_815' title='bbox 2569 3533 2627 3587; x_wconf 88' lang='lat' dir='ltr'><strong>in</strong></span> <span class='ocrx_word' id='word_1_816' title='bbox 2659 3534 2865 3589; x_wconf 83' lang='lat' dir='ltr'><strong>Notitia</strong></span> <span class='ocrx_word' id='word_1_817' title='bbox 2889 3534 3137 3600; x_wconf 79' lang='lat' dir='ltr'><strong>imperii.</strong></span> <span class='ocrx_word' id='word_1_818' title='bbox 3172 3532 3362 3587; x_wconf 85' lang='lat' dir='ltr'><strong>LUMP.</strong></span> 
     </span>
    </p>
   </div>
   <div class='ocr_carea' id='block_1_109' title="bbox 2119 3603 3685 3675">
    <p class='ocr_par' dir='ltr' id='par_1_109' title="bbox 2119 3603 3685 3675">
     <span class='ocr_line' id='line_1_111' title="bbox 2119 3603 3685 3675; baseline 0.001 -16"><span class='ocrx_word' id='word_1_819' title='bbox 2119 3606 2196 3675; x_wconf 91' lang='lat'><strong>(3)</strong></span> <span class='ocrx_word' id='word_1_820' title='bbox 2226 3606 2288 3659; x_wconf 84' lang='lat' dir='ltr'><strong>In</strong></span> <span class='ocrx_word' id='word_1_821' title='bbox 2316 3619 2430 3658; x_wconf 88' lang='lat' dir='ltr'><strong>meo</strong></span> <span class='ocrx_word' id='word_1_822' title='bbox 2458 3606 2605 3672; x_wconf 82' lang='lat' dir='ltr'><strong>sunt,</strong></span> <span class='ocrx_word' id='word_1_823' title='bbox 2652 3604 2869 3660; x_wconf 81' lang='lat' dir='ltr'><strong>tentabo</strong></span> <span class='ocrx_word' id='word_1_824' title='bbox 2911 3605 3036 3658; x_wconf 75' lang='lat' dir='ltr'><strong>illo:</strong></span> <span class='ocrx_word' id='word_1_825' title='bbox 3080 3603 3287 3675; x_wconf 63' lang='lat' dir='ltr'><strong>uitibus</strong></span> <span class='ocrx_word' id='word_1_826' title='bbox 3333 3603 3493 3659; x_wconf 76' lang='lat' dir='ltr'><strong>odiis.</strong></span> <span class='ocrx_word' id='word_1_827' title='bbox 3525 3607 3685 3661; x_wconf 85' lang='lat' dir='ltr'><strong>Hanc</strong></span> 
     </span>
    </p>
   </div>
   <div class='ocr_carea' id='block_1_110' title="bbox 2047 3674 3681 3746">
    <p class='ocr_par' dir='ltr' id='par_1_110' title="bbox 2047 3674 3681 3746">
     <span class='ocr_line' id='line_1_112' title="bbox 2047 3674 3681 3746; baseline 0.002 -16"><span class='ocrx_word' id='word_1_828' title='bbox 2047 3692 2175 3732; x_wconf 79' lang='lat' dir='ltr'><strong>esse</strong></span> <span class='ocrx_word' id='word_1_829' title='bbox 2222 3674 2636 3730; x_wconf 88' lang='lat' dir='ltr'><strong>Vaticanorum</strong></span> <span class='ocrx_word' id='word_1_830' title='bbox 2686 3675 3036 3746; x_wconf 86' lang='lat' dir='ltr'><strong>scripturam</strong></span> <span class='ocrx_word' id='word_1_831' title='bbox 3073 3674 3364 3730; x_wconf 91' lang='lat' dir='ltr'><strong>Pamelius</strong></span> <span class='ocrx_word' id='word_1_832' title='bbox 3411 3679 3681 3734; x_wconf 87' lang='lat' dir='ltr'><strong>testatur.</strong></span> 
     </span>
    </p>
   </div>
   <div class='ocr_carea' id='block_1_111' title="bbox 2046 3746 3687 3819">
    <p class='ocr_par' dir='ltr' id='par_1_111' title="bbox 2046 3746 3687 3819">
     <span class='ocr_line' id='line_1_113' title="bbox 2046 3746 3687 3819; baseline 0.001 -18"><span class='ocrx_word' id='word_1_833' title='bbox 2046 3747 2158 3802; x_wconf 91' lang='lat' dir='ltr'><strong>Sed</strong></span> <span class='ocrx_word' id='word_1_834' title='bbox 2211 3750 2535 3819; x_wconf 86' lang='lat' dir='ltr'><strong>martyrum</strong></span> <span class='ocrx_word' id='word_1_835' title='bbox 2585 3747 2737 3819; x_wconf 86' lang='lat' dir='ltr'><strong>inter</strong></span> <span class='ocrx_word' id='word_1_836' title='bbox 2783 3748 2943 3819; x_wconf 89' lang='lat' dir='ltr'><strong>ipsos</strong></span> <span class='ocrx_word' id='word_1_837' title='bbox 2993 3746 3125 3801; x_wconf 89' lang='lat' dir='ltr'><strong>odia</strong></span> <span class='ocrx_word' id='word_1_838' title='bbox 3168 3750 3225 3819; x_wconf 81' lang='lat' dir='ltr'><strong>et</strong></span> <span class='ocrx_word' id='word_1_839' title='bbox 3254 3746 3490 3819; x_wconf 88' lang='lat' dir='ltr'><strong>quidem</strong></span> <span class='ocrx_word' id='word_1_840' title='bbox 3518 3818 3523 3819; x_wconf 14' lang='grc' dir='ltr'>ί</span> <span class='ocrx_word' id='word_1_841' title='bbox 3552 3748 3687 3803; x_wconf 89' lang='lat' dir='ltr'><strong>vilia</strong></span> 
     </span>
    </p>
   </div>
   <div class='ocr_carea' id='block_1_112' title="bbox 2047 3817 3686 3881">
    <p class='ocr_par' dir='ltr' id='par_1_112' title="bbox 2047 3817 3686 3881">
     <span class='ocr_line' id='line_1_114' title="bbox 2047 3817 3686 3881; baseline 0.001 -9"><span class='ocrx_word' id='word_1_842' title='bbox 2047 3820 2229 3874; x_wconf 86' lang='lat' dir='ltr'><strong>fuisse</strong></span> <span class='ocrx_word' id='word_1_843' title='bbox 2260 3835 2431 3873; x_wconf 91' lang='lat' dir='ltr'><strong>nemo</strong></span> <span class='ocrx_word' id='word_1_844' title='bbox 2462 3817 2829 3874; x_wconf 80' lang='lat' dir='ltr'><strong>Christianus</strong></span> <span class='ocrx_word' id='word_1_845' title='bbox 2860 3817 3242 3873; x_wconf 88' lang='lat' dir='ltr'><strong>consenserit.</strong></span> <span class='ocrx_word' id='word_1_846' title='bbox 3274 3817 3443 3881; x_wconf 86' lang='lat' dir='ltr'><strong>Tum,</strong></span> <span class='ocrx_word' id='word_1_847' title='bbox 3480 3818 3528 3873; x_wconf 91' lang='lat' dir='ltr'><strong>si</strong></span> <span class='ocrx_word' id='word_1_848' title='bbox 3552 3820 3686 3874; x_wconf 89' lang='lat' dir='ltr'><strong>odia</strong></span> 
     </span>
    </p>
   </div>
   <div class='ocr_carea' id='block_1_113' title="bbox 2046 3889 3687 3961">
    <p class='ocr_par' dir='ltr' id='par_1_113' title="bbox 2046 3889 3687 3961">
     <span class='ocr_line' id='line_1_115' title="bbox 2046 3889 3687 3961; baseline 0.001 -17"><span class='ocrx_word' id='word_1_849' title='bbox 2046 3891 2228 3944; x_wconf 85' lang='lat' dir='ltr'><strong>fuisse</strong></span> <span class='ocrx_word' id='word_1_850' title='bbox 2277 3891 2427 3961; x_wconf 85' lang='lat' dir='ltr'><strong>inter</strong></span> <span class='ocrx_word' id='word_1_851' title='bbox 2476 3894 2765 3961; x_wconf 91' lang='lat' dir='ltr'><strong>martyras</strong></span> <span class='ocrx_word' id='word_1_852' title='bbox 2812 3889 3212 3945; x_wconf 89' lang='lat' dir='ltr'><strong>Tertullianus</strong></span> <span class='ocrx_word' id='word_1_853' title='bbox 3257 3890 3521 3959; x_wconf 88' lang='lat' dir='ltr'><strong>tradidit,</strong></span> <span class='ocrx_word' id='word_1_854' title='bbox 3555 3907 3687 3961; x_wconf 87' lang='lat' dir='ltr'><strong>pro-</strong></span> 
     </span>
    </p>
   </div>
   <div class='ocr_carea' id='block_1_114' title="bbox 2044 3960 3683 4017">
    <p class='ocr_par' dir='ltr' id='par_1_114' title="bbox 2044 3960 3683 4017">
     <span class='ocr_line' id='line_1_116' title="bbox 2044 3960 3683 4017; baseline 0.001 -2"><span class='ocrx_word' id='word_1_855' title='bbox 2044 3962 2192 4016; x_wconf 88' lang='lat' dir='ltr'><strong>fecto</strong></span> <span class='ocrx_word' id='word_1_856' title='bbox 2226 3960 2450 4015; x_wconf 90' lang='lat' dir='ltr'><strong>futilem</strong></span> <span class='ocrx_word' id='word_1_857' title='bbox 2478 3966 2535 4016; x_wconf 91' lang='lat' dir='ltr'><strong>et</strong></span> <span class='ocrx_word' id='word_1_858' title='bbox 2566 3960 2829 4017; x_wconf 85' lang='lat' dir='ltr'><strong>frivolam</strong></span> <span class='ocrx_word' id='word_1_859' title='bbox 2862 3961 3232 4015; x_wconf 80' lang='lat' dir='ltr'><strong>atl‘ectionum</strong></span> <span class='ocrx_word' id='word_1_860' title='bbox 3266 3977 3332 4015; x_wconf 90' lang='lat' dir='ltr'><strong>ac</strong></span> <span class='ocrx_word' id='word_1_861' title='bbox 3363 3960 3683 4016; x_wconf 89' lang='lat' dir='ltr'><strong>dissensio-</strong></span> 
     </span>
    </p>
   </div>
   <div class='ocr_carea' id='block_1_115' title="bbox 2046 4030 3687 4103">
    <p class='ocr_par' dir='ltr' id='par_1_115' title="bbox 2046 4030 3687 4103">
     <span class='ocr_line' id='line_1_117' title="bbox 2046 4030 3687 4103; baseline 0 -16"><span class='ocrx_word' id='word_1_862' title='bbox 2046 4048 2189 4088; x_wconf 90' lang='lat' dir='ltr'><strong>num</strong></span> <span class='ocrx_word' id='word_1_863' title='bbox 2220 4031 2722 4103; x_wconf 83' lang='lat' dir='ltr'><strong>exprobrationem</strong></span> <span class='ocrx_word' id='word_1_864' title='bbox 2758 4032 2987 4100; x_wconf 79' lang='lat' dir='ltr'><strong>adjecit.</strong></span> <span class='ocrx_word' id='word_1_865' title='bbox 3022 4036 3167 4103; x_wconf 89' lang='lat' dir='ltr'><strong>Nam</strong></span> <span class='ocrx_word' id='word_1_866' title='bbox 3213 4030 3524 4103; x_wconf 73' lang='lat' dir='ltr'><strong>quaaodia</strong></span> <span class='ocrx_word' id='word_1_867' title='bbox 3553 4031 3687 4103; x_wconf 76' lang='lat' dir='ltr'><strong>sine</strong></span> 
     </span>
    </p>
   </div>
   <div class='ocr_carea' id='block_1_116' title="bbox 2045 4102 3690 4175">
    <p class='ocr_par' dir='ltr' id='par_1_116' title="bbox 2045 4102 3690 4175">
     <span class='ocr_line' id='line_1_118' title="bbox 2045 4102 3690 4175; baseline -0.001 -16"><span class='ocrx_word' id='word_1_868' title='bbox 2045 4102 2449 4160; x_wconf 76' lang='lat' dir='ltr'><strong>affectionibus</strong></span> <span class='ocrx_word' id='word_1_869' title='bbox 2515 4120 2581 4158; x_wconf 89' lang='lat' dir='ltr'><strong>ac</strong></span> <span class='ocrx_word' id='word_1_870' title='bbox 2647 4103 3059 4159; x_wconf 81' lang='lat' dir='ltr'><strong>dissensione?</strong></span> <span class='ocrx_word' id='word_1_871' title='bbox 3127 4102 3245 4158; x_wconf 89' lang='lat' dir='ltr'><strong>imo</strong></span> <span class='ocrx_word' id='word_1_872' title='bbox 3302 4102 3690 4175; x_wconf 85' lang='lat' dir='ltr'><strong>frigidissima</strong></span> 
     </span>
    </p>
   </div>
   <div class='ocr_carea' id='block_1_117' title="bbox 2046 4173 3690 4246">
    <p class='ocr_par' dir='ltr' id='par_1_117' title="bbox 2046 4173 3690 4246">
     <span class='ocr_line' id='line_1_119' title="bbox 2046 4173 3690 4246; baseline 0.001 -17"><span class='ocrx_word' id='word_1_873' title='bbox 2046 4177 2219 4230; x_wconf 85' lang='lat' dir='ltr'><strong>fuerit</strong></span> <span class='ocrx_word' id='word_1_874' title='bbox 2257 4180 2482 4230; x_wconf 65' lang='lat' dir='ltr'><strong>Satanas</strong></span> <span class='ocrx_word' id='word_1_875' title='bbox 2545 4176 2756 4246; x_wconf 89' lang='lat' dir='ltr'><strong>techna</strong></span> <span class='ocrx_word' id='word_1_876' title='bbox 2792 4191 2804 4231; x_wconf 91' lang='lat'>:</span> <span class='ocrx_word' id='word_1_877' title='bbox 2845 4194 2865 4223; x_wconf 75' lang='grc' dir='ltr'>ι</span> <span class='ocrx_word' id='word_1_878' title='bbox 2918 4174 3199 4246; x_wconf 87' lang='lat' dir='ltr'><strong>Martyres</strong></span> <span class='ocrx_word' id='word_1_879' title='bbox 3271 4173 3570 4246; x_wconf 25' lang='lat' dir='ltr'><strong>quiisunt</strong></span> <span class='ocrx_word' id='word_1_880' title='bbox 3629 4174 3690 4230; x_wconf 90' lang='lat' dir='ltr'><strong>in</strong></span> 
     </span>
    </p>
   </div>
   <div class='ocr_carea' id='block_1_118' title="bbox 2042 4245 3688 4317">
    <p class='ocr_par' dir='ltr' id='par_1_118' title="bbox 2042 4245 3688 4317">
     <span class='ocr_line' id='line_1_120' title="bbox 2042 4245 3688 4317; baseline 0 -15"><span class='ocrx_word' id='word_1_881' title='bbox 2042 4262 2303 4302; x_wconf 90' lang='lat' dir='ltr'><strong>carceres</strong></span> <span class='ocrx_word' id='word_1_882' title='bbox 2331 4245 2623 4317; x_wconf 91' lang='lat' dir='ltr'><strong>compulsi</strong></span> <span class='ocrx_word' id='word_1_883' title='bbox 2655 4247 2711 4301; x_wconf 93' lang='lat' dir='ltr'><strong>in</strong></span> <span class='ocrx_word' id='word_1_884' title='bbox 2746 4263 2873 4302; x_wconf 88' lang='lat' dir='ltr'><strong>meo</strong></span> <span class='ocrx_word' id='word_1_885' title='bbox 2906 4245 3349 4317; x_wconf 13' lang='lat' dir='ltr'><strong>sunt,’rtentabo</strong></span> <span class='ocrx_word' id='word_1_886' title='bbox 3379 4245 3560 4317; x_wconf 89' lang='lat' dir='ltr'><strong>igitur</strong></span> <span class='ocrx_word' id='word_1_887' title='bbox 3588 4261 3688 4302; x_wconf 89' lang='lat' dir='ltr'><strong>eos</strong></span> 
     </span>
    </p>
   </div>
   <div class='ocr_carea' id='block_1_119' title="bbox 2040 4316 3691 4386">
    <p class='ocr_par' dir='ltr' id='par_1_119' title="bbox 2040 4316 3691 4386">
     <span class='ocr_line' id='line_1_121' title="bbox 2040 4316 3691 4386; baseline 0 -13"><span class='ocrx_word' id='word_1_888' title='bbox 2040 4318 2251 4373; x_wconf 86' lang='lat' dir='ltr'><strong>vilibus</strong></span> <span class='ocrx_word' id='word_1_889' title='bbox 2282 4318 2450 4374; x_wconf 89' lang='lat' dir='ltr'><strong>odiis.</strong></span> <span class='ocrx_word' id='word_1_890' title='bbox 2472 4316 2507 4367; x_wconf 58' lang='lat'><strong>3)</strong></span> <span class='ocrx_word' id='word_1_891' title='bbox 2530 4320 2710 4384; x_wconf 86' lang='lat' dir='ltr'><strong>Quem</strong></span> <span class='ocrx_word' id='word_1_892' title='bbox 2745 4335 2859 4373; x_wconf 89' lang='lat' dir='ltr'><strong>non</strong></span> <span class='ocrx_word' id='word_1_893' title='bbox 2882 4316 3140 4385; x_wconf 89' lang='lat' dir='ltr'><strong>quotidie</strong></span> <span class='ocrx_word' id='word_1_894' title='bbox 3171 4316 3511 4386; x_wconf 79' lang='lat' dir='ltr'><strong>hujusmbdi</strong></span> <span class='ocrx_word' id='word_1_895' title='bbox 3538 4317 3691 4373; x_wconf 88' lang='lat' dir='ltr'><strong>odiis</strong></span> 
     </span>
    </p>
   </div>
   <div class='ocr_carea' id='block_1_120' title="bbox 2041 4390 3691 4445">
    <p class='ocr_par' dir='ltr' id='par_1_120' title="bbox 2041 4390 3691 4445">
     <span class='ocr_line' id='line_1_122' title="bbox 2041 4390 3691 4445; baseline 0 -1"><span class='ocrx_word' id='word_1_896' title='bbox 2041 4395 2231 4445; x_wconf 90' lang='lat' dir='ltr'><strong>tentat</strong></span> <span class='ocrx_word' id='word_1_897' title='bbox 2252 4391 2278 4444; x_wconf 68' lang='grc' dir='ltr'><em>Ῥ</em></span> <span class='ocrx_word' id='word_1_898' title='bbox 2310 4390 2483 4444; x_wconf 83' lang='lat' dir='ltr'><strong>etiam</strong></span> <span class='ocrx_word' id='word_1_899' title='bbox 2518 4407 2633 4444; x_wconf 92' lang='lat' dir='ltr'><strong>non</strong></span> <span class='ocrx_word' id='word_1_900' title='bbox 2666 4391 2725 4445; x_wconf 90' lang='lat' dir='ltr'><strong>in</strong></span> <span class='ocrx_word' id='word_1_901' title='bbox 2757 4408 2860 4445; x_wconf 79' lang='lat' dir='ltr'><strong>suo</strong></span> <span class='ocrx_word' id='word_1_902' title='bbox 2882 4390 2910 4444; x_wconf 82' lang='lat'><strong>‘?</strong></span> <span class='ocrx_word' id='word_1_903' title='bbox 2938 4390 3114 4444; x_wconf 88' lang='lat' dir='ltr'><strong>etiam</strong></span> <span class='ocrx_word' id='word_1_904' title='bbox 3148 4395 3309 4444; x_wconf 82' lang='lat' dir='ltr'><strong>extra</strong></span> <span class='ocrx_word' id='word_1_905' title='bbox 3339 4404 3634 4443; x_wconf 89' lang='lat' dir='ltr'><strong>carcerem</strong></span> <span class='ocrx_word' id='word_1_906' title='bbox 3663 4390 3691 4444; x_wconf 83' lang='lat'><strong>?</strong></span> 
     </span>
    </p>
   </div>
   <div class='ocr_carea' id='block_1_121' title="bbox 2045 4460 3685 4533">
    <p class='ocr_par' dir='ltr' id='par_1_121' title="bbox 2045 4460 3685 4533">
     <span class='ocr_line' id='line_1_123' title="bbox 2045 4460 3685 4533; baseline -0.002 -17"><span class='ocrx_word' id='word_1_907' title='bbox 2045 4464 2244 4533; x_wconf 86' lang='lat' dir='ltr'><strong>Itaque</strong></span> <span class='ocrx_word' id='word_1_908' title='bbox 2275 4479 2384 4516; x_wconf 93' lang='lat' dir='ltr'><strong>non</strong></span> <span class='ocrx_word' id='word_1_909' title='bbox 2420 4461 2584 4514; x_wconf 81' lang='lat' dir='ltr'><strong>video</strong></span> <span class='ocrx_word' id='word_1_910' title='bbox 2617 4479 2730 4531; x_wconf 83' lang='lat' dir='ltr'><strong>qua</strong></span> <span class='ocrx_word' id='word_1_911' title='bbox 2778 4462 2999 4516; x_wconf 86' lang='lat' dir='ltr'><strong>ratione</strong></span> <span class='ocrx_word' id='word_1_912' title='bbox 3046 4460 3273 4515; x_wconf 91' lang='lat' dir='ltr'><strong>defendi</strong></span> <span class='ocrx_word' id='word_1_913' title='bbox 3327 4466 3502 4533; x_wconf 91' lang='lat' dir='ltr'><strong>queat</strong></span> <span class='ocrx_word' id='word_1_914' title='bbox 3532 4460 3685 4533; x_wconf 67' lang='lat' dir='ltr'><strong>Vati-</strong></span> 
     </span>
    </p>
   </div>
   <div class='ocr_carea' id='block_1_122' title="bbox 2043 4531 3686 4604">
    <p class='ocr_par' dir='ltr' id='par_1_122' title="bbox 2043 4531 3686 4604">
     <span class='ocr_line' id='line_1_124' title="bbox 2043 4531 3686 4604; baseline -0.001 -15"><span class='ocrx_word' id='word_1_915' title='bbox 2043 4531 2669 4604; x_wconf 86' lang='lat' dir='ltr'><strong>canorumscriptura.</strong></span> <span class='ocrx_word' id='word_1_916' title='bbox 2708 4536 2768 4588; x_wconf 87' lang='lat' dir='ltr'><strong>In</strong></span> <span class='ocrx_word' id='word_1_917' title='bbox 2799 4533 3157 4604; x_wconf 81' lang='lat' dir='ltr'><strong>editionibus</strong></span> <span class='ocrx_word' id='word_1_918' title='bbox 3196 4536 3329 4604; x_wconf 78' lang='lat' dir='ltr'><strong>ante</strong></span> <span class='ocrx_word' id='word_1_919' title='bbox 3359 4531 3686 4587; x_wconf 89' lang='lat' dir='ltr'><strong>Pamelium</strong></span> 
     </span>
    </p>
   </div>
   <div class='ocr_carea' id='block_1_123' title="bbox 2041 4601 3686 4677">
    <p class='ocr_par' dir='ltr' id='par_1_123' title="bbox 2041 4601 3686 4677">
     <span class='ocr_line' id='line_1_125' title="bbox 2041 4601 3686 4677; baseline -0.001 -17"><span class='ocrx_word' id='word_1_920' title='bbox 2041 4606 2296 4677; x_wconf 84' lang='lat' dir='ltr'><strong>vulgatis</strong></span> <span class='ocrx_word' id='word_1_921' title='bbox 2337 4601 2641 4677; x_wconf 86' lang='lat' dir='ltr'><strong>legebatur</strong></span> <span class='ocrx_word' id='word_1_922' title='bbox 2673 4622 2685 4660; x_wconf 90' lang='lat'><strong>:</strong></span> <span class='ocrx_word' id='word_1_923' title='bbox 2722 4627 2750 4654; x_wconf 90' lang='grc'><em>‹‹</em></span> <span class='ocrx_word' id='word_1_924' title='bbox 2773 4602 3183 4677; x_wconf 86' lang='lat' dir='ltr'><strong>Tentaboillos</strong></span> <span class='ocrx_word' id='word_1_925' title='bbox 3206 4601 3420 4677; x_wconf 83' lang='lat' dir='ltr'><strong>vilibus</strong></span> <span class='ocrx_word' id='word_1_926' title='bbox 3450 4604 3686 4677; x_wconf 73' lang='lat' dir='ltr'><strong>inediis,</strong></span> 
     </span>
    </p>
   </div>
   <div class='ocr_carea' id='block_1_124' title="bbox 2044 4673 3686 4741">
    <p class='ocr_par' dir='ltr' id='par_1_124' title="bbox 2044 4673 3686 4741">
     <span class='ocr_line' id='line_1_126' title="bbox 2044 4673 3686 4741; baseline -0.001 -8"><span class='ocrx_word' id='word_1_927' title='bbox 2044 4673 2490 4741; x_wconf 79' lang='lat' dir='ltr'><strong>defectionibus,</strong></span> <span class='ocrx_word' id='word_1_928' title='bbox 2537 4681 2639 4731; x_wconf 90' lang='lat' dir='ltr'><strong>aut</strong></span> <span class='ocrx_word' id='word_1_929' title='bbox 2687 4676 2841 4733; x_wconf 91' lang='lat' dir='ltr'><strong>inter</strong></span> <span class='ocrx_word' id='word_1_930' title='bbox 2887 4691 2945 4731; x_wconf 91' lang='lat' dir='ltr'><strong>se</strong></span> <span class='ocrx_word' id='word_1_931' title='bbox 2994 4673 3479 4731; x_wconf 88' lang='lat' dir='ltr'><strong>dissensionibus.</strong></span> <span class='ocrx_word' id='word_1_932' title='bbox 3517 4697 3545 4724; x_wconf 72' lang='grc' dir='ltr'><strong>η</strong></span> <span class='ocrx_word' id='word_1_933' title='bbox 3573 4675 3686 4731; x_wconf 88' lang='lat' dir='ltr'><strong>Sed</strong></span> 
     </span>
    </p>
   </div>
   <div class='ocr_carea' id='block_1_125' title="bbox 2044 4746 3687 4818">
    <p class='ocr_par' dir='ltr' id='par_1_125' title="bbox 2044 4746 3687 4818">
     <span class='ocr_line' id='line_1_127' title="bbox 2044 4746 3687 4818; baseline -0.001 -14"><span class='ocrx_word' id='word_1_934' title='bbox 2044 4766 2151 4805; x_wconf 91' lang='lat' dir='ltr'><strong>nec</strong></span> <span class='ocrx_word' id='word_1_935' title='bbox 2181 4765 2393 4804; x_wconf 90' lang='lat' dir='ltr'><strong>sensus</strong></span> <span class='ocrx_word' id='word_1_936' title='bbox 2423 4748 2559 4803; x_wconf 91' lang='lat' dir='ltr'><strong>inde</strong></span> <span class='ocrx_word' id='word_1_937' title='bbox 2589 4748 2723 4804; x_wconf 93' lang='lat' dir='ltr'><strong>boni</strong></span> <span class='ocrx_word' id='word_1_938' title='bbox 2756 4748 3049 4818; x_wconf 82' lang='lat' dir='ltr'><strong>colligitur</strong></span> <span class='ocrx_word' id='word_1_939' title='bbox 3077 4746 3422 4817; x_wconf 89' lang='lat' dir='ltr'><strong>quidquam.</strong></span> <span class='ocrx_word' id='word_1_940' title='bbox 3457 4747 3687 4803; x_wconf 89' lang='lat' dir='ltr'><strong>Etenim</strong></span> 
     </span>
    </p>
   </div>
   <div class='ocr_carea' id='block_1_126' title="bbox 2045 4818 3688 4893">
    <p class='ocr_par' dir='ltr' id='par_1_126' title="bbox 2045 4818 3688 4893">
     <span class='ocr_line' id='line_1_128' title="bbox 2045 4818 3688 4893; baseline -0.002 -17"><span class='ocrx_word' id='word_1_941' title='bbox 2045 4821 2182 4893; x_wconf 90' lang='lat' dir='ltr'><strong>quis</strong></span> <span class='ocrx_word' id='word_1_942' title='bbox 2212 4837 2393 4893; x_wconf 86' lang='lat' dir='ltr'><strong>sanus</strong></span> <span class='ocrx_word' id='word_1_943' title='bbox 2422 4837 2679 4893; x_wconf 86' lang='lat' dir='ltr'><strong>unquam</strong></span> <span class='ocrx_word' id='word_1_944' title='bbox 2712 4821 2950 4893; x_wconf 73' lang='lat' dir='ltr'><strong>dixerit,</strong></span> <span class='ocrx_word' id='word_1_945' title='bbox 2974 4819 3107 4873; x_wconf 77' lang='lat' dir='ltr'><strong>viles</strong></span> <span class='ocrx_word' id='word_1_946' title='bbox 3155 4818 3373 4893; x_wconf 70' lang='lat' dir='ltr'><strong>inedia:</strong></span> <span class='ocrx_word' id='word_1_947' title='bbox 3394 4827 3420 4873; x_wconf 68' lang='grc' dir='ltr'><em>γ</em></span> <span class='ocrx_word' id='word_1_948' title='bbox 3448 4824 3549 4893; x_wconf 87' lang='lat' dir='ltr'><strong>aut</strong></span> <span class='ocrx_word' id='word_1_949' title='bbox 3579 4836 3688 4893; x_wconf 77' lang='lat' dir='ltr'><strong>cur</strong></span> 
     </span>
    </p>
   </div>
   <div class='ocr_carea' id='block_1_127' title="bbox 2045 4890 3689 4965">
    <p class='ocr_par' dir='ltr' id='par_1_127' title="bbox 2045 4890 3689 4965">
     <span class='ocr_line' id='line_1_129' title="bbox 2045 4890 3689 4965; baseline -0.002 -17"><span class='ocrx_word' id='word_1_950' title='bbox 2045 4890 2273 4949; x_wconf 84' lang='lat' dir='ltr'><strong>inedias</strong></span> <span class='ocrx_word' id='word_1_951' title='bbox 2321 4892 2416 4946; x_wconf 91' lang='lat' dir='ltr'><strong>hic</strong></span> <span class='ocrx_word' id='word_1_952' title='bbox 2466 4890 2625 4965; x_wconf 82' lang='lat' dir='ltr'><strong>ullas</strong></span> <span class='ocrx_word' id='word_1_953' title='bbox 2656 4890 3113 4965; x_wconf 82' lang='lat' dir='ltr'><strong>suspicabimur,</strong></span> <span class='ocrx_word' id='word_1_954' title='bbox 3163 4890 3315 4965; x_wconf 81' lang='lat' dir='ltr'><strong>inter</strong></span> <span class='ocrx_word' id='word_1_955' title='bbox 3354 4891 3547 4965; x_wconf 83' lang='lat' dir='ltr'><strong>carnis</strong></span> <span class='ocrx_word' id='word_1_956' title='bbox 3580 4890 3689 4947; x_wconf 90' lang='lat' dir='ltr'><strong>ali-</strong></span> 
     </span>
    </p>
   </div>
   <div class='ocr_carea' id='block_1_128' title="bbox 2048 4962 3694 5035">
    <p class='ocr_par' dir='ltr' id='par_1_128' title="bbox 2048 4962 3694 5035">
     <span class='ocr_line' id='line_1_130' title="bbox 2048 4962 3694 5035; baseline -0.002 -14"><span class='ocrx_word' id='word_1_957' title='bbox 2048 4970 2247 5021; x_wconf 86' lang='lat' dir='ltr'><strong>menta</strong></span> <span class='ocrx_word' id='word_1_958' title='bbox 2294 4980 2421 5035; x_wconf 78' lang='lat' dir='ltr'><strong>quas</strong></span> <span class='ocrx_word' id='word_1_959' title='bbox 2470 4963 2563 5019; x_wconf 89' lang='lat' dir='ltr'><strong>his</strong></span> <span class='ocrx_word' id='word_1_960' title='bbox 2614 4962 2782 5033; x_wconf 40' lang='lat' dir='ltr'><strong>ipsis“</strong></span> <span class='ocrx_word' id='word_1_961' title='bbox 2812 4962 3169 5034; x_wconf 86' lang='lat' dir='ltr'><strong>martyribus</strong></span> <span class='ocrx_word' id='word_1_962' title='bbox 3215 4962 3694 5035; x_wconf 12' lang='lat' dir='ltr'><strong>dominaimater</strong></span> 
     </span>
    </p>
   </div>
   <div class='ocr_carea' id='block_1_129' title="bbox 2044 5034 3694 5092">
    <p class='ocr_par' dir='ltr' id='par_1_129' title="bbox 2044 5034 3694 5092">
     <span class='ocr_line' id='line_1_131' title="bbox 2044 5034 3694 5092; baseline -0.002 0"><span class='ocrx_word' id='word_1_963' title='bbox 2044 5034 2402 5092; x_wconf 36' lang='lat' dir='ltr'><strong>Ecclesia&#39;de</strong></span> <span class='ocrx_word' id='word_1_964' title='bbox 2448 5035 2730 5090; x_wconf 87' lang='lat' dir='ltr'><strong>uberibus</strong></span> <span class='ocrx_word' id='word_1_965' title='bbox 2771 5037 2897 5090; x_wconf 86' lang='lat' dir='ltr'><strong>suis</strong></span> <span class='ocrx_word' id='word_1_966' title='bbox 2946 5035 3005 5089; x_wconf 88' lang='lat' dir='ltr'><strong>in</strong></span> <span class='ocrx_word' id='word_1_967' title='bbox 3058 5050 3346 5089; x_wconf 89' lang='lat' dir='ltr'><strong>carcerem</strong></span> <span class='ocrx_word' id='word_1_968' title='bbox 3398 5034 3694 5089; x_wconf 91' lang='lat' dir='ltr'><strong>submini-</strong></span> 
     </span>
    </p>
   </div>
   <div class='ocr_carea' id='block_1_130' title="bbox 2046 5105 3693 5164">
    <p class='ocr_par' dir='ltr' id='par_1_130' title="bbox 2046 5105 3693 5164">
     <span class='ocr_line' id='line_1_132' title="bbox 2046 5105 3693 5164; baseline -0.002 0"><span class='ocrx_word' id='word_1_969' title='bbox 2046 5107 2260 5164; x_wconf 80' lang='lat' dir='ltr'><strong>strabit</strong></span> <span class='ocrx_word' id='word_1_970' title='bbox 2285 5106 2312 5161; x_wconf 73' lang='lat'><strong>7</strong></span> <span class='ocrx_word' id='word_1_971' title='bbox 2343 5108 2427 5161; x_wconf 88' lang='lat' dir='ltr'><strong>sic</strong></span> <span class='ocrx_word' id='word_1_972' title='bbox 2456 5107 2612 5162; x_wconf 89' lang='lat' dir='ltr'><strong>enim</strong></span> <span class='ocrx_word' id='word_1_973' title='bbox 2646 5107 3034 5162; x_wconf 79' lang='lat' dir='ltr'><strong>disertissime</strong></span> <span class='ocrx_word' id='word_1_974' title='bbox 3060 5106 3313 5161; x_wconf 82' lang='lat' dir='ltr'><strong>traditur</strong></span> <span class='ocrx_word' id='word_1_975' title='bbox 3343 5105 3519 5161; x_wconf 90' lang='lat' dir='ltr'><strong>istius</strong></span> <span class='ocrx_word' id='word_1_976' title='bbox 3550 5105 3693 5161; x_wconf 86' lang='lat' dir='ltr'><strong>scri-</strong></span> 
     </span>
    </p>
   </div>
   <div class='ocr_carea' id='block_1_131' title="bbox 2044 5176 3693 5250">
    <p class='ocr_par' dir='ltr' id='par_1_131' title="bbox 2044 5176 3693 5250">
     <span class='ocr_line' id='line_1_133' title="bbox 2044 5176 3693 5250; baseline -0.002 -15"><span class='ocrx_word' id='word_1_977' title='bbox 2044 5179 2225 5235; x_wconf 90' lang='lat' dir='ltr'><strong>tionis</strong></span> <span class='ocrx_word' id='word_1_978' title='bbox 2260 5178 2546 5250; x_wconf 86' lang='lat' dir='ltr'><strong>principio</strong></span> <span class='ocrx_word' id='word_1_979' title='bbox 2582 5195 2593 5232; x_wconf 89' lang='lat'>:</span> <span class='ocrx_word' id='word_1_980' title='bbox 2630 5196 2745 5250; x_wconf 92' lang='lat' dir='ltr'><strong>quo</strong></span> <span class='ocrx_word' id='word_1_981' title='bbox 2778 5179 2919 5234; x_wconf 87' lang='lat' dir='ltr'><strong>satis</strong></span> <span class='ocrx_word' id='word_1_982' title='bbox 2969 5177 3144 5233; x_wconf 88' lang='lat' dir='ltr'><strong>etiam</strong></span> <span class='ocrx_word' id='word_1_983' title='bbox 3200 5176 3482 5233; x_wconf 84' lang='lat' dir='ltr'><strong>refellitur</strong></span> <span class='ocrx_word' id='word_1_984' title='bbox 3510 5180 3693 5234; x_wconf 81' lang='lat' dir='ltr'><strong>inter-</strong></span> 
     </span>
    </p>
   </div>
   <div class='ocr_carea' id='block_1_132' title="bbox 2047 5249 3693 5322">
    <p class='ocr_par' dir='ltr' id='par_1_132' title="bbox 2047 5249 3693 5322">
     <span class='ocr_line' id='line_1_134' title="bbox 2047 5249 3693 5322; baseline -0.001 -16"><span class='ocrx_word' id='word_1_985' title='bbox 2047 5251 2294 5322; x_wconf 91' lang='lat' dir='ltr'><strong>pretatio</strong></span> <span class='ocrx_word' id='word_1_986' title='bbox 2346 5249 3063 5315; x_wconf 29' lang='lat' dir='ltr'><strong>Bhenani,’vocabulum,</strong></span> <span class='ocrx_word' id='word_1_987' title='bbox 3145 5250 3562 5322; x_wconf 71' lang='lat' dir='ltr'><strong>deiectionibus,</strong></span> <span class='ocrx_word' id='word_1_988' title='bbox 3604 5251 3693 5322; x_wconf 4' lang='lat' dir='ltr'><strong>bad</strong></span> 
     </span>
    </p>
   </div>
   <div class='ocr_carea' id='block_1_133' title="bbox 2047 5321 3691 5390">
    <p class='ocr_par' dir='ltr' id='par_1_133' title="bbox 2047 5321 3691 5390">
     <span class='ocr_line' id='line_1_135' title="bbox 2047 5321 3691 5390; baseline -0.002 -12"><span class='ocrx_word' id='word_1_989' title='bbox 2047 5321 2241 5378; x_wconf 86' lang='lat' dir='ltr'><strong>rerum</strong></span> <span class='ocrx_word' id='word_1_990' title='bbox 2312 5324 2615 5390; x_wconf 87' lang='lat' dir='ltr'><strong>penuriam</strong></span> <span class='ocrx_word' id='word_1_991' title='bbox 2678 5322 3103 5377; x_wconf 89' lang='lat' dir='ltr'><strong>transferentis.</strong></span> <span class='ocrx_word' id='word_1_992' title='bbox 3170 5321 3355 5383; x_wconf 89' lang='lat' dir='ltr'><strong>Quare</strong></span> <span class='ocrx_word' id='word_1_993' title='bbox 3415 5339 3521 5378; x_wconf 85' lang='lat' dir='ltr'><strong>nec</strong></span> <span class='ocrx_word' id='word_1_994' title='bbox 3579 5321 3691 5375; x_wconf 67' lang='lat' dir='ltr'><strong>illas</strong></span> 
     </span>
    </p>
   </div>
   <div class='ocr_carea' id='block_1_134' title="bbox 2047 5390 3686 5449">
    <p class='ocr_par' dir='ltr' id='par_1_134' title="bbox 2047 5390 3686 5449">
     <span class='ocr_line' id='line_1_136' title="bbox 2047 5390 3686 5449; baseline -0.004 0"><span class='ocrx_word' id='word_1_995' title='bbox 2047 5401 2181 5449; x_wconf 89' lang='lat' dir='ltr'><strong>ante</strong></span> <span class='ocrx_word' id='word_1_996' title='bbox 2252 5392 2572 5448; x_wconf 87' lang='lat' dir='ltr'><strong>Pamelium</strong></span> <span class='ocrx_word' id='word_1_997' title='bbox 2629 5395 2915 5449; x_wconf 91' lang='lat' dir='ltr'><strong>editiones</strong></span> <span class='ocrx_word' id='word_1_998' title='bbox 2973 5390 3374 5447; x_wconf 84' lang='lat' dir='ltr'><strong>difﬁcultatem</strong></span> <span class='ocrx_word' id='word_1_999' title='bbox 3437 5392 3686 5449; x_wconf 92' lang='lat' dir='ltr'><strong>solvunt.</strong></span> 
     </span>
    </p>
   </div>
   <div class='ocr_carea' id='block_1_135' title="bbox 2046 5463 3691 5536">
    <p class='ocr_par' dir='ltr' id='par_1_135' title="bbox 2046 5463 3691 5536">
     <span class='ocr_line' id='line_1_137' title="bbox 2046 5463 3691 5536; baseline -0.005 -15"><span class='ocrx_word' id='word_1_1000' title='bbox 2046 5465 2307 5536; x_wconf 89' lang='lat' dir='ltr'><strong>Digitum</strong></span> <span class='ocrx_word' id='word_1_1001' title='bbox 2340 5466 2408 5519; x_wconf 88' lang='lat' dir='ltr'><strong>ad</strong></span> <span class='ocrx_word' id='word_1_1002' title='bbox 2446 5465 2560 5520; x_wconf 91' lang='lat' dir='ltr'><strong>veri</strong></span> <span class='ocrx_word' id='word_1_1003' title='bbox 2595 5464 2810 5521; x_wconf 87' lang='lat' dir='ltr'><strong>fontem</strong></span> <span class='ocrx_word' id='word_1_1004' title='bbox 2846 5463 3099 5521; x_wconf 85' lang='lat' dir='ltr'><strong>intendit</strong></span> <span class='ocrx_word' id='word_1_1005' title='bbox 3127 5464 3395 5536; x_wconf 85' lang='lat' dir='ltr'><strong>quisquis</strong></span> <span class='ocrx_word' id='word_1_1006' title='bbox 3434 5463 3691 5536; x_wconf 90' lang='lat' dir='ltr'><strong>codi_cem</strong></span> 
     </span>
    </p>
   </div>
   <div class='ocr_carea' id='block_1_136' title="bbox 2046 5532 3693 5605">
    <p class='ocr_par' dir='ltr' id='par_1_136' title="bbox 2046 5532 3693 5605">
     <span class='ocr_line' id='line_1_138' title="bbox 2046 5532 3693 5605; baseline -0.006 -11"><span class='ocrx_word' id='word_1_1007' title='bbox 2046 5532 2454 5594; x_wconf 67' lang='lat' dir='ltr'><strong>Divionensem</strong></span> <span class='ocrx_word' id='word_1_1008' title='bbox 2496 5538 2769 5592; x_wconf 80' lang='lat' dir='ltr'><strong>exaravit.</strong></span> <span class='ocrx_word' id='word_1_1009' title='bbox 2807 5538 2921 5592; x_wconf 90' lang='lat' dir='ltr'><strong>lllic</strong></span> <span class='ocrx_word' id='word_1_1010' title='bbox 2973 5532 3428 5605; x_wconf 25' lang='lat' dir='ltr'><strong>enim’legi&#39;tur:</strong></span> <span class='ocrx_word' id='word_1_1011' title='bbox 3467 5557 3493 5582; x_wconf 79' lang='grc' dir='ltr'>α</span> <span class='ocrx_word' id='word_1_1012' title='bbox 3544 5532 3693 5585; x_wconf 87' lang='lat' dir='ltr'><strong>Ten-</strong></span> 
     </span>
    </p>
   </div>
   <div class='ocr_carea' id='block_1_137' title="bbox 2048 5606 3694 5672">
    <p class='ocr_par' dir='ltr' id='par_1_137' title="bbox 2048 5606 3694 5672">
     <span class='ocr_line' id='line_1_139' title="bbox 2048 5606 3694 5672; baseline -0.004 -7"><span class='ocrx_word' id='word_1_1013' title='bbox 2048 5610 2182 5665; x_wconf 89' lang='lat' dir='ltr'><strong>tabo</strong></span> <span class='ocrx_word' id='word_1_1014' title='bbox 2216 5606 2345 5663; x_wconf 90' lang='lat' dir='ltr'><strong>illos</strong></span> <span class='ocrx_word' id='word_1_1015' title='bbox 2386 5608 2776 5664; x_wconf 88' lang='lat' dir='ltr'><strong>vilibuscidiis</strong></span> <span class='ocrx_word' id='word_1_1016' title='bbox 2825 5606 3266 5672; x_wconf 82' lang='lat' dir='ltr'><strong>defectionibus,</strong></span> <span class='ocrx_word' id='word_1_1017' title='bbox 3317 5610 3420 5660; x_wconf 91' lang='lat' dir='ltr'><strong>aut</strong></span> <span class='ocrx_word' id='word_1_1018' title='bbox 3463 5606 3613 5659; x_wconf 91' lang='lat' dir='ltr'><strong>inter</strong></span> <span class='ocrx_word' id='word_1_1019' title='bbox 3633 5620 3694 5658; x_wconf 89' lang='lat' dir='ltr'><strong>se</strong></span> 
     </span>
    </p>
   </div>
   <div class='ocr_carea' id='block_1_138' title="bbox 2048 5673 3692 5763">
    <p class='ocr_par' dir='ltr' id='par_1_138' title="bbox 2048 5673 3692 5763">
     <span class='ocr_line' id='line_1_140' title="bbox 2048 5673 3692 5763; baseline -0.004 -26"><span class='ocrx_word' id='word_1_1020' title='bbox 2048 5679 2543 5763; x_wconf 63' lang='lat' dir='ltr'><strong>dissensionibus.</strong></span> <span class='ocrx_word' id='word_1_1021' title='bbox 2597 5701 2624 5729; x_wconf 82' lang='lat'><strong>»</strong></span> <span class='ocrx_word' id='word_1_1022' title='bbox 2672 5681 3096 5763; x_wconf 27' lang='lat' dir='ltr'><strong>Disjlungamus</strong></span> <span class='ocrx_word' id='word_1_1023' title='bbox 3124 5693 3271 5763; x_wconf 45' lang='grc' dir='ltr'><strong>,ηοω</strong></span> <span class='ocrx_word' id='word_1_1024' title='bbox 3302 5691 3476 5763; x_wconf 58' lang='grc' dir='ltr'><strong>ρτρνρ</strong></span> <span class='ocrx_word' id='word_1_1025' title='bbox 3505 5673 3692 5731; x_wconf 82' lang='lat' dir='ltr'><strong>cohae-</strong></span> 
     </span>
    </p>
   </div>
   <div class='ocr_carea' id='block_1_139' title="bbox 2049 5744 3692 5826">
    <p class='ocr_par' dir='ltr' id='par_1_139' title="bbox 2049 5744 3692 5826">
     <span class='ocr_line' id='line_1_141' title="bbox 2049 5744 3692 5826; baseline -0.002 -18"><span class='ocrx_word' id='word_1_1026' title='bbox 2049 5756 2197 5823; x_wconf 87' lang='lat' dir='ltr'><strong>rent,</strong></span> <span class='ocrx_word' id='word_1_1027' title='bbox 2228 5755 2284 5808; x_wconf 90' lang='lat' dir='ltr'><strong>et</strong></span> <span class='ocrx_word' id='word_1_1028' title='bbox 2314 5751 2636 5826; x_wconf 88' lang='lat' dir='ltr'><strong>genuinam</strong></span> <span class='ocrx_word' id='word_1_1029' title='bbox 2666 5744 2936 5808; x_wconf 78' lang='lat' dir='ltr'><strong>Auctoris</strong></span> <span class='ocrx_word' id='word_1_1030' title='bbox 2963 5744 3318 5818; x_wconf 82' lang='lat' dir='ltr'><strong>scripturam</strong></span> <span class='ocrx_word' id='word_1_1031' title='bbox 3366 5744 3652 5804; x_wconf 87' lang='lat' dir='ltr'><strong>habemus</strong></span> <span class='ocrx_word' id='word_1_1032' title='bbox 3679 5764 3692 5804; x_wconf 90' lang='lat'><strong>:</strong></span> 
     </span>
    </p>
   </div>
  </div>
