4094 6186
426 346 549 409 695

957 346 1479 411 TERTULLIANI
1525 350 1852 413 OPERUM
1882 353 2093 415 ‘PARS
2138 354 2188 414 l.
2222 386 2298 397 —
2338 353 2609 415 SERIES
2654 353 2701 430 l,
2753 353 3317 416 APOLOGETICA.

3673 362 3775 420 696

435 480 557 536 ima
580 496 687 535 sua
717 478 1022 537 delitescat
1051 485 1387 538 contractus
1414 486 1471 538 et
1497 486 1755 556 torpens,
1797 487 2079 557 tanquam
2110 486 2165 553 Α
2194 485 2379 541 Judcx
2412 490 2799 559 exspectatur,
2854 487 2953 542 sed
3002 503 3103 542 vos
3152 486 3293 542 estis
3334 487 3399 544 de
3432 488 3703 560 judicibus
3746 480 3783 528 ¹⁰

437 569 676 625 coluber
705 574 1046 627 excantatus
1078 576 1178 627 aut
1216 572 1612 645 etiamigatus.
1664 574 1778 631 Nec
1827 573 1909 629 illi
1960 578 2079 630 tam

436 660 583 715 bene
616 659 694 715 sit
722 660 779 714 in
812 677 917 717 suo
949 678 1150 734 regno,
1180 666 1243 717 ut
1273 680 1374 719 vos
1405 665 1755 731 committat,
1790 666 1887 721 sed
1924 666 2082 720 inve-

437 748 564 805 niat
614 750 897 822 munitos,
948 755 1005 806 et
1058 752 1370 807 concordia
1417 759 1675 809 armatos
1726 771 1741 809 :
1788 754 1925 826 quia
1976 771 2086 825 pax

436 844 633 895 vestra
664 838 882 895 bellum
916 844 1005 896 est
1034 840 1138 896 illi.
1174 844 1355 908 Quam
1391 860 1591 914 pacem
1623 842 1861 915 quidam
1913 843 1984 915 (4)
2027 844 2083 897 in

437 927 697 985 Ecclesia
738 946 853 985 non
899 929 1207 1000 habentes,
1261 949 1295 988 a
1342 934 1698 1005 martyribus
1749 932 1808 988 in
1858 948 2087 989 carcere

441 1033 680 1073 exorare
710 1025 1157 1076 consueverunt.
1191 1022 1260 1076 Et
1288 1021 1418 1077 ideo
1459 1037 1588 1078 eam
1619 1023 1794 1079 etiam
1828 1027 2087 1096 prepter-

446 1121 515 1161 ea
544 1107 603 1162 in
636 1107 799 1164 vobis
829 1108 1043 1165 habere
1092 1114 1149 1165 et
1196 1110 1384 1167 fovere
1429 1115 1487 1167 et
1518 1112 1814 1169 custodire
1843 1112 2087 1179 debetis,

446 1199 512 1249 ut
540 1196 587 1251 si
617 1196 764 1253 forte
793 1201 850 1253 et
875 1196 1007 1254 aliis
1037 1203 1314 1271 praestare
1346 1200 1605 1272 possitis.

1102 1341 1329 1398 CAPUT
1369 1343 1440 1398 II.

521 1466 740 1522 Caetera
762 1481 926 1538 eaque
948 1465 1129 1522 animi
1158 1467 1581 1540 impedimenta
1601 1482 1790 1542 usque
1811 1470 1882 1528 ad
1914 1470 2095 1527 limen

436 1556 702 1612 carceris
744 1555 1092 1612 deduxerint
1154 1574 1278 1628 vos,
1346 1574 1655 1630 quousque
1704 1563 1761 1616 et
1826 1566 2099 1633 parentes

450 1644 651 1701 vestri.
717 1645 936 1701 Exinde
984 1646 1272 1719 segregati
1316 1647 1459 1703 estis
1526 1649 1599 1703 ab
1657 1649 1785 1721 ipso
1854 1651 2095 1717 mundo,

454 1738 675 1806 quanto
722 1734 911 1807 magis
959 1751 993 1790 a
1043 1735 1253 1791 saeculo
1298 1738 1590 1808 rebusque
1638 1739 1813 1809 ejus?
1845 1740 1959 1795 Nec
1990 1740 2099 1795 hoc

453 1838 555 1878 vos
621 1828 974 1895 consternet,
1053 1825 1206 1881 622
1280 1827 1435 1897 quod
1503 1828 1785 1899 segregati
1868 1830 2009 1884 estis
2068 1846 2177 1920 a8

458 1912 680 1968 mundo
709 1912 750 1967 ⁵.
774 1913 833 1968 Si
864 1912 1020 1968 enim
1054 1914 1444 1986 recogitemus
1474 1916 1671 1988 ipsum
1705 1918 1896 1990 magis
1928 1935 2098 1975 mun-

456 2000 597 2055 dum
629 2017 917 2057 carcerem
963 2018 1112 2069 esse,
1163 2004 1351 2060 exisse
1380 2021 1483 2060 vos
1533 2024 1562 2059 (ι
1612 2024 1860 2074 carcere,
1922 2026 2097 2081 quam

457 2089 518 2145 in
551 2106 841 2146 carcerem
873 2092 1169 2163 introisse,
1201 2094 1621 2167 intelligemus.
1659 2096 1908 2167 Majores
1940 2103 2098 2154 tene-

457 2179 592 2234 bras
650 2179 828 2235 habet
891 2182 1169 2253 mundus,
1221 2199 1348 2254 quis
1419 2183 1724 2241 hominum
1789 2188 2101 2259 praecordia

454 2272 761 2324 excaecant.
810 2270 1115 2326 Graviores
1160 2277 1395 2327 catenas
1443 2272 1460 2307 ⁷
1514 2274 1705 2330 induit
1750 2276 1770 2310 ⁸
1819 2278 2099 2343 mundus,

453 2374 579 2429 quia
610 2359 766 2429 ipsas
797 2359 1028 2415 animas
1058 2359 1368 2416 hominum
1398 2364 1833 2437 constringunt.
1870 2366 2100 2438 Pejoros

449 2448 861 2505 immunditias
910 2449 1166 2522 exspirat
1189 2452 1464 2519 mundus,
1498 2451 1709 2510 libines
1770 2456 2098 2511 hominum.

448 2537 651 2593 Plures
704 2542 999 2609 postremo
1060 2541 1316 2597 mundus
1364 2559 1493 2597 reos
1543 2544 1822 2615 continet,
1882 2546 2103 2601 scilicet

449 2627 787 2683 universum
820 2627 1127 2684 hominum
1159 2646 1367 2701 genus.
1408 2631 1640 2688 Judicia
1689 2634 1937 2705 denique
1985 2654 2097 2691 non

449 2715 837 2787 proconsulis,
871 2718 971 2773 sed
1003 2718 1103 2774 Dei
1157 2720 1407 2775 sustinet
1460 2721 1555 2793 (5).
1602 2722 1722 2785 Quo
1771 2740 1894 2790 vos,
1926 2725 2101 2780 bene-

451 2806 611 2873 dicti,
644 2805 714 2862 de
744 2822 975 2863 carcere
1007 2808 1066 2863 in
1108 2809 1511 2864 custodiarum
1546 2810 1594 2865 si
1642 2813 1791 2868 forte
1850 2814 2100 2869 transla-

448 2899 539 2950 tos
587 2894 954 2952 existimetis.
1001 2896 1187 2953 Habet
1236 2898 1531 2967 tenebras,
1579 2901 1679 2956 sed
1728 2900 1927 2958 lumen
1961 2906 2102 2960 estis

449 2984 565 3056 ipsi
597 2985 665 3040 9:
711 2984 887 3041 habet
928 2985 1182 3055 vincula,
1233 2987 1336 3043 sed
1390 3005 1489 3044 vos
1540 2988 1713 3044 soluti
1766 2992 1882 3047 Deo
1936 2994 2100 3049 estis.

2195 574 2341 647 ipsis
2366 575 2689 646 judicaturi
2722 576 2879 649 (Sap.
2934 576 3040 647 III).
3090 575 3496 633 Constristetur
3536 578 3662 650 illic,
3702 581 3787 652 qui

2194 664 2445 719 fructum
2479 664 2675 720 sazculi
2724 665 3003 737 suspirat.
3057 664 3419 722 Christianus
3464 667 3622 723 etiam
3652 675 3789 726 extra

2195 770 2487 809 carcerem
2538 753 2751 809 sacculo
2800 754 3177 825 renuntiavit,
3232 755 3289 810 in
3348 772 3558 812 carcere
3616 763 3784 814 autem

2196 844 2370 899 etiam
2438 844 2676 900 carceri.
2714 846 2865 900 623
2916 844 3070 899 Nihil
3130 845 3388 913 interest,
3432 846 3522 901 ubi
3575 847 3691 902 sitis
3738 847 3787 902 in

2196 933 2431 1002 saeculo,
2465 934 2561 1005 qui
2586 938 2745 990 extra
2775 934 3054 990 saeculum
3087 934 3251 1003 estis,
3302 939 3357 991 et
3386 934 3433 990 si
3463 934 3638 1006 aliqua
3663 936 3791 992 ami-

2199 1023 2365 1080 sistis
2399 1026 2440 1061 ¹¹
2469 1024 2598 1081 vitae
2617 1025 3179 1097 gaudia,negotiatio
3196 1033 3285 1082 est
3306 1024 3515 1097 aliquid
3542 1027 3794 1093 amittere,

2201 1118 2266 1169 ut
2296 1116 2520 1187 majora
2568 1112 2832 1171 lucreris.
2876 1114 3035 1170 Nihil
3065 1114 3256 1171 adhuc
3310 1115 3432 1170 dico
3479 1114 3545 1170 de
3574 1115 3793 1187 praemio,

2202 1204 2272 1260 ad
2333 1204 2487 1276 quod
2528 1204 2682 1261 Deus
2739 1208 3023 1277 martyres
3080 1202 3304 1259 invitat.
3366 1204 3549 1275 Ipsam
3599 1202 3797 1258 interim

2202 1292 2705 1349 conversationem
2738 1294 2937 1349 saeculi
2964 1299 3021 1348 et
3057 1292 3307 1349 carceris
3338 1309 3730 1365 comparemus,
3757 1291 3798 1346 si

2204 1399 2321 1438 non
2354 1382 2487 1454 plus
2527 1383 2586 1438 in
2637 1399 2868 1438 carcere
2915 1382 3160 1454 spiritus
3209 1382 3458 1454 acquirit
3503 1397 3662 1453 quam
3690 1395 3801 1435 caro

2206 1462 2445 1540 amittit,
2478 1471 2595 1528 imo
2619 1476 2675 1528 et
2705 1488 2831 1543 quae
2856 1471 3016 1542 justa
3048 1476 3185 1527 sunt
3208 1487 3341 1526 caro
3365 1486 3477 1526 non
3506 1469 3805 1540 amittitper

2206 1578 2409 1617 curam
2444 1560 2729 1629 Ecclesiae,
2756 1577 2980 1634 agapen
3031 1560 3279 1615 fratrum
3316 1578 3330 1616 :
3362 1564 3420 1615 et
3448 1559 3674 1631 insuper
3700 1573 3805 1628 qua

2208 1668 2441 1723 semper
2472 1650 2633 1705 utilia
2663 1651 2818 1719 fidei,
2852 1650 3097 1722 spiritus
3146 1648 3479 1722 adipicitur.
3526 1648 3641 1703 Non
3666 1646 3804 1700 vides

2208 1740 2431 1796 alienos
2463 1740 2624 1805 deos,
2658 1756 2772 1795 non
2797 1739 3157 1812 imaginibus
3186 1755 3388 1795 eorum
3427 1736 3683 1802 incurris,
3714 1750 3807 1789 non

2208 1830 2501 1885 solemnes
2534 1829 2836 1885 nationum
2870 1828 2995 1883 dies
3045 1828 3173 1899 ipsa
3220 1827 3617 1882 commistione
3659 1821 3809 1895 parti-

2211 1921 2391 1991 cipas,
2436 1936 2549 1975 non
2592 1918 2899 1973 nidoribus
2936 1918 3165 1989 spurcis
3210 1916 3556 1982 verberaris,
3586 1929 3687 1968 non
3715 1910 3811 1966 cla-

2212 2010 2475 2064 moribus
2507 2006 3000 2080 spectaculorum,
3035 2006 3364 2074 atrocitate,
3396 2004 3481 2061 vel
3523 2005 3713 2069 furore,
3739 1997 3810 2053 vel

2212 2099 2583 2170 impudicitia
2616 2097 3040 2152 celebrantium
3101 2096 3343 2151 czederis
3401 2111 3413 2149 :
3465 2111 3571 2149 non
3628 2089 3811 2146 inloca

2211 2188 2521 2244 libidinum
2558 2187 2922 2259 publicarum
2954 2184 3106 2240 oculi
3137 2184 3222 2240 tui
3276 2185 3605 2255 impingunt
3634 2198 3645 2236 :
3673 2193 3814 2233 vacas

2212 2296 2245 2334 a
2289 2278 2605 2344 scandatis,
2668 2293 2701 2331 a
2759 2275 3203 2344 tcutationibus,
3264 2291 3298 2329 a
3358 2268 3814 2329 recordationibus

2213 2367 2385 2422 malis
2410 2368 2534 2437 jam
2568 2373 2625 2421 et
2676 2383 2709 2421 a
2760 2364 3183 2437 persecutione.
3238 2369 3353 2419 lloc
3403 2365 3630 2435 praestat
3658 2371 3822 2413 carcer

2212 2456 2567 2522 Christiano,
2602 2456 2755 2528 quod
2788 2472 3020 2510 eremus
3054 2454 3357 2525 prophetis
3402 2454 3593 2524 (Marc.
3626 2450 3679 2519 ι).
3712 2448 3818 2516 Ipse

2216 2546 2498 2601 Dominus
2531 2546 2588 2599 in
2619 2561 2851 2599 secessu
2887 2544 3254 2615 frequentius
3276 2543 3508 2615 agebat,
3530 2546 3589 2594 ut
3615 2535 3822 2593 liberius

2212 2641 2421 2702 oraret,
2457 2640 2521 2690 ut
2551 2634 2761 2690 smculo
2793 2634 3025 2688 cederet
3057 2634 3205 2703 (Luc.
3241 2637 3345 2701 IV).
3391 2629 3635 2686 Gloriam
3678 2624 3816 2678 deni-

2213 2742 2328 2797 que
2381 2741 2550 2780 suam
2602 2722 2908 2793 discipulis
2961 2723 3020 2776 in
3071 2721 3392 2777 solitudine
3442 2710 3823 2773 demonstravit

2212 2814 2419 2886 (Matth.
2468 2830 2585 2867 xm
2616 2830 2628 2879 ;
2665 2817 2837 2868 Marc.
2886 2828 2979 2879 1x;
3034 2816 3163 2867 Luc.
3216 2827 3252 2865 ιι
3287 2827 3303 2878 ;
3342 2810 3533 2866 [Pelia
3565 2808 3622 2873 ι).
3667 2800 3817 2857 Aufe-

2210 2919 2415 2958 ramus
2458 2900 2707 2957 carceris
2751 2917 2985 2969 nomen,
3037 2915 3338 2955 secessum
3392 2910 3673 2952 vocemus.
3719 2886 3819 2945 Etsi

2214 3008 2426 3064 corpus
2457 2990 2802 3053 includitur,
2834 2989 2943 3044 etsi
2985 3004 3118 3044 caro
3168 2988 3482 3053 detinetur,
3513 2982 3697 3040 omnia
3722 2976 3819 3049 spi-

451 3073 642 3132 Triste
673 3073 792 3131 illic
823 3074 1101 3147 exspirat,
1134 3077 1236 3132 sed
1268 3093 1371 3132 vos
1411 3078 1554 3134 odor
1584 3079 1726 3135 estis
1771 3083 2096 3139 suavitatis.
2132 3068 2175 3135 C
2215 3082 2351 3138 ritui
2403 3085 2620 3153 patent.
2676 3079 2901 3151 Vagarc
2952 3077 3186 3150 spiritu,
3238 3077 3493 3150 spatiarc
3539 3068 3749 3144 spiritu,
3777 3067 3822 3119 et

1873 3237 2075 3297 Varia:
2119 3237 2443 3298 lectiones.

524 3366 545 3399 ⁸
574 3368 620 3441 ᾼ
646 3364 868 3441 mundo
899 3364 1056 3441 abest
1087 3364 1313 3441 Riga‘lt._
1360 3366 1396 3441 _"
1427 3368 1635 3424 Carcas
1665 3369 1876 3441 Rigalt.
1952 3373 1972 3407 ⁸
2004 3372 2221 3427 Imbuit
2252 3372 2415 3428 Scml.
2491 3370 2512 3405 °
2545 3369 2765 3425 Lumen
2797 3384 2898 3424 vos
2946 3366 3058 3439 ipsi
3096 3367 3304 3441 Rigalt.

458 3437 529 3492 de
569 3436 891 3508 judicibus.
973 3437 1018 3473 ¹²
1048 3436 1317 3493 Amisisti
1345 3438 1475 3493 Jun.

3416 3366 3460 3402 ¹⁰
3508 3362 3665 3419 Rhen.
3712 3352 3832 3413 Add.

1900 3567 2424 3629 Commentarius.
2810 3592 2825 3623 ι

464 3728 491 3757 ‹‹
525 3705 788 3762 Tentabo
820 3704 951 3760 illos
982 3704 1196 3761 vilibus
1244 3704 1464 3762 scidiis.
1502 3728 1523 3758 ι
1562 3707 1845 3764 Audierat
1883 3709 2111 3764 Tertul-

464 3778 669 3852 lienus,
689 3793 816 3833 esse
848 3777 1111 3852 quaedam
1158 3779 1311 3852 inter
1358 3785 1645 3852 martyras
1678 3797 1791 3836 non
1824 3781 1975 3848 odia,
2012 3781 2111 3835 scd

465 3850 858 3923 det'ectionum
891 3865 956 3905 ac
995 3849 1431 3923 dissensionum
1480 3849 1730 3921 semina,
1761 3853 2113 3923 quibusdam

470 3923 615 3977 forte
646 3922 1227 3994 siedisputautibus,
1276 3922 1713 3994 Scripturarum
1768 3922 2116 3981 auctoritate

468 4011 581 4066 non
616 3992 935 4065 prohiberi,
966 3994 1288 4064 quominus
1319 3992 1554 4050 vincula
1593 4013 1700 4051 sua
1749 4003 2116 4066 mortemque

465 4065 654 4137 ipsam
690 4071 1079 4138 annumerata
1110 4067 1561 4122 concussoribus
1613 4068 1859 4138 pecunia
1907 4065 2115 4138 depre-

466 4136 769 4210 cierentur.
792 4142 995 4208 Itaque
1027 4136 1317 4204 hortatur,
1350 4140 1404 4192 id
1460 4136 1827 4210 potissimum
1879 4136 2118 4194 videant

469 4226 540 4264 ne
569 4209 815 4265 consilia
834 4213 1079 4264 Satanas
1107 4210 1386 4265 adversus
1414 4209 1572 4281 ipsos
1603 4216 1816 4282 coquat
1834 4212 2115 4266 volvendo

470 4298 668 4337 secum
700 4282 812 4335 ista
843 4299 862 4336 .°
893 4282 1171 4337 Homines
1211 4299 1316 4352 ego
1350 4283 1563 4337 teutavi
1614 4284 1934 4353 quondam,
1980 4300 2113 4336 cum

469 4355 527 4409 in
563 4370 689 4408 meo
722 4370 833 4407 non
866 4358 1034 4408 erant
1067 4370 1080 4409 :
1114 4370 1323 4423 nempe
1353 4372 1486 4408 cum
1516 4360 1683 4409 erant
1715 4356 1772 4408 in
1807 4355 2116 4425 paradiso;

472 4425 689 4497 tentavi
738 4430 931 4497 autem
989 4426 1474 4497 praestantissimo
1540 4426 1747 4480 divina:
1804 4426 2116 4496 cujusdam

475 4496 702 4551 arboris
740 4496 943 4567 gfructu
994 4496 1009 4550 ξ
1059 4496 1203 4552 istos
1253 4497 1445 4567 hodie,
1514 4498 1613 4567 qui
1666 4498 1722 4551 in
1776 4514 1904 4553 meo
1955 4504 2115 4564 sunt,

480 4584 689 4640 nempe
736 4566 795 4640 in
856 4583 1102 4635 carcere,
1162 4570 1399 4623 teutabo
1434 4566 1704 4640 'quoque,
1756 4570 1855 4624 sed
1906 4569 2119 4625 vilibus

479 4638 702 4694 scidiis.
737 4639 909 4701 Quasi
944 4640 1161 4693 diceret
1192 4656 1204 4693 '.
1238 4640 1385 4694 Olim
1414 4638 1691 4695 tentando
1725 4641 2116 4709 homini,cum

2222 3708 2343 3763 haec
2392 3705 2795 3772 intelligenda.
2850 3705 2975 3760 Mos
3005 3704 3225 3778 quippe
3268 3704 3606 3778 inoleverat,
3636 3699 3714 3778 ‘ut
3740 3705 3835 3778 Ηυξ

2226 3797 2343 3851 prae
2370 3764 2675 3851 tyranuidc
2709 3779 2767 3832 in
2801 3764 3133 3851 carceribus
3157 3764 3601 3851 .detiuebantur
3635 3764 3833 3851 libellos

2227 3841 2562 3923 petentibus
2606 3850 2812 3905 darent
2854 3848 3233 3923 ﬁdelibus‘in
3266 3845 3606 3923 poenitentia
3644 3841 3832 3923 constt-

2223 3919 2386 3991 tutis,
2439 3939 2689 3993 quorum
2737 3937 2845 3993 ope
2894 3937 3095 3991 pacem
3138 3920 3238 3975 Dei
3269 3919 3591 3993 iotinebant
3624 3919 3677 3993 et
3718 3920 3829 3993 (ἔξω

2224 3984 3326 4051 οωῑεὶὶέῐιειιὶινίὺυεὀοώιηυηὶοιώαηῑ.
3361 3992 3449 4048 Ad
3485 3984 3835 4111 indulgentia-

2226 4084 2353 4111 rnm
2387 4083 2519 4111 vam
2552 4065 2956 4111 mminritntem
3008 4063 3332 4111 nlnrimnm
3389 4065 3501 4111 ista
3543 4076 3643 4111 con
3688 4054 3835 4108 ucunl

2226 4084 2355 4122 rum
2387 4083 2519 4121 vero
2552 4065 2959 4120 auctoritatem
3008 4063 3334 4137 plurimum
3389 4065 3501 4121 ista
3543 4054 3839 4137 conducutt}

2226 4155 2474 4209 quarum
2511 4139 2705 4192 forsan
2742 4122 3385 4209 nimiam‘facilitatem
3433 4122 3835 4209 arguebgtﬁliln

2225 4196 2567 4283 Cyprianus,
2592 4215 2776 4283 atque
2808 4207 3094 4283 superiori
3126 4208 3342 4283 saeculo
3367 4196 3838 4283 synodusTridftP

2225 4270 2349 4337 tina
2379 4299 2504 4353 quae
2537 4270 2817 4336 adversus
2848 4270 3096 4353 h‘aaresin
3129 4296 3198 4335 ex
3229 4270 3457 4353 abusus
3485 4270 3838 4353 indulgentia:

2227 4371 2356 4408 rum
2390 4344 2669 4435 praetextu
2701 4351 3089 4435 pullulantem
3120 4350 3556 4435 coactauhaeresi-
3583 4344 3840 4435 et‘abﬂfgl

2227 4410 2519 4481 occurrit:
2552 4410 2758 4479 haeresi
2788 4425 3050 4495 quidem,
3083 4441 3216 4479 cum
3249 4410 3461 4480 definit.
3506 4424 3587 4495 ab
3626 4410 3844 4495 Ecclesia

2229 4480 2503 4570 pendere,
2537 4480 2850 4570 concedere
2899 4480 3298 4570 indulgentias
3351 4500 3515 4570 (nam
3553 4493 3619 4570 Β.
3662 4480 3844 4570 Paulus

2228 4559 2547 4625 Alexandro
2593 4575 2648 4624 et
2698 4569 3006 4643 Hymenaeo
3059 4559 3199 4643 olim
3251 4559 3566 4643 concessit)
3598 4559 3834 4643 :nabus‘ul

2238 4658 2392 4707 vero,
2445 4657 2577 4696 cum
2629 4662 2656 4689 ‹‹
2706 4636 2767 4696 in
2805 4639 2898 4694 his
2946 4639 3333 4695 concedendis
3396 4636 3841 4707 moderationem.

482 4691 725 4786 Essétih
744 4691 1790 4786 essei's’5,'_..ahii.fa'a'aftaeniis;
1804 4691 2124 4786 magis;
2157 4691 2199 4755 Ι)
2228 4691 2395 4786 iuga;
2424 4691 2686 4786 {segem
2706 4691 2765 4768 {ei
2794 4691 3482 4786 ggeaaavaszeiea‘a
3508 4691 3844 4786 consuetudi-

480 4782 747 4856 tentatio,
781 4782 1113 4856 appetentia
1143 4783 1365 4839 scilicet
1414 4785 1639 4841 fructus
1684 4782 1782 4856 (iui
1816 4782 1899 4840 d'c'
1934 4785 2123 4840 homi-

483 4855 660 4911 nibus
711 4856 924 4910 faceret
980 4855 1119 4909 deos
1166 4872 1369 4911 :nunc
1415 4874 1547 4911 vero
1602 4859 1656 4911 in
1704 4855 1837 4912 meo
1881 4858 2122 4928 positos,

485 4928 701 5000 quippe
731 4928 788 4981 in
821 4941 1069 5000 carcere.
1100 4943 1166 4980 ac
1215 4930 1585 4983 tenebrarum
1638 4946 1836 4999 regno,
1886 4930 2124 4984 tentabo

481 4998 1128 5071 nugisetquisquilils,
1161 5006 1299 5067 puta
1340 4998 1761 5055 momentauca:
1814 5002 2123 5071 cujusdam

480 5069 806 5143 vexationis
852 5069 1187 5133 formidine,
1243 5075 1343 5125 aut
1372 5073 1758 5140 producenda:
1809 5069 2129 5143 in‘aliquot

482 5160 669 5199 annos
716 5142 844 5197 vitio
891 5142 948 5197 in
997 5143 1119 5196 dics
1167 5142 1429 5196 mortalis
1480 5144 1769 5197 desiderio
1813 5160 1825 5197 :
1874 5142 2125 5213 denique

481 5215 847 5271 committam
880 5214 1040 5285 ipsos
1070 5218 1125 5285 et
1156 5215 1458 5285 exagitabo
1497 5215 2125 5270 dissensionibusllmc

481 5292 622 5343 sunt
652 5282 935 5358 parabilia
964 5289 1020 5341 et
1049 5282 1289 5358 obviam
1310 5292 1486 5356 atque
1522 5288 1594 5341 ad
1628 5304 1866 5341 manum
1900 5292 2124 5341 Satanae

482 5358 600 5414 tela
634 5356 850 5428 {quasi
901 5359 971 5412 de
1018 5356 1233 5428 vilibus
1282 5358 1472 5425 scepis
1503 5363 1559 5413 et
1599 5359 1800 5414 scidiis
1849 5361 2124 5413 arborum

485 5427 880 5498 cremialibus.
912 5428 1111 5498 Scidia:
1156 5427 1276 5481 sive
1307 5428 1512 5498 scidia,
1550 5432 1701 5485 unde
1751 5436 1806 5485 et
1853 5431 2124 5498 discidia,

486 5506 628 5559 sunt
694 5497 976 5576 σχίδακεςὶ
1019 5495 1330 5576 κλᾲῖματφ
1374 5497 1572 5576 ξῦλγῳν,
1642 5502 1779 5557 vilia
1842 5495 2125 5557 caesarum

487 5571 767 5631 arborum
796 5571 1079 5645 segmina.
1111 5571 1409 5645 Vitruvius
1440 5571 1539 5645 lib.
1572 5588 1631 5642 ιι,
1679 5591 1804 5645 cap.
1834 5576 1858 5628 1
1898 5590 1911 5629 :
1945 5576 2121 5630 Inter-

487 5648 635 5705 valla
664 5646 857 5701 scidit:
878 5643 935 5699 ret
969 5644 1081 5698 luto
1108 5643 1412 5699 obstruunt.
1446 5644 1572 5700 Rm.

558 5718 842 5803 Linguam
866 5715 1328 5803 paccm‘quidu‘iin,
1348 5720 1467 5803 etc.
1506 5718 1581 5798 l_)e
1610 5732 1771 5803 pace”
1797 5732 1899 5773 seu
1931 5732 2128 5798 recon~

491 5788 785 5847 ciliationc
816 5806 950 5845 cum
973 5788 1199 5845 caeteris
1227 5788 1571 5845 Christianis
1619 5805 1684 5845 ac
1731 5793 1844 5846 Deo
1868 5789 2124 5861 primum

2237 4768 2393 4861 'nem,
2419 4783 2688 4861 adhiberi
2722 4768 2902 4861 cupit,
2935 4802 2975 4861 s_
3001 4788 3135 4851 etc.,
3167 4800 3314 4839 sese.
3366 4785 3456 4853 25,
3508 4781 3637 4861 Deo.
3684 4768 3841 4861 de]?

2234 4859 2384 4927 dulg.
2419 4856 2581 4911 Unde
2613 4872 2720 4911 nos
2750 4852 2821 4911 ad
2855 4856 3133 4925 antiquos
3175 4852 3647 4927 canones'rejicit
3682 4853 3844 4927 conct-

2236 4912 2445 4985 lior'um
2477 4928 2654 4984 veluti
2688 4929 2758 4982 ad
2809 4912 3177 4999 Ancyranum
3228 4926 3435 4982 multis
3466 4912 3539 4999 ἦρ’
3575 4936 3695 4999 can.
3724 4912 3844 4969 Neo-

2235 5000 2597 5067 cwsariense,
2628 4993 3307 5070 Carthag.,'Agathense,
3337 5003 3452 5054 etc.
3490 4993 3724 5070 ΙΑΒΑΡξιο·

2305 5073 2382 5141 (5)
2418 5064 2641 5145 Iudicia
2673 5064 2914 5141 deniqiie
2944 5064 3053 5126 no'n
3082 5071 3450 5141 proconsulis,

2240 5123 2396 5199 n'n‘éz'.
2419 5123 2436 5127 ⁷
2462 5123 3130 5212 assesassespsaai;
3157 5123 3450 5199 incf:
3499 5134 3673 5215 Nobis
3706 5123 3848 5215 liceat

2236 5216 2506 5271 dubitare
2554 5217 2625 5270 d'e
2671 5207 3150 5285 interpretatione
3191 5207 3845 5285 virorumreruditortln}:

2237 5288 2337 5358 qui
2370 5288 2427 5343 in
2460 5287 2568 5341 hac
2598 5282 2869 5361 palgstr'a
2897 5301 3109 5361 nomen
3152 5286 3386 5357 aliquod
3439 5283 3550 5361 sibi
3586 5282 3843 5361 ‘quzeslf'f‘

2235 5350 2373 5414 runt
2404 5378 2416 5414 :
2446 5350 2655 5427 putant
2685 5358 2967 5414 nimirum
3000 5360 3180 5413 ferme
3210 5350 3425 5427 omnes
3457 5355 3515 5409 in
3552 5350 3735 5427 aliquo
3762 5354 3843 5427 QP:

2238 5432 2373 5498 pido
2424 5420 2667 5484 ditionis
2716 5430 2983 5500 Carthag.
3036 5435 3137 5483 aut
3178 5430 3349 5484 etiam
3414 5426 3475 5481 in
3535 5420 3848 5500 Carthaglf‘f

2235 5482 2365 5576 ipsa
2393 5482 2661 5576 aptas.
2678 5482 3129 5576 missamissa
3146 5482 3846 5576 baﬁe’vocpmproganfaljs

2240 5564 2781 5655 namﬁnqu‘iunnde
2798 5564 3145 5655 p_rciconsule
3159 5573 3359 5655 Africa:
3383 5570 3479 5641 plu
3490 5564 3846 5655 rimaﬁtjfgft

2235 5645 2316 5699 tio
2337 5628 2395 5698 in’
2410 5628 2615 5717 Νοὶίιία
2636 5628 3101 5717 imperiiNerum
3125 5661 3229 5717 pro
3242 5628 3539 5717 Caesarum
3558 5628 3846 5717 ορρὲᾂίὲξθ

2234 5720 2492 5773 mutatos
2522 5703 3350 5790 fuisse'magistratus'nullus
3381 5703 3728 5787 ignorathe
3752 5703 3839 5753 PR-
