4094 6186
306 329 425 388 697

1716 328 1819 388 AD
1862 328 2319 391 MARTYRES.

3606 330 3727 389 698

301 477 424 516 non
453 458 647 515 stadia
676 475 857 531 opaca
874 459 951 532 (6)
983 464 1085 516 aut
1116 460 1378 532 porticus
1406 460 1608 531 longas
1643 460 1687 496 ¹²
1738 478 1960 533 praepo-
1993 468 2046 536 Α
2076 462 2261 518 vobis.
2322 462 2542 534 Nempe
2589 462 2746 518 enim
2797 467 2855 521 et
2929 462 3162 519 athletae
3208 466 3593 535 segregantur
3648 463 3720 518 ad

306 566 460 605 nens
493 549 623 619 tibi,
654 550 756 605 sed
789 549 953 605 illam
985 550 1162 619 viam,
1225 568 1355 623 quas
1415 552 1485 606 ad
1535 551 1714 609 Deum
1778 552 1963 609 ducit.

307 641 554 703 Quoties
583 657 713 696 eam
748 640 958 712 spiritu
992 640 1482 711 daambulaveris,
1519 642 1689 697 toties
1719 642 1776 696 in
1839 659 1966 697 car-

308 747 446 786 cere
478 746 594 785 non
626 730 763 785 eris.
797 729 953 785 Nihil
988 747 1122 786 erus
1155 731 1334 786 sentit.
1366 731 1423 785 in
1473 748 1646 787 nervo
1696 732 1773 803 (7)
1831 750 1964 788 cum

308 820 622 875 animus’3
652 818 711 873 in
741 819 886 874 caalo
947 824 1055 875 est.
1104 822 1321 876 Totum
1381 821 1681 876 hominem
1731 821 1966 878 animus

304 910 673 975 circumfert,
708 913 763 963 et
795 925 910 980 quo
940 908 1078 963 velit
1103 909 1384 965 transfert
1422 909 1634 981 (Matth.
1685 914 1764 980 v1)
1788 928 1807 966 :
1870 912 1969 967 Ubi

303 1003 500 1054 autem
534 999 642 1053 erit
669 1013 764 1052 cor
788 1007 966 1067 tuum,
998 996 1126 1053 illic
1155 1000 1260 1053 erit
1281 1006 1333 1053 et
1361 999 1655 1054 thesaurus
1678 1008 1819 1056 tuus.
1884 999 1965 1055 lbi

303 1106 452 1160 ergo
477 1089 555 1145 sit
577 1105 675 1144 cor
700 1092 993 1155 nostrum,
1029 1088 1126 1144 ubi
1156 1087 1431 1145 volumue
1456 1087 1670 1146 habere
1727 1090 1964 1145 thesau-

306 1195 474 1234 rum.

958 1302 1193 1359 CAPUT
1235 1303 1329 1359 III.

369 1446 467 1500 Sit
498 1445 545 1482 ¹⁸
569 1461 744 1512 nunc,
778 1444 1090 1516 benedicti,
1134 1462 1332 1501 carcer
1378 1446 1558 1501 etiam
1617 1444 1963 1502 Christianis

299 1536 470 1592 624
520 1534 858 1590 molestus?
905 1533 1106 1590 Vocati
1150 1552 1360 1591 sumus
1409 1536 1478 1590 ad
1541 1534 1811 1591 militiam
1861 1534 1963 1590 Dei

298 1624 423 1679 vivi
456 1625 582 1696 jam
616 1629 777 1691 tunc,
812 1640 947 1679 cum
976 1624 1035 1678 in
1069 1624 1423 1679 sacramenti
1457 1625 1631 1679 verba
1662 1624 1966 1695 respondi-

297 1714 530 1769 mus”.
565 1713 744 1768 Nemo
775 1713 943 1768 miles
968 1714 1037 1768 ad
1072 1712 1290 1768 bellum
1324 1730 1458 1769 cum
1492 1713 1716 1769 deliciis
1765 1714 1959 1780 venit;

298 1820 413 1858 nec
445 1804 519 1858 de
549 1803 816 1857 cubiculo
849 1803 916 1857 ad
951 1802 1132 1858 aciem
1170 1804 1450 1874 procedit,
1485 1804 1584 1858 sed
1617 1804 1686 1857 de
1718 1802 1964 1875 papilio-

300 1891 491 1946 nibus
518 1891 594 1962 (8)
635 1891 925 1962 expeditis
957 1896 1012 1946 et
1044 1892 1402 1957 substrictis,
1456 1891 1553 1947 ubi
1612 1892 1806 1947 omnis
1856 1892 1962 1946 du-

296 1980 447 2036 ritia
477 1985 540 2035 et
571 1979 888 2035 imbonitas
918 1985 975 2035 et
1006 1980 1331 2035 insuavitas
1364 1980 1649 2035 constitit.
1684 1980 1869 2035 Etiam
1906 1981 1963 2034 in

297 2086 475 2143 pace,
509 2068 708 2124 labore
740 2074 795 2125 et
832 2070 877 2105 ¹⁶
932 2068 1323 2124 incommodis
1387 2069 1604 2124 bellum
1667 2070 1781 2141 pati
1835 2070 1960 2139 jam

295 2159 607 2225 ediscunt,
642 2158 698 2213 in
732 2156 912 2213 armis
939 2157 1398 2225 deambulando,
1432 2175 1704 2230 campum
1754 2159 1962 2213 decur-

295 2247 742 2318 rendo,fossam
762 2245 1444 2314 moliendo,testudinem
1469 2249 1507 2282 ¹⁷
1543 2249 1842 2303 densendo
1866 2248 1961 2319 (9).

292 2338 536 2394 Sudore
567 2337 762 2391 omnia
792 2340 1088 2405 constant,
1121 2352 1193 2391 ne
1243 2353 1487 2408 corpora
1544 2342 1721 2407 atque
1779 2336 1960 2392 animi

290 2430 732 2499 expavescant:
766 2426 837 2480 de
868 2426 1078 2480 umbra
1108 2426 1177 2479 ad
1212 2425 1417 2493 solem,
1443 2426 1513 2480 de
1566 2425 1687 2480 sole
1735 2428 1803 2481 ad
1856 2444 1963 2480 cm-

290 2514 425 2570 lum
456 2515 523 2585 ‘3,
551 2515 623 2569 de
654 2513 857 2569 tunica
886 2514 956 2569 ad
989 2512 1251 2579 loricam,
1287 2515 1358 2569 de
1389 2513 1621 2569 silentio
1644 2515 1713 2569 ad
1747 2514 1961 2570 clamo-

291 2622 454 2674 rem,
483 2605 559 2659 de
581 2604 778 2674 quiete
810 2604 881 2658 ad
917 2602 1265 2658 tumultum.
1302 2604 1552 2659 Proinde
1599 2621 1720 2670 vos,
1785 2605 1960 2659 bene-

291 2694 471 2763 dicti,
488 2693 885 2765 quodcunque
903 2692 1011 2748 hoc
1045 2693 1258 2748 durum
1274 2697 1381 2760 est,
1405 2694 1476 2748 ad
1491 2693 1961 2749 exercitationem

290 2783 598 2837 virtutum
656 2781 839 2837 animi
899 2786 956 2837 et
1013 2781 1273 2853 corporis
1359 2781 1655 2853 deputata.
1740 2787 1963 2839 Bonum

293 2888 564 2944 agonem
591 2872 635 2908 1°
664 2870 919 2927 subituri
950 2870 1092 2927 estis
1116 2870 1171 2925 in
1206 2888 1324 2943 quo
1370 2871 1756 2943 agonothetes
1814 2874 1963 2928 Deus

296 2962 480 3016 vivus
509 2966 639 3029 est;
670 2959 1161 3032 xystarches,(10)
1189 2959 1443 3031 Spiritus
1464 2964 1706 3016 sanctus
1730 2977 1965 3028 ;corona

299 3048 686 3116 aeternitatis,
721 3048 987 3104 bravium
1020 3048 1297 3121 angelicis
1338 3050 1703 3121 substantiaa,
1764 3050 1962 3122 politia

296 3139 362 3193 in
400 3137 595 3208 oculis,
627 3136 811 3209 gloria
838 3137 897 3192 in
929 3137 1145 3193 saaeula
1174 3137 1544 3193 saeculorum.
1589 3138 1791 3211 Itaque
1838 3140 1964 3210 Epi-

1996 1847 2043 1912 B

2076 551 2429 607 strictiorem
2462 551 2860 624 disciplinam,
2895 556 2961 607 ut
2992 552 3182 607 robori
3225 552 3564 607 zediﬁcando
3618 569 3719 607 va-

2076 646 2241 698 cent:
2277 641 2717 698 continentura
2774 642 3027 708 luxuria,
3089 660 3122 697 a
3173 641 3317 696 cibis
3375 640 3718 709 lzntioribus,

2078 748 2110 786 a
2142 734 2281 802 potu
2324 731 2697 802 jucundiore.
2756 732 3119 802 Conguntur,
3180 730 3539 795 cruciantur,
3590 728 3719 784 fati-

2076 826 2325 892 gantur:
2361 824 2579 892 quanto
2612 820 2745 892 plus
2802 820 2860 875 in
2918 820 3433 875 exercitationibus
3490 818 3717 874 labora-

2075 910 2281 975 verint,
2304 914 2466 965 tanto
2500 910 2631 982 plus
2664 910 2735 965 de
2767 909 3005 965 victoria
3035 913 3297 980 sperant.
3330 911 3397 962 Et
3467 906 3574 973 illi,
3629 907 3718 962 in-

2075 1000 2200 1070 quit
2230 1000 2536 1071 Apostolus
2564 999 2612 1068 (l
2646 1000 2765 1055 Cor.
2799 1000 2900 1071 ιχ),
2935 1003 2996 1055 ut
3040 1014 3313 1054 coronam
3361 996 3719 1069 corruptibi-

2076 1088 2190 1144 lem
2222 1093 2676 1161 consequantur,
2711 1105 2816 1144 nos
2848 1093 3125 1143 aeternam
3158 1086 3552 1143 consecuturi.
3585 1088 3719 1140 Car-

2076 1194 2265 1233 cerem
2297 1178 2466 1233 nobis
2518 1195 2622 1250 pro
2676 1176 2946 1248 palaestra
2992 1176 3461 1248 interpretemur,
3510 1174 3587 1229 ud
3647 1174 3720 1229 ad

2075 1267 2332 1322 stadium
2395 1266 2709 1322 tribunalis
2768 1266 2915 1321 bene
2987 1265 3283 1321 exercitati
3329 1263 3720 1319 incommodis

2076 1356 2346 1412 omnibus
2404 1356 2850 1429 producamur:
2911 1354 3052 1426 quia
3116 1353 3300 1410 virtus
3357 1353 3576 1409 duritia
3633 1368 3724 1408 ex-

2074 1446 2343 1513 struitur,
2378 1445 2623 1502 mollitia
2656 1461 2789 1501 vero
2818 1443 3165 1500 destruitur.

2722 1587 2958 1643 CAPUT
2991 1586 3085 1643 IV.

2145 1712 2376 1769 Scimus
2397 1728 2465 1768 ex
2496 1711 2799 1769 Dominico
2826 1711 3299 1784 praecepto,quod
3320 1727 3452 1766 caro
3483 1709 3718 1766 inﬁrma

2076 1803 2224 1859 625
2263 1800 2361 1867 sit,
2394 1800 2635 1873 spiritus
2668 1805 3001 1873 promptus.
3033 1805 3151 1855 Non
3185 1816 3320 1871 ergo
3350 1798 3519 1854 nobis
3555 1797 3717 1852 blan-

2075 1892 2331 1956 diamur,
2364 1891 2503 1962 quia
2528 1891 2807 1946 Dominus
2836 1888 3129 1946 consensit
3151 1905 3386 1945 carnem
3418 1888 3713 1943 inﬁrmam

2076 1997 2227 2037 esse.
2286 1981 2598 2052 PrOpterea
2650 1980 2803 2035 enim
2867 1978 3130 2052 praedixit
3179 1978 3455 2050 spiritum
3515 1992 3711 2048 prom-

2073 2075 2238 2141 ptum
2272 2071 2340 2138 ³ο,
2364 2074 2427 2124 ut
2456 2069 2809 2137 ostenderet,
2842 2069 2983 2140 quid
3016 2068 3107 2123 cui
3141 2068 3350 2123 debeat
3398 2082 3527 2123 esse
3578 2065 3716 2120 sub-

2065 2161 2311 2230 jectum,
2346 2159 2592 2226 scilicet,
2626 2165 2692 2215 ut
2723 2176 2856 2216 caro
2887 2159 3104 2214 serviat
3124 2157 3378 2230 spiritui,
3424 2156 3715 2211 infirmior

2073 2249 2317 2317 fortiori,
2354 2254 2417 2303 ut
2447 2250 2517 2304 ab
2550 2264 2615 2305 eo
2648 2249 2826 2305 etiam
2855 2249 3046 2320 ipsam
3070 2249 3115 2284 ²¹
3151 2246 3554 2303 fortitudinem
3613 2260 3711 2299 as-

2072 2346 2289 2395 sumat.
2314 2338 2692 2412 Colloquatur
2729 2337 2975 2411 spiritus
3018 2354 3153 2393 cum
3213 2352 3387 2392 carne
3426 2336 3497 2390 de
3547 2349 3708 2389 com-

2073 2429 2237 2484 muni
2260 2428 2470 2493 salute,
2506 2445 2609 2484 nec
2633 2429 2758 2498 jam
2790 2426 3270 2482 deincommodis
3300 2424 3572 2490 carceris,
3605 2422 3707 2477 sed

2072 2519 2197 2589 ipso
2230 2535 2413 2590 agone
2469 2525 2525 2573 et
2575 2516 2771 2589 praelio
2827 2516 3112 2588 cogitans.
3171 2514 3425 2570 Timebit
3465 2512 3708 2569 forsitan

2070 2624 2202 2663 caro
2220 2607 2479 2678 gladium
2511 2622 2766 2678 gravem,
2799 2609 2856 2661 et
2886 2621 3116 2661 crucem
3149 2603 3454 2667 excelsam,
3483 2602 3562 2671 {et
3616 2618 3713 2655 ra-

2073 2696 2228 2751 biem
2261 2696 2604 2763 bestiarum,
2638 2700 2695 2751 et
2724 2711 3015 2750 summam
3076 2693 3300 2765 ignium
3355 2708 3603 2765 pascam,
3658 2692 3715 2744 et

2073 2802 2243 2841 omne
2274 2784 2567 2840 carniﬁcis
2596 2783 2898 2856 ingenium
2926 2783 2983 2838 in
3016 2782 3346 2838 tormentis.
3382 2782 3489 2837 Sed
3541 2778 3718 2851 spiri-

2073 2880 2167 2930 tus
2201 2880 2406 2930 contra
2436 2878 2613 2946 ponat
2634 2873 2745 2928 sibi
2776 2878 2833 2928 et
2861 2872 3042 2942 carui,
3069 2873 3279 2927 acerba
3308 2871 3443 2927 licet
3499 2869 3631 2935 ista,
3680 2885 3715 2923 a

2075 2963 2279 3019 multis
2303 2968 2498 3018 tamen
2530 2978 2696 3034 isquo
2729 2961 2924 3016 animo
2954 2964 3214 3031 excepta,
3272 2959 3391 3014 imo
3448 2962 3505 3013 et
3561 2956 3714 3011 ultro

2075 3052 2534 3124 appetita,t‘amaa
2554 3057 2609 3106 ct
2639 3049 2835 3123 gloria:
2864 3066 3040 3105 causa
3064 3066 3076 3117 ;
3112 3065 3214 3104 nec
3233 3066 3265 3103 a
3293 3047 3431 3103 viris
3458 3050 3708 3114 tantum,

2076 3143 2177 3198 sed
2209 3140 2730 3210 etiamafeminis,
2781 3144 2844 3194 ut
2898 3156 2999 3194 vos
3057 3155 3313 3210 quoque,
3370 3136 3711 3200 benedictae,

297 3232 506 3283 states
533 3232 728 3283 vester
758 3226 1158 3299 Christus(tl)
1187 3228 1383 3294 Jesus,
1445 3227 1545 3299 qui
1607 3244 1705 3284 vos
1747 3228 1958 3299 Spiritu
1993 3216 2035 3283 C
2074 3230 2240 3287 sexui
2269 3233 2461 3285 vestro
2489 3227 2909 3300 respondeatis.
2947 3227 3209 3298 Longum
3241 3230 3350 3293 est,
3382 3226 3429 3280 si
3477 3238 3715 3279 enume-

296 3315 503 3385 nuxit,
539 3315 611 3370 ad
644 3314 752 3371 hoc
783 3331 1046 3371 scamma
1078 3316 1370 3387 produxit,
1430 3315 1613 3372 voluit
1670 3333 1768 3372 vos
1827 3322 1961 3373 ante

291 3405 467 3460 diem
500 3404 710 3475 agonis
741 3403 813 3459 ad
846 3403 1145 3460 duriorem
1161 3405 1570 3461 tractationem
1605 3423 1637 3462 a
1686 3404 1959 3463 liberiore

284 3492 645 3552 conditione
674 3509 978 3567 seponere,
1011 3498 1076 3549 ut
1122 3493 1274 3551 vires
1331 3495 1850 3551 corroborarentur
1896 3496 1955 3552 in

2072 3336 2195 3375 rem
2220 3318 2504 3391 singulos,
2557 3318 2657 3389 qui
2713 3333 2776 3372 se
2831 3315 3027 3388 gladio
3085 3314 3454 3383 confecerint,
3516 3311 3713 3368 animo

2070 3425 2173 3464 suo
2204 3408 2366 3463 ducti
2395 3408 2529 3480 (12).
2565 3407 2645 3461 De
2662 3405 2898 3461 feminis
2930 3405 3000 3459 ad
3036 3421 3276 3459 manum
3308 3407 3398 3460 est
3426 3401 3712 3468 Lucretia,

2069 3514 2196 3569 quae
2230 3496 2344 3551 vim
2367 3495 2558 3568 stupri
2578 3511 2776 3567 passa,
2806 3492 3061 3549 cultrum
3093 3492 3204 3548 sibi
3236 3492 3430 3565 adegit
3458 3491 3519 3547 in
3578 3506 3715 3547 con-

1699 3630 1902 3691 Variae
1937 3631 2258 3693 lectiones.

355 3738 406 3773 ¹²
441 3735 787 3807 Proponens
811 3735 975 3807 Fran.
1008 3740 1193 3791 Paris.
1274 3737 1319 3771 ¹³
1354 3740 1497 3790 Cum
1534 3753 1743 3791 manus
1772 3738 1940 3792 Seml.
2023 3738 2068 3773 1‘
2097 3737 2188 3792 Sic
2229 3739 2358 3807 Rig.

280 3809 473 3864 (then.

2438 3737 2479 3771 ¹⁸
2536 3735 2979 3806 Respondemus
3026 3734 3195 3788 Seml.
3277 3735 3336 3806 ¹⁶ν
3381 3733 3561 3789 Labor
3617 3735 3708 3806 est

558 3809 599 3843 ‘7
628 3805 984 3862 Desiccando
1014 3808 1181 3862 Ithen.
1215 3808 1565 3863 densitando
1616 3811 1878 3876 Lacerda,
1914 3808 2257 3873 desidendo,
2290 3804 2374 3863 ὑει
2435 3804 2776 3863 desudebdo
2821 3808 2942 3861 alii.
3022 3807 3062 3841 ¹³
3121 3807 3201 3860 Do
3256 3805 3379 3860 sole
3434 3807 3506 3861 ad
3539 3804 3705 3876 gelu-

276 3883 480 3947 Latin,
514 3879 589 3934 de
617 3878 739 3935 sole
765 3878 839 3934 ad
870 3877 1069 3950 gelum
1099 3881 1229 3936 Jun.
1311 3881 1353 3914 ¹⁹
1383 3880 1584 3935 Finem
1616 3880 1799 3952 Rigal.
1879 3881 1924 3924 ³ο
1947 3881 2088 3938 Esse
2117 3881 2272 3937 addit
2302 3883 2533 3951 Franeq.

2611 3880 2653 3922 ἰ
2692 3878 2824 3949 Ipsa
2855 3879 3018 3932 Frau.
3046 3880 3231 3933 Paris.
3268 3879 3387 3946 Rig.

1717 4013 2241 4075 Commentarius.

352 4121 441 4192 (6)
506 4117 707 4192 Studia
750 4134 973 4192 epam.

281 4190 447 4247 serie
482 4190 815 4261 dispositis.
852 4191 921 4244 Ls
952 4195 1055 4245 Pa.

358 4266 442 4334 (τ)
476 4262 636 4319 Nihil
665 4279 802 4335 cras
823 4264 992 4316 sentit
1046 4262 1107 4335 in
1162 4277 1342 4335 nervo
1381 4261 1601 4319 Nervus
1661 4264 1752 4319 hic
1810 4263 1954 4335 ligni

280 4332 484 4407 genus
516 4340 617 4407 est
638 4332 840 4387 multis
869 4332 1259 4389 foraminibus
1290 4333 1658 4404 distinctum,
1690 4351 1805 4406 quo
1859 4332 1951 4407 ty-

280 4406 466 4461 ranni
500 4406 845 4469 utebantur,
878 4416 939 4460 ut
972 4411 1259 4477 martyres
1289 4407 1638 4473 cruciarent,
1665 4406 1955 4477 cruraque

282 4481 315 4533 d
328 4479 453 4549 isju
466 4484 607 4550 ncta
622 4484 679 4531 et
692 4478 1313 4550 luxata‘frangerentur
1333 4494 1546 4550 ;genus
1565 4479 1709 4533 illud
1733 4478 1956 4549 suppli-

282 4546 630 4605 cii'urascis
660 4547 961 4622 nonnullis
993 4546 1082 4605 est
1128 4546 1308 4618 ξύλον,
1341 4546 1444 4605 sed
1465 4551 1747 4622 pluribus
1783 4546 1954 4622 vetu-

284 4624 559 4678 stiorum
591 4625 680 4675 est
706 4616 898 4685 κᾶλον,
928 4636 1055 4691 que
1087 4616 1201 4677 duo
1236 4616 1520 4678 vocabula
1559 4622 1715 4691 idem
1762 4621 1955 4691 signi-

285 4698 505 4769 ticant.
537 4694 757 4769 “Atque
814 4690 1011 4747 docuit
1038 4709 1169 4769 Δωε)Δ
1217 4694 1477 4769 Scaliger
1520 4690 1952 4769 ﬁyxakooxsleiq

286 4767 498 4821 dictos
530 4765 717 4819 fuisse
740 4780 869 4819 reos
899 4764 1052 4835 apud
1080 4764 1491 4821 Athenienses.
1519 4764 1598 4821 Ls
1626 4771 1731 4822 Pa.

364 4838 451 4908 (8)
484 4836 691 4908 Sedde
716 4836 1131 4908 papilionibus.
1177 4837 1524 4892 Rhenanam
1585 4853 1800 4907 sequor
1854 4836 1953 4908 qui

283 4906 565 4966 tentoria
597 4906 857 4962 involuta
883 4907 1135 4978 expediti
1166 4909 1266 4977 ait,
1299 4925 1433 4965 cum
1476 4909 1537 4964 in
1596 4906 1805 4965 castris
1863 4906 1956 4963 ex-

285 4983 661 5046 tenduntur,
688 4984 745 5034 et
767 4978 1050 5052 funiculis
1081 4979 1153 5035 ad
1188 4980 1353 5052 palos
1394 4985 1560 5036 terras
1620 4982 1788 5052 ﬁxos
1824 4980 1962 5035 sub-

284 5056 688 5125 stringuntur
730 5050 1207 5123 alliganturque,'
1233 5068 1307 5108 ne
1354 5057 1527 5109 vento
1586 5051 1959 5110 disturbante

283 5130 611 5182 corruant.
642 5129 722 5176 Ls
756 5125 850 5179 Pa.

365 5199 449 5270 (9)
488 5195 829 5270 Testudinem
847 5193 1166 5270 densando._
1197 5194 1304 5270 Sic_
1343 5194 1559 5270 habent
1610 5194 1764 5270 libri
1787 5198 1956 5270 _vet_e-

284 5265 389 5325 res
421 5265 440 5336 ξ
476 5268 574 5323 alii
610 5284 741 5323 vero
774 5282 1101 5339 perperam,
1133 5265 1467 5333 desudando,
1501 5270 1603 5323 aut
1646 5265 1958 5339 desidendo.

283 5342 507 5395 Livius
542 5340 644 5393 lib.
681 5338 805 5393 xuv
837 5354 852 5394 :
884 5361 911 5387 α
938 5338 1231 5403 Quadrato
1260 5339 1494 5408 agmine
1551 5339 1723 5409 facto,
1775 5338 1961 5393 scutis

286 5428 492 5482 super
520 5410 715 5481 capita
735 5410 1017 5482 densatis,
1051 5410 1346 5466 stantibus
1396 5410 1624 5482 primis,
1683 5410 1961 5482 secundis

288 5430 363 5468 ΒΗ
418 5430 492 5467 οι·
520 5430 1017 5481 οδριιααθηεᾶῑιε,
1051 5430 1346 5466 unanimus
1396 5430 1624 5482 pPImIS,
1683 5430 1961 5465 SBOUDGIB

288 5430 827 5547 submissioribus,
848 5481 1036 5537 tertiis
1061 5482 1247 5554 magis
1278 5487 1335 5537 et
1365 5483 1616 5554 quartis,
1648 5481 1962 5553 postremis

295 5556 500 5611 etiam
533 5569 687 5624 genu
710 5554 886 5617 nixis.
914 5554 1295 5626 fastigiatam,
1328 5554 1483 5612 sicut
1514 5558 1664 5610 tecta
1691 5554 1963 5609 aediﬁcio-

288 5644 442 5684 rum
483 5630 645 5693 sunt,
696 5626 1053 5681 testudinem
1108 5628 1482 5695 faciebant,»
1532 5627 1805 5683 Lucanus
1855 5641 1963 5681 111:

507 5711 576 5761 Ut
601 5716 779 5760 tamen
810 5711 1031 5761 hostiles
1060 5711 1227 5763 densa
1254 5714 1524 5763 testudine
1572 5728 1777 5764 muros.

501 5774 661 5824 Tecta
692 5772 839 5824 subit
870 5774 1119 5824 virtus—
1373 5778 1488 5825 the.

1063 4118 1382 4176 Arboribus
1446 4119 1622 4193 longa
1675 4120 1955 4194 utrinque

2064 4121 2452 4178 latitudinem
2484 4118 2783 4175 densanda.
2817 4116 3092 4173 Omnium
3127 4114 3524 4189 potimamihi
3556 4115 3712 4189 vide-

2063 4200 2160 4248 tur
2183 4195 2301 4248 hiec
2332 4192 2566 4265 Rigaltii
2599 4190 2791 4265 lectio,
2820 4185 3144 4265 domando,—
3179 4189 3236 4243 id
3278 4188 3434 4244 enim
3493 4185 3711 4241 intelli-

2063 4266 2323 4337 gendum
2374 4262 2583 4337 censeo
2634 4263 2713 4337 de
2786 4262 3085 4337 testudine
3131 4265 3525 4337 _sentorum,_
3584 4275 3709 4337 quas

2064 4329 2325 4393 densatis
2385 4336 2568 4391 sentis
2626 4334 2820 4388 ﬁebat.
2877 4331 3090 4387 Junius
3130 4332 3304 4388 habet
3359 4329 3708 4394 desudando;

2064 4409 2209 4464 forte
2241 4407 2430 4479 ipsius
2460 4421 2850 4479 sensummon
2873 4402 3711 4479 contemnendumBhenanus

2062 4475 2405 4536 desicciindo.
2440 4477 2540 4532 alii
2570 4476 2884 4540 desidanuo,
2916 4476 3013 4531 alii
3046 4475 3395 4544 demdando,
3453 4475 3713 4530 Lacerda

2063 4550 2385 4607 densitando
2405 4549 2724 4619 rescripsit.
2763 4552 2835 4601 LE
2864 4547 2966 4602 Pa.

2135 4624 2247 4692 (10)
2278 4618 2873 4693 XystarchesSpiritus
2916 4623 3175 4693 sanctus._
3214 4618 3523 4693 Eleganter
3578 4630 3708 4693 xys-

2063 4686 2508 4750 tarch'em'vocat
2532 4686 2814 4762 Spiritum
2832 4690 3273 4746 sanctum.Nam
3288 4686 3388 4760 h'uj
3400 4706 3468 4744 us
3489 4686 3704 4762 auxilio

2064 4766 2476 4834 constantiam,
2501 4758 2787 4835 martyres
2821 4762 3316 4835 debent.Proinde
3369 4758 3550 4832 supra
3567 4758 3714 4815 dixit

2065 4839 2135 4893 de
2164 4837 2383 4909 Spiritu
2416 4840 2618 4909 sancto
2642 4834 2789 4909 {est
2819 4834 2975 4909 enim
3022 4851 3136 4909 non
3196 4834 3497 4909 vobiscum
3556 4846 3715 4909 nunc

2066 4904 2389 4977 introisset,
2416 4904 2518 4963 n'ec
2550 4924 2650 4962 vos
2681 4906 2853 4961 hodie
2875 4907 2993 4960 illic
3024 4905 3306 4961 fuissetis.
3345 4928 3372 4955 ››
3412 4904 3716 4976 Significat

2069 4987 2265 5038 autem
2288 4979 2641 5051 Xystarches
2672 4977 2832 5049 Xysti
2865 4979 3188 5049 praesidem.
3221 4978 3399 5032 Ilum.

2140 5054 2252 5124 (11)
2298 5046 2484 5122 Itaque
2538 5046 2801 5124 epistatus
2855 5046 3030 5124 uester
3078 5051 3343 5124 Christus.
3394 5046 3714 5119 Epistatem

2068 5122 2164 5180 hic
2197 5122 2408 5196 accipit
2440 5139 2540 5195 pro
2574 5122 2985 5196 magistroiqui
3010 5122 3250 5196 athletis
3292 5124 3520 5196 praeest,
3578 5134 3715 5196 nam

2070 5198 2255 5253 utitur
2284 5189 2389 5252 hac
2423 5189 2770 5266 metaphora
2824 5189 3243 5249 Tertullianus.
3292 5189 3470 5263 _Apud
3544 5189 3718 5244 Athe-

2072 5270 2305 5325 nienses
2336 5268 2435 5339 qui
2468 5265 2809 5339 decemviris
2865 5266 3073 5320 diurno
3133 5266 3380 5339 imperio
3434 5266 3717 5339 prmerat,

2070 5332 2371 5408 ἐπιστάτηξ
2411 5338 2734 5411 appellatur
2770 5338 3178 5411 Demostheni;
3222 5332 3562 5411 alioquilin
3595 5332 3719 5411 acie

2072 5411 2290 5471 ἐπιστὰς
2319 5406 2378 5466 et
2406 5406 2678 5483 πᾶῥαστὰς
2731 5407 3015 5483 substites
3074 5414 3141 5483 et
3182 5406 3384 5483 astites
3418 5406 3720 5483 dicuntur

2072 5486 2225 5555 apud
2258 5478 2967 5555 lElianu'm,rquemadmod
2979 5498 3077 5536 um
3097 5480 3527 5553 elegantissime
3549 5478 3720 5531 vertit

2072 5553 2613 5613 Thessalonicensis
2643 5558 2813 5608 Gaza.
2851 5553 3030 5607 RHEN.

2143 5628 2255 5698 (12)
2289 5628 2488 5682 Animo
2504 5641 2599 5681 suo
2619 5626 2798 5698 ducti.
2816 5624 3265 5698 Praeclarcznam
3292 5624 3510 5698 martyr
3544 5632 3715 5697 verus

2072 5695 2188 5755 non
2212 5695 2381 5754 debet
2410 5698 2577 5770 sequi
2599 5697 2843 5771 ductum
2870 5712 3068 5762 suum,
3103 5697 3202 5751 sed
3235 5695 3334 5749 Dei
3356 5710 3372 5771 _:
3398 5707 3518 5771 non
3545 5706 3604 5771 se
3627 5695 3716 5742 in-

2072 5771 2354 5842 terﬁcere,
2387 5761 2658 5826 sed'tunc
2689 5768 2895 5824 cadere
2932 5761 3068 5823 cum
3104 5772 3250 5821 Deus
3281 5761 3545 5820 voluerit.
3580 5761 3713 5816 Lac.
