4094 6186
441 332 557 393 699
960 336 1491 401 TERTULLIANI
1537 342 1860 405 OPERUM
1908 342 2109 403 PAltS
2154 343 2301 403 I.—
2340 340 2610 403 SERIES
2654 339 2701 414 Ι,
2749 340 3315 402 APOLOGETICA.
3675 346 3776 405 700

442 471 644 537 spectu
678 467 1160 540 propinquorum,
1194 476 1257 527 ut
1286 472 1530 544 gloriam
1554 475 1808 531 castitati
1841 492 1959 531 suas
1990 490 2085 545 pa-
2112 477 2164 543 Α
2199 474 2403 547 Igitur,
2435 474 2485 530 si
2507 478 2739 530 tantum
2764 478 3010 530 terrenae
3036 472 3232 546 gloria:
3280 472 3406 530 licet
3449 476 3514 531 de
3555 477 3778 548 corporis

444 560 596 610 reret
625 555 991 625 (43),Mutius
1022 560 1277 631 (M),qui
1312 579 1553 617 manum
1588 580 1756 618 suam
1790 565 2085 619 dexteram
2198 569 2254 619 et
2279 564 2456 619 animi
2491 565 2704 634 vigore,
2741 568 2805 619 ut
2845 562 3129 635 gladium,
3191 562 3398 635 ignem,
3441 581 3668 636 crucem,
3698 567 3778 621 be-

445 644 504 697 in
536 660 637 698 ara
667 646 971 713 cremavit,
1008 655 1071 702 ut
1103 648 1210 703 hoc
1244 649 1459 706 factum
1494 654 1621 722 ejus
1641 654 1797 708 fama
1826 652 2084 709 haberet.
2198 654 2365 722 stias,
2400 660 2691 709 tormenta
2735 659 3135 723 contemnant,
3190 654 3299 708 sub
3347 655 3564 725 praamio
3612 654 3779 711 laudis

442 732 635 788 Minus
670 734 933 790 fecerunt
962 736 1333 809 philosophi;
1370 740 1695 797 Heraclitus
1727 743 1859 814 (15),
1892 743 1994 813 qui
2027 760 2089 798 se
2198 743 2491 812 humana},
2526 759 2763 814 possum
2797 742 3014 811 dicere,
3048 742 3286 798 modicas
3325 748 3457 798 sunt
3504 744 3616 798 ista;
3668 762 3778 816 pas-

442 821 666 877 bubulo
698 829 953 879 stercore
972 826 1216 881 oblitum
1237 831 1504 895 exussit;
1528 831 1663 887 item
1684 832 2086 909 Empedocles,
2201 832 2396 888 siones
2428 833 2497 888 ad
2531 834 3004 888 consecutionem
3027 831 3223 903 gloriae
3254 831 3782 931 crelestisethdivinis

439 910 543 980 qui
569 910 625 965 in
657 912 820 983 ignes
854 914 1051 969 Etnaai
1084 918 1302 973 montis
1359 919 1675 986 dissilivit;
1736 926 1793 976 et
1825 923 2088 993 Peregri-
2201 923 2511 978 mercedis.
2545 922 2599 977 Si
2631 922 2783 977 tanti
2816 922 3051 991 vitrum,
3097 920 3302 993 quanti
3353 921 3703 993 margaritum
3746 923 3781 956 ³⁷

441 999 696 1069 nus,qui
729 1016 844 1055 non
877 1001 1015 1057 olim
1043 1020 1106 1059 se
1137 1021 1275 1076 rogo
1325 1005 1616 1077 immisit;
1671 1026 1806 1064 cum
1860 1011 2088 1065 feminas
2198 1013 2311 1081 (17)
2336 1010 2357 1065 ?
2385 1012 2524 1079 Quis
2556 1027 2693 1083 ergo
2724 1028 2839 1066 non
2871 1010 3260 1066 libentissime
3290 1014 3509 1066 tantum
3532 1028 3625 1083 pro
3676 1028 3784 1067 vero

444 1104 677 1159 quoque
708 1093 1168 1163 contempserint
1189 1094 1351 1163 ignes
1378 1113 1390 1151 :
1430 1098 1570 1153 Dido
1604 1098 1651 1132 ²²
1701 1115 1772 1155 ne
1823 1102 1955 1169 post
2011 1099 2091 1153 vi-
2197 1099 2410 1157 habeat
2438 1116 2696 1173 erogare,
2724 1105 3016 1172 quantum
3048 1099 3145 1155 alii
3176 1116 3281 1172 pro
3302 1098 3442 1156 falso
3468 1100 3496 1155 ?

2890 1216 3123 1273 CAPUT
3155 1216 3218 1270 V.

2270 1323 2487 1379 Omitto
2514 1340 2669 1379 nunc
2700 1323 2901 1395 gloriae
2930 1339 3190 1379 causam.
3224 1322 3426 1378 Eadem
3442 1322 3625 1378 omnia
3652 1323 3787 1376 saevi-

2199 1421 2291 1477 tia:
2338 1425 2397 1477 et
2452 1422 2750 1478 cruciatus
2809 1422 3127 1478 certamina
3176 1423 3300 1492 jam
3368 1421 3514 1492 apud
3562 1420 3793 1475 homines

2199 1510 2487 1566 affectatio
2519 1509 2633 1583 (l8)
2666 1526 2899 1583 quoque
2939 1514 2997 1565 et
3054 1511 3298 1565 morbus
3354 1510 3583 1581 quidam
3637 1507 3791 1563 animi

2199 1600 2579 1656 conculcavit.
2625 1602 2775 1665 Quot
2795 1600 3013 1656 otiosos
3066 1599 3354 1656 affectatio
3410 1613 3685 1653 armorum
3733 1597 3789 1650 ad

2198 1688 2462 1761 gladium
2497 1689 2647 1745 locat
2666 1688 2750 1744 ’8?
2781 1688 2945 1744 Certe
2992 1688 3063 1743 ad
3110 1688 3261 1742 feras
3321 1687 3477 1758 ipsas
3528 1685 3793 1741 affectione

2198 1778 2584 1849 descendunt,
2617 1783 2672 1834 et
2694 1779 2763 1833 de
2796 1776 3091 1833 morsibus
3116 1781 3171 1833 et
3202 1777 3273 1832 de
3304 1774 3658 1832 cicatricibus
3701 1774 3794 1827 for-

2116 1848 2166 1913 Β
2200 1867 2481 1923 mosiores
2514 1848 2625 1923 sibi
2656 1867 2944 1922 videntur.
2969 1867 3097 1921 Jam
3130 1869 3186 1921 et
3209 1866 3282 1921 ad
3316 1865 3476 1938 ignes
3506 1863 3721 1936 quidam
3746 1878 3796 1917 se

2205 1960 2644 2022 autoraverunt,
2685 1961 2748 2011 ut
2796 1959 3019 2010 certum
3069 1954 3328 2027 spatium
3379 1955 3435 2009 in
3493 1952 3674 2008 tunica
3722 1968 3797 2005 ar-

2200 2046 2373 2100 dente
2403 2046 2512 2117 (19)
2546 2045 2919 2100 conficerent.
2950 2043 3062 2098 Alii
3111 2043 3265 2099 inter
3311 2046 3645 2099 venatorum
3695 2043 3797 2122 tau:

2200 2151 2330 2190 reas
2362 2133 2622 2207 scapulis
2646 2132 3093 2205 patientissimis
3123 2131 3644 2188 inambulaverunt.
3671 2127 3800 2191 Haec,

2202 2223 2521 2289 benedicti,
2554 2240 2667 2278 non
2700 2222 2828 2278 sine
2885 2239 3062 2278 causa
3112 2220 3396 2277 Dominus
3445 2221 3500 2276 in
3557 2216 3797 2275 saeculum

2203 2313 2463 2383 admisit,
2495 2312 2595 2367 sed
2629 2312 2696 2367 ad
2734 2328 2840 2366 nos
2870 2316 2926 2366 et
2957 2327 3111 2366 nunc
3140 2312 3186 2345 ’θ
3225 2310 3629 2378 exbortandos,
3668 2309 3718 2362 et
3752 2304 3800 2404 iri

2202 2401 2301 2456 illo
2345 2402 2437 2458 die
2485 2401 2949 2470 confundendos,
2992 2400 3039 2455 si
3098 2399 3656 2455 reformidaverimus
3704 2399 3802 2467 pati

2200 2508 2303 2562 pro
2338 2490 2575 2546 veritate
2606 2489 2665 2544 in
2699 2489 2969 2557 salutem,
2999 2505 3123 2561 qua:
3156 2487 3255 2543 alii
3286 2488 3683 2544 aifectaverunt
3716 2499 3802 2555 pro

2201 2579 2455 2636 vanitate
2485 2579 2542 2634 in
2576 2579 2983 2651 perditionem.

2874 2690 3105 2747 CAPUT
3136 2690 3231 2745 Vl.

2271 2798 2380 2854 Sed
2404 2798 2525 2852 haac
2557 2797 2823 2870 exempla
2847 2798 3190 2853 constantiae
3215 2796 3561 2852 omittamus
3589 2793 3655 2848 de
3686 2792 3805 2887 alie.-

2200 2887 2455 2942 ctatione
2482 2887 2794 2941 venientis.
2828 2886 3248 2942 Convertamur
3276 2886 3352 2941 ad
3403 2884 3588 2957 ipsam
3640 2879 3806 2937 condi-

2201 2976 2381 3031 tionis
2413 2976 2685 3030 humana:
2735 2974 3319 3045 contemplationem,
3350 2979 3418 3030 ut
3472 2976 3528 3029 et
3578 2970 3671 3025 illa
3720 2982 3807 3022 nos

2201 3066 2523 3131 instruant,
2555 3065 2602 3119 si
2631 3082 2747 3135 qua
2776 3070 3114 3120 constanter
3133 3064 3411 3119 adeunda
3440 3062 3575 3130 sint,
3606 3075 3722 3130 que
3763 3058 3810 3108 et

446 1193 573 1231 ram
608 1176 1063 1236 dilectissimum
1096 1184 1313 1239 nubere
1331 1190 1660 1255 cogeretur;
1696 1188 1837 1243 item
1867 1205 2002 1244 cum
2046 1188 2090 1225 ²³

443 1263 788 1320 Asdrubalis
820 1284 982 1332 uxor,
1020 1272 1282 1341 quaajam
1317 1273 1555 1330 ardente
1585 1274 1934 1348 Carthagine
1963 1295 2088 1332 ma-

453 1353 635 1407 ritum
678 1370 855 1410 suum
932 1359 1257 1430 supplicem
1311 1362 1597 1434 Scipionis
1654 1365 1893 1434 videret,
1953 1383 2083 1422 cum

446 1439 586 1496 ﬁliis
613 1442 739 1498 suis
769 1444 829 1498 in
862 1444 1198 1503 incendium
1224 1451 1421 1522 patrias
1451 1452 1761 1512 devolavit.
1804 1455 2084 1527 Regulus,

448 1529 567 1584 dux
595 1530 1015 1608 Romanorum,
1049 1544 1254 1609 captus
1286 1558 1319 1595 a
1348 1542 1929 1614 Carthaginiensibus
1952 1562 2085 1601 cum

455 1634 518 1674 se
562 1636 743 1677 unum
804 1640 908 1695 pro
966 1628 1168 1683 multis
1217 1631 1461 1701 captivis
1512 1632 2089 1706 Carthaginiensibus

452 1712 817 1781 compensari
850 1713 1159 1783 noluisset,
1180 1720 1389 1775 maluit
1420 1721 1689 1777 hostibus
1720 1724 1881 1779 reddi
1915 1730 1972 1779 et
2028 1726 2086 1779 in

445 1812 590 1852 arcas
622 1814 809 1870 genus
843 1803 1099 1874 stipatus
1151 1809 1411 1879 undique
1456 1812 1850 1867 exstrinsecus
1908 1811 2087 1869 clavis

448 1888 791 1957 transfixus,
825 1894 911 1946 tot
932 1909 1134 1949 cruces
1164 1898 1369 1952 sensit.
1396 1898 1621 1955 Bestiae
1654 1901 1871 1957 femina
1899 1901 2089 1959 libens

452 1977 717 2045 appetiit,
751 1984 807 2032 et
857 1981 1063 2052 utique
1118 1985 1370 2057 aspides,
1418 1995 1720 2059 serpentes
1774 1998 1943 2046 tauro
2001 1992 2089 2047 vel

453 2078 592 2117 urso
623 2063 1049 2137 horribiliores,
1082 2087 1230 2142 quas
1261 2074 1830 2146 Cicopatraimmisit
1853 2080 1985 2145 sibi,
2018 2097 2089 2137 ne

447 2149 511 2205 in
544 2167 758 2209 manus
790 2154 1012 2212 inimici
1061 2164 1407 2230 perveniret.
1471 2165 1580 2221 Sed
1639 2169 1848 2223 mortis
1899 2174 2091 2227 metus

455 2256 569 2296 non
602 2246 802 2299 tantus
834 2252 940 2313 est,
965 2254 1221 2318 quantus
1262 2258 1686 2311 tormentorum
1738 2258 1804 2313 ²⁸.
1868 2262 2089 2330 Itaque,

456 2329 635 2385 cessit
655 2334 916 2389 carniﬁci
941 2337 985 2371 2⁸
1016 2341 1290 2395 meretrix
1308 2344 1460 2398 626
1498 2345 1918 2402 Atheniensis?
1966 2329 2092 2419 quae

455 2421 689 2476 conscia
710 2424 1152 2498 conjurationis,
1186 2446 1317 2485 cum
1360 2438 1665 2504 propterea
1724 2441 2094 2507 torqueretur

450 2524 483 2562 a
513 2514 864 2580 tyranno,et
895 2532 1008 2570 non
1044 2518 1299 2588 prodidit
1347 2526 1706 2592 conjuratos,
1767 2531 1823 2579 et
1900 2527 2092 2582 novis-

451 2596 597 2653 sime
627 2598 891 2671 linguam
918 2621 1086 2660 suam
1118 2619 1435 2665 comestam
1479 2610 1538 2666 in
1595 2613 1799 2668 faciem
1858 2616 2092 2686 tyranni

448 2686 702 2758 exspuit,
739 2694 803 2744 ut
833 2691 978 2747 nihil
1011 2710 1181 2766 agere
1226 2713 1288 2752 se
1338 2699 1555 2755 scirent
1608 2705 1919 2774 tormenta,
1979 2706 2091 2760 etsi

449 2773 602 2829 ultra
635 2788 1095 2847 perseverarent.
1130 2784 1273 2840 Nam
1309 2788 1464 2857 quod
1506 2788 1677 2844 hodie
1712 2792 1865 2862 apud
1920 2793 2085 2849 Lace-

444 2863 745 2922 daemonas
779 2867 1122 2928 solemnitas
1166 2876 1426 2932 maxima
1471 2882 1578 2945 est,
1636 2873 2085 2954 διαμαστίγωσις,

443 2948 504 3003 id
539 2956 627 3005 est
676 2953 983 3025 flagellatio
1042 2961 1177 3031 (16),
1239 2980 1352 3017 non
1412 2963 1571 3020 latet.
1621 2970 1684 3021 In
1732 2948 1868 3040 quo
1908 2948 2088 3027 isacro

443 3043 579 3093 ante
611 3058 771 3097 aram
826 3047 1051 3103 nobiles
1109 3051 1321 3122 quique
1380 3055 1779 3113 adolescentes
1842 3060 2089 3133 ﬂagellis
2201 3066 2523 3131 instruant,
2555 3065 2602 3119 si
2631 3082 2747 3135 qua
2776 3070 3114 3120 constanter
3133 3064 3411 3119 adeunda
3440 3062 3575 3155 sint,
3606 3075 3755 3155 qua.

447 3128 792 3155 nl‘ﬂ:.-...-..L.-_
850 3142 961 3155 --ιγ
994 3137 1083 3155 ,.-|
1397 3144 1453 3155 ...
1636 3151 1644 3155 -
1862 3150 1871 3155 .
2010 3150 2020 3155 -
2205 3154 2211 3155 ,
2354 3153 2361 3155 ξ
2763 3153 2770 3155 ξ

445 3128 811 3201 afﬂiguntur,
846 3137 1175 3194 astantibus
1209 3144 1550 3212 parentibus
1596 3151 1653 3200 et
1711 3128 2080 3221 propinquis,
2130 3216 2159 3221 _
2200 3153 2399 3208 invitis
2430 3154 2576 3209 (ηπ
2612 3153 2841 3208 evenire
2872 3157 3321 3207 consueverunt.
3373 3150 3641 3215 Quotiens
3676 3144 3808 3201 enim

442 3218 503 3269 et
552 3217 634 3271 uti
702 3230 1073 3291 perseverent
1131 3228 1601 3289 adhortantibus.
1665 3216 2084 3294 Ornamentum
2119 3216 2161 3282 C
2200 3241 2470 3297 incendia
2499 3241 2658 3296 vivos
2689 3247 3093 3296 cremaverunt
3114 3240 3225 3313 {20)
3261 3238 3274 3294 1
3312 3238 3579 3313 quotiens
3610 3236 3810 3303 ἵει-εμπ

444 3304 601 3359 enim
626 3312 684 3361 et
702 3309 889 3379 gloria
921 3314 1299 3385 deputabitur
1330 3322 1549 3392 majore
1589 3324 1826 3393 quidem
1895 3328 2085 3396 titulo,
2201 3331 2259 3384 in
2292 3330 2455 3385 silvis
2486 3330 2611 3385 suis
2641 3336 2693 3385 et
2727 3330 2786 3383 in
2818 3330 3029 3384 mediis
3086 3304 3427 3384 civitatibus
3483 3327 3683 3420 elapsae
3732 3338 3809 3420 Cc-

444 3390 493 3444 si
549 3394 745 3451 anima
797 3400 993 3469 potius
1050 3406 1290 3460 cesserit
1370 3390 1578 3482 plagis,
1605 3390 1794 3483 quam
1853 3390 2087 3488 corpus.
2199 3420 2322 3475 veis
2371 3418 2805 3491 (21),homines
2836 3419 3286 3473 devoraverunt!
3344 3422 3487 3491 quot
3534 3432 3567 3471 a
3604 3409 3808 3468 latroni-

1847 3564 2052 3624 Varias
2099 3564 2422 3626 lectiones.

516 3664 561 3697 ²²
583 3667 920 3759 θυαῖβζιϐζίς
998 3674 1211 3759 “ﬁlim
1245 3679 1395 3759 (locst
1422 3687 1578 3759 Pam.
1656 3686 1701 3720 ²⁴
1730 3688 2021 3751 Quantum
2057 3688 2353 3744 tormenti.
2390 3688 2511 3744 Non
2546 3689 2741 3759 itaque
2772 3687 2947 3743 cessit
2981 3685 3260 3755 carnifici,
3315 3691 3428 3743 etc.
3485 3686 3609 3742 Jun.
3640 3682 3810 3759 itaque

448 3750 554 3832 διθὲ
584 3740 760 3832 cessit
787 3744 973 3832 Latia.
997 3819 1012 3832 '
1052 3747 1098 3780 2‘
1128 3748 1432 3832 carnificis
1461 3754 1627 3832 S_e_mt.
2454 3740 2703 3816 vitreuin
2735 3760 2755 3814 ?
2785 3760 2989 3832 quanti
3014 3774 3215 3814 verum
3246 3740 3630 3831 inargaritum
3658 3754 3809 3807 R/wu.

442 3805 484 3840 ³⁸
514 3808 769 3867 Fortasse
791 3821 955 3871 vocat
981 3819 1108 3874 Jun.
1187 3822 1233 3856 9°
1262 3805 1428 3880 Tunc

1860 3947 2386 4010 Commentarius.

514 4034 724 4124 (3.3).!”
753 4041 991 4124 gloriam
1033 4050 1278 4124 castitati"
1320 4067 1438 4109 suae
1490 4063 1729 4124 pareret.
1794 4058 1915 4114 Non
1971 4058 2082 4113 fuit

443 4108 1008 4201 ιιιιιάἰξδσίέἱίῑξξοειίςξὶειεΔ
1029 4108 1769 4201 εράδρυάοτὶέίὶη’ίὶῆώίίὲὲ.
1804 4129 2080 4201 Augusti-

447 4197 559 4235 nus
590 4180 691 4238 lib.
724 4182 788 4240 de
817 4186 930 4242 Civ.
966 4180 1083 4244 Dei.
1120 4180 1244 4247 Bia.

2262 4056 2375 4139 (l_8)
2425 4056 2583 4139 Apud
2635 4056 3218 4139 nominasti/jactatio.
3277 4056 3417 4120 Quae
3469 4055 3565 4139 abm
3585 4048 3814 4139 Ethnici?

2193 4128 2367 4199 paulo
2402 4128 2736 4209 religiosius
2784 4127 2908 4209 fieri
2939 4127 3313 4209 videbantur,
3362 4145 3433 4183 ea
3459 4127 3807 4209 _aﬂ'ectationi

2196 4196 2478 4271 tanquam
2511 4196 2713 4255 morbo
2729 4200 2962 4254 cuidam
2995 4199 3431 4271 tribuebantur,
3456 4199 3537 4252 ita
3569 4196 3811 4251 utﬁctum

518 4252 862 4342 “Alyattos
884 4260 1183 4342 decr-teram
1210 4280 1392 4322 suam.
1431 4267 1637 4342 Procul
1676 4271 1853 4325 dubio
1912 4271 2088 4327 sentit
2189 4252 2959 4342 jddfcéiﬁi,"éi{astutiae
2996 4252 3479 4338 ostentationem,
3539 4285 3647 4323 non
3699 4278 3813 4319 vera

448 4323 851 4384 Tertullianus
880 4332 1126 4388 Matium
1160 4351 1226 4389 ex
1256 4353 1322 4391 eo
1352 4336 1588 4394 vulnere
1609 4323 2088 4397 crematasdexte-

448 4398 806 4486 rasjan‘i‘mam
841 4404 1311 4486 amisiisselquod
1344 4409 1403 4462 in
1445 4410 1679 4467 nemine
1723 4415 2085 4486 scriptorum

447 4467 587 4552 vidi.
622 4469 791 4552 Ponit
819 4474 984 4552 enim
1007 4477 1065 4530 in
1098 4467 1371 4552 Catalogo
1402 4497 1605 4537 eorum
1637 4467 1746 4552 qui?
1768 4467 2085 4541 servolun-

444 4538 594 4591 taria
629 4548 813 4596 morte
845 4547 1220 4604 confecerint.
1240 4538 1371 4605 [ἴα.

2194 4343 2630 4420 virtus._LA_c._
2812 4413 2824 4420 _
2999 4411 3043 4420 _
3136 4411 3146 4420 ,
3542 4415 3550 4420 ,
3647 4408 3658 4420 .

2265 4415 2475 4492 (49)_In
2505 4414 2695 4492 tantoa
2723 4413 2966 4492 ardente.
2998 4411 3223 4492 Tunica
3272 4411 3380 4492 il_l_a
3435 4415 3560 4467 erat
3597 4408 3722 4492 pice
3762 4407 3811 4458 et

2195 4484 2483 4541 bitumine
2515 4485 2684 4550 illita,
2719 4485 3246 4559 quainduebantur
3272 4484 3419 4539 olim
3451 4484 3807 4559 sancthar-

2194 4561 2350 4628 tyres
2380 4562 2695 4627 antequam
2730 4553 2789 4611 in
2847 4556 3041 4628 ignem
3102 4555 3553 4628 projicerentur.
3617 4553 3812 4628 Tunica

517 4609 973 4723 tegeaeae:
1002 4620 2084 4723 .‘SaEE'Z.ﬁtnetaiiLBPEPgﬁet)???-
2115 4657 2161 4723 υ
3246 4609 3341 4683 έεξ
3523 4609 3579 4690 κν
3625 4630 3678 4679 ει

444 4678 545 4734 bat
578 4678 775 4760 morbo
807 4702 969 4756 aqua;
1002 4678 1335 4760 intercutis,
1368 4701 1425 4750 et
1461 4713 1595 4751 cum
1619 4678 1896 4756 vobscuris
1953 4718 2079 4755 ser-

444 4753 721 4850 monibus
758 4753 1031 4844 assuetus
1079 4762 1260 4850 homo.
1314 4753 1777 4850 quaerendume
1835 4773 2078 4829 medicis

435 4830 824 4915 jussissetmu
832 4846 986 4915 m‘ex
1003 4831 1080 4888 im
1092 4835 1190 4915 bre
1214 4830 1576 4915 siccilitatem
1600 4842 1787 4897 facere
1817 4849 2077 4915 possent,

445 4899 502 4988 et
532 4897 604 4988 alb
637 4896 754 4981 illis
785 4903 936 4988 lud_i_
969 4921 1056 4987 .se
1081 4910 1441 4988 putantibus
1495 4896 2078 4988 fuissetine‘glectus;

445 4968 677 5048 tandem
712 4970 838 5048 ipse
863 4976 978 5048 sibi
1005 4968 1316 5037 subvenire
1346 4983 1565 5048 volens,
1601 4968 2078 5043 hubuﬁlisoeircre:

446 5040 663 5131 ruentis
690 5040 871 5131 oblini
903 5064 1113 5120 corpus
1138 5068 1311 5107 suum
1332 5040 1599 5111 inﬂatum
1634 5040 2080 5131 fecitJist'ap—ud

446 5111 763 5178 Laertium,
799 5122 945 5172 PAM.

515 5183 627 5271 luti.)
658 5189 1116 5271 ᾳιᾳμαᾳτίγωσις,
1148 5194 1205 5271 id
1232 5200 1313 5271 est
1341 5197 1674 5271 ﬂaggllatz'o.
1719 5202 1904 5271 Hujus
1957 5218 2077 5257 me-

445 5254 616 5333 minit
647 5254 791 5333 etin
825 5254 1051 5333 Apo'tog.
1089 5254 1199 5320 sub
1230 5254 1640 5323 ﬁnemilium.

517 5325 632 5407 (l7).
678 5331 835 5407 Tanti
867 5325 1116 5405 ὐίινῖινη,
1167 5339 1361 5407 quanti
1410 5338 1819 5407 Margaritum?
1871 5346 2080 5399 Forma

443 5397 655 5469 adagii.
693 5401 1026 5482 Hieronym.
1060 5397 1131 5462 ad
1160 5397 1412 5482 raptam:
1449 5431 1470 5459 ι
1526 5397 1584 5465 ἒὶ
1634 5413 1781 5466 tanti
1840 5397 2076 5482 vitrum,

444 5484 771 5552 quarenon
805 5477 1046 5552 majoris
1078 5480 1246 5548 pretii
1278 5482 1355 5536 sit
1378 5482 1804 5552 margaritum?
1834 5506 1861 5535 »
1890 5486 1958 5541 Et
2005 5477 2077 5542 ad

446 5540 917 5614 Demetriadem:
950 5540 1139 5604 adhuc
1186 5552 1258 5605 ad
1314 5540 1626 5608 Salvinam.
1687 5540 1953 5611 Sumitur
2006 5540 2077 5614 ad

444 5614 1198 5695 erplicandamuingentem
1256 5640 1445 5679 rerum
1507 5624 1957 5695 inaequalitatem
2023 5634 2080 5686 et

442 5686 803 5766 distantiam.
842 5686 994 5748 Nam
1019 5695 1152 5764 quis
1182 5699 1481 5766 comparat
1508 5686 1726 5752 vitrum
1758 5713 1892 5755 cum
1920 5717 2078 5757 mar-

442 5760 652 5831 garito,
685 5765 797 5820 nisi
827 5760 1088 5822 amens?
1119 5767 1244 5824 Lac.

2195 4701 2384 4758 venali
2419 4702 2541 4757 Sat.
2568 4702 2602 4755 8
2628 4716 2641 4755 :

2499 4805 2651 4867 Quod
2682 4806 2838 4856 liceat
2869 4807 3047 4857 tunica
3075 4805 3271 4869 punire
3317 4804 3563 4855 molesta.
3657 4800 3757 4849 Bis.

2263 4916 2279 4985 (
2321 4917 2377 4983 Ο)
2410 4916 2668 4984 Quotiens
2709 4916 2857 4970 enim
2900 4913 3160 4969 incendia
3216 4915 3365 4969 vivos
3424 4907 3802 4986 cremaverunt.

2192 4987 2402 5043 Omisit
2429 4987 2767 5042 morborum
2803 4986 3193 5057 quorumdam
3216 4985 3595 5057 acutissimas
3608 4985 3806 5057 crucia-

2190 5064 2308 5124 tus,
2344 5060 2703 5140 et'febrium,
2736 5053 3289 5140 quarumuineendia
3345 5053 3810 5140 plerumquemt‘y-

2191 5131 2451 5185 rannicis
2481 5124 2934 5216 terrior'aice‘rte
2955 5124 3366 5216 diuturniorai
3392 5128 3559 5216 quod
3599 5124 3809 5216 elegit}:

2189 5202 2637 5283 tenobservav‘it‘
2654 5194 3078 5283 ad'Epictetum
3098 5216 3273 5283 suum
3305 5194 3581 5283 Ariaqus.
3607 5194 3707 5283 lib.
3726 5203 3805 5283 ri:

2191 5269 2465 5352 Oﬁdtnqts
2494 5270 2671 5352 οὐδεὶς
2697 5267 2955 5352 τύρᾶχνος
3082 5270 3236 5352 ,μησί
3266 5289 3417 5352 fixa
3471 5267 3670 5352 ἔσφξξε,

2191 5344 2342 5417 ρετὸς
2384 5341 2441 5398 δὲ
2494 5345 2582 5397 καὶ
2642 5330 2865 5413 ἔνιαὸτῷ
2911 5330 3202 5417 nolimus.
3264 5341 3491 5396 Ibidem
3543 5330 3628 5417 init
3660 5330 3804 5411 nihil

2190 5414 2403 5472 referre
2433 5433 2552 5486 qua
2580 5417 2673 5471 via
2704 5416 3077 5487 perveniatur
3123 5415 3194 5495 ad
3256 5417 3528 5495 mortem.
3582 5414 3807 5495 ImoLs-t

2188 5504 2392 5542 verum
2418 5478 2878 5555 ainamus,eum
2937 5503 3066 5544 esse
3123 5485 3475 5551 breviorem,
3530 5498 3643 5552 qua
3690 5478 3806 5530 ducl

2179 5559 2350 5631 jubet
2364 5563 2670 5629 tyrannus.
2704 5559 2828 5614 Rm.

2258 5615 2465 5700 (21)"Et
2494 5632 2554 5684 in
2601 5631 2800 5686 mediis
2854 5628 3167 5685 civitatibus
3221 5627 3431 5693 elapsa?
3483 5624 3671 5680 caveis.
3715 5615 3803 5672 Hic

2185 5699 2505 5756 venit'mibi
2535 5701 2594 5755 in
2628 5706 2882 5758 mentem
2911 5702 3161 5756 duarum
3199 5712 3483 5754 severum
3530 5704 3799 5752 ursarum,

2188 5787 2335 5844 quas
2362 5770 2808 5831 Valcutinianus
2827 5773 3127 5846 Augustus
3158 5767 3368 5836 alebat,
3385 5779 3589 5826 earum
3617 5772 3801 5820 caveas
