4094 6186
274 378 384 437 ἿΟΙ
1648 381 1750 440 DE
1793 380 1884 441 SP

2075 379 2347 442 LGULIS.
3576 374 3692 433 702

276 512 389 566 bus
412 510 586 577 ferro,
618 511 689 566 ab
719 511 990 568 hostibus
1048 513 1225 569 etiam
1276 528 1447 569 cruce
1490 513 1728 569 extincti
1770 518 1927 579 sunt,
1959 517 2012 581 Α
2045 516 2275 585 quantae
2307 510 2626 583 qualesque
2656 524 2916 581 persona:
2974 506 3325 579 inopinatos,
3373 503 3696 566 natalibus,

280 599 418 657 torti
448 600 760 671 prius,imo
792 605 849 656 et
880 601 1040 657 omni
1100 602 1454 657 contumelia
1483 602 1929 673 expuncti(22)l
2045 608 2101 657 et
2132 601 2541 674 dignitatibus,
2602 605 2658 654 et
2710 598 3067 670 corporibus,
3130 602 3185 651 et
3236 595 3506 650 (statibus
3545 594 3692 662 suis,

278 694 461 745 Nemo
494 690 811 745 nonetiam
848 690 1106 746 hominis
1138 708 1318 746 causa
1369 691 1520 747 628
1573 692 1691 763 pati
1723 697 1932 761 potest,
2044 692 2235 746 exitus
2288 691 2564 754 referunt,
2625 687 2882 743 hominis
2933 702 3146 741 causa:
3202 691 3304 740 aut
3344 684 3416 738 ab
3462 684 3610 754 ipso,
3646 682 3694 737 si

280 779 519 850 quodin
550 795 729 833 causa
759 778 859 833 Dei
919 779 1039 850 pati
1092 780 1341 833 dubitat.
1402 780 1479 834 Ad
1535 779 1642 833 hoc
1693 780 1933 850 quidem
2043 786 2246 835 contra
2275 796 2408 834 eum
2448 779 2723 833 fecerint:
2759 782 2861 831 aut
2918 776 2989 831 ab
3051 775 3401 830 adversariis
3459 774 3607 843 ejus,
3643 772 3692 826 si

276 867 368 923 vel
419 869 730 939 praesentia
811 868 981 924 nobis
1055 874 1319 940 tempora
1376 869 1727 924 documenta
1793 869 1931 936 sint,
2046 886 2148 940 pro
2182 885 2247 924 eo
2281 868 2570 923 steterint.

1651 995 2168 1057 Commentarius.

268 1101 447 1171 juxta
478 1098 814 1155 cubiculum
847 1116 1021 1154 suum
1055 1099 1247 1156 locare
1304 1099 1535 1155 solitus.
1568 1099 1737 1155 Alteri
1772 1102 1935 1158 Micae
2112 1118 2304 1156 χχχιχ.
2340 1101 2520 1157 Ret-2N.

276 1163 716 1245 auremgnomen
764 1177 909 1237 erat,
944 1172 1105 1227 alteri
1168 1173 1537 1228 Innocentize.
1572 1173 1788 1245 Multos
1819 1173 1929 1245 illae
2113 1174 2225 1245 (22)
2259 1173 2421 1228 Omni
2462 1170 2791 1245 contumelia
2837 1170 3112 1245 expuncti.
3178 1166 3277 1245 llic
3326 1164 3495 1245 audis
3545 1163 3689 1245 Ter-

277 1243 562 1299 mortales
591 1234 916 1308 laniarunt,
966 1245 1188 1300 ridente
1240 1248 1298 1299 et
1356 1245 1465 1300 hac
1523 1244 1740 1299 saevitia
1771 1244 1927 1300 dele-
2041 1234 2271 1300 tul‘lia'ni
2299 1234 3071 1313 verbum;signiticatﬁnihil
3115 1236 3479 1313 contumeliae
3511 1234 3687 1290 omis-

276 1320 439 1373 ctato
494 1316 779 1388 principe.
837 1319 1057 1371 Auctor
1115 1317 1459 1373 Ammianus
1516 1316 1767 1373 Marcell.
1826 1316 1927 1372 lib.
2040 1318 2376 1387 sum.quod
2409 1316 2631 1371 illinon
2664 1311 2782 1370 sint
2810 1312 3095 1385 perpessi.
3131 1311 3313 1365 RHEN.

463 1630 647 1832 Q.
786 1631 1339 1797 SEPT.
1467 1633 2048 1801 FLOR.
2177 1625 3523 1797 TERTULLIANI

1267 1912 1482 2035 DE
1597 1911 2709 2037 SPECTACULIS

1786 2134 2005 2190 LIBER.

351 2409 491 2459 Cum
526 2420 645 2461 nou
677 2405 863 2462 Romae
894 2406 1099 2477 solum,
1129 2408 1225 2462 sed
1260 2422 1357 2476 per
1413 2406 1727 2475 provincias
1767 2407 1940 2461 etiam
1991 2413 2215 2474 propter
2262 2404 2449 2459 Severi
2492 2403 2733 2458 reditum
2784 2399 3187 2466 victoriamque
3234 2397 3303 2453 de
3350 2393 3552 2450 Albino
3601 2409 3687 2449 re-

274 2501 559 2563 portatam
609 2496 906 2550 ederentur
952 2494 1295 2565 spectacula,
1344 2494 1519 2549 libros
1565 2494 1631 2549 de
1684 2494 2018 2563 Spectaculis
2066 2500 2121 2547 et
2163 2493 2228 2547 de
2274 2492 2593 2547 Idololatria
2643 2506 2708 2546 ea
2737 2489 3035 2545 occasione
3063 2485 3356 2554 scripsisse
3385 2480 3687 2537 Tertullia-

273 2597 418 2638 num
446 2583 531 2639 Cl.
578 2583 885 2639 Naasseltus
933 2583 1362 2640 demonstravit.
1422 2582 1699 2638 Nonnulli
1752 2582 2013 2652 equidem
2058 2585 2377 2651 conjectant
2421 2580 2629 2636 librum
2678 2579 2743 2635 de
2795 2576 3132 2648 Spectaculis
3179 2573 3279 2628 abs
3342 2570 3690 2627 Tertulliano

273 2672 663 2742 compositum
692 2674 865 2727 fuisse
896 2675 953 2728 in
988 2673 1393 2742 Montanismo,
1429 2674 1558 2741 quia
1586 2672 1643 2726 in
1686 2670 1785 2725 illo
1818 2672 1887 2725 iis
1936 2670 2229 2737 suffragari
2280 2671 2514 2733 videtur,
2567 2670 2663 2738 qui
2716 2668 3087 2722 revelationes
3138 2664 3401 2732 petebant
3432 2658 3689 2727 (Tertull.

278 2760 381 2816 lib.
412 2759 477 2815 de
505 2760 679 2831 Spect.
712 2777 835 2832 cap.
891 2762 1005 2833 29).
1060 2762 1269 2816 Verum
1320 2762 1444 2832 quis
1502 2762 1701 2822 nescit.
1735 2770 1788 2814 et
1817 2761 1973 2829 ipsos
2002 2760 2265 2816 Ecclesia:
2296 2758 2594 2815 catholica)
2625 2765 2901 2829 martyres
2930 2753 3297 2810 revelationes
3336 2766 3367 2804 a
3422 2748 3537 2804 Deo
3568 2763 3693 2817 pos-

277 2848 511 2917 tulasse,
571 2857 631 2904 ut
678 2850 871 2905 videre
918 2858 1001 2905 est
1050 2851 1107 2904 in
1162 2850 1306 2905 actis
1352 2855 1677 2905 sanctarum
1728 2850 2015 2918 Perpetua:
2064 2856 2117 2903 et
2148 2849 2451 2905 Felicitatis
2482 2848 2667 2919 (XXXV
2695 2849 2827 2901 Acta
2854 2846 3101 2905 sincera,
3136 2839 3386 2907 Ruinari,
3422 2854 3545 2907 pag.
3577 2835 3690 2907 87),

276 2953 409 3007 quis
471 2937 696 3005 publice
742 2940 799 2994 in
847 2940 1102 2995 collectis
1163 2939 1491 2994 legebantur
1542 2938 1890 3008 temporibus
1952 2940 2013 2994 D.
2066 2937 2369 3003 Augustini
2419 2939 2615 3003 (Serm.
2669 2935 2841 3002 280)?
2874 2934 3045 2995 Adde,
3079 2931 3223 3000 quod
3256 2932 3311 2981 S.
3370 2926 3689 2996 Cyprianus

275 3041 545 3095 expresse
601 3034 832 3091 asserat,
886 3028 1240 3084 confessores
1290 3029 1360 3083 de
1411 3028 1731 3083 imminenti
1773 3043 1972 3082 eorum
2024 3026 2287 3094 martyrio
2337 3041 2432 3095 per
2482 3026 2753 3080 visionem
2810 3038 2958 3091 saepe
3005 3018 3329 3075 admonitos
3358 3015 3531 3069 fuisse
3562 3012 3692 3081 (Cy-

275 3116 466 3183 prian.
501 3116 662 3184 epist.
699 3116 760 3170 lt
796 3124 850 3171 et
882 3116 989 3187 16).
1022 3120 1157 3170 Utut
1186 3124 1375 3171 autem
1432 3116 1549 3171 haec
1579 3117 1715 3183 sint,
1763 3123 1916 3172 certe
1959 3131 2159 3184 scOpus
2211 3115 2379 3184 hujus
2428 3121 2694 3168 tractatus
2728 3112 2829 3165 fuit
2858 3110 3007 3179 apud
3038 3105 3479 3167 'l‘ertullianum,
3528 3100 3692 3156 Chri-

273 3203 498 3258 stianos
550 3204 814 3275 ipsosque
843 3205 1281 3261 catechumenos
1313 3222 1345 3260 a
1388 3206 1732 3275 spectaculis
1781 3220 2034 3267 avocare,
2086 3204 2528 3258 demonstrando
2582 3216 2750 3271 quam
2800 3197 3183 3254 inverecunda
3216 3194 3329 3248 sint
3370 3187 3695 3259 hujusmodi

272 3290 715 3360 oblectamenta,
748 3310 890 3349 verae
923 3294 1116 3364 pietati
1147 3294 1438 3363 cultuique
1471 3293 1697 3348 sincero
1731 3309 1900 3363 quem
1953 3294 2063 3346 Deo
2115 3290 2408 3359 debemus,
2459 3290 2760 3354 contraria,
2812 3295 2977 3356 atque
3026 3285 3095 3339 iis
3136 3284 3302 3337 etiam
3336 3278 3542 3334 infesta
3599 3275 3698 3345 qui

274 3381 459 3436 fastus
487 3383 705 3451 mundi,
737 3383 1052 3453 voluptates
1097 3399 1163 3439 ac
1210 3382 1588 3440 idololatriam
1641 3384 1952 3450 ejurarunt.
2009 3381 2192 3436 Primo
2223 3383 2333 3436 duo
2364 3378 2685 3450 plausibilia
2728 3376 3087 3433 ethnicorum
3119 3374 3454 3439 argumenta
3508 3379 3697 3421 remo-

273 3477 388 3535 vet,
418 3486 657 3539 quorum
688 3473 937 3542 primum
964 3487 978 3529 :
1012 3473 1167 3528 Nihil
1198 3473 1510 3543 obstrepere
1538 3471 1807 3540 religioni
1836 3473 1895 3525 in
1924 3473 2115 3526 animo
2145 3472 2197 3524 et
2229 3471 2290 3524 in
2318 3470 2654 3525 conscientia
2699 3469 2854 3522 tanta
2900 3464 3100 3519 solatia
3148 3460 3517 3516 exstrinseous
3569 3468 3702 3543 ocu:

275 3559 483 3627 larum,
513 3561 601 3615 vel
629 3562 882 3629 aurium,
912 3578 1011 3618 nec
1034 3577 1159 3617 vero
1189 3564 1357 3617 Deum
1386 3561 1589 3633 offendi
1619 3561 1979 3618 oblectatione
2020 3560 2260 3615 hominis
2285 3576 2298 3627 ;
2347 3559 2662 3615 secundum
2696 3574 2709 3612 :
2762 3556 3119 3619 Christianos,
3177 3548 3503 3617 expeditum
3529 3526 3703 3642 mort;

274 3662 472 3717 genus,
506 3649 580 3704 ad
608 3650 757 3706 hanc
784 3652 1215 3707 obstinationem
1245 3632 1461 3706 erudiri
1502 3651 1856 3706 abdicatione
1904 3649 2263 3720 voluptatum,
2310 3662 2412 3719 quo
2460 3646 2689 3717 facilius
2740 3648 2913 3699 vitam
2959 3645 3340 3708 contemnant,
3394 3632 3674 3705 amputati

277 3737 444 3805 quasi
471 3740 797 3794 retinaculis
842 3740 978 3812 ejus.
1024 3740 1267 3811 Explosa
1315 3740 1446 3795 dein
1504 3738 1614 3794 alio
1656 3737 1893 3795 ridicula
1941 3737 2258 3807 objections
2288 3750 2655 3808 paganorum,
2690 3733 2836 3804 quod
2872 3732 3066 3788 omnia
3094 3744 3215 3799 quae
3248 3727 3462 3781 theatro
3520 3722 3699 3778 inser-

278 3824 465 3895 viunt,
493 3830 661 3895 terra,
689 3844 849 3895 saxa,
882 3828 1084 3895 leones,
1116 3828 1261 3883 vires
1291 3829 1554 3900 corporis,
1582 3829 1730 3882 vocis
1775 3827 2075 3883 suavitates
2131 3828 2242 3881 sint
2294 3841 2381 3881 res
2428 3841 2465 3880 a
2509 3824 2612 3879 Deo
2658 3827 2888 3888 creatae,
2936 3829 3102 3890 atque
3133 3823 3426 3888 propterea
3463 3827 3578 3867 non
3612 3825 3695 3900 re-

278 3914 616 3983 pudiandae,
667 3917 990 3987 exceptioni
1038 3898 1414 3987 quorumdam
1486 3915 1936 3972 Christianorum
1981 3916 2381 3979 asserentium,
2434 3913 2497 3969 in
2540 3912 2826 3981 Scriptura
2874 3923 3033 3964 sacra
3091 3904 3299 3961 nullibi
3356 3898 3696 3972 spectaculis

277 4004 485 4059 adesse
533 4020 795 4075 expresse
851 4004 1158 4077 prohiberi,
1191 4005 1430 4078 opponit
1460 4004 1559 4061 illa
1611 4006 1747 4076 regii
1777 4005 2106 4075 Prophetas:
2158 4007 2355 4061 Beatus
2384 4004 2490 4070 vir,
2522 4003 2620 4074 qui
2642 4017 2753 4056 non
2782 4001 2926 4056 abiit
2955 4000 3014 4053 in
3045 3995 3340 4053 concilium
3370 3992 3694 4063 impiorum,

279 4100 333 4147 et
364 4094 424 4147 in
448 4092 543 4147 via
566 4098 915 4165 peccatorum
944 4110 1054 4150 non
1083 4096 1250 4165 stetit,
1282 4102 1336 4151 et
1366 4096 1429 4150 in
1457 4095 1721 4151 cathedra
1746 4093 2091 4167 pestilentiae
2120 4111 2231 4151 non
2256 4093 2394 4151 sedit
2424 4092 2594 4161 (Psal.
2630 4109 2668 4154 1,
2704 4090 2778 4161 1).
2819 4087 2988 4144 Addit
3017 4086 3149 4142 dein
3187 4083 3256 4138 ad
3309 4081 3455 4137 hanc
3501 4078 3696 4167 fugam

278 4182 464 4237 teneri
498 4163 713 4252 fideles,
747 4182 881 4254 quia
926 4199 1129 4254 aquam
1176 4163 1422 4256 ingressi
1468 4183 1637 4240 tidem
1692 4163 1931 4256 professi
1984 4190 2137 4251 sunt,
2183 4191 2236 4240 et
2297 4182 2650 4239 renuntiasse
2695 4176 2921 4234 diabolo
2980 4182 3030 4231 et
3089 4189 3313 4245 pompas
3369 4177 3425 4226 et
3477 4163 3696 4256 angelis

279 4269 409 4338 ejus
456 4284 553 4325 ore
584 4284 685 4326 suo
716 4270 1013 4328 contestati
1045 4275 1197 4339 sunt,
1230 4254 1285 4329 et
1316 4272 1480 4328 ludos
1507 4287 1572 4328 ac
1604 4254 1923 4343 spectacula
1968 4273 2034 4327 ad
2077 4270 2453 4328 idololatriam
2510 4268 2796 4342 pertinere
2844 4265 3112 4329 afﬁrmat,
3167 4279 3201 4317 a
3259 4276 3367 4332 qua
3417 4254 3695 4343 originem

279 4373 446 4412 suam
484 4359 719 4415 traxisse
756 4360 1124 4428 demonstrat,
1157 4341 1926 4432 atqneludorummomina,
1979 4362 2308 4417 eorumdem
2360 4341 2689 4431 apparatum
2744 4354 3183 4418 idololatricum,
3244 4350 3370 4405 loca
3423 4341 3696 4432 supersti-

278 4446 429 4501 tiosa
467 4451 525 4502 et
567 4456 715 4503 artes
765 4456 1039 4504 recenset.
1091 4449 1171 4505 De
1216 4431 1368 4506 circo
1414 4450 1698 4506 disserens
1753 4451 1863 4506 ait:
1916 4451 2170 4520 quamvis
2218 4451 2405 4505 circus
2446 4448 2609 4503 idolis
2640 4456 2692 4503 et
2723 4446 2903 4519 signis
2932 4438 3332 4512 superstitiosis
3385 4440 3531 4491 esset
3586 4431 3694 4486 im-

280 4536 495 4605 pletus,
528 4536 907 4594 nihilominus
946 4538 1295 4595 Christianos
1318 4546 1472 4595 extra
1526 4540 1976 4609 spectaculorum
2030 4546 2252 4611 tempus
2310 4539 2435 4594 sine
2481 4536 2720 4593 crimine
2755 4550 2917 4606 posse
2971 4534 3207 4597 intrare,
3270 4528 3415 4584 sicut
3470 4525 3531 4579 in
3574 4522 3698 4592 ipsa

279 4625 495 4695 templa
522 4625 823 4695 intrarent,
858 4627 906 4683 si
944 4642 1112 4684 causa
1163 4627 1415 4684 intrandi
1464 4628 1632 4699 culpa
1680 4636 1863 4686 vacet.
1914 4628 1997 4685 De
2042 4628 2193 4684 circo
2239 4627 2440 4682 transit
2485 4626 2555 4680 ad
2604 4624 2880 4679 theatrum
2928 4618 3338 4691 particulariter
3394 4611 3600 4669 Veneri
3645 4616 3698 4666 et

280 4714 507 4770 Baccho
536 4722 976 4785 consecratum;
1008 4716 1141 4773 inde
1195 4717 1267 4772 ad
1304 4717 1647 4774 athletarum
1697 4717 2006 4774 certamina
2052 4732 2154 4773 suo
2203 4730 2437 4787 quaeque
2468 4712 2692 4768 numini
2735 4718 2973 4778 sacrata,
3007 4717 3061 4765 et
3089 4708 3334 4776 denique
3363 4703 3432 4761 ad
3478 4699 3698 4773 gladia-

279 4809 453 4869 tores,
487 4804 583 4873 qui
612 4819 770 4860 suam
803 4805 1028 4875 pompis
1075 4804 1328 4861 funereis
1367 4806 1642 4875 originem
1695 4803 2017 4872 debebant;
2072 4805 2270 4859 ultima
2316 4804 2435 4858 haec
2465 4800 2784 4872 spectacula
2813 4800 2880 4854 ad
2913 4796 3393 4865 amphitheatrum
3450 4788 3700 4862 pertine-

277 4891 435 4948 bant.
476 4890 584 4948 Sed
618 4900 824 4964 prazter
851 4893 1252 4961 idololatriam,
1305 4907 1533 4949 causam
1581 4893 1978 4965 principalem,
2028 4892 2171 4948 alias
2214 4892 2402 4948 adhuc
2445 4895 2851 4947 commemorat
2886 4888 3153 4951 rationes,
3185 4883 3256 4940 ob
3287 4897 3424 4953 quas
3480 4883 3696 4949 specta-

273 4980 411 5038 cula
438 4998 473 5036 a
503 4980 837 5038 Christianis
868 4982 1097 5039 vitanda
1126 4982 1260 5051 sint,
1288 4981 1603 5053 periculum
1633 4980 1853 5038 scilicet
1881 4980 2180 5037 amittendi
2209 4978 2483 5052 Spiritum
2510 4985 2769 5035 sanctum
2822 4976 2882 5031 in
2930 4973 3317 5031 commotione
3363 4967 3694 5053 passionum

269 5076 642 5139 nostrarum;
677 5071 943 5127 damnum
970 5072 1232 5144 temporis
1279 5052 1601 5129 Christiano
1649 5072 1788 5127 adeo
1836 5070 2088 5143 pretiosi,
2138 5070 2396 5141 injurias,
2443 5068 2765 5132 maledicta,
2815 5063 3132 5122 calumnias
3180 5070 3235 5117 et
3282 5056 3556 5117 convicia.
3609 5052 3693 5109 Ibi

270 5163 486 5233 quippe
516 5162 749 5234 publice
780 5163 975 5219 omnia
1004 5163 1251 5220 nefanda
1283 5162 1759 5236 producebantur,
1819 5178 1945 5233 quae
1993 5160 2129 5217 alibi
2212 5177 2437 5218 summa
2466 5176 2601 5217 cura
2656 5157 3065 5216 ccultabantur.
3126 5156 3412 5221 Quantum
3470 5166 3501 5203 a
3557 5161 3694 5236 sana

268 5251 495 5307 ratione
522 5251 843 5321 abhorreat,
876 5252 1145 5320 ostendit,
1178 5268 1243 5308 ea
1273 5234 1335 5308 in
1367 5252 1700 5323 tpectaculis
1729 5251 1935 5323 cupide
1964 5267 2237 5323 quaerere.
2283 5266 2409 5321 quae
2447 5250 2507 5305 in
2552 5248 2768 5319 reliquo
2814 5247 2940 5301 vitae
2985 5242 3330 5301 commercio
3358 5239 3549 5295 videre
3606 5234 3693 5290 vel

267 5340 631 5397 committere
659 5340 844 5410 pudor
873 5344 932 5396 et
960 5339 1162 5397 horror
1197 5345 1414 5396 vetant.
1470 5340 1613 5397 Tum
1645 5340 1797 5397 629
1849 5341 2069 5411 pergit:
2117 5345 2319 5396 Rerum
2362 5355 2556 5395 earum
2605 5338 2939 5410 imaginem,
2991 5351 3127 5406 quas
3170 5337 3355 5405 [acere
3402 5343 3515 5383 non
3566 5325 3691 5379 licet

262 5428 463 5483 videre
490 5443 602 5482 non
630 5429 876 5499 expedit:
918 5433 1081 5500 atque
1111 5428 1391 5500 Tragaedia
1422 5428 1696 5485 horrenda
1745 5430 2007 5498 crimina,
2044 5431 2100 5485 in
2134 5428 2411 5485 Gomazdia
2441 5428 2727 5483 lasciviam
2750 5431 3115 5497 spectatorum
3162 5422 3338 5480 oculis
3394 5414 3685 5473 cxhibetis.

266 5517 564 5573 Hominem
596 5520 814 5573 ratione
837 5518 1163 5590 praditum,
1195 5517 1472 5573 crudelem
1500 5526 1551 5573 et
1596 5534 1790 5574 saevum
1822 5534 1939 5575 esse
1984 5535 2095 5574 non
2145 5520 2311 5587 decet,
2357 5534 2489 5589 ergo
2532 5519 2699 5572 etiam
2744 5519 2963 5587 aspectu
3010 5512 3254 5577 horrido,
3301 5510 3396 5565 ubi
3437 5504 3685 5560 homines

266 5606 631 5663 trucidantur
658 5606 924 5662 delectari
949 5623 1060 5663 non
1089 5606 1255 5675 decet,
1288 5610 1538 5679 quamvis
1568 5610 1737 5663 etiam
1765 5610 1955 5664 necati
1996 5610 2207 5680 fuerint
2262 5612 2437 5663 morte
2490 5608 2558 5662 ob
2602 5606 2809 5661 scelera
2856 5605 3029 5676 digni.
3065 5606 3326 5659 Insanum
3354 5604 3458 5663 est,
3506 5594 3683 5647 artem

264 5697 434 5751 illam
463 5698 662 5765 magni
687 5697 893 5767 facere,
924 5699 1081 5769 cujus
1105 5699 1278 5769 periti
1301 5698 1366 5753 ob
1396 5698 1658 5767 infamiae
1684 5705 1883 5754 notam
1911 5698 2260 5753 honestorum
2290 5697 2575 5751 hominum
2606 5696 2866 5750 societate
2894 5693 3289 5749 exeluduntur.
3323 5686 3460 5741 Exin
3498 5682 3679 5736 larva-

268 5792 463 5841 torum
492 5786 834 5856 proterviam
864 5785 1139 5858 increpat,
1173 5786 1438 5857 virisque,
1468 5786 1567 5856 qui
1598 5793 1780 5842 vestes
1829 5783 2135 5845 muliebres
2179 5791 2557 5852 assumerent,
2611 5782 2946 5841 intentatam
3001 5799 3035 5837 a
3066 5787 3177 5837 Deo
3220 5773 3681 5833 maledictionctn
