4094 6186
215 254 331 317 703

217 388 367 443 hanc
398 386 853 443 obstinationem
887 388 964 460 (6)
997 386 1363 443 abdicatione
1382 386 1751 460 voluptatum
1786 388 1863 460 (7)

217 476 457 541 erudiri,
492 493 607 549 quo
639 476 867 532 facilius
894 477 1073 532 vitam
1106 481 1505 544 contemnant,
1547 477 1871 549 amputatis

219 567 386 637 quasi
413 565 754 621 retinaculis
784 566 936 635 ejus,
995 583 1066 622 ne
1121 567 1472 633 desiderent,
1533 583 1708 638 quam
1746 567 1870 636 jam

217 671 641 726 supervacuam
680 656 702 691 ⁸
733 655 842 709 sibi
877 656 1119 711 fecerint
1147 657 1167 691 ⁷
1201 674 1214 711 :
1249 661 1313 710 ut
1355 657 1464 711 hoc
1495 656 1738 711 consilio
1771 672 1874 727 po-

217 745 338 799 tius
366 750 425 799 et
455 744 714 799 humano
748 749 1079 815 prospectu,
1116 763 1232 801 non
1293 746 1487 801 divino
1533 745 1872 817 praescripto

221 834 533 889 definitum
566 834 955 889 existimetur.
986 835 1225 907 Pigebat
1273 834 1495 890 scilicet
1530 834 1706 890 etiam
1739 851 1874 905 per-

221 927 557 978 severantes
608 924 664 978 in
716 924 891 978 tantis
948 922 1350 995 voluptatibus
1407 929 1644 996 propter
1692 930 1873 979 Deum

224 1013 394 1067 mori.
429 1014 775 1083 Quanquam
809 1014 920 1069 etsi
953 1013 1032 1069 ita
1061 1018 1235 1078 esset,
1271 1019 1387 1070 tam
1420 1016 1440 1049 ⁸
1471 1019 1604 1086 apto
1630 1014 1874 1070 consilio

221 1106 401 1157 tantae
424 1102 742 1158 obstinatio
775 1101 1095 1174 disciplinis
1122 1104 1371 1160 debebat
1400 1104 1768 1176 obsequium.

906 1246 1141 1303 CAPUT
1175 1248 1245 1303 II.

290 1371 427 1426 Jam
454 1387 590 1426 vero
622 1386 794 1427 nemo
824 1376 933 1436 est,
968 1373 1067 1443 qui
1126 1390 1243 1428 non
1298 1374 1406 1429 hoc
1464 1391 1695 1447 quoque
1732 1392 1877 1447 prae-

225 1462 430 1517 tendat
459 1459 613 1532 (Gen.
645 1460 705 1532 ι),
740 1461 939 1517 omnia
972 1479 1003 1516 a
1046 1466 1156 1518 Deo
1187 1463 1481 1531 instituta,
1542 1470 1598 1521 et
1653 1464 1878 1520 homini

224 1550 513 1605 attributa
542 1549 718 1620 (sicut
746 1550 1178 1621 praadicamus),
1203 1557 1258 1607 et
1289 1553 1494 1625 utique
1519 1555 1879 1610 bonaomnia

224 1643 289 1694 ut
320 1638 461 1693 boni
495 1638 840 1694 auctoris“:
895 1640 1048 1695 inter
1104 1640 1224 1696 haec
1284 1643 1553 1713 deputari
1608 1643 1880 1699 universa

225 1729 357 1795 ista,
392 1743 462 1783 ex
487 1728 705 1799 quibus
735 1730 1071 1800 spectacula
1130 1730 1529 1801 instruuntur,
1581 1733 1801 1789 circum
1835 1735 1880 1768 ¹ο

226 1817 390 1873 verbi
423 1817 632 1889 gratia,
667 1822 723 1873 et
751 1818 1001 1885 leonem,
1034 1824 1092 1875 et
1147 1820 1301 1875 vires
1331 1822 1609 1893 corporis,
1646 1827 1701 1877 et
1728 1823 1885 1878 vocis

229 1907 571 1962 suavitates.
607 1906 792 1977 Igitur
821 1923 1010 1979 neque
1040 1907 1294 1965 alienum
1327 1909 1508 1965 videri
1566 1928 1757 1983 posse,
1793 1929 1887 1967 ne-

231 2012 344 2068 que
373 1995 683 2051 inimicum
717 1996 815 2052 Dei
877 1999 944 2061 “,
979 1999 1131 2069 quod
1160 2000 1230 2054 de
1270 1999 1602 2055 conditione
1663 2006 1888 2058 constet

230 2085 468 2158 ipsius:
500 2101 686 2159 neque
724 2085 1051 2143 cultoribus
1113 2088 1209 2144 Dei
1265 2090 1567 2144 vitandum
1601 2091 1667 2161 η,
1729 2092 1885 2162 quod

232 2176 330 2232 Dei
364 2192 484 2231 non
510 2175 587 2230 sit
616 2175 947 2245 inimicnm,
980 2178 1117 2249 quia
1148 2196 1253 2235 nec
1285 2180 1558 2237 alienum.
1607 2180 1782 2236 Plane
1829 2186 1887 2237 et

230 2266 373 2338 ipszs
409 2264 835 2321 exstructiones
882 2267 1168 2335 locorum,
1202 2270 1358 2341 quod
1392 2287 1550 2341 saxa,
1585 2272 1737 2341 quod
1772 2288 1885 2325 cae-

233 2358 454 2422 menta,
497 2356 653 2426 quod
688 2373 1002 2423 marmora,
1064 2360 1217 2430 quod
1278 2358 1583 2424 columnas,
1646 2362 1740 2415 Dei
1797 2378 1886 2416 res

230 2450 388 2512 sunt,
424 2444 525 2515 qui
558 2462 625 2500 ea
667 2447 736 2501 ad
768 2447 1226 2502 instrumentum
1260 2453 1425 2504 terras
1458 2450 1619 2504 dedit
1652 2466 1665 2504 :
1702 2451 1801 2505 sed
1832 2456 1889 2506 et

229 2533 342 2605 ipsi
376 2539 548 2589 actus
580 2534 693 2589 sub
718 2535 861 2589 ccelo
925 2536 1020 2590 Dei
1076 2538 1505 2609 transiguntur.
1566 2541 1750 2602 Quam
1791 2556 1883 2594 sa-

232 2622 401 2693 piens
415 2622 880 2693 argumentatrix
893 2623 1005 2678 sibi
1024 2625 1595 2697 videturignorantia
1608 2626 1821 2682 human
1834 2644 1885 2695 a,

232 2710 559 2782 praesertim
591 2727 723 2766 cum
759 2710 981 2784 aliquid
1014 2714 1305 2783 ejusmodi
1338 2716 1408 2770 de
1442 2715 1673 2787 gaudiis
1730 2722 1786 2770 et
1818 2718 1888 2771 de

233 2799 525 2855 fructibus
556 2799 753 2855 szeculi
787 2801 994 2856 metuit
1026 2803 1293 2859 amittere
1327 2803 1339 2858 t
1374 2804 1576 2860 Plures
1634 2804 1887 2875 denique

237 2886 524 2954 invenias,
558 2904 705 2959 quos
736 2889 926 2961 magis
957 2891 1282 2962 periculum
1339 2892 1677 2965 voluptatis,
1711 2909 1888 2964 quam

235 2976 388 3044 vitae,
424 2982 623 3032 avocet
650 2978 723 3033 ab
757 2978 864 3033 hac
886 2984 1060 3035 secta.
1094 2980 1238 3037 Nam
1270 2986 1517 3037 mortem
1540 2981 1717 3037 etiam
1744 2984 1890 3038 stul-

238 3070 333 3121 tus
365 3070 429 3120 ut
459 3066 716 3121 debitam
749 3084 865 3122 non
897 3068 1242 3139 extimescit,
1302 3070 1669 3143 voluptatum
1712 3072 1889 3127 etiam

1582 254 1683 313 DE
1725 250 2277 315 SPEC’I‘ACULIS.

3507 259 3627 319 706

1897 409 1951 477 Α
1981 387 2396 460 mancipatam.
2430 388 2539 477 Sed
2572 388 2708 459 quia
2737 403 2850 443 non
2885 387 3117 459 penitus
3170 387 3353 445 Deum
3411 393 3631 447 norunt

1986 478 2138 534 682
2173 478 2285 532 nisi
2318 476 2747 548 naturalijure,
2810 494 2923 532 non
2979 478 3155 533 etiam
3214 478 3508 551 familiari,
3559 481 3631 536 de

1983 566 2324 640 longinquo,
2358 584 2473 623 non
2507 567 2576 622 de
2610 567 2913 639 proximo;
2950 582 3185 623 necesse
3246 573 3333 623 est
3364 569 3633 641 ignorent

1983 656 2236 728 qualiter
2266 656 2667 712 administrari
2703 660 2801 710 aut
2824 656 3033 726 jubeat
3064 674 3137 711 au
3168 657 3471 728 prohibeat
3503 677 3629 732 quae

1983 747 2244 803 instituit
2282 748 2345 815 Η,
2379 746 2557 801 simul
2590 746 2722 818 quis
2754 746 2830 801 sit
2884 746 3136 801 aemulus
3188 747 3229 781 ¹⁶
3284 763 3353 803 ex
3382 748 3630 819 diverso,

1985 836 2382 893 adulterandis
2415 836 2622 891 usibus
2653 835 2861 892 divina:
2894 836 3265 904 conditionis,
3287 837 3426 909 quia
3448 853 3635 910 neque

1986 927 2367 993 voluntatem,
2402 942 2589 997 neque
2613 926 3011 981 adversarium
3043 926 3272 982 noveris
3303 928 3635 998 ejus,quem

1987 1016 2185 1071 minus
2217 1017 2465 1071 noveris.
2490 1015 2615 1070 Non
2649 1031 2783 1087 ergo
2816 1014 2924 1070 hoc
2972 1014 3163 1070 solum
3198 1016 3634 1088 respiciendum

1987 1109 2095 1175 est,
2130 1122 2245 1178 quo
2278 1106 2320 1141 1⁸
2352 1106 2549 1160 omnia
2581 1104 2700 1160 sint
2731 1104 3020 1169 instituta,
3086 1106 3185 1161 sed
3247 1123 3281 1161 a
3340 1122 3454 1177 quo
3500 1124 3637 1162 con-

1986 1212 2174 1250 versa.
2214 1196 2297 1250 Ita
2327 1195 2480 1250 enim
2513 1194 2816 1266 apparebit
2843 1194 3013 1263 cujus
3049 1195 3089 1231 1⁷
3120 1194 3173 1249 vi
3195 1194 3313 1251 sint
3345 1196 3642 1265 instituta,

1989 1286 2038 1341 si
2071 1288 2347 1356 appareat
2378 1285 2545 1355 cujus
2578 1284 2697 1339 sint
2754 1283 2815 1338 ³⁸.
2876 1282 3125 1339 Multum
3181 1284 3426 1341 interest
3487 1285 3642 1341 inter

1988 1373 2376 1445 corruptelam
2400 1379 2457 1427 et
2482 1372 2899 1445 integritatem,
2936 1372 3072 1443 quia
3096 1372 3345 1428 multum
3380 1378 3469 1429 est
3491 1374 3644 1430 inter

1990 1463 2380 1518 institutorem
2415 1468 2471 1517 et
2528 1461 3029 1533 interpolatorem.
3092 1463 3376 1518 Caeterum
3436 1480 3642 1520 omnes

1990 1552 2214 1624 species
2246 1551 2556 1616 malorum,
2588 1567 2713 1622 qua:
2737 1551 2815 1623 (8)
2845 1551 3019 1605 etiam
3051 1550 3264 1606 ethnici
3298 1556 3362 1606 ut
3396 1552 3439 1588 ¹⁹
3468 1552 3641 1607 indu-

1990 1642 2173 1697 bitata
2202 1646 2257 1696 et
2290 1640 2597 1713 prohibent
2625 1645 2680 1695 et
2729 1640 3072 1704 defendunt,
3133 1657 3201 1695 ex
3233 1640 3507 1712 operibus
3540 1641 3641 1697 Dei

1993 1735 2285 1787 constant.
2324 1730 2424 1785 Vis
2459 1731 2504 1764 ²⁰
2561 1729 2941 1784 homicidium
2993 1728 3163 1795 ferro,
3224 1746 3460 1793 veneno,
3518 1747 3641 1786 ma-

1995 1820 2139 1892 gicis
2171 1818 2638 1873 devinctionibus
2669 1818 2744 1890 (9)
2780 1817 2974 1890 perfici
3011 1818 3081 1875 ’1.
3113 1819 3253 1873 Tam
3291 1819 3505 1874 ferrum
3540 1820 3642 1876 Dei

1997 1926 2087 1965 res
2114 1914 2225 1973 est,
2258 1925 2432 1980 quam
2468 1907 2680 1975 herbae,
2714 1924 2890 1978 quam
2927 1907 3149 1979 angeli:
3204 1909 3491 1980 numquid
3552 1914 3641 1965 ta-

1997 2016 2128 2053 men
2150 1999 2207 2052 in
2234 1998 2490 2053 hominis
2525 2013 2723 2053 necem
2744 2002 2945 2052 auctor
2962 1997 3075 2052 ista
3094 1998 3395 2069 providit?
3424 2000 3641 2072 Atquin

1996 2103 2228 2142 omnem
2259 2086 2561 2142 homicidii
2595 2086 2848 2158 speciem
2882 2103 2995 2141 uno
3055 2092 3109 2141 et
3155 2088 3462 2161 principali
3496 2106 3644 2161 prai-

1996 2181 2160 2247 cepto
2194 2175 2519 2231 interemit:
2551 2177 2666 2230 Non
2717 2176 2928 2230 occides
2979 2176 3169 2246 (Exod.
3229 2180 3343 2245 xx).
3400 2176 3649 2233 Proinde

1997 2280 2230 2333 aurum,
2266 2281 2367 2331 aes,
2398 2270 2727 2335 argentum,
2762 2265 2925 2327 ebur,
2962 2264 3208 2334 lignum.
3260 2270 3316 2318 et
3374 2282 3646 2335 quacun-

1996 2370 2108 2424 que
2140 2353 2493 2408 fabricandis
2552 2353 2725 2408 idolis
2757 2354 2999 2407 materia
3056 2359 3343 2424 caplatur,
3405 2356 3536 2425 quis
3587 2356 3647 2409 in

1997 2442 2208 2498 saeculo
2237 2442 2450 2513 posuit,
2498 2442 2611 2497 nisi
2645 2442 2842 2496 saeculi
2874 2447 3077 2497 auctor
3108 2442 3261 2497 Deus
3283 2443 3310 2497 ’ἲ
3346 2443 3645 2515 Numquid

1996 2536 2189 2587 tamen
2219 2536 2281 2585 ut
2323 2531 2440 2585 haec
2470 2531 2749 2586 adversus
2795 2530 2991 2602 ipsum
3044 2532 3400 2587 adorentur?
3429 2533 3649 2605 Atquin

1997 2637 2231 2677 sum'na
2263 2620 2503 2675 offensio
2549 2619 2596 2655 ²²
2654 2620 2984 2674 idolotatria
3042 2624 3151 2675 est.
3200 2622 3345 2686 Quid
3402 2639 3517 2677 non
3553 2624 3650 2678 Dei

1998 2714 2107 2776 est,
2133 2709 2286 2780 quod
2340 2714 2518 2762 Deum
2547 2708 2835 2763 offendit?
2893 2709 3002 2763 Sed
3050 2726 3181 2762 cum
3242 2711 3502 2777 offendit,
3552 2711 3651 2768 Dei

1998 2812 2124 2851 esse
2172 2794 2347 2850 desiit
2392 2802 2497 2861 ;et
2551 2810 2685 2849 cum
2738 2794 2932 2858 desiit,
2981 2794 3240 2850 offendit.
3303 2797 3427 2867 Ipse
3476 2796 3650 2851 homo

2000 2885 2264 2940 omnium
2299 2882 2653 2954 flagitiorum
2680 2886 2839 2937 actor
2863 2884 2928 2952 ’3,
2954 2900 3068 2938 non
3100 2888 3329 2939 tantum
3349 2902 3494 2956 opus
3526 2885 3651 2953 Dei,

1998 2991 2199 3030 verum
2234 2973 2408 3028 etiam
2443 2972 2634 3043 imago
2665 2976 2754 3027 est
2783 2972 2917 3044 (l0),
2951 2977 3007 3027 et
3038 2977 3233 3027 tamen
3293 2989 3532 3045 corpore
3587 2978 3645 3029 et

2001 3064 2208 3137 spiritu
2244 3061 2485 3117 descivit
2527 3062 2572 3095 "
2601 3079 2634 3117 a
2691 3078 2796 3117 suo
2855 3062 3210 3119 institutore.
3242 3066 3440 3134 Neque
3495 3062 3650 3119 enim

239 3155 479 3228 sapiens
507 3160 573 3211 ut
599 3160 826 3211 tantam
860 3156 904 3191 ¹³
936 3175 1050 3214 non
1083 3161 1418 3231 contemnit,
1453 3177 1586 3215 cum
1631 3160 1748 3217 alia
1778 3179 1893 3217 non
1926 3154 1968 3221 C
2008 3152 2207 3209 oculos
2238 3153 2307 3207 ad
2342 3150 2843 3222 concupiscentias
2876 3152 2920 3185 ²⁵
2951 3151 3337 3222 sumpsimus,
3398 3168 3583 3221 neque
3611 3153 3655 3187 ³ο

234 3245 310 3301 sit
352 3249 412 3300 et
442 3244 625 3301 stulto
655 3250 713 3301 et
743 3246 993 3318 sapienti
1046 3249 1172 3303 vitae
1212 3252 1420 3321 gratia,
1455 3250 1567 3305 nisi
1599 3250 1886 3322 voluptas.

235 3333 416 3389 Nemo
451 3338 645 3405 negat,
680 3334 822 3406 quia
854 3352 1024 3391 nemo
1055 3337 1281 3407 ignorat
1312 3340 1468 3409 quod
1503 3338 1654 3394 ultro
1678 3346 1889 3396 natura

233 3424 521 3496 suggerit,
574 3428 755 3478 Deum
826 3440 956 3480 esse
1046 3428 1440 3484 univcrsitatis
1500 3430 1886 3503 conditorem,

233 3527 481 3584 eamque
514 3511 955 3569 universitatem
986 3518 1106 3570 tam
1165 3516 1403 3588 bonam,
1449 3533 1629 3590 quam
1661 3518 1888 3575 homini

2000 3244 2263 3316 linguam
2288 3243 2360 3297 ad
2396 3241 2830 3313 maliloquium,
2860 3250 3100 3296 etaures
3118 3242 3187 3295 ad
3215 3241 3657 3311 exceptaculum

2001 3333 2347 3404 maliloquii,
2380 3338 2437 3387 et
2467 3330 2663 3404 gulam
2699 3332 2768 3386 ad
2793 3330 2942 3402 gulae
2974 3331 3193 3385 crimen
3239 3331 3374 3401 (11),
3407 3335 3463 3385 et
3520 3345 3655 3386 ven-

1999 3432 2145 3480 trem
2173 3424 2240 3478 ad
2275 3421 2425 3495 gulae
2454 3422 2785 3476 satietatem
2822 3422 2886 3489 υ,
2922 3426 2977 3475 et
3009 3420 3285 3491 genitalia
3335 3421 3405 3475 ad
3459 3436 3658 3476 exces-

1999 3532 2101 3571 sus
2133 3511 2538 3586 impudicitizs,
2571 3516 2628 3565 et
2658 3526 2872 3567 manus
2922 3510 2990 3565 ad
3026 3510 3164 3581 vim,
3226 3513 3283 3565 et
3314 3525 3556 3583 gressus
3587 3509 3661 3565 ad

1620 3671 1827 3734 Varia:
1858 3670 2173 3732 lectiones.

302 3799 324 3833 ⁸
354 3799 801 3875 Supervacuum
828 3802 958 3856 Jun.
1003 3803 1188 3858 Paris.
1221 3805 1241 3838 ⁷
1273 3805 1551 3860 Fecerant
1579 3807 1705 3861 Jun.
1767 3807 2029 3861 fecerunt
2090 3802 2326 3875 Rigalt8
2358 3801 2751 3875 Quamquam
2810 3804 2913 3875 et,_
2941 3799 3016 3875 si
3042 3799 3133 3875 ita
3181 3805 3353 3856 esset.
3383 3803 3525 3857 Tam
3554 3804 3657 3856 etc.

234 3868 681 3946 distinguitlun.
715 3873 736 3907 ⁸
766 3873 943 3946 Bona,
977 3880 1042 3930 ut
1070 3877 1270 3931 omnia
1294 3878 1427 3932 boni
1461 3882 1718 3933 auctoris
1769 3881 1899 3946 Rig.
1957 3878 1998 3912 ¹⁰
2058 3868 2286 3946 Equum
2348 3874 2544 3946 Rigalt.
2590 3868 2646 3946 ’ξί
2708 3873 2821 3927 Deo
2880 3872 3061 3946 Paris.
3115 3874 3321 3941 Rigalt.
3364 3875 3661 3946 'erutan-

232 3941 589 4027 dumhl’a‘fii.
624 3960 812 4027 neque
843 3945 1025 4027 culpa:
1079 3948 1713 4027 deputandumRigalt:
1748 3950 1793 4027 f3
1825 3941 2133 4027 Utendum'
2169 3949 2295 4027 Jun.
2340 3941 2894 4027 :VAdmimistr‘ari
2936 3946 3350 4027 ᾶυῦεῗεὶῒεμίὶιξφ
3381 3945 3665 4027 ,ξυῇῖίίυίῖ

234 4013 433 4081 Rigalt.
470 4015 511 4048 ¹⁸
541 4014 678 4091 Quae
700 4013 786 4072 vis
816 4013 1028 4091 aemula
1048 4036 1123 4091 ex
1152 4013 1399 4076 adverso
1429 4013 1634 4091 Rigalt.
1670 4022 1711 4057 ³⁸
1732 4024 1776 4076 Α

570 4015 678 4097 luas
700 4015 786 4072 vis
813 4015 1399 4103 .aa'mul‘a'exﬁdvcrso
1429 4015 1634 4103 Rigalt.
1670 4022 1923 4103 'fAAqu‘o
1963 4022 2158 4103 thuv.
2422 4017 2627 4103 .Rig't‘zla
2952 4016 3421 4103 usui".lil.'g'ttlt.n.‘°
3450 4016 3510 4103 ‘e‘i
3566 4033 3663 4103 ap-

235 4088 748 4161 pareat‘cuinon
806 4090 919 4159 Rig.
978 4090 1396 4161 “Indubitate,
1454 4088 1627 4148 Sbml.
1690 4094 1734 4127 ²⁰
1794 4088 1969 4148 Vides
2026 4094 2152 4147 Jun.
2236 4088 2603 4161 PerlicigRig

2686 4087 2729 4120 ²²
2792 4087 3022 4141 Olfensa
3085 4087 3284 4156 Rigalt.
3346 4087 3391 4123 93
3447 4090 3664 4141 Auctor

235 4158 634 4237 Panis._Rig._“
666 4161 733 4215 Et
774 4158 963 4217 tamen
988 4178 1227 4235 corpore
1250 4170 1306 4220 et
1338 4158 1550 4237 spiritu
1576 4165 1752 4221 desiit
1785 4166 1906 4233 Rig.
1956 4165 2001 4199 ³⁵
2029 4159 2578 4233 Concupiscentiam
2616 4160 2741 4231 Rig.
2768 4160 2811 4193 ³⁸
2843 4160 2905 4215 Et
2942 4160 3122 4228 Rig.27
3154 4159 3497 4216 Societatcm
3532 4161 3661 4215 Jun.

234 4243 299 4283 ex
321 4231 387 4285 Μ.
413 4230 469 4285 s.
506 4232 627 4301 Rig.

1657 4333 2178 4397 Commentarius.

301 4462 488 4533 (6)Ad
515 4463 664 4518 hanc
691 4465 1161 4522 obstinationem.
1223 4468 1554 4526 Familiaris
1614 4475 1706 4525 est
1754 4486 1888 4525 auc-

234 4533 339 4611 tori
370 4550 478 4611 vox
498 4536 791 4611 obstinatio
824 4538 878 4591 in
913 4538 1126 4611 bonam
1162 4545 1408 4611 partem.
1445 4559 1543 4611 pro
1565 4544 1892 4611 constantia,

2048 4485 2108 4523 ro
2138 4467 2431 4539 ligaturis,
2462 4466 2531 4520 de
2557 4465 2768 4539 quibus
2819 4463 2995 4539 latius
3048 4464 3150 4520 lib.
3211 4466 3275 4520 tle
3308 4467 3525 4539 .lnima.
3590 4467 3660 4523 Et

2048 4486 2108 4523 ro
2140 4486 2431 4539 ngaturns,
2462 4486 2531 4520 ue
2557 4486 2768 4535 qumus
2819 4486 2995 4519 iauus
3050 4486 3150 4520 nn.
3211 4486 3275 4520 ue
3308 4486 3525 4521 .mzma.
3591 4486 3658 4523 nc

2006 4486 2099 4595 hic
2133 4556 2262 4594 vero
2298 4539 2539 4610 pulchra
2572 4542 2659 4591 est
2693 4536 2909 4591 Genelli
2946 4539 3290 4607 castigatio:
3322 4542 3384 4594 In
3416 4538 3658 4594 hominis

236 4604 406 4684 sicuti
438 4611 495 4661 et
523 4608 679 4679 apud
730 4610 1019 4678 Tacitum,
1082 4603 1182 4667 lib'.
1243 4629 1319 4678 1x,
1382 4603 1685 4669 Obstinalio
1741 4603 1890 4684 fidei:
1926 4603 1973 4665 Β
2004 4626 2188 4684 πείθω
2219 4603 2437 4677 auctor,
2476 4627 2576 4681 pro
2608 4612 2664 4663 in
2689 4624 2813 4663 nece
2845 4616 2923 4663 est
2972 4603 3181 4665 auctor.
3241 4611 3318 4664 Ex
3350 4614 3453 4666 Ms.
3491 4611 3667 4684 paulo

235 4676 375 4731 Pax.

238 4817 248 4827 .
302 4749 385 4829 (7)
443 4749 819 4829 Abdicatione.
865 4754 1225 4829 voluptatum.
1288 4754 1627 4827 Vagabatur
1684 4757 1899 4829 dogma

236 4822 389 4900 inter
418 4822 668 4892 gentiles
702 4822 1106 4900 philosophos,
1141 4822 1655 4900 _utpote"magnos
1689 4822 1896 4900 procu-

235 4898 457 4972 ratores
487 4896 783 4972 avertendi
817 4896 1052 4972 doloris,
1102 4896 1462 4972 abdiCandas
1512 4896 1645 4955 csse
1689 4896 1898 4972 'volup-

233 4968 386 5041 tates
414 4969 552 5041 _a_n_te
585 4970 858 5041 mortem,
896 4975 959 5024 ut
990 4970 1110 5024 haec
1144 4969 1340 5025 dolore
1373 4979 1615 5026 careret.
1679 4968 1901 5041 Ilogina

236 5035 342 5115 hoc
370 5035 851 5115 philosophicum
876 5048 1277 5115 “repraesentat
1328 5050 1562 5109 Seneca,
1598 5035 1787 5115 epist.w
1805 5046 1895 5098 27.

237 5108 700 5191 aptabant-ergo
732 5108 1173 5191 ge_n_tileé_illud
1228 5108 1586 5191 praeceptum
1632 5108 1899 5191 exerceri

239 5178 591 5257 Christianis
634 5178 695 5235 in
737 5178 1119 5241 'abdicatione
1172 5178 1664 5257 spectaculorum,
1727 5194 1791 5243 ut
1820 5188 1901 5242 ita

241 5250 561 5375 paratiores
596 5260 796 5308 essent
828 5258 897 5310 ad
932 5250 1228 5313 ferendam
1255 5265 1503 5315 mortem
1536 5250 1661 5316 sine
1680 5260 1896 5315 dolore.

293 5340 377 5375 ac.

293 5340 377 5375 AC.

308 5394 388 5473 (_8)
421 5393 548 5473 Quae
582 5397 756 5473 etiam
785 5397 992 5473 ethnici
1021 5409 1084 5455 ut
1110 5399 1421 5458 indubitata
1455 5407 1509 5458 et
1533 5402 1821 5473 prohibent
1849 5416 1900 5457 et

241 5465 565 5545 defendunt.
607 5468 953 5545 Defend‘unt,
1010 5473 1127 5545 hoc
1166 5478 1290 5545 est,
1348 5465 1644 5542 asserunt,
1694 5491 1900 5545 nempe

240 5553 368 5617 esse
402 5538 580 5606 mala,
613 5548 665 5594 et
696 5542 1302 5617 quidemindubitata
1331 5562 1343 5612 ;
1380 5564 1508 5617 qua:
1533 5538 1754 5602 scilicet
1778 5538 1899 5601 ma-

245 5608 297 5662 la
317 5626 655 5690 essenneme
685 5608 861 5690 etiam
886 5613 1253 5690 ethnicorum
1283 5608 1547 5690 ambigit.
1586 5624 1706 5674 UIG.

314 5682 397 5752 (9)
439 5682 660 5754 Hagicis
706 5685 1162 5745 devinctionibus.
1224 5682 1633 5747 Devinctiones
1690 5688 1904 5761 accipit

2011 4689 2141 4754 post
2169 4683 2316 4754 lego,
2349 4685 2695 4754 ﬂagitiorum
2722 4685 2875 4734 actor
2907 4698 3007 4754 pro
3031 4688 3265 4737 auctor:
3291 4699 3479 4753 neque
3508 4683 3666 4738 enim

2010 4751 2205 4823 homo,
2230 4751 2356 4810 'sed'
2381 4751 2653 4809 Diabolus
2686 4751 3067 4824 interpolator
3124 4753 3359 4809 illorum
3388 4751 3494 4809 est
3526 4772 3662 4811 auc-

2010 4834 2116 4882 tor.
2151 4828 2291 4881 Pam.

2080 4899 2191 4969 (10)
2222 4901 2404 4965 Imago
2427 4898 2521 4951 Dei
2549 4899 2644 4951 est.
2710 4894 2972 4969 Intelligo
3034 4900 3287 4969 mentem
3323 4895 3663 4968 scriptoris:

2010 4966 2094 5024 ait
2121 4966 2419 5024 huminem
2454 4986 2582 5023 esse
2636 4973 2691 5022 et
2733 4984 2879 5037 opus
2938 4966 3039 5021 Dei
3072 4974 3127 5022 et
3161 4966 3475 5039 imaginem
3521 4969 3661 5025 Dei:

2009 5059 2154 5112 opus
2187 5048 2423 5113 propter
2454 5057 2683 5109 corpus,
2718 5039 3033 5113 imaginem
3074 5046 3333 5113 propter,
3358 5041 3661 5111 spiritum.

2011 5109 2213 5183 itaque
2248 5109 2360 5169 non
2395 5113 2608 5167 debent
2639 5109 2917 5165 confundi
2948 5109 3301 5167 verb’a.Nam
3322 5109 3664 5168 hdmoima-

2010 5202 2081 5255 go
2118 5186 2211 5239 Dei
2245 5192 2471 5239 tantum
2506 5184 2721 5255 dicitur
2752 5187 2987 5253 propter
3028 5183 3324 5254 spiritum.
3376 5186 3525 5241 Zeno
3551 5189 3662 5239 Ve-

2010 5254 2214 5313 ronen.
2247 5274 2422 5311 serm.
2456 5258 2567 5309 2in
2602 5254 2727 5308 Gen.
2768 5256 2899 5308 LAC.

2081 5331 2195 5399 (11)
2226 5329 2288 5382 Ει
2319 5328 2507 5397 gulam
2536 5327 2607 5381 all
2632 5326 2787 5399 gulw
2817 5327 3047 5380 crimen.
3107 5327 3263 5382 Gulaa
3324 5328 3542 5383 crimen
3572 5342 3664 5381 so-

2012 5397 2313 5456 lummodo
2347 5397 2762 5455 ecclesiasticis
2801 5402 3003 5452 notum
3064 5415 3165 5469 pro
3195 5400 3342 5470 gulae
3378 5401 3665 5467 intempe-

2012 5473 2199 5527 rentia
2237 5488 2337 5527 seu
2371 5470 2683 5543 gulositate
2716 5486 2727 5523 :
2768 5470 3027 5543 profanis
3048 5488 3160 5525 non
3195 5474 3352 5527 item.
3380 5470 3669 5543 Similiter

2011 5543 2155 5599 dixit
2186 5544 2287 5599 lib.
2321 5539 2674 5614 de'chuniis;
2708 5564 2735 5591 ‹‹
2767 5542 2952 5597 Adam
3004 5542 3250 5598 salutem
3293 5542 3431 5614 gula
3463 5539 3667 5614 vendi-

2012 5615 2132 5683 dit;
2169 5638 2194 5664 »
2230 5615 2408 5671 etlib.
2446 5610 2484 5681 ι’,
2515 5616 2643 5671 adv.
2678 5618 2848 5670 Marc.
2885 5636 2913 5663 «
2973 5610 3497 5684 Comitibus'gulm,
3532 5610 3666 5665 libi-

2013 5688 2131 5744 dini
2167 5689 2391 5745 scilicet
2421 5694 2597 5759 atque
2622 5684 2884 5741 luxurias.
2922 5707 2948 5732 »
2980 5685 3125 5739 PAM.
