4094 6186
258 312 367 371 709

1606 311 1710 372 DE
1754 312 2310 377 SPECTACULIS.

3545 326 3667 386 ἨΟ

251 447 453 501 statur.
478 442 617 498 Vias
633 442 790 498 enim
810 447 1020 499 vocant
1046 447 1103 498 et
1124 442 1394 499 cardines
1422 443 1750 500 balteorum
1776 444 1892 513 (19)
1929 446 1981 513 Α
2011 444 2324 503 lolatriam.
2357 451 2958 511 Commemorabimus
2988 452 3240 523 origines
3269 454 3663 529 singulorum,

254 550 349 606 per
378 532 670 589 ambitum
715 532 864 589 685
914 539 967 587 et
998 532 1344 588 discrimina
1387 532 1756 605 popularium
1799 549 1899 606 per

254 621 590 696 proclivum.
646 620 934 676 Cathedra
998 637 1231 692 quoque
1281 622 1621 677 nominatur
1668 623 1794 695 ipse
1836 622 1897 677 in

254 712 514 767 anfractu
558 710 631 765 ad
678 725 1021 765 consessum
1070 710 1241 765 situs.
1288 709 1492 781 Itaque
1536 725 1564 765 e
1608 711 1898 767 contrario

255 799 449 856 infelix
502 799 602 871 qui
653 798 711 852 in
771 799 1159 870 quodcunque
1215 798 1526 854 consilium
1580 799 1897 872 impiorum

255 888 478 952 abierit,
510 892 567 942 et
591 887 648 941 in
684 903 1034 959 quacunque
1063 887 1342 943 cathedra
1372 888 1625 959 pestium
1662 889 1896 944 sederit.

254 977 606 1035 Generaliter
649 977 871 1031 dictum
904 976 1331 1048 intelligamus,
1382 993 1517 1032 cum
1550 977 1689 1049 quid
1723 979 1897 1032 etiam

252 1066 579 1139 specialiter
620 1066 991 1137 interpretari
1043 1065 1218 1137 capit.
1266 1066 1412 1120 Nam
1466 1071 1523 1121 et
1569 1066 1902 1137 specialiter

253 1155 519 1227 quasdam
609 1154 988 1227 pronuntiata
1036 1154 1147 1225 (20)
1223 1154 1572 1227 generaliter
1642 1155 1897 1227 sapiunt.

253 1245 394 1300 Cum
450 1246 600 1300 Deus
640 1242 938 1300 Israelitas
982 1244 1260 1300 admonet
1303 1244 1630 1316 disciplinas
1671 1244 1761 1301 vel
1794 1243 1899 1301 ob-

243 1336 466 1407 jurgat,
515 1335 719 1405 utique
758 1334 830 1389 ad
874 1350 1079 1389 omnes
1127 1334 1301 1390 habet
1349 1334 1543 1405 (Exod.
1575 1335 1712 1407 xu):
1762 1351 1898 1390 cum

251 1424 486 1495 rEgypto
515 1428 571 1479 et
599 1422 903 1494 IEtbiopiae
952 1423 1194 1478 exitium
1222 1424 1637 1490 comminatur,
1680 1424 1739 1478 in
1770 1440 1896 1479 om-

248 1530 379 1569 nem
411 1518 645 1585 gentem
676 1513 1059 1584 peccatricem
1110 1514 1454 1584 praeiudicat
1483 1514 1615 1584 (21).
1649 1513 1744 1568 Sic
1773 1530 1897 1567 om-

248 1603 339 1657 nis
391 1619 536 1674 gens
575 1601 868 1674 peccatrix
917 1607 1158 1656 vocatur
1198 1603 1478 1674 )Egyptus
1525 1608 1580 1657 et
1612 1602 1899 1674 xEthiopia

247 1696 385 1763 (ha.
416 1709 511 1746 xw
538 1695 590 1747 et
636 1692 819 1760 alibi),
844 1709 877 1746 a
913 1690 1107 1763 specie
1138 1692 1205 1745 ad
1258 1708 1465 1762 genus.
1508 1693 1897 1756 Quemadmo-

246 1781 387 1836 dum
439 1780 617 1835 etiam
675 1780 745 1834 de
795 1780 1020 1851 origine
1068 1780 1532 1849 spectaculorum
1580 1780 1893 1836 concilium
1926 1820 1974 1885 Β

246 1875 418 1926 vocat
448 1870 790 1942 impiorum,
821 1886 851 1923 a
884 1884 1095 1940 genere
1126 1870 1194 1923 ad
1230 1869 1503 1940 speciem.

900 1965 1128 2022 CAPUT
1170 1967 1257 2021 IV.

317 2048 402 2107 Ne
434 2048 568 2119 quis
598 2048 994 2121 argumentari
1046 2064 1154 2103 nos
1194 2053 1377 2120 putet,
1409 2049 1477 2103 ad
1512 2048 1893 2122 principalem

243 2136 658 2195 auctoritatem
726 2142 1031 2193 convertar
1087 2137 1275 2209 ipsius
1340 2138 1629 2210 signaculi
1687 2140 1894 2196 nostri.

243 2229 393 2284 Cum
440 2243 653 2298 aquam
701 2225 953 2298 ingressi
1006 2226 1395 2281 Christianam
1431 2228 1602 2282 fidem
1658 2228 1714 2282 in
1751 2228 1897 2300 legis

242 2334 364 2373 suae
395 2317 571 2372 verba
618 2315 978 2387 proﬁtemur,
1020 2315 1392 2371 renuntiasse
1441 2332 1548 2371 nos
1580 2316 1810 2373 diabolo
1840 2323 1899 2374 et

240 2424 467 2480 pompa:
489 2410 545 2462 et
568 2404 791 2473 angelis
815 2406 943 2476 ejus
965 2422 1062 2460 ore
1090 2410 1289 2461 nostro
1313 2408 1897 2471 contestamur.Quid

241 2497 355 2553 erit
373 2510 649 2551 summun
669 2495 713 2528 ⁸⁸
740 2494 1119 2564 praecipuum,
1145 2493 1201 2547 in
1227 2510 1343 2564 quo
1368 2494 1637 2549 diabolus
1658 2502 1715 2551 et
1735 2514 1897 2566 pom-

240 2603 327 2659 pie
389 2590 445 2639 et
530 2581 720 2654 angeli
780 2583 910 2652 ejus
969 2587 1341 2649 censeantur,
1421 2600 1599 2654 quam
1658 2584 1898 2640 idolola-

240 2675 357 2729 tria
379 2673 408 2728 ?
428 2688 497 2727 ex
525 2686 643 2742 qua
671 2671 864 2725 omnis
894 2670 1239 2726 immundus
1268 2675 1325 2725 et
1356 2688 1605 2743 nequam
1632 2673 1898 2745 spiritus,

245 2769 313 2819 ut
345 2763 429 2816 ita
460 2760 729 2829 dixerim,
786 2759 925 2830 quia
957 2776 1063 2815 nec
1111 2760 1335 2815 diutius
1368 2761 1438 2815 de
1477 2760 1606 2816 hoc.
1644 2762 1822 2831 Igitur
1851 2763 1899 2817 si

240 2869 311 2909 ex
334 2848 671 2907 idololatria
700 2850 1032 2904 universam
1066 2849 1529 2920 spectaculorum
1564 2856 1897 2921 paraturam

239 2945 516 2998 constare
553 2937 900 3005 constiterit,
934 2937 1263 2993 indubitate
1308 2939 1751 3011 praejudicatum
1794 2940 1904 2996 erit

239 3032 427 3088 etiam
473 3029 541 3082 ad
584 3026 919 3099 spectacula
958 3029 1249 3099 pertinere
1290 3028 1744 3083 renuntiationis
1793 3046 1898 3084 no-

236 3125 382 3177 atrae
415 3115 817 3172 testimonium
850 3115 910 3169 in
935 3115 1182 3181 lavacro,
1219 3132 1345 3187 quae
1377 3116 1608 3171 diabolo
1649 3122 1702 3171 et
1735 3134 1899 3188 pom-

2008 536 2227 607 quibus
2273 538 2315 572 ‘7
2360 538 2515 593 686
2551 538 2610 593 in
2660 540 2969 596 cunabulis
2998 543 3041 577 ⁵⁸
3093 542 3152 598 in
3202 543 3412 599 saculo
3461 546 3663 602 adole—

2007 625 2197 679 verint
2229 643 2241 681 :
2274 626 2481 681 exinde
2528 627 2729 684 titulos
2769 630 3185 700 quorumdam,
3220 632 3436 703 quibus
3469 634 3658 690 nomi-

2009 713 2185 769 nibus
2261 722 2718 787 nuncupentur:
2779 719 2986 772 exinde
3042 724 3381 790 apparatus,
3444 725 3658 794 quibus

2008 804 2529 874 superstitionibus
2577 805 2976 861 instruantur:
3012 812 3136 861 tum
3186 809 3230 842 ‘9
3260 808 3405 877 loca,
3439 812 3656 882 quibus

2008 891 2356 960 praesidibus
2387 893 2656 948 dicentur
2688 910 2701 950 :
2736 899 2860 949 tum
2893 896 2935 929 ⁵ο
2958 900 3130 963 artes,
3164 898 3378 966 quibus
3411 901 3659 955 auctori-

2008 982 2118 1036 bus
2142 982 2496 1053 deputentur
2547 984 2603 1038 Si
2635 986 2774 1055 quid
2808 1001 2875 1039 ex
2892 985 2983 1040 his
3016 1003 3131 1040 non
3164 987 3233 1041 ad
3265 987 3489 1043 idolum
3525 1006 3659 1060 per-

2008 1070 2270 1137 tinuerit,
2302 1072 2358 1126 id
2412 1088 2601 1143 neque
2645 1075 2713 1128 ad
2757 1073 3170 1143 idololatriam,
3223 1093 3413 1149 neque
3444 1079 3512 1132 ad
3548 1096 3658 1134 no-

2008 1168 2189 1219 stram
2222 1162 2596 1233 cierationem
2631 1162 2963 1233 pertinebit.

2650 1260 2880 1315 CAPUT
2919 1261 2989 1314 V.

2079 1342 2156 1396 De
2183 1340 2508 1411 originibus
2541 1340 2779 1411 quidem
2821 1346 2883 1395 ut
2911 1341 3323 1397 secretioribus
3355 1347 3412 1397 et
3440 1342 3659 1415 ignotis

2007 1447 2185 1502 penes
2220 1429 2414 1500 plures
2464 1434 2797 1486 nostrorum
2850 1430 3045 1498 altius,
3093 1448 3197 1486 nec
3230 1432 3466 1487 aliunde
3495 1434 3659 1488 inve-

2007 1519 2345 1590 stigandum
2389 1518 2495 1571 fuit
2524 1519 2657 1589 (22),
2690 1535 2863 1589 quam
2918 1520 2987 1573 de
3025 1519 3432 1575 instrumentis
3462 1520 3658 1577 ethni-

2006 1624 2206 1663 carum
2240 1608 2280 1641 ⁶¹
2324 1607 2671 1662 litterarum.
2718 1609 2959 1662 Exstant
3007 1613 3276 1663 auctores
3317 1609 3503 1681 multi,
3556 1610 3657 1681 qui

2007 1714 2183 1769 super
2212 1697 2327 1752 ista
2361 1714 2420 1751 re
2469 1697 2922 1751 commentarios
2953 1697 3281 1752 ediderunt.
3314 1698 3397 1752 Ab
3441 1698 3531 1753 bis
3563 1698 3659 1754 lu-

2007 1787 2215 1842 dorum
2246 1785 2409 1858 origo
2450 1785 2531 1841 sic
2573 1784 2862 1841 traditur:
2902 1786 3083 1857 Lydos
3113 1803 3180 1841 ex
3228 1788 3365 1840 Asia
3395 1791 3657 1843 transve-

2008 1893 2113 1931 nas
2145 1876 2203 1929 in
2236 1876 2466 1930 Etruria
2494 1875 2852 1937 consedisse,
2888 1880 2949 1929 ut
2996 1876 3247 1930 Timaeus
3278 1875 3472 1944 refert,
3506 1877 3654 1933 duce

2007 1964 2328 2037 Tyrrheno,
2351 1963 2449 2035 qui
2476 1962 2635 2018 fratri
2660 1980 2767 2018 suo
2790 1968 3044 2018 cesserat
3064 1963 3223 2035 regni
3248 1965 3655 2022 contentione:

2007 2052 2190 2125 igitur
2234 2053 2292 2106 in
2366 2051 2613 2114 Etruria,
2675 2052 2826 2106 inter
2874 2056 3111 2107 caeteros
3174 2054 3320 2106 ritus
3365 2054 3655 2126 supersti-

2007 2142 2235 2197 tionum
2269 2156 2534 2203 suarum,
2583 2141 2917 2211 spectacula
2960 2158 3192 2211 quoque
3224 2142 3520 2213 religionis
3552 2160 3654 2199 no-

2006 2231 2161 2284 mine
2191 2230 2511 2283 instituunt
2543 2245 2555 2282 :
2590 2229 2725 2284 inde
2758 2230 3003 2283 Romani
3042 2230 3354 2285 accersitos
3406 2232 3656 2287 artiﬁces

2006 2322 2370 2384 mutuantur,
2399 2323 2652 2388 tempus,
2678 2318 3164 2385 enuntiationem,
3190 2323 3253 2372 ut
3282 2318 3458 2373 ludia
3481 2320 3655 2391 Lydis

2003 2413 2288 2462 vocantur
2336 2408 2465 2475 (25).
2522 2407 2628 2461 Sed
2681 2407 2789 2461 etsi
2836 2406 3019 2461 Varro
3078 2406 3248 2461 ludos
3307 2425 3339 2462 a
3393 2407 3539 2474 ludo,
3592 2408 3650 2464 id

2010 2500 2096 2550 est
2130 2513 2159 2548 a
2200 2494 2333 2549 lusu
2386 2497 2828 2565 interpretatur,
2874 2496 3028 2549 sicut
3060 2500 3115 2549 et
3150 2496 3441 2565 Lupercos
3484 2496 3656 2553 ludos

2011 2582 2327 2655 appellant,
2361 2583 2514 2654 quod
2576 2583 2825 2638 ludendo
2862 2584 3234 2650 discurrant;
3269 2590 3465 2639 tamen
3521 2602 3651 2641 eum

2011 2673 2207 2727 lusum
2265 2672 2547 2743 juvenum
2610 2677 2665 2727 et
2712 2672 2918 2727 diebus
2960 2673 3144 2742 festis,
3196 2676 3253 2727 et
3298 2672 3552 2744 templis,
3600 2680 3656 2729 et

2011 2761 2394 2832 religionibus
2429 2765 2681 2833 reputat.
2706 2760 2861 2815 Nihil
2895 2762 3022 2832 jam
3056 2762 3126 2816 de
3157 2778 3335 2816 causa
3364 2762 3653 2829 vocabuli,

2010 2866 2142 2905 cum
2176 2850 2219 2883 ⁵³
2250 2849 2327 2903 rei
2364 2866 2541 2904 causa
2570 2848 2898 2904 idololatria
2942 2849 3036 2903 sit.
3068 2853 3213 2904 Nam
3247 2856 3304 2905 et
3346 2867 3479 2905 cum
3517 2868 3652 2922 pro-

2011 2938 2233 2993 miscue
2286 2937 2407 2991 ludi
2464 2937 2748 2991 Liberalia
2790 2941 3135 2992 vocarentur
3181 2939 3315 3009 (24).
3374 2940 3649 2994 honorem

2012 3027 2197 3081 Liberi
2253 3026 2435 3097 patris
2488 3025 2797 3080 manifeste
2837 3026 3142 3081 sonabant.
3179 3026 3381 3081 Libero
3431 3028 3587 3082 enim
3621 3044 3655 3083 a

2011 3115 2247 3170 rusticis
2277 3116 2465 3186 primo
2517 3115 2731 3169 fiebant
2788 3116 2858 3169 ob
2905 3114 3252 3169 beneficium
3285 3117 3437 3187 quod
3473 3117 3522 3171 ei
3556 3117 3655 3171 ad-

233 3227 325 3281 pa
370 3211 434 3262 et
465 3203 686 3278 angelis
708 3205 835 3275 ejus
868 3205 989 3259 sint
1020 3205 1372 3276 mancipata,
1399 3204 1619 3259 scillcet
1642 3222 1743 3277 per
1773 3206 1896 3260 ideo
1928 3189 1970 3254 C
2013 3206 2275 3260 scribunt
2309 3221 2411 3275 pro
2470 3204 2513 3237 ⁸³
2572 3205 2971 3259 demonstrata
3021 3204 3209 3275 gratia
3265 3205 3404 3259 vini.
3432 3205 3652 3261 Exinde

1681 3325 1874 3386 Variae
1906 3324 2226 3385 lectiones.

306 3440 356 3475 ιδ
389 3442 584 3509 Atque
616 3438 822 3511 Rigalt.
900 3437 1021 3511 "it
1051 3436 1261 3511 quibus
1290 3438 1420 3511 Jun.
1499 3438 1542 3472 ‘3
1590 3438 1972 3496 Incunabulis
2001 3439 2201 3511 Rigalt.
2279 3441 2323 3477 ιθ
2341 3438 2505 3493 Tunc
2533 3438 2653 3509 Rig.

233 3511 464 3569 calium
488 3508 619 3579 Βία.
696 3510 741 3550 ⁵³
773 3510 926 3565 Dum
951 3509 1077 3579 Βία.
1154 3508 1197 3543 ³⁸
1226 3509 1335 3565 Pro
1365 3509 1517 3565 abest
1556 3511 1676 3583 Rig.

2731 3438 2773 3472 ⁸ο
2804 3437 2952 3492 Tum
3002 3437 3156 3492 abest
3187 3438 3307 3507 Rig.
3382 3438 3423 3473 ⁸⁸
3452 3437 3654 3495 Ethni-

1698 3630 2220 3692 Commentarius.

310 3738 434 3808 (19)
472 3737 597 3792 Vias
643 3738 789 3792 enim
834 3741 1024 3792 vocant
1068 3741 1119 3792 et
1174 3737 1429 3793 cardines
1460 3737 1786 3795 balteorum.
1822 3739 1901 3793 De

233 3809 331 3864 his
387 3809 667 3881 omnibus
715 3825 843 3879 quae
890 3809 1249 3881 adgcircumr
1282 3808 1575 3881 pertinent
1621 3811 1904 3865 notabilia

235 3882 437 3936 multa
478 3880 711 3951 collegit
757 3879 1138 3935 doctissimus
1168 3879 1488 3935 Salmasius
1520 3880 1801 3937 Pliuianis
1829 3883 1899 3937 ad

230 3954 517 4009 Solinum
540 3952 1080 4007 Exercitationibus.
1112 3968 1236 4022 pag.
1271 3952 1543 4007 895.310.
1606 4016 1611 4019 Α

303 4056 363 4066 --
413 4027 477 4079 Et
530 4024 1131 4095 cardinesﬁballeorum.
1176 4023 1355 4079 Baltei
1404 4023 1681 4095 repagula
1715 4030 1899 4091 erant,

228 4113 336 4151 seu
395 4095 636 4166 cingula
695 4094 953 4150 coriacea
1003 4095 1181 4150 bullis
1230 4094 1724 4167 ornata,'quibus
1772 4114 1902 4152 con-

227 4167 692 4237 stringebantur
719 4167 986 4237 equitum
1037 4168 1434 4222 Romanorum
1487 4168 1770 4222 subsellia
1800 4168 1899 4236 qui

2010 3738 2204 3804 lectio,
2237 3736 2414 3791 Altius
2443 3751 2541 3791 nec
2570 3736 2816 3791 aliunde.

2083 3810 2194 3881 (25)
2226 3811 2286 3866 Ut
2320 3808 2444 3862 ludi
2480 3824 2515 3861 α
2553 3809 2717 3878 Lydis
2764 3816 3112 3881 vocarentur.
3150 3809 3323 3862 Varia
3356 3806 3448 3881 hic
3479 3808 3653 3881 lude-

2013 3879 2142 3936 rum
2174 3879 2385 3951 genera
2425 3885 2731 3934 enumerat
2761 3895 2886 3951 qua)
2926 3880 3051 3951 l'use
3082 3898 3114 3931 a
3148 3881 3291 3933 bene
3326 3879 3526 3933 multis
3558 3895 3653 3933 ex—

2015 3950 2221 4023 plicata
2244 3958 2401 4006 sunt.
2430 3951 2777 4021 Lupercales
2808 3950 2928 4004 ludi
2953 3950 3300 4023 inhonorem
3327 3951 3502 4023 Panis
3537 3951 3652 4023 pri-

2013 4020 2199 4088 inum,
2225 4041 2289 4077 ac
2312 4020 2607 4077 deindein
2644 4024 2918 4077 honorem
2949 4022 3119 4091 Lupa:
3145 4021 3375 4076 Romuli
3407 4020 3652 4075 nutricis

2009 4096 2257 4150 instituti
2290 4098 2449 4162 sunt,
2472 4093 2832 4149 Liberaliain
2857 4093 3137 4147 honorem
3154 4093 3341 4147 Liberi
3376 4110 3477 4146 seu
3513 4092 3652 4146 Bac-

2008 4168 2124 4233 chi,
2159 4166 2486 4230 Consualia,
2522 4167 2594 4219 ab
2627 4166 2755 4219 aliis
2789 4164 2912 4218 ludi
2935 4165 3247 4231 circenses,
3278 4164 3335 4217 in
3369 4175 3651 4218 honorem

2009 4238 2284 4308 Neptuni,
2319 4235 2577 4291 Cerealia
2622 4241 2679 4290 in
2726 4236 3002 4308 honorem
3050 4237 3293 4299 Cereris,
3328 4234 3560 4305 Equiria
3592 4235 3650 4288 in

2010 4307 2291 4365 honorem
2325 4308 2547 4373 Martis,
2582 4308 2665 4362 sic
2697 4307 2829 4362 dicii
2865 4312 3004 4361 sunt
3044 4308 3080 4360 li
3111 4307 3233 4361 ludi
3267 4308 3336 4361 ab
3367 4321 3652 4376 equorum

2010 4399 2211 4449 cursu,
2273 4380 2375 4453 qui
2437 4382 2494 4436 in
2553 4396 2759 4451 campo
2815 4379 3018 4433 Martio
3077 4380 3515 4434 exercebantur.
3580 4383 3654 4432 LE

2008 4454 2112 4508 Pa.

2082 4525 2190 4595 (24)
2226 4526 2533 4595 Promiscae
2566 4520 2692 4595 ludi
2722 4521 2972 4595 liberalia
3004 4536 3114 4576 voc.
3147 4521 3267 4576 Non
3316 4519 3650 4595 intellexere

2009 4591 2163 4650 hunc
2196 4596 2385 4650 locum
2418 4594 2516 4665 qui
2549 4593 2741 4646 dixere
2774 4593 2942 4647 ludos
2974 4610 3175 4647 omnes
3203 4592 3539 4665 promiscue
3565 4591 3650 4645 di-

2009 4674 2131 4722 ctos
2167 4663 2453 4722 Liberalia
2481 4684 2493 4733 ;
2526 4665 2740 4719 multos
2786 4668 2945 4736 noto,
3000 4665 3053 4717 in
3100 4663 3303 4736 primis
3335 4663 3651 4718 Heraldum

2008 4739 2139 4793 libr.
2174 4756 2191 4792 ι
2226 4740 2456 4809 Dz'grcss.
2494 4753 2620 4809 cap.
2654 4736 2744 4809 (38ἶ
2778 4735 2929 4809 Nihil
2967 4735 3303 4791 absurdius.
3348 4740 3455 4800 An,
3491 4736 3653 4809 obse:

2007 4828 2125 4877 cro,
2169 4805 2494 4875 Consualia,
2550 4806 2804 4879 Equiria,
2852 4808 3117 4877 Tarpeia,
3164 4809 3487 4879 Robigalia,
3540 4805 3654 4879 dici

2007 4888 2272 4954 poterant
2312 4878 2641 4954 Liberalia?
2674 4886 2890 4954 Apage.
2924 4879 3040 4934 Hoc
3083 4882 3237 4954 enim
3285 4878 3453 4954 nemo
3486 4878 3655 4954 digit,

2008 4949 2179 5009 nemo
2211 4952 2451 5008 audivit.
2476 4951 2581 5014 Qui
2616 4951 2765 5004 istud
2794 4950 3109 5020 imponunt
3134 4951 3518 5015 Tertulliano,
3560 4949 3654 5002 ἰη-

1998 5026 2221 5096 juriam
2262 5025 2477 5079 faciunt
2522 5021 3211 5096 hominiscicntissimo.
3236 5028 3485 5096 Tantum
3520 5037 3652 5096 pro-

2008 5092 2290 5152 iuiscuam
2326 5096 2475 5150 hanc
2511 5092 2947 5165 usurpationem
2996 5095 3247 5149 nominis
3272 5095 3330 5148 in
3364 5111 3430 5149 eo
3466 5093 3655 5165 ponit,

2008 5170 2161 5239 quod
2197 5166 2502 5233 Liberalia,
2558 5164 2889 5239 Consualia,
2936 5170 2993 5239 et
3032 5167 3254 5238 reliqua
3286 5163 3651 5239 hujusmodi,

2006 5235 2284 5296 dicuntur
2317 5239 2489 5294 etiam
2541 5235 2805 5310 absolute
2856 5236 2995 5310 ludi.
3032 5235 3234 5310 Itaque
3263 5235 3380 5293 vox'
3398 5239 3536 5310 ista,
3571 5237 3653 5310 lu-

2006 5312 2128 5380 dus,
2176 5313 2458 5366 miscetur
2478 5308 2752 5363 omnibus
2776 5308 3195 5380 festivitatibus
3234 5309 3652 5380 idololatricis:

2008 5379 2140 5439 nam
2176 5400 2381 5439 omnes
2410 5381 2505 5437 isti
2540 5381 2819 5434 dicuntur
2852 5379 2994 5433 ludi.
3049 5382 3114 5435 Et
3153 5384 3282 5436 ideo
3315 5382 3513 5437 statim
3549 5379 3655 5432 ad-

2008 5456 2127 5510 dit:
2165 5478 2189 5504 ‹‹
2226 5456 2442 5510 Exinde
2464 5452 2580 5507 ludi
2616 5450 2928 5507 Consualia
2956 5453 3132 5521 dicti;
3163 5477 3188 5503 »
3219 5460 3276 5508 et
3308 5454 3442 5507 inde
3472 5452 3655 5521 liquet

2009 5544 2123 5582 non
2177 5544 2387 5583 nomen
2422 5525 2609 5582 solum
2647 5522 2785 5587 ludi,
2829 5525 2925 5578 sed
2977 5542 3094 5580 rem
3130 5526 3513 5597 signiﬁcatam
3556 5534 3655 5588 per

2006 5599 2613 5671 ludummancipataiu
2648 5612 2777 5671 esse
2801 5594 3319 5653 daamnnibusfhoc
3352 5594 3503 5650 enim
3528 5606 3655 5663 pro-

2009 5672 2148 5729 bare
2177 5668 2580 5728 'l‘ertulli'anus
2610 5668 2750 5724 Vult.
2787 5684 2906 5724 LAC.

222 4239 285 4293 in
342 4256 531 4293 eavea
570 4240 868 4309 sedebant,
924 4238 1046 4293 loco
1086 4245 1286 4309 operto
1320 4256 1333 4294 :
1368 4239 1541 4294 baltei
1573 4246 1767 4295 autem
1800 4239 1897 4294 isti

222 4310 563 4384 hamisseu
580 4308 1141 4384 il‘hulisquibusdam
1162 4316 1328 4384 erant
1348 4312 1580 4378 annexi,
1600 4328 1774 4384 quam
1799 4312 1899 4384 ob-

220 4399 357 4438 rem
415 4381 629 4436 theatri
672 4381 874 4437 luxum
924 4382 1197 4437 indicans
1229 4381 1778 4439 Themistius—orat.
1812 4382 1899 4436 di-

218 4456 346 4512 xit:
384 4451 1210 4529 Ὀἓκόσμος-τῶν-περιστύλων
1257 4455 1632 4529 regeeae-pou,
1669 4454 1901 4529 Mundus

212 4526 634 4597 peristylorum
663 4525 907 4587 theatri;
942 4525 1053 4596 Quo
1105 4542 1280 4581 sensu
1324 4525 1537 4582 dicitur
1570 4525 1893 4592 muliebris,

218 4600 379 4654 Eoo.

292 4669 417 4796 (20)
451 4666 598 4722 Nam
624 4673 675 4722 et
713 4666 1036 4737 specialiter
1085 4668 1337 4740 quadam
1379 4670 1757 4739 pronuntiata.
1795 4668 1897 4721 Re-

292 4762 298 4795 l
333 4760 371 4795 ο.
407 4740 482 4794 ad
531 4736 886 4793 intellectum
919 4739 1230 4796 Scrinturae
1279 4757 1453 4795 sacra:
1486 4739 1749 4796 apprime
1780 4739 1893 4793 uti-

261 4736 371 4797 ula
399 4736 482 4794 ad
531 4736 886 4793 intellectum
919 4736 1230 4809 Scriptura;
1279 4736 1453 4795 sacrae
1486 4739 1749 4810 apprime
1780 4739 1893 4793 uti-

239 4810 315 4869 is.
368 4810 938 4894 A'tqui‘guod-dicit
996 4811 1111 4881 hic,
1164 4814 1439 4894 omnibus
1486 4812 1708 4894 dictum
1742 4811 1890 4894 quod

210 4880 524 4942 Israelitis
565 4880 886 4947 dicebatur,
922 4900 1037 4938 non
1073 4900 1187 4940 uno
1236 4884 1295 4939 in
1339 4884 1462 4939 loco
1496 4884 1795 4938 annotavit
1833 4883 1892 4936 Β.

210 4960 633 5028 Hieronymus
663 4953 722 5007 in
758 4954 965 5025 proph.
1000 4959 1146 5010 PAM.

286 5028 417 5099 (21)
460 5025 537 5081 Ἰιι
585 5041 805 5081 omnem
848 5035 1059 5099 gemam
1112 5030 1469 5097 peccatricem
1516 5025 1885 5099 prmjudimt.

205 5097 404 5155 Uunc'
423 5099 619 5153 locum
642 5102 849 5152 tractat
872 5098 1050 5153 etiam
1084 5100 1363 5154 adversus
1389 5099 1640 5153 Judzeos.
1668 5121 1694 5146 ‹‹
1728 5097 1819 5151 Sic
1843 5100 1899 5151 et

201 5177 543 5243 Egyptus,
594 5168 807 5239 inquit,
841 5186 1258 5241 nonnunquam
1303 5175 1459 5227 totus
1492 5170 1650 5226 orbis
1681 5167 1895 5224 intelli-

202 5246 420 5317 gitur,
443 5263 472 5290 ››
502 5244 631 5317 ρῳ.
664 5244 791 5295 Rie.

278 5314 413 5386 (22)
473 5311 657 5365 Allius
711 5328 807 5367 nec
853 5311 1087 5386 aliunde
1145 5312 1590 5386 investigandum
1628 5312 1757 5382 fuit.
1806 5309 1898 5386 Sic

195 5381 345 5442 lib-ri
390 5381 687 5437 hactenus
718 5383 937 5447 excusi,
967 5404 994 5433 ‹‹
1022 5384 1203 5438 Penes
1223 5381 1418 5454 plures
1440 5381 1778 5440 nostrarum
1811 5381 1896 5436 al-

196 5459 373 5537 tius_._
404 5477 437 5503 ››
492 5460 569 5537 1η,
610 5454 926 5537 exemplari
978 5455 1265 5537 Agobardi
1317 5456 1561 5537 legitur:
1598 5455 1669 5511 Ut
1708 5469 1892 5537 secre-

196 5529 488 5584 tioribus
522 5532 580 5579 et
610 5525 829 5598 ignotis
868 5543 1042 5597 penes
1072 5525 1267 5597 plures
1307 5525 1640 5585 nostrorum
1669 5526 1827 5582 artis.
1870 5550 1888 5575 υ

192 5604 416 5665 Forte,
457 5598 604 5652 aclis
644 5604 706 5653 ut
760 5599 1159 5671 Romanorum
1208 5600 1329 5655 sive
1359 5600 1664 5671 gentilium
1702 5614 1895 5671 rerum

192 5673 517 5744 origines,
551 5672 679 5725 acta
727 5686 856 5744 esse
887 5669 1096 5744 dixerit
1125 5669 1461 5744 secretio—ra,
1511 5679 1567 5728 et
1602 5670 1899 5743 plerisque

193 5740 706 5804 Christianorum
723 5742 944 5816 ignota.
968 5741 1079 5800 Sed
1102 5742 1345 5801 minime
1368 5740 1640 5817 displicet
1660 5740 1899 5815 vulgata
