4094 6186
264 239 378 303 713

1615 251 1717 312 DE
1762 245 2311 314 SPEGTACULIS.

3557 254 3673 316 714

262 377 331 431 de
361 376 623 445 sedibus,
658 378 727 433 de
748 379 998 447 coronis,
1023 380 1093 437 de
1122 383 1368 450 exuviis,
1389 389 1607 455 quanta
1629 389 1903 455 praetcrea
1932 384 1985 449 Α
2016 400 2050 437 a
2078 384 2364 450 messibus,
2396 382 2674 438 tutelinas
2697 400 2730 437 a
2759 385 2946 439 tutelis
2962 384 3005 418 ⁸⁸
3056 384 3310 440 fructum
3357 388 3676 460 sustinent.

259 481 443 531 sacra,
500 471 722 538 quanta
764 469 1053 526 sacriﬁcia
1105 474 1456 543 prmcedant,
1519 474 1904 540 intercedant,

261 556 600 624 succedant,
645 563 786 626 quot
840 558 1104 631 collegia,
1163 567 1303 631 quot
1361 563 1705 629 sacerdotia,
1744 568 1909 635 ,quot

263 644 458 699 ofﬁcia
494 651 858 713 moveantur,
892 648 1092 705 sciunt
1126 650 1391 706 homines
1439 651 1599 706 illius
1638 652 1799 707 urbis
1847 652 1905 705 in

260 750 375 805 qua
409 734 826 791 daemoniorum
857 745 1175 795 conventus
1225 742 1490 796 consedit
1530 743 1663 813 (55).
1720 748 1796 795 Ea
1857 742 1905 796 si

260 823 486 879 minore
515 841 655 880 cura
687 841 788 896 per
819 826 1146 898 provincias
1167 847 1267 899 pro
1305 831 1631 886 minoribus
1680 830 1907 886 viribus

260 911 773 982 administrantur,
821 920 1019 971 tamen
1069 934 1273 973 omnes
1323 920 1545 991 ubique
1607 920 1907 975 Circenses

258 1000 398 1056 illuc
431 1001 775 1074 deputandi,
810 1004 965 1059 unde
996 1009 1054 1060 et
1084 1010 1403 1078 petuntur;
1432 1009 1565 1064 inde
1598 1008 1900 1080 inquinan-

259 1095 374 1161 tur,
409 1091 565 1146 unde
596 1096 933 1147 sumuntur.
967 1093 1113 1149 Nam
1173 1100 1229 1149 et
1286 1096 1512 1151 rivulus
1575 1098 1767 1152 tenuis
1840 1114 1909 1152 ex

260 1196 368 1234 suo
402 1179 581 1251 fonte,
612 1184 670 1235 et
696 1181 973 1238 surculus
998 1183 1265 1239 modicus
1295 1200 1362 1240 ex
1397 1202 1505 1241 sua
1536 1187 1909 1258 fronde,qua-

261 1267 485 1322 litatem
517 1268 761 1340 originis
794 1271 1074 1326 continet.
1108 1272 1331 1328 Viderit
1362 1275 1604 1329 ambitio
1631 1277 1748 1331 sive
1790 1278 1907 1329 fru-

262 1356 473 1427 galitas
503 1359 631 1427 ejus
664 1360 842 1429 quo”1
896 1361 1079 1415 Deum
1141 1363 1421 1419 offendit:
1482 1365 1909 1437 qualiscunque

265 1462 481 1517 pompa
511 1447 681 1514 Circi,
715 1450 822 1503 etsi
857 1466 1045 1521 pauca
1074 1450 1393 1507 simulacra
1422 1454 1814 1525 circumferat,
1850 1456 1907 1509 in

264 1552 377 1589 uno
410 1534 740 1592 idololatria
769 1543 888 1593 est:
925 1543 981 1594 et
1010 1540 1058 1595 si
1088 1558 1259 1596 unam
1292 1542 1557 1599 thensam
1595 1544 1908 1611 trahat,Jo-

262 1623 345 1677 vis
369 1628 560 1679 tamen
592 1624 921 1696 plaustrum
952 1630 1293 1701 est:quaevis
1325 1631 1653 1688 idololatria
1675 1634 1910 1687 sordide

260 1712 571 1784 instructa,
656 1716 745 1770 vel
804 1717 1029 1772 modice
1070 1718 1329 1791 locuples
1356 1721 1402 1754 ⁸²
1458 1721 1771 1793 splendida
1820 1728 1911 1778 est
1944 1755 1990 1817 Β

265 1818 442 1859 censu
477 1802 746 1860 criminis
780 1805 893 1859 sui.

890 1948 1125 2004 CAPUT
1160 1950 1299 2005 Vlll.

341 2074 408 2129 Ut
433 2078 489 2127 et
521 2073 590 2128 de
620 2072 783 2141 locis,
817 2076 1142 2130 secundum
1190 2080 1553 2149 propositum
1604 2096 1907 2151 exsequar,

266 2160 585 2216 circusSoli
621 2161 1018 2233 principaliter
1068 2170 1477 2219 consecratur:
1531 2168 1701 2237 cujus
1760 2169 1911 2223 ardes

267 2250 455 2304 medio
489 2250 699 2321 spatio,
727 2256 783 2305 et
813 2252 1040 2322 elﬁgies
1072 2254 1142 2307 de
1184 2254 1415 2325 fastigio
1473 2256 1613 2309 redis
1673 2257 1906 2322 emicat,

264 2339 417 2409 quod
452 2356 567 2393 non
600 2339 997 2410 putaverint“
1057 2342 1168 2395 sub
1220 2348 1367 2397 tecto
1422 2346 1907 2411 consecrandum,

264 2443 436 2497 quem
453 2426 510 2481 in
528 2432 729 2498 aperta
743 2426 1156 2494 habent.0uod
1171 2430 1216 2463 8‘
1236 2431 1634 2501 spectaculum
1657 2436 1910 2504 primum

264 2516 478 2572 aCirce
506 2516 744 2571 habent.
769 2517 884 2571 Soli
909 2517 1060 2588 patri
1093 2535 1221 2588 suo,
1256 2524 1316 2574 ut
1347 2521 1549 2575 volunt
1570 2522 1633 2589 ⁸⁵,
1685 2523 1909 2578 editum

260 2606 561 2660 afﬁrmant
590 2622 603 2660 :
638 2606 710 2659 ab
737 2622 803 2660 ea
841 2611 898 2661 et
929 2606 1077 2661 Circi
1106 2607 1557 2679 appellationem
1595 2628 1910 2683 argumen-

262 2699 490 2751 tantur.
534 2694 771 2749 Plane“
802 2696 1056 2751 veneﬁca
1086 2696 1168 2751 eis
1185 2698 1386 2768 utique
1411 2699 1705 2770 negotium
1731 2700 1913 2771 gessit

263 2783 390 2849 hoc,
419 2782 657 2838 nomine
689 2800 937 2853 quorum
972 2787 1246 2841 sacerdos
1287 2793 1431 2853 erat,
1493 2789 1799 2844 daemoniis
1855 2794 1913 2844 et

263 2872 488 2944 angelis
518 2871 759 2927 scilicet.
795 2874 944 2937 Quot
980 2874 1159 2945 igitur
1200 2874 1258 2929 in
1301 2876 1503 2930 habitu
1565 2876 1673 2931 loci
1725 2877 1910 2949 ipsius

264 2961 625 3017 idololatrias
659 2963 1028 3033 recognoscis
1057 2963 1068 3017 l
1105 2963 1340 3036 singula
1374 2973 1719 3021 ornamenta
1741 2968 1910 3034 Circi,

264 3050 502 3122 singula
540 3049 755 3121 templa
804 3056 959 3105 sunt.
1011 3058 1126 3106 (iva
1182 3052 1387 3109 honori
1446 3058 1747 3109 Castorum
1802 3058 1910 3127 (36)

2020 475 2165 525 Ante
2208 472 2313 526 has
2346 478 2465 525 tres
2500 488 2631 539 ara),
2663 472 2835 527 trinis
2868 473 3023 526 640
3039 473 3153 527 diis
3176 477 3676 547 parent,magnis,

2019 560 2381 629 potentibus,
2415 560 2763 615 valentibus.
2800 562 3044 616 Eosdem
3077 562 3490 619 Samothracas
3530 566 3679 621 exis-

2019 648 2250 703 timant.
2300 649 2548 703 Obelisci
2611 650 2929 704 enormitas
2989 650 3121 721 (39),
3174 656 3237 705 ut
3309 651 3675 711 Hermateles

2019 738 2296 793 afﬁrmat.
2335 738 2449 792 Soli
2485 738 2833 808 prostituta:
2879 739 3168 810 scriptura
3229 742 3357 811 ejus
3407 743 3563 797 unde
3620 746 3680 799 et

2020 842 2256 895 census,
2287 827 2358 881 de
2389 831 2629 897 Μελ-μω
2653 827 2991 896 superstitio
3024 833 3129 881 est.
3156 828 3429 900 Frigebat
3459 830 3674 885 daemo-

2020 930 2262 970 monum
2339 915 2649 970 concilium
2710 915 2835 970 sine
2895 932 3002 970 sua
3059 921 3246 971 matre
3306 933 3550 989 magna;
3604 934 3673 974 ea

2018 1004 2215 1075 itaque
2247 1003 2363 1060 illic
2396 1004 2922 1077 prsesidetEuripo.
2955 1005 3180 1060 Consus
3229 1009 3317 1074 (ut
3373 1006 3659 1078 diximus)

2019 1094 2172 1165 apud
2207 1096 2397 1148 metas
2432 1094 2541 1148 sub
2564 1097 2717 1148 terra
2753 1094 3070 1148 delitescit.
3129 1094 3374 1149 Murtias
3424 1112 3667 1167 quoque

2018 1181 2235 1237 idolum
2268 1182 2484 1237 fecit”.
2518 1182 2791 1237 Murtiam
2851 1182 3006 1237 enim
3070 1183 3237 1237 deam
3298 1184 3514 1241 amoris
3564 1187 3674 1255 (40)

2018 1270 2219 1335 voluit,
2252 1271 2343 1324 cui
2376 1271 2433 1325 in
2488 1270 2588 1324 illa
2648 1274 2810 1341 parte
2867 1274 3046 1325 aedem
3106 1288 3330 1326 vovere.
3389 1274 3671 1329 Animad-

2019 1365 2195 1429 verte,
2230 1360 2569 1426 christianc,
2602 1363 2743 1429 quot
2776 1359 3074 1412 nomina90
3108 1359 3413 1414 immunda
3470 1378 3668 1432 posse-

2020 1450 2207 1503 derint
2240 1450 2492 1503 Circum.
2528 1446 2731 1502 Aliena
2775 1453 2861 1502 est
2905 1448 3005 1501 tibi
3067 1448 3290 1519 religio,
3351 1466 3524 1520 quam
3583 1456 3671 1506 tot

2021 1538 2237 1591 diaboli
2270 1538 2516 1609 spiritus
2577 1542 3029 1608 occupaverunt.
3092 1544 3169 1591 De
3225 1537 3367 1593 locis
3427 1541 3664 1610 quidem

2021 1628 2287 1683 locusest
2313 1628 2664 1683 retractandi
2691 1627 2760 1681 ad
2786 1627 3249 1696 praeveniendam
3274 1632 3676 1698 quorumdam

2022 1718 2559 1790 interrogationem.
2594 1717 2742 1783 Quid
2774 1717 2953 1781 enim,
2991 1718 3267 1788 inquis,si
3301 1719 3414 1774 alio
3444 1719 3505 1775 in
3528 1726 3671 1777 tem-

2024 1823 2162 1878 pore
2190 1808 2419 1862 Circum
2442 1807 2658 1867 adiero.
2693 1806 3065 1877 periclitabor
3088 1808 3158 1861 de
3185 1807 3626 1878 inquinamento
3647 1809 3675 1864 ?

2024 1896 2195 1952 Nulla
2224 1902 2313 1951 est
2338 1896 2696 1967 praescriptio
2729 1896 2800 1949 de
2826 1894 2988 1950 locis.
3023 1900 3169 1950 Nam
3206 1913 3318 1951 non
3371 1896 3497 1952 sola
3561 1898 3675 1955 ista

2022 1983 2409 2040 conciliabula
2439 1982 2933 2055 spectaculorum,
2964 1984 3061 2038 sed
3087 1985 3259 2039 etiam
3294 1986 3517 2057 templa
3548 1987 3675 2059 ipsa

2021 2074 2147 2129 sine
2178 2073 2435 2145 periculo
2466 2072 2787 2144 disciplina:
2822 2071 2980 2127 adire
3040 2090 3240 2128 servus
3306 2074 3402 2129 Dei
3459 2080 3670 2147 potest,

2022 2169 2265 2233 urgente
2296 2179 2474 2216 causa
2500 2161 2755 2232 simplici
2788 2163 3097 2227 duntaxat,
3148 2179 3276 2233 quae
3326 2181 3438 2218 non
3491 2165 3672 2234 perti-

2023 2256 2157 2305 neat
2187 2252 2257 2305 ad
2289 2252 2590 2321 proprium
2621 2252 2750 2319 ejus
2774 2249 2880 2304 loci
2915 2251 3213 2321 negotium
3250 2252 3334 2305 vel
3386 2254 3670 2309 ofﬁcium.

2020 2345 2297 2393 Cazterum
2332 2344 2389 2393 et
2421 2338 2645 2409 plateis,
2678 2343 2736 2393 et
2768 2340 3044 2405 forum,et
3068 2340 3306 2405 balneae,
3333 2344 3390 2394 et
3416 2341 3673 2409 stabula,

2021 2436 2076 2485 et
2110 2430 2248 2501 ipse
2282 2430 2493 2483 domus
2528 2434 2736 2482 nostra;
2768 2427 2891 2482 sine
2914 2428 3341 2485 idolisomnino
3360 2447 3473 2484 non
3499 2434 3669 2498 sunt;

2020 2524 2210 2573 totum
2246 2517 2525 2572 saeculum
2560 2516 2805 2571 Satanas
2826 2520 2882 2569 et
2902 2516 3091 2587 angeli
3124 2520 3250 2587 ejus
3282 2518 3672 2589 repleverunt.

2023 2608 2147 2663 Non
2178 2613 2366 2661 tamen
2397 2606 2547 2675 quod
2579 2604 2639 2658 in
2662 2605 2875 2659 saeculo
2908 2622 3139 2674 sumus,
3191 2622 3224 2660 a
3281 2606 3400 2661 Deo
3458 2606 3674 2664 excidi-

2022 2696 2295 2761 mus,sed
2334 2694 2381 2749 si
2416 2694 2554 2765 quid
2576 2694 2646 2748 de
2679 2694 2873 2747 sazculi
2906 2694 3249 2749 criminibus
3280 2696 3672 2767 attigerimus.

2022 2785 2269 2840 Proinde
2301 2784 2350 2838 si
2380 2782 2752 2854 Capitolium,
2815 2782 2862 2836 si
2925 2783 3244 2853 Serapeum
3304 2784 3665 2840 sacriﬁcator

2021 2880 2079 2929 et
2109 2874 2381 2928 adorator
2412 2873 2723 2939 intravero,
2755 2888 2788 2925 a
2821 2876 2930 2925 Deo
2963 2872 3246 2938 excidam,
3280 2874 3664 2942 quemadmo-

2022 2965 2160 3018 dum
2197 2964 2418 3017 circum
2450 2960 2537 3015 vel
2570 2960 2864 3014 theatrum
2898 2964 3209 3030 spectator.
3246 2968 3391 3016 Loca
3422 2977 3525 3015 nos
3550 2977 3664 3017 non

2025 3051 2429 3108 contaminant
2474 3066 2575 3121 per
2613 3066 2695 3119 se,
2757 3049 2857 3103 sed
2913 3065 3039 3120 quae
3100 3049 3157 3103 in
3219 3049 3359 3105 locis
3411 3050 3580 3121 ﬁunt,
3638 3066 3673 3105 a

266 3120 628 3209 adscribunt,
652 3120 751 3209 qui
787 3140 915 3194 illos
947 3157 1051 3195 ovo
1092 3143 1277 3196 editos
1308 3144 1595 3198 credendo
1628 3146 1698 3199 de
1728 3120 1911 3217 cygno
1942 3120 1984 3185 (ἶ
2025 3142 2243 3215 quibus
2276 3146 2333 3195 et
2362 3120 2490 3210 ipsa
2523 3138 2647 3193 loca
2677 3137 3065 3192 contaminari
3113 3138 3372 3192 altercati
3421 3120 3667 3195 sumus:

260 3232 398 3283 Jove
419 3245 533 3282 non
555 3228 1045 3301 erubescunt(37).
1061 3230 1371 3301 Delphinos
1393 3232 1659 3303 Neptuno
1682 3240 1905 3303 vovent,

262 3316 572 3372 columnas
592 3317 635 3351 εἴ
658 3318 771 3389 (38)
798 3319 1017 3374 sessias
1049 3336 1082 3373 a
1111 3324 1615 3390 sementationibus,
1660 3325 1907 3379 messias

2019 3235 2089 3287 de
2178 3228 2595 3284 contaminatis
2688 3226 3267 3281 contaminamur“.

2281 3334 2404 3373 com
2416 3333 2832 3384 memoramus,

3354 3232 3669 3299 Propterea

2020 3326 2213 3376 autem
2281 3333 2832 3384 commemoramus,
2920 3316 3137 3386 quibus
3186 3317 3477 3387 ejusmodi
3540 3316 3669 3372 loca

1760 3440 1909 3500 ariae
1958 3438 2278 3499 lectiones.

1760 3442 1851 3500 ari
1958 3442 2278 3499 lectiones.

327 3530 368 3563 ⁸⁸
402 3529 565 3606 Quod
600 3530 780 3606 Raris.
805 3534 1099 3606 utrumque
1128 3534 1276 3588 abest
1308 3537 1429 3603 Rig.
1506 3536 1551 3569 ⁸²
1586 3540 1649 3589 Et
1681 3442 1991 3606 leengida
2023 3536 2204 3588 Latin.
2266 3532 2363 3585 sed
2400 3529 2708 3606 splendida
2760 3530 3491 3606 _Paris‘_”__Putavcrunt.
3548 3530 3666 3599 Rig.

260 3602 327 3684 Et.
360 3608 425 3655 ιιι
443 3603 581 3684 ρξειὲ
606 3604 839 3684 Cilicas:
901 3604 946 3636 “
971 3602 1090 3684 911i.
1110 3606 1229 3684 “ia.-

316 3676 324 3684 .
458 3673 500 3705 ,ε
831 3676 839 3685 '
971 3680 973 3705 i

256 3673 973 3814 fl’gc'onta$i‘$§l.i£"liz-g.

1308 3607 1351 3639 ⁸⁵
1388 3606 1455 3660 Ut
1485 3606 1860 3684 voluntabest
1884 3609 1998 3684 lligﬁ.
2054 3606 2120 3684 ξεῖ
2150 3606 2713 3684 Argutantur'piane
2743 3606 2873 3656 Jun.
2948 3606 3019 3684 “_7.

458 3673 500 3705 ⁸⁸
531 3672 739 3748 Tutela
773 3676 919 3748 Eia.
971 3676 1016 3709 39
1040 3676 1506 3748 Murtiaquoquc
1538 3679 1591 3733 id
1628 3680 1767 3734 olim
1801 3672 2148 3735 fecit'Lalin.
2186 3672 2450 3729 Murtias.
2488 3672 2602 3729 llas
2656 3690 2891 3744 quoque
2949 3676 3071 3743 Rig.

2077 3606 2120 3638 3“
2150 3607 2513 3674 Argutantur
2547 3602 2713 3673 piane
2743 3603 2873 3656 Jun.
2948 3602 2991 3635 ⁸⁷
3050 3601 3310 3656 Vomunt
3366 3602 3657 3655 columna:

3150 3674 3193 3707 9°
3232 3674 3489 3728 Numina
3531 3674 3660 3730 Jun.

1700 3839 2224 3901 Commentarius.

259 3938 507 4021 pilento,
540 3939 813 4021 petorito,
846 3940 993 4021 quia
1016 3940 1111 3995 alii
1173 3944 1545 4021 confundunt
1574 3962 1705 4000 cum
1764 3946 1903 4013 illis,

259 4018 439 4089 atque
462 4026 591 4065 esse
614 4017 851 4089 proprie
877 4017 1103 4089 vectem
1132 4018 1541 4089 gestariorum;
1578 4020 1674 4089 qui
1727 4035 1905 4089 opera

260 4083 573 4155 hominum
607 4082 908 4155 tolleretur
930 4082 1204 4139 manibus
1236 4082 1610 4155 humerisve;
1641 4090 1711 4143 ad
1767 4082 1903 4145 eum

261 4153 531 4230 modum,
564 4169 678 4230 quo
711 4154 863 4209 sella:
893 4159 1220 4230 gestatoria;
1250 4162 1399 4230 apud
1435 4153 1803 4226 Suetonium,
1852 4165 1907 4215 et

258 4227 479 4281 lecticae
509 4226 668 4299 apud
700 4231 995 4281 Senecam.
1032 4228 1179 4299 Ergo
1203 4226 1597 4288 Tertullianus
1638 4250 1671 4287 a
1720 4234 1907 4287 curri-

262 4301 394 4374 _bus,
421 4297 518 4365 qui
545 4299 833 4374 jumentis
865 4297 1209 4370 agebantur,
1240 4320 1271 4356 a
1302 4303 1527 4358 thensis
1575 4321 1700 4374 qua:
1754 4304 1903 4358 funi-

262 4371 395 4443 bus,
428 4370 643 4443 transit
674 4369 745 4422 ad
773 4369 1203 4443 harmamaxas,
1248 4390 1375 4443 quae
1429 4369 1689 4429 humeris
1744 4376 1907 4429 tolle-

268 4442 483 4494 bantur
511 4440 583 4493 ab
629 4440 987 4507 hominibus,
1047 4442 1129 4498 ita
1178 4440 1591 4501 attestantibus
1644 4448 1906 4502 studium

270 4528 444 4565 suum
480 4528 617 4582 erga
647 4512 1141 4569 sacraCirccnsia.
1177 4516 1304 4571 LAC.

335 4584 636 4655 (35)7lllius
668 4585 826 4638 urbis
874 4586 932 4637 in
981 4601 1088 4655 qua
1144 4587 1543 4642 dwmoniorum
1612 4594 1910 4643 conventus

272 4654 527 4731 consedit.
562 4655 799 4731 Romam
833 4654 1262 4731 et‘Capitolium
1292 4659 1584 4731 signiﬁcat
1636 4666 1703 4715 Et
1750 4661 1911 4731 Capi-

272 4726 477 4800 tolium
512 4726 849 4800 quideming
872 4727 1088 4797 Apolog.
1121 4746 1249 4800 pag.
1305 4726 1374 4784 ἹΪ
1403 4730 1634 4786 Curiam
1670 4726 1909 4786 deorum

271 4813 402 4875 esse
426 4797 675 4875 ait,-ubi
728 4797 949 4875 scilicet
1005 4797 1243 4855 deorum
1306 4804 1583 4873 synodus,
1646 4804 1909 4875 ejusdem

271 4869 603 4941 Apologetici
633 4885 759 4941 cap.
793 4871 847 4923 6.
878 4870 1010 4941 Ric.

344 4940 451 5007 (36)
491 4938 598 4995 Οοα
626 4938 827 4995 honori
858 4940 1194 5013 Castrorum.
1233 4944 1431 5013 Spatia
1488 4946 1911 4999 curriculorum

272 5009 328 5063 in
363 5015 514 5065 circo
546 5013 667 5066 ovis
702 5017 899 5067 notata
930 5012 1111 5067 fuisse
1143 5029 1208 5066 ex
1234 5009 1409 5079 Livio,
1446 5016 1645 5082 Dione,
1682 5024 1736 5070 ct
1774 5018 1914 5071 Cas-

272 5082 504 5154 siodoro
539 5084 766 5154 primus
798 5086 1093 5139 annotavit
1129 5085 1403 5141 Alciauus
1427 5086 1524 5142 lib.
1559 5090 1586 5141 -’i
1628 5090 1914 5154 Parergun

272 5107 504 5136 Siuuuru
539 5107 766 5154 prunus
798 5107 1093 5139 urlnoulvu
1129 5107 1403 5141 AlClanus
1427 5107 1524 5142 110.
1559 5107 1586 5141 ι¹ι
1628 5107 1819 5143 ιἐὶΓθΓη
1843 5107 1914 5144 un

272 5169 407 5279 (impl5
438 5153 539 5209 ult.
567 5154 688 5218 Quo
720 5155 893 5211 etiam
927 5156 1134 5210 alludit
1166 5156 1342 5213 Varro
1373 5159 1443 5213 de
1471 5163 1547 5213 Re
1564 5162 1783 5215 rustica
1804 5107 1914 5215 ﬁlib.

319 5266 330 5277 .
413 5241 506 5279 ui.

319 5266 330 5277 .
371 5241 506 5280 ΓΔΗ.

342 5298 457 5361 (37)
490 5299 604 5368 Qui
635 5298 766 5351 illos
782 5314 901 5373 kovo
928 5297 1098 5373 editos
1127 5299 1415 5369 credendo,
1447 5301 1513 5355 de
1566 5320 1734 5373 cycno
1791 5309 1922 5360 Jove

273 5382 391 5447 neri
418 5370 867 5447 oruvqscun_t._Sic
889 5370 1253 5447 habet_vetu_s
1284 5370 1919 5447 escmplar'Agobardi.

277 5438 393 5517 nisi
426 5440 582 5517 _quod
616 5440 901 5517 syllabam
932 5441 1267 5517 geminavit,
1296 5438 1469 5499 ἄπεις’
1512 5438 1703 5517 cygno,
1765 5448 1918 5517 quod

277 5510 467 5583 ρει-ά(
491 5510 678 5583 cucno,
700 5512 821 5567 sive
852 5516 919 5567 de
942 5510 1133 5583 cycno.
1168 5515 1289 5569 RIG.

349 5580 466 5653 (38)
486 5582 774 5651 Delphinos
795 5580 1043 5651 Neptuno
1070 5589 1291 5640 vomunt
1312 5587 1722 5645 col.Juvenalis
1743 5594 1851 5646 sat.
1867 5590 1920 5645 6:

367 5660 615 5711 Consulit
648 5668 772 5712 ante
818 5663 949 5714 falas
996 5664 1483 5730 delphinorumque
1538 5669 1831 5721 columnas.

565 5752 826 5845 Panos.
876 5781 925 5843 Ι.

2012 3943 2328 4013 Septimius
2353 3939 2653 4015 columnas
2686 3940 2825 4015 dicit
2853 3956 3083 3997 vomere
3117 3942 3447 4014 delphinos,
3507 3959 3655 4015 quas

2015 4012 2097 4069 de
2117 4014 2523 4139 ecfillumnarum
2549 4012 2689 4067 alvis
2711 4012 2956 4068 emissos
2990 4019 3054 4068 ut
3084 4030 3185 4086 per
3210 4012 3384 4069 tubos
3414 4021 3470 4071 et
3491 4012 3661 4071 cana-

2016 4088 2120 4139 les.
2210 4102 2283 4139 ιο.

2016 4088 2120 4142 les.
2158 4088 2283 4139 Βία.

2088 4158 2197 4229 (39)
2233 4155 2808 4229 Obeliscicnorgmitqs.
2847 4156 2919 4209 De
2968 4154 3075 4229 hoc
3132 4156 3355 4229 Plinius
3415 4157 3512 4211 lib.
3570 4156 3659 4211 36.

2018 4226 2143 4299 cap.
2184 4226 2237 4281 9.
2277 4230 2327 4281 ls
2352 4232 2545 4299 autem
2594 4226 2919 4291 Obeliscus,
2976 4226 3189 4298 inquit,
3251 4244 3425 4299 quem
3486 4229 3665 4283 Divus

2015 4298 2318 4370 Augustus
2351 4299 2409 4351 in
2442 4298 2605 4353 Circo
2639 4313 2850 4369 magno
2885 4300 3117 4372 statuit,
3168 4298 3397 4354 excisus
3452 4316 3483 4354 a
3533 4317 3667 4372 rege

2015 4374 2437 4451 Semneserteo,
2471 4386 2586 4451 quo
2611 4374 2901 4451 regnante
2940 4371 3303 4451 Pythagoras
3325 4372 3393 4451 in.
3422 4371 3667 4451 jiﬂgypto

2019 4443 2154 4526 fuit,
2182 4448 2413 4526 centum
2447 4440 2948 4526 vigintiquinque
2989 4440 3203 4526 petium
3256 4448 3313 4497 et
3362 4440 3669 4526 dodrantis

2020 4520 2228 4585 pra‘ter
2258 4513 2445 4596 basim
2480 4512 2740 4582 ejusdem
2772 4512 3005 4596 lapidis}
3044 4515 3093 4596 is
3123 4531 3257 4569 vero
3302 4516 3399 4596 qui
3462 4520 3564 4596 est.
3589 4515 3665 4596 .in

2021 4584 2225 4657 campo
2259 4584 2462 4638 Martis
2495 4600 2698 4638 novem
2736 4585 2980 4655 pedibus
3013 4585 3205 4640 minor
3232 4603 3266 4641 a
3317 4584 3665 4642 Sesostride.

2022 4662 2169 4712 ΡΑΜ.

2092 4746 2205 4815 (40)
2236 4745 2495 4797 Murciam
2525 4745 2679 4816 enim
2712 4742 2902 4816 _dcqmi
2947 4747 3230 4800 marcoris.
3292 4747 3396 4816 leg.
3462 4746 3665 4816 Rigalt.

2026 4813 2384 4887 Augustinus
2416 4832 2488 4868 1v.
2515 4814 2585 4867 de
2608 4813 2771 4869 Civit.
2807 4815 2929 4881 Dei,
2970 4832 3096 4887 cap.
3132 4818 3216 4872 16.
3279 4813 3451 4872 Deam
3508 4813 3667 4872 Mur-

2025 4889 2175 4943 ciam
2227 4889 2598 4951 vocaverunt,
2659 4902 2784 4956 qua:
2847 4894 3055 4955 praeter
3101 4890 3341 4943 modum
3378 4907 3490 4943 non
3545 4905 3669 4944 mo-

2025 4966 2204 5021 veret,
2265 4976 2329 5012 ac
2391 4959 2602 5031 faceret
2660 4956 2979 5031 hominem,
3035 4962 3097 5012 ut
3153 4960 3233 5014 ait
3284 4960 3665 5031 Pomponius,

2027 5031 2384 5095 murcidum,
2417 5028 2594 5097 idest,
2659 5029 2834 5081 nimis
2892 5030 3273 5101 desidiosum,
3310 5037 3365 5087 et
3413 5028 3672 5087 inactuo-

2027 5120 2183 5166 sum,
2250 5102 2467 5175 Itiq.—
2510 5100 2769 5175 .llurciufn
2824 5101 3004 5175 Deum,
3044 5100 3266 5156 amoris.
3356 5104 3673 5175 Insigniter

2028 5176 2309 5243 deceptus
2340 5172 2645 5246 Turnebus
2681 5171 2783 5223 lib.
2816 5172 2902 5223 22.
2940 5173 3065 5246 adv.
3095 5190 3144 5228 c.
3207 5175 3292 5237 17,
3343 5176 3443 5246 qui
3485 5171 3670 5246 legit:

2029 5248 2291 5301 Murtiam
2324 5244 2469 5296 enim
2503 5243 2664 5296 Deum
2696 5244 3007 5308 marmoris,
3029 5246 3181 5314 quod
3218 5243 3377 5301 cum_
3411 5243 3674 5303 insolens

2030 5318 2111 5372 illi
2148 5317 2458 5391 videretur,
2483 5314 2725 5391 corrigit
2755 5314 2922 5391 Dcani
2946 5320 3230 5391 mei-coris,
3266 5319 3464 5391 aitque
3509 5336 3673 5390 spec-

2030 5386 2328 5460 tatumgad
2366 5384 2833 5460 deamscgnium
2871 5386 3141 5442 Murtiam
3178 5384 3345 5460 cujus
3372 5384 3673 5445 'mem'init

2036 5458 2343 5514 Arnobius.
2379 5456 2520 5512 Vere
2554 5457 2863 5525 legendum
2896 5462 3101 5515 amori:
3150 5456 3283 5516 cum
3344 5460 3557 5516 Pamel.
3614 5464 3673 5514 et

2034 5528 2499 5603 resillusﬁtranda
2529 5546 2562 5583 a
2590 5528 2771 5583 l’linio
2812 5529 2930 5603 _lib_.
2994 5548 3084 5601 xv;
3124 5548 3251 5603 cap.
3301 5534 3392 5600 29,
3448 5531 3545 5585 ubi
3602 5530 3675 5585 de

2032 5603 2254 5660 Venere
2280 5602 2497 5674 Myrtea
2526 5606 2627 5656 aut
2653 5600 2880 5656 Martia.
2910 5601 3036 5658 Lac.

3325 5798 3405 5867 23
