4106 6178
434 294 552 354 715

983 292 1510 355 TERTULLIANI
1556 292 1877 355 OPERUM
1925 293 2124 354 PARS
2170 291 2214 353 Ι.
2250 326 2327 338 -
2357 288 2633 356 SERIES
2678 295 2725 365 Ι,
2771 294 3336 361 APOLOGETICA.

3691 306 3795 366 716

438 430 723 484 dicentur.
759 432 824 483 ut
852 443 1053 486 eorum
1112 429 1583 483 demonstremus
1626 444 1773 496 esse,
1837 443 1964 494 quae
2019 426 2076 480 in
2106 432 2160 497 Α
2192 427 2407 493 Martii,
2434 427 2531 483 alii
2562 428 2761 486 album
2804 430 3082 503 Zephyris
3129 440 3597 491 consecraverunt
3679 437 3802 493 Pra-

431 518 521 575 his
544 518 686 575 locis
700 520 868 588 ﬁunt,
900 517 1116 588 quibus
1140 516 1265 571 loca
1296 517 1585 572 dicantur.

988 660 1131 714 641
1173 661 1251 715 Ct
1264 659 1398 715 PUT
1434 660 1523 714 ΙΧ.

505 786 669 840 Nunc
703 786 771 839 de
814 783 1056 839 artiﬁcio
1102 801 1216 855 quo
1266 784 1555 838 circenses
1603 784 1926 839 exibentur.
1970 783 2080 837 Res

438 874 729 947 equestris
758 878 911 928 retro
940 874 1188 945 simplex
1211 874 1280 928 de
1338 873 1511 928 dorso
1530 874 1573 907 9’
1627 874 1907 944 agebatur
1945 872 2078 943 (41),

438 970 494 1021 et
519 964 716 1035 utique
734 963 1064 1019 communis
1096 980 1240 1018 usus
1272 979 1406 1018 reus
1438 979 1551 1017 non
1608 966 1751 1017 erat.
1786 962 1897 1016 Sed
1948 978 2081 1015 cum

439 1053 699 1110 adludos
728 1057 963 1108 coactus
993 1056 1102 1122 est,
1162 1052 1395 1106 transiit
1448 1068 1481 1106 a
1537 1052 1636 1106 Dei
1693 1067 1936 1106 munere
2010 1051 2080 1105 ad

440 1143 860 1198 daemoniorum
892 1142 1101 1197 efﬁcis.
1138 1142 1342 1212 Itaque
1374 1141 1597 1196 Castori
1630 1145 1687 1195 et
1720 1139 1934 1195 Polluci
1985 1140 2081 1194 de-

439 1236 680 1304 putatur
710 1234 830 1287 haec
889 1232 1135 1301 Species,
1193 1232 1416 1300 quibus
1469 1247 1652 1299 equos
1705 1248 1736 1282 a
1796 1229 2085 1283 Mercurio

436 1322 788 1377 distributos
838 1320 1210 1375 Stesichorus
1263 1321 1450 1373 docet.
1508 1320 1613 1371 Sed
1675 1325 1732 1372 et
1780 1320 2087 1388 Neptunus

438 1410 722 1479 equestris
764 1416 872 1475 est,
908 1426 1080 1479 quem
1143 1408 1323 1462 Graeci
1378 1406 1571 1459 ’ἐππιον
1630 1407 1947 1478 appellant.
2009 1407 2087 1460 De

435 1502 575 1572 jugo
607 1516 739 1555 vero
769 1501 813 1532 9³
845 1498 1162 1569 quadrigas
1194 1497 1327 1563 soli,
1359 1497 1527 1567 Ligus
1562 1497 1709 1551 lunae
1743 1501 2085 1552 sanxerunt.

435 1590 545 1646 Sed
579 1590 624 1624 9‘
653 1594 729 1644 et.

586 1696 796 1744 Primus
824 1694 1166 1743 Erichtonius
1204 1707 1396 1742 currus
1428 1698 1479 1742 et
1508 1697 1742 1755 quatuor
1776 1706 1939 1741 ausus

590 1760 823 1821 Jungere
847 1771 1031 1819 equos,
1056 1756 1387 1819 rapidusque
1410 1758 1545 1805 rotis
1566 1758 1811 1805 insistere
1836 1757 2022 1805 victor.

435 1856 851 1913 Erichthonius
881 1856 1149 1910 Minerva:
1171 1859 1228 1908 et
1249 1853 1490 1908 Vulcani
1526 1854 1704 1919 Illius,
1757 1858 1814 1909 et
1844 1852 2080 1923 quidem

438 1949 509 2001 de
539 1947 759 2001 caduca
791 1945 847 1998 in
882 1950 1097 1998 terram
1129 1942 1392 2007 libidine,
1455 1948 1755 2013 potentum
1818 1947 1908 1997 est
1962 1942 2082 1996 da:-

442 2036 760 2103 monicum,
793 2034 911 2087 imo
944 2030 1213 2085 diabolus
1244 2032 1389 2101 ipse,
1426 2048 1536 2085 non
1570 2031 1824 2085 coluber.
1859 2032 1917 2085 Si
1948 2048 2082 2085 vero

438 2122 744 2178 Trocuilus
774 2123 817 2155 9⁵
849 2120 1096 2191 Argivus
1126 2126 1329 2173 auctor
1376 2124 1464 2174 est
1528 2136 1758 2185 currus,
1820 2120 2007 2189 primo
2040 2120 2082 2153 9°

437 2214 677 2277 Junoni,
712 2212 768 2266 id
800 2227 947 2281 opus
979 2210 1088 2279 (42)
1122 2225 1295 2263 suum
1321 2208 1625 2263 dedicavit.
1661 2209 1717 2262 Si
1749 2209 1941 2262 Roma)
1970 2213 2079 2263 Ro-

438 2303 633 2357 mulus
662 2300 1007 2373 quadrigam
1040 2298 1266 2368 primus
1320 2297 1596 2365 ostendit,
1661 2302 1799 2368 puto
1845 2301 1902 2351 et
1955 2297 2082 2368 ipse

436 2392 588 2446 inter
613 2387 767 2444 idola
797 2386 1187 2457 conscriptus,
1219 2386 1266 2440 si
1299 2386 1454 2440 idem
1492 2391 1581 2441 est
1610 2384 1907 2451 Quirinus.
1968 2387 2080 2441 Ta-

438 2480 592 2535 libus
624 2478 963 2533 auctoribus
1023 2474 1317 2546 quadrigte
1386 2477 1702 2545 productae,
1763 2474 1970 2529 merito
2028 2478 2084 2529 et

442 2567 665 2639 aurigis
720 2565 1013 2621 coloribus
1072 2562 1401 2617 idolatriam
1460 2563 1781 2618 vestierunt
1834 2564 1967 2631 (43),
2027 2567 2085 2617 et

439 2658 509 2713 ad
546 2656 709 2711 initio
731 2656 843 2710 duo
875 2653 982 2708 soli
1017 2653 1313 2707 fuerunt“
1344 2652 1512 2705 albus
1545 2655 1601 2707 et
1639 2669 1883 2707 russeus
1927 2653 2078 2722 (/14):

443 2746 613 2801 albus
643 2744 844 2812 hiemi,
878 2743 949 2799 ob
984 2742 1145 2796 nives
1193 2740 1514 2795 candidas:
1576 2758 1817 2796 russeus
1871 2742 2079 2809 aestati,

445 2836 517 2890 ob
541 2833 682 2891 solis
712 2833 1008 2899 ruborem,
1031 2830 1144 2884 voti
1178 2836 1363 2885 erant.
1399 2831 1508 2885 Sed
1564 2835 1763 2900 postea
1821 2836 1935 2885 tam
1985 2847 2079 2885 vo-

444 2924 687 2996 Iuptate,
715 2937 889 2994 quam
924 2917 1338 2989 superstitione
1365 2923 1635 2989 provecta
1666 2936 1933 2974 russeum
1981 2920 2083 2973 alii

2189 517 2386 572 sinum
2422 534 2554 573 vero
2576 519 2618 553 93
2650 524 2704 573 te
2717 536 2821 573 me
2848 520 3036 588 Matri,
3061 520 3145 576 vel
3169 537 3343 577 verno
3373 523 3500 594 (45),
3548 524 3799 582 Venatum

2188 604 2329 660 coelo
2379 612 2435 661 et
2473 607 2642 673 mari,
2693 610 2784 662 vel
2838 615 3145 665 autumno.
3209 614 3347 666 Cum
3391 617 3573 668 autem
3627 615 3796 670 omnis

2189 694 2785 764 speciesidololatriaa
2817 698 3097 753 damnata
3126 699 3279 755 642
3329 699 3405 755 sit
3464 717 3496 755 a
3548 706 3674 768 Deo,
3724 709 3799 772 uti

2189 799 2300 853 que
2330 783 2507 838 etiam
2533 783 2631 838 illa
2663 786 2999 855 damnatur,
3035 804 3161 859 quas
3189 788 3486 845 elementis
3515 790 3798 846 mundiali-

2193 872 2302 928 bus
2324 874 2369 907 ”
2400 876 2762 945 profanatur.

2847 1000 3083 1056 CAPUT
3123 1001 3187 1057 X.

2266 1141 2663 1197 Transeamus
2694 1142 2763 1197 ad
2797 1142 3059 1199 scenicae
3088 1160 3200 1211 res,
3254 1159 3500 1215 quarum
3548 1148 3601 1199 et
3653 1142 3805 1216 origi-

2196 1244 2330 1283 nem
2362 1246 2758 1292 cominunem,
2791 1236 2845 1286 et
2868 1232 3072 1287 titulos
3096 1250 3265 1303 pares
3297 1237 3613 1288 secundum
3643 1233 3808 1303 ipsam

2197 1320 2267 1371 ab
2302 1318 2465 1372 initio
2496 1319 2767 1372 ludorum
2803 1320 3251 1390 appellationem
3295 1328 3351 1376 et
3386 1321 3807 1376 administratio-

2197 1424 2329 1461 nem
2362 1410 2735 1476 conjunctam
2770 1425 2901 1463 cum
2936 1426 2995 1464 re
3012 1412 3415 1481 equestrijam
3446 1411 3804 1465 ostendimus.

2196 1498 2526 1566 Apparatus
2553 1497 2729 1551 etiam
2770 1514 2838 1552 ex
2876 1515 2943 1552 ea
2996 1505 3158 1570 parte
3214 1505 3530 1566 consortes,
3588 1516 3703 1569 quae
3746 1498 3807 1552 ad

2197 1600 2433 1639 scenam
2468 1590 2691 1655 spectat
2719 1604 2732 1641 :
2758 1604 2890 1641 nam
2925 1604 2958 1643 a
2986 1587 3222 1659 templis
3242 1592 3299 1643 et
3326 1589 3464 1655 aris,
3499 1592 3553 1642 et
3592 1586 3684 1641 illa
3732 1586 3807 1641 in-

2198 1672 2471 1727 felicitate
2501 1673 2693 1729 thuris
2731 1678 2788 1729 et
2834 1676 3142 1747 sanguinis
3198 1678 3307 1748 (46)
3366 1676 3521 1731 inter
3557 1674 3714 1731 tibias
3764 1677 3812 1729 et

2198 1763 2374 1816 tubas
2403 1762 2541 1830 itur,
2574 1764 2804 1819 duobus
2834 1764 3333 1835 inquinatissimis
3379 1765 3624 1832 arbitris,
3668 1763 3813 1818 fune-

2193 1868 2324 1905 rum
2352 1857 2409 1905 et
2438 1852 3139 1925 sacrorum,designatore
3157 1860 3214 1909 et
3244 1854 3672 1925 haruspice.lta
3695 1866 3812 1908 cum

2194 1941 2263 1994 de
2294 1939 2620 2010 originibus
2642 1940 2912 1997 ludorum
2936 1944 3008 1998 ad
3030 1942 3323 1999 circenses
3340 1942 3675 2008 transimus,
3694 1940 3813 1994 inde

2195 2046 2350 2085 nunc
2381 2032 2453 2083 ad
2502 2030 2763 2085 scenicos
2807 2031 2975 2087 ludos
3006 2033 3341 2103 dirigimus,
3404 2050 3438 2087 a
3484 2031 3588 2087 loci
3635 2030 3812 2087 vitio‘.

2191 2119 2505 2173 Theatrum
2566 2120 2798 2190 proprie
2856 2122 3179 2176 sacrarium
3238 2121 3484 2176 Veneris
3558 2124 3662 2176 est.
3713 2122 3816 2173 Hoc

2192 2208 2441 2279 denique
2475 2209 2644 2263 modo
2676 2208 2729 2262 id
2765 2226 2953 2280 genus
3012 2211 3205 2283 operis
3257 2210 3313 2264 in
3370 2209 3579 2266 saeculo
3634 2208 3814 2263 evasit.

2195 2297 2337 2353 Nam
2396 2314 2546 2368 saepe
2604 2313 2872 2353 censores
2917 2299 3331 2355 renascentia2
3398 2316 3528 2355 cum
3589 2298 3815 2352 maxime

2194 2385 2420 2439 theatra
2477 2386 2858 2442 destruebant
2913 2389 3047 2457 (47),
3121 2388 3389 2444 moribus
3448 2386 3813 2451 consulentes,

2192 2490 2441 2545 quorum
2475 2474 2696 2529 scilicet
2726 2474 3050 2546 periculum
3082 2476 3288 2548 ingens
3323 2477 3397 2532 de
3428 2475 3658 2531 lascivia
3698 2489 3811 2544 pro-

2190 2562 2486 2627 videbant,
2540 2566 2603 2617 ut
2651 2563 2777 2633 jam
2830 2564 2970 2619 hinc
3010 2564 3261 2621 ethnicis
3310 2565 3368 2618 in
3429 2562 3808 2620 testimonium

2192 2652 2360 2707 cedat
2416 2652 2704 2707 sententia
2775 2652 3035 2725 ipsorum
3121 2654 3436 2709 nobiscum
3493 2648 3721 2719 faciens,
3765 2652 3813 2703 et

2194 2740 2441 2795 nobisin
2461 2741 2965 2812 exaggerationem
3024 2742 3344 2814 discipline:
3397 2742 3571 2798 etiam
3622 2740 3811 2794 huma-

2193 2847 2278 2884 nas
2324 2830 2721 2901 praerogativa.
2784 2832 2986 2901 Itaque
3048 2832 3363 2903 Pompeius
3425 2831 3664 2902 Magnus
3717 2825 3814 2896 (48)

2193 2920 2315 2974 solo
2346 2919 2574 2973 theatro
2605 2935 2712 2974 suo
2746 2920 2956 2987 minor,
2989 2936 3123 2976 cum
3157 2920 3318 2975 illam
3351 2935 3549 2976 arcem
3584 2916 3817 2973 omnium

1884 3037 2085 3097 Variae
2107 3037 2427 3097 lectiones.

510 3150 558 3183 92
590 3148 671 3203 De
700 3147 873 3201 dorso
903 3144 1222 3215 abest.iRig.
1300 3142 1343 3175 93
1374 3141 1452 3196 De
1476 3142 1620 3213 jugo
1646 3158 1779 3215 vero
1809 3143 1961 3215 abest
1995 3144 2191 3215 Rigalt.
2269 3143 2496 3215 9‘Sane
2528 3142 2726 3213 Rigalt.
2806 3143 2848 3178 95
2876 3141 3223 3214 Acrophilus
3271 3144 3463 3199 Paris.
3539 3140 3582 3173 ⁹⁶
3634 3136 3815 3215 fatria

439 3221 657 3276 Junoni
694 3224 906 3274 Wou-w.
941 3219 1019 3269 M.
1056 3214 1111 3267 S.
1142 3215 1319 3268 Latin.
1368 3214 1440 3285 7‘“
1475 3209 1802 3285 lat'aurigas
1834 3209 2078 3268 colorib:
2106 3214 2385 3269 idolatriae
2419 3209 2759 3269 vestierunt.
2791 3218 2862 3269 Et
2892 3216 2963 3269 ab
3004 3209 3172 3269 initio
3210 3215 3343 3285 equi
3397 3215 3511 3270 duo
3567 3209 3681 3285 soli_
3718 3209 3819 3285 fue-

442 3297 581 3346 runt
615 3292 879 3346 Wouwer.
917 3303 1050 3339 nam
1086 3287 1218 3357 equi
1255 3284 1418 3357 initio
1451 3285 1566 3337 duo
1600 3278 1977 3341 solivl'uerunt
2008 3287 2205 3357 Rigalt.
2283 3288 2326 3320 9⁸
2377 3286 2499 3341 Veri
2561 3287 2753 3342 Latin.
2831 3288 2874 3322 ⁰⁹
2929 3278 3303 3342 Μυηᾱαιὶὺιὶε
3358 3292 3501 3343 Jun.
3581 3286 3595 3318 ί
3665 3278 3815 3335 Initio

438 3364 623 3417 Latin.
657 3361 778 3427 Rig.
858 3360 877 3391 ²
908 3356 1253 3411 Enascentia
1274 3356 1300 3408 ‘I
1328 3361 1466 3410 Jun.
1504 3358 1803 3411 nascentia
1823 3358 1940 3428 Rig.

1888 3474 2407 3535 Commentarius.

512 3584 625 3653 (41)
655 3583 782 3661 _Re_s
810 3580 1298 3661 Δι’(μρριςιγξξδ-νεζζτε
1380 3578 1618 3661 simplex
1673 3581 1955 3661 agebatur.
2000 3582 2080 3661 In
2115 3582 2157 3648 C
2196 3597 2225 3661 ς

446 3650 763 3725 exemplari
799 3650 1083 3723 Agobardi
1119 3650 1329 3725 legitur
1362 3667 1373 3703 :
1402 3673 1441 3725 u_
1457 3652 1562 3704 Res
1600 3653 1891 3725 equestris
1931 3657 2083 3725 retro

447 3723 695 3796 simplex
725 3726 797 3778 de
828 3726 999 3796 dorso
1031 3724 1332 3796 agebatur.
1359 3743 1387 3769 ››
1404 3723 1585 3796 Retro
1646 3724 1914 3793 simplex,
1979 3724 2086 3778 hoc

449 3794 729 3864 esu—olim
761 3794 1008 3865 simplex
1035 3794 1337 3863 agebatur,
1358 3794 1633 3848 nimirum
1694 3796 1872 3865 perite
1923 3796 2085 3865 equi-

450 3869 614 3925 tandi
640 3867 833 3923 studio
856 3865 1398 3936 simplici,nondum
1422 3872 1757 3921 consecrata
1785 3868 2089 3923 daemoniis

447 3941 564 3996 ulla
589 3939 863 3995 ludorum
893 3938 1255 4008 equestrium
1280 3936 1669 3990 solemnitate.
1693 3938 2088 3994 Stultissimus

446 4013 655 4083 aliquis
688 4010 979 4083 apposuit,
1012 4009 1080 4083 (le
1107 4008 1282 4083 dorso,
1316 4024 1448 4061 cum
1484 4010 1563 4083 ita
1586 4008 1731 4063 belle
1765 4010 1875 4064 sibi
1911 4011 2085 4064 inter—

446 4028 655 4083 aIIqUIS
688 4028 758 4082 ap
805 4028 979 4077 osuit,
1012 4028 1080 4061 ae
1107 4028 1282 4073 aorso,
1316 4028 1448 4061 cum
1484 4028 1563 4063 ua
1586 4028 1731 4063 neue
1765 4028 1875 4064 SIDI
1911 4028 2085 4064 inter—

446 4084 661 4156 pretari
691 4028 987 4156 videretur
1017 4080 1469 4156 Septimianum-
1496 4079 1635 4134 illud
1669 4089 1833 4135 retro.
1865 4085 1935 4135 At
1994 4083 2085 4156 hic

443 4150 593 4212 certe
624 4156 846 4211 cautior
880 4154 988 4207 fuit
1031 4152 1327 4205 Isidorus:
1373 4174 1398 4199 α
1426 4150 1568 4205 Nam
1624 4168 1716 4206 res
1774 4154 2083 4221 siluestris,

440 4228 654 4298 inquit,
688 4231 861 4282 antea
890 4223 1137 4294 simplex
1167 4224 1467 4293 agebatur.
1502 4246 1519 4269 ιι
1550 4222 1675 4277 Rm.

509 4299 621 4370 (42)
652 4298 860 4355 lunoni
882 4296 941 4351 id
971 4311 1102 4365 opus
1140 4311 1317 4370 suum.
1357 4294 1519 4370 Legit
1566 4294 1855 4350 Pamelius
1901 4298 2084 4365 primo

437 4364 677 4440 Junoni,
712 4364 1026 4439 aliiprimze
1055 4367 1298 4440 Junoni,
1323 4366 1422 4419 sed
1482 4364 1739 4421 Joannes
1794 4384 1828 4440 a_
1874 4364 2079 4440 Ἦραν.

439 4458 505 4495 ex
536 4437 943 4497 msfcorrexit
983 4440 1206 4506 patria).
1260 4437 1426 4491 Forte
1482 4441 1677 4491 autem
1732 4438 1872 4507 quia
1927 4439 2081 4495 Juno

435 4513 665 4582 Argiva.
690 4512 992 4567 Trochilus
1022 4512 1271 4582 Argivas
1293 4508 1605 4582 opusillud
1669 4510 1921 4582 primum
1979 4528 2079 4581 po-

479 4579 629 4637 utari
660 4584 777 4637 dcte
809 4582 1187 4637 consecravit.
1226 4579 1507 4651 Memoria
1536 4583 1730 4634 forsan
1766 4579 2079 4651 lapsus'est

464 4654 718 4725 sidorus,
751 4655 849 4725 qui
882 4654 1002 4708 haec
1034 4669 1148 4725 non
1181 4653 1251 4706 de
1284 4650 1574 4717 'I‘rochilo,
1604 4652 1701 4705 sed
1753 4650 1842 4706 de,
1879 4652 2077 4709 Erich-

432 4724 635 4780 thonio
659 4724 887 4795 accipit.
924 4725 997 4778 LE
1029 4724 1124 4778 Pa.

503 4798 615 4922 (43)
708 4793 983 4851 Coloribus
1066 4794 1398 4848 idololatriae
1464 4795 1783 4847 vestierunt.
1846 4793 2078 4851 Colores

503 4868 589 4922 elo
618 4870 774 4922 striae
802 4866 939 4921 dicit
963 4867 1185 4920 colores
1215 4865 1386 4917 idolis
1431 4865 1675 4918 dicatos.
1708 4867 2072 4922 Agitatorum

432 4865 774 4923 idOlolatriaa
802 4866 939 4921 dicit
963 4867 1185 4920 colores
1215 4865 1386 4917 idolis
1431 4865 1675 4918 dicatos.
1708 4867 2072 4935 Agitatorum

2273 3597 2477 3653 uorum
2531 3582 2684 3652 apud
2745 3582 2904 3636 Ovid.
2997 3580 3215 3653 Pyrois,
3270 3582 3451 3651 Eous,
3498 3577 3820 3653 itEthonuet

2197 3598 2477 3706 eqjuorum
2531 3598 2684 3652 apud
2745 3598 2904 3636 uvm.
2997 3598 3215 3653 ryrms,
3273 3598 3451 3651 lucus,
3524 3598 3720 3634 {etnon
3751 3598 3817 3656 ,ω

2197 3657 2236 3704 ι)
2286 3652 2474 3721 legon,
2508 3658 2565 3706 ct
2585 3670 2710 3724 quze
2741 3658 2881 3707 sunt
2912 3657 3065 3724 apud
3089 3652 3459 3722 Fulgentium
3497 3646 3817 3724 Methollib.

2197 3727 2247 3797 1.
2275 3719 2877 3795 Erythmuszctmon,
2908 3719 3156 3796 Lampos
3185 3719 3243 3797 et
3299 3725 3635 3797 Philogeus.
3694 3719 3821 3797 Nam

2200 3796 2397 3867 Pyrois
2429 3801 2484 3849 et
2516 3797 2839 3868 Erythraeos
2873 3813 3141 3852 russeum
3173 3796 3349 3851 etiam
3416 3796 3723 3868 significat,
3779 3796 3819 3842 8i

2199 3867 2906 3940 Grmcamiderivationem
2938 3874 3291 3940 spectemus.
3327 3867 3477 3923 PAM.

2264 3939 2377 4009 (45)
2441 3938 2627 3993 l’erno.
2679 3940 2815 3994 Cod.
2865 3934 3191 4011 Agobardi,
3255 3941 3411 3995 Vero.
3464 3934 3851 4011 Cassiodqrus,

2196 4004 2414 4063 Variar.
2455 4011 2574 4073 111,
2607 4012 2670 4063 51
2700 4028 2712 4066 :
2758 4030 2776 4057 ι
2810 4004 3088 4066 Prasibus
3145 4004 3351 4065 virenti
3418 4011 3627 4065 Verno.
3660 4027 3685 4053 »
3710 4004 3821 4057 R16.

2266 4082 2377 4155 (46)
2404 4082 2593 4135 Thuris
2640 4088 2692 4155 et
2740 4082 3286 4155 sanguinisnTibiaa
3345 4098 3611 4137 sconam.
3664 4076 3821 4155 Tuba!

2195 4152 2265 4205 ad
2298 4154 2514 4205 circum
2551 4147 2939 4222 pertinebant,
2968 4153 3179 4224 pariter
3209 4154 3279 4207 ad
3309 4170 3549 4210 scenam
3584 4147 3821 4220 respicit.

2194 4229 2249 4277 et
2281 4223 2523 4293 sanguis
2554 4224 2690 4277 circi
2726 4223 3031 4280 feritatem.
3067 4227 3143 4280 Ls
3176 4225 3275 4279 Pa.

2265 4288 2658 4363 (47)Ecnsores
2696 4300 2977 4352 nascentia
3027 4314 3149 4352 cum
3198 4297 3445 4351 maxime
3488 4294 3698 4350 theatra
3740 4288 3821 4341 de-

2190 4368 2499 4441 struebant.
2526 4367 2653 4438 Ipse
2696 4366 2758 4441 in
2820 4370 3173 4441 Apologctico,
3225 4384 3351 4441 cap.
3411 4369 3484 4441 βε
3518 4386 3547 4418 ιι
3597 4364 3824 4441 Theatra

2190 4438 2529 4561 itaprandis
2553 4435 2822 4494 moribus
2863 4435 3116 4496 orientia
3152 4435 3348 4494 statim
3402 4435 3771 4495 destruebant
3800 4451 3817 4479 ι

2243 4526 2316 4561 lG.

2243 4526 2316 4562 lG.

2186 4609 2257 4619 —
2286 4581 2607 4651 Namsaepes
2657 4597 2927 4636 censores.
2975 4578 3388 4635 Tumultuaria
3450 4580 3638 4634 Romae
3697 4573 3819 4629 olim

2190 4651 2370 4706 fuisse
2394 4652 2618 4723 theatra
2648 4654 3045 4707 certissimum
3078 4657 3197 4707 est:
3233 4652 3359 4723 lege
3391 4664 3648 4721 namque
3694 4662 3823 4701 can-

2187 4727 2309 4776 tum
2345 4730 2490 4795 erat,
2524 4740 2592 4777 ne
2627 4730 2905 4795 perpetua
2935 4729 3154 4792 essent,
3190 4732 3423 4795 prOpter
3455 4736 3684 4777 morum
3712 4733 3822 4795 coro

2188 4794 2497 4867 ruptelam.
2532 4790 2778 4851 Theatra
2804 4796 3017 4867 quippe
3047 4790 3407 4867 Tertulliano
3443 4790 3817 4867 nostro__Ap0-

2188 4861 2289 4934 ίοζία
2326 4883 2374 4921 c.
2408 4868 2476 4920 6:
2513 4890 2539 4915 ‹‹
2564 4861 2922 4937 Stupran'dis'
2946 4861 3210 4923 moribus
3268 4865 3568 4921 orientia»
3625 4861 3818 4937 dicun-

430 4939 712 4995 factiones
743 4945 993 5009 quatuor
1024 4937 1261 4993 totidem
1307 4935 1598 4990 coloribus
1628 4933 2077 5010 distingueban-
2109 4947 2154 5010 D
2185 4933 2299 4990 tur.
2355 4938 2509 4993 Idem
2570 4933 2724 5009 apud
2799 4939 3177 4995 Athenienses
3223 4939 3600 5010 observatum
3652 4933 3818 5010 fuisse

428 5008 837 5066 turzrulatam
864 5010 1026 5063 Marti
1086 5013 1601 5063 consecraverant:
1660 5008 1914 5063 albatam
1975 5015 2074 5064 Ze-

470 5081 663 5153 hyris;
711 5081 1006 5154 prasinam
1068 5081 1258 5134 Terrae
1316 5078 1527 5131 matri:
1574 5084 1835 5134 venetam
1913 5080 2070 5136 caelo.

478 5169 607 5294 ιξ44)
636 5224 798 5279 Albus
838 5228 890 5278 et
939 5236 1193 5294 russeus:
1227 5223 1335 5273 Pro
1386 5235 1482 5294 eo_
1513 5220 1665 5294 quod
1727 5220 1819 5275 hic
1861 5225 1923 5294 et
1964 5221 2070 5294 bis

422 5289 625 5365 postea
646 5310 884 5350 russeus
915 5291 1438 5365 legiturﬁagnaeus
1470 5289 1716 5361 legebat,
1738 5298 1795 5365 et
1823 5292 2069 5348 similis-

420 5364 509 5420 ter
560 5367 838 5431 Isidorus,
898 5364 1105 5420 rowus.
1163 5364 1373 5416 Verum
1440 5368 1696 5416 nostram
1759 5364 2064 5420 lectionem

418 5454 613 5493 veram
646 5455 775 5494 esse
808 5442 965 5509 patet
991 5435 1074 5487 vel
1109 5450 1175 5488 ex
1207 5432 1297 5509 his
1346 5433 1560 5509 verbis,
1606 5451 1861 5509 russeus
1889 5438 2069 5491 aestati

419 5512 483 5564 ob
517 5510 657 5565 Solis
689 5504 1122 5565 ruborvmﬂum
1159 5504 1311 5559 enim
1364 5504 1478 5558 duo
1530 5504 1641 5557 Soli
1696 5507 2066 5561 ascribantur

417 5582 552 5652 equi
610 5600 642 5637 a
704 5581 970 5645 Martiali,
1027 5578 1290 5652 Xanthus
1358 5579 1415 5629 et
1461 5576 1715 5652 [Ethon,_
1775 5583 1830 5652 et
1882 5577 2063 5652 ξαγθός

416 5647 609 5708 Graece
636 5656 865 5711 rufeum
900 5650 1188 5724 signiticet
1216 5650 1456 5724 ﬂavum,
1482 5651 1539 5701 et
1592 5647 1837 5724 proinde
1882 5651 2058 5724 etiam

415 5739 709 5801 russeum.
747 5718 1290 5801 Eadem'pertinent
1342 5718 1458 5777 fere
1513 5721 1769 5795 quatuor
1823 5722 2062 5780 nomina

2185 5024 2357 5083 nemo
2389 5001 2683 5083 ambigere
2713 5015 2939 5082 potest;
2976 5015 3299 5083 antequam
3350 5009 3513 5083 enim
3550 5001 3819 5083 stabilita

2184 5081 2400 5135 fuerint
2430 5076 2817 5136 tumultuaria
2846 5076 3210 5148 dieebantur,
3233 5081 3292 5135 id
3325 5081 3486 5136 enim
3548 5076 3694 5147 ἴκρια
3744 5076 3815 5128 si-

2181 5153 2438 5222 gnificat.
2472 5153 2565 5207 Sic
2600 5171 2612 5208 :

2319 5257 2657 5331 innisum:
2684 5257 2966 5325 εἶ’σιόντες,
2998 5257 3104 5311 ἀπὸ
3134 5260 3240 5311 τῶν
3271 5254 3459 5331 ἰκρίων

2319 5323 2520 5382 ’Υποϐλ
2530 5330 2710 5383 επουσ’
2741 5332 2775 5399 ἡ
2787 5334 2907 5403 μᾶς.

2244 5434 2533 5508 Aristoph.
2567 5435 2624 5489 in
2658 5442 2821 5508 Θεσμ.
2864 5438 2940 5492 LE
2972 5436 3071 5490 Pa.

2246 5507 2356 5574 (48)
2381 5503 2949 5589 ρὸγηῃςίτιεξ-Μιὶρηιρε.
3177 5506 3313 5589 loco
3369 5503 3654 5589 assimilis
3690 5516 3809 5589 om-

2174 5576 2312 5631 nino
2336 5571 2489 5631 alter
2511 5571 2608 5633 ille
2637 5578 2736 5635 lib.
2768 5571 2825 5635 v.1
2852 5582 2921 5636 de
2951 5580 3046 5634 all.
3083 5577 3190 5633 Ubi
3247 5576 3511 5647 loquitur
3571 5577 3640 5630 de
3688 5571 3809 5627 Ale-

2171 5648 2648 5721 xandroMagno,
2681 5656 2735 5708 et
2766 5656 2929 5709 vocat
2960 5651 3152 5719 illum,
3178 5652 3295 5705 sala
3321 5649 3507 5721 gloria
3526 5650 3809 5721 minorem.

2171 5720 2254 5778 En
2304 5720 2413 5781 tibi
2467 5714 2782 5799 Pompeius
2837 5727 2895 5785 et
2940 5714 3266 5784 Alexander
3322 5714 3600 5799 (uterque
3658 5714 3807 5777 enim
