4106 6178
311 329 422 391 ’721

1679 334 1782 394 DE
1826 332 2350 396 SPECTACULIS
2363 376 2378 392 .

3619 325 3744 392 722,

307 463 538 537 species
571 463 662 536 (ut
690 464 919 536 putant)
953 465 1220 521 deorum.
1254 466 1566 538 Propterea
1595 467 1798 539 igitur,
1831 484 1977 540 quo-
2007 473 2063 538 Α
2092 472 2292 523 contra
2320 467 2421 521 Dei
2451 466 2519 533 ³³,
2552 481 2757 520 omnes
2788 465 3049 520 feramus
3082 461 3211 533 (65).
3259 461 3414 516 Deus
3463 457 3739 531 praecepit

309 554 468 608 niam
505 558 756 624 utraque
782 552 1076 610 idolorum
1107 555 1461 611 conditionis
1484 555 1660 612 unius
1681 561 1789 623 est,
1823 557 1965 611 dum

307 641 525 697 mortui
555 648 612 697 et
643 643 722 697 dii
759 659 942 699 unum
967 649 1126 715 sunt,
1151 648 1399 716 utraque
1428 644 1756 700 idololatria
1785 645 1966 701 absti-

310 746 542 802 nemus,
577 748 683 786 nec
715 733 914 788 minus
948 732 1186 805 templa,
1221 751 1398 804 quam
1430 738 1814 790 monumenta
1866 735 1967 790 de-

309 820 624 891 spuimus:
660 825 929 877 neutram
956 839 1118 878 aram
1161 822 1431 878 novimus
1474 824 1585 895 (62)
1631 824 1767 895 (Act.
1817 841 1910 890 xx,
1947 825 1964 878 Ι

316 907 436 964 Cor.
464 910 546 979 ι),
579 915 848 965 neutram
881 911 1133 983 effigiem
1169 912 1522 968 adoramus:
1577 929 1690 967 non
1742 913 1966 967 sacriﬁ-

313 1013 544 1068 camus,
577 1015 693 1054 non
727 1003 1131 1071 parentamus,
1164 1001 1264 1056 sed
1299 1017 1490 1073 neque
1521 1003 1591 1056 de
1639 1001 1966 1056 sacrificato

311 1097 370 1146 et
402 1095 710 1162 parentato
741 1091 995 1159 edimus,
1030 1092 1170 1164 quia
1218 1109 1331 1148 non
1371 1109 1684 1165 possumus
1742 1109 1966 1148 casinam

311 1181 410 1234 Dei
445 1180 639 1244 edere,
671 1184 728 1235 et
756 1197 980 1236 ccenam
1009 1181 1454 1238 daemoniorum.
1487 1182 1544 1238 Si
1577 1199 1714 1254 ergo
1767 1181 1966 1253 gulam

309 1275 368 1323 et
399 1274 669 1324 ventrem
720 1270 794 1325 ab
844 1269 1312 1342 inquinamentis
1357 1270 1696 1337 liberamus,
1748 1275 1966 1342 quanto

308 1357 502 1428 magis
535 1357 880 1429 augustiora
903 1364 1124 1426 nostra,
1149 1360 1349 1415 oculos
1371 1364 1427 1415 et
1447 1376 1638 1428 aures,
1678 1360 1752 1414 ab
1781 1358 1964 1414 idolo-

308 1445 494 1518 thytis
526 1451 582 1502 et
614 1447 977 1520 necrothytis
1009 1447 1408 1520 voluptatibus
1429 1448 1816 1519 abstinemus,
1838 1465 1962 1519 quae

309 1550 428 1589 non
457 1534 752 1591 intestinis
781 1537 1207 1609 transiguntur,
1243 1539 1343 1594 scd
1377 1538 1434 1592 in
1468 1538 1594 1610 ipso
1649 1536 1858 1609 spiritu
1908 1540 1965 1592 et

309 1622 510 1679 anima
568 1624 959 1696 digeruntur:
1009 1641 1258 1698 quorum
1311 1627 1605 1683 munditia
1653 1624 1841 1698 magis
1888 1626 1959 1681 ad

308 1713 497 1769 Deum
529 1713 800 1784 pertinet,
829 1730 1006 1785 quam
1036 1714 1473 1771 intestinorum.

844 1857 992 1912 647
1029 1857 1259 1914 CAPUT
1295 1857 1437 1914 XIV.

384 1985 553 2036 Nunc
597 1979 942 2052 interposito
1005 1982 1243 2037 nomine
1292 1981 1574 2038 idolatriae
1634 1984 1745 2055 (63)
1804 1983 1960 2054 quod

305 2069 501 2126 solum
533 2069 866 2139 subjectum
895 2071 1165 2126 sufﬁcere
1195 2072 1366 2127 debet
1412 2073 1483 2128 ad
1533 2073 1960 2128 abdicationem

2076 556 2357 629 Spiritum
2391 558 2661 610 sanctum
2693 554 2830 625 (66),
2867 556 3063 623 utpote
3095 567 3197 623 pro
3232 555 3456 605 naturae
3486 565 3604 603 sua:
3627 547 3734 601 bo-

2078 663 2152 701 no
2185 651 2450 700 tenerum
2483 647 2539 699 et
2571 642 2882 698 delicatum
2921 640 3136 712 (Ephes.
3177 639 3277 709 1v),
3307 635 3735 708 tranquillitate

2076 739 2134 790 et
2163 735 2354 805 quiete
2381 737 2436 788 et
2477 749 2618 804 pace
2670 735 2940 799 tractare,
2993 745 3106 784 non
3159 728 3373 796 furore,
3425 742 3540 780 non
3587 723 3726 791 bile,

2076 841 2192 880 non
2219 824 2325 884 ira,
2346 839 2460 878 non
2485 821 2681 877 dolore
2708 819 3059 891 inquietare.
3085 817 3231 872 Huic
3268 815 3560 887 quomodo
3591 829 3725 868 cum

2075 913 2425 984 spectaculis
2461 911 2671 983 poterit
2702 909 3007 965 convenire
3029 907 3056 961 ?
3091 906 3275 962 Omne
3309 904 3466 958 enim
3490 906 3726 973 Specta-

2075 1003 2274 1058 culum
2304 1001 2431 1056 sine
2451 1000 2833 1055 concussione
2859 997 3105 1068 spiritus
3129 1011 3242 1049 non
3266 998 3375 1048 est.
3411 990 3518 1047 Ubi
3566 990 3722 1046 enim

2076 1091 2365 1162 voluptas,
2395 1090 2547 1144 ibiet
2569 1089 2857 1154 studium,
2889 1103 2989 1158 per
3011 1084 3162 1154 quod
3196 1081 3419 1138 scilicet
3455 1078 3724 1150 voluptas

2076 1182 2250 1254 sapit.
2284 1181 2390 1237 Ubi
2413 1180 2701 1248 studium,
2729 1182 2784 1232 et
2806 1175 3119 1245 aemulatio,
3144 1189 3244 1245 per
3263 1188 3437 1244 quam
3459 1168 3723 1226 studium

2075 1273 2248 1343 sapit.
2282 1277 2455 1325 Porro
2479 1275 2535 1324 et
2556 1268 2654 1323 ubi
2679 1265 2996 1334 aemulatio,
3023 1263 3102 1319 ibi
3131 1268 3188 1318 et
3212 1263 3372 1317 furor
3408 1265 3464 1316 et
3502 1258 3638 1314 bilis
3668 1261 3724 1313 et

2066 1360 2162 1417 .ira
2179 1366 2236 1417 et
2255 1360 2420 1415 dolor
2442 1360 2576 1430 (67),
2598 1362 2656 1414 et
2702 1360 2910 1412 caetera
2939 1371 3007 1408 ex
3036 1353 3128 1408 his
3151 1369 3275 1423 qua:
3317 1366 3451 1405 cum
3483 1349 3575 1403 his
3607 1363 3721 1402 non

2074 1453 2418 1521 competunt
2449 1445 2790 1517 disciplinas.
2820 1443 2972 1498 648
3000 1441 3142 1496 Nam
3177 1441 3284 1495 etsi
3319 1439 3418 1511 qui
3459 1437 3722 1492 modeste

2072 1542 2129 1594 et
2176 1539 2352 1610 probe
2409 1534 2762 1609 spectaculis
2819 1532 3055 1601 fruitur,
3116 1547 3221 1602 pro
3273 1525 3575 1598 dignitatis
3633 1523 3721 1579 vel

2069 1629 2278 1699 (statis,
2311 1627 2395 1684 vel
2426 1626 2601 1682 etiam
2638 1628 2858 1680 naturai
2889 1639 3010 1678 suae
3041 1618 3375 1676 conditione
3403 1633 3415 1670 :
3450 1633 3565 1672 non
3625 1618 3721 1670 ta-

2069 1735 2201 1774 men
2234 1715 2556 1772 immobilis
2585 1714 2766 1770 animi
2799 1717 2888 1768 est
2909 1715 2955 1746 3‘
2974 1711 3101 1768 sine
3123 1709 3296 1765 tacita
3315 1705 3560 1778 spiritus
3582 1721 3717 1777 pas-

2069 1807 2254 1862 sione.
2300 1807 2482 1862 Nemo
2539 1805 2610 1860 ad
2672 1803 3032 1874 voluptatem
3090 1798 3246 1853 venit
3293 1797 3422 1852 sine
3479 1793 3714 1862 all‘ectu,

2070 1912 2241 1951 nemo
2299 1896 2572 1950 atiectum
2633 1894 2761 1949 sine
2819 1890 3056 1946 casibus
3113 1886 3236 1944 suis
3293 1884 3536 1958 patitur.
3599 1883 3716 1955 Ipsi

2070 2001 2244 2040 casus
2302 1984 2686 2039 incitamenta
2761 1983 2900 2037 sunt
2972 1980 3236 2033 affectus.
3310 1978 3590 2029 Caeterum
3666 1971 3716 2028 si

2070 2078 2261 2130 cessat
2290 2075 2552 2139 affectus,
2611 2071 2772 2127 nulla
2835 2075 2924 2126 est
2977 2067 3266 2139 voluptas,
3325 2069 3382 2118 et
3435 2068 3527 2119 est
3582 2078 3717 2118 reus

308 2157 808 2230 spectaculorum,
856 2159 967 2215 alia
1014 2161 1142 2230 jam
1210 2161 1433 2216 ratione
1500 2166 1822 2218 tractemus
1893 2179 1963 2217 ex
2060 2163 2186 2234 jam
2217 2162 2314 2218 ille
2343 2162 2618 2217 vanitatis
2645 2177 2711 2216 eo
2743 2158 3115 2225 conveniens,
3167 2154 3266 2210 ubi
3319 2151 3465 2207 nihil
3514 2167 3716 2207 conse—

307 2247 637 2303 abundanti
667 2264 680 2301 :
717 2252 956 2320 propter
976 2265 1075 2304 eos
1098 2250 1350 2306 maxime
1372 2251 1471 2322 qui
1495 2250 1605 2306 sibi
1646 2251 1961 2306 blandiun-

307 2340 426 2403 tur,
450 2337 604 2407 quod
641 2353 756 2391 non
783 2337 1130 2392 nominatim
1163 2339 1535 2407 abstinentia,
1558 2340 1671 2396 ista
1696 2341 1962 2412 prmscri-

307 2429 430 2497 pta,
463 2425 566 2492 sit,
596 2425 764 2496 quasi
796 2441 1003 2496 parum
1035 2427 1213 2482 etiam
1258 2428 1328 2483 de
1377 2428 1726 2499 spectaculis
1756 2430 1798 2464 ’7
1830 2447 1962 2501 pro-

309 2513 622 2569 nuntietur
685 2515 726 2580 ⁸,
761 2530 895 2569 cum
927 2516 1415 2587 concupiscentiae
1446 2519 1643 2574 saeculi
1679 2520 1965 2574 damnan-

309 2608 425 2658 tur.
453 2602 599 2657 Nam
620 2602 776 2657 sicut
804 2603 1084 2674 pecuniae,
1107 2605 1196 2659 vel
1227 2605 1552 2677 dignitatis,
1576 2607 1661 2662 vel
1686 2607 1857 2680 gulis,
1879 2601 1965 2664 vel

310 2691 600 2757 libidinis,
626 2689 716 2746 vel
736 2691 962 2763 gloriae;
987 2695 1068 2747 ita
1089 2697 1146 2748 et
1163 2693 1479 2765 voluptatis
1497 2697 1971 2768 concupiscentia

309 2787 428 2836 est:
453 2780 682 2851 species
704 2787 898 2836 autem
921 2781 1236 2853 voluptatis
1257 2783 1433 2838 etiam
1456 2786 1806 2856 spectacula.
1829 2787 1967 2860 Opi-

315 2887 427 2926 nor
456 2869 810 2941 generaliter
839 2871 1153 2926 nominatai
1194 2873 1241 2906 ²⁹
1269 2874 1756 2944 concupiscentiae
1787 2878 1969 2932 conti-

308 2964 450 3015 nent
482 2960 540 3014 in
575 2974 638 3014 se
667 2962 726 3015 et
753 2959 1080 3031 voluptates
1111 2977 1273 3032 aeque
1303 2962 1970 3035 generaliterintellectaa

306 3049 642 3120 voluptates
672 3047 1005 3120 specialiter
1028 3053 1086 3104 et
1116 3050 1174 3104 in
1208 3050 1545 3121 spectacula
1576 3052 1968 3110 disseruntur.

303 3138 591 3194 Caeterum
627 3136 937 3194 retulimus
967 3154 1145 3210 supra
1177 3139 1248 3195 de
1296 3137 1558 3195 locorum
1613 3143 1966 3213 conditione,

2070 2252 2290 2323 quitur.
2341 2252 2486 2306 Puto
2531 2255 2748 2316 autem,
2799 2250 2976 2304 etiam
3027 2244 3253 2300 vanitas
3296 2246 3572 2297 extranea
3629 2242 3719 2295 est

2070 2341 2261 2396 nobis.
2296 2341 2439 2406 Quid
2475 2341 2629 2411 quod
2663 2343 2718 2394 et
2749 2339 2873 2410 ipse
2904 2352 2966 2392 se
2988 2335 3217 2406 judicat
3247 2333 3396 2386 inter
3423 2347 3522 2384 eos
3555 2328 3714 2400 posi-

2071 2434 2190 2498 tus,
2226 2445 2475 2501 quorum
2508 2446 2566 2484 se
2596 2427 2848 2484 similem
2901 2425 3105 2480 nolens
3155 2421 3356 2492 utique
3405 2420 3716 2473 detestato-

2073 2535 2194 2572 rem
2229 2516 2574 2574 coufitetur?
2603 2517 2779 2573 Nobis
2809 2514 2953 2570 satis
2985 2529 3103 2568 non
3142 2515 3250 2578 est,
3301 2509 3350 2563 si
3399 2507 3512 2578 ipsi
3566 2505 3711 2560 nihil

2074 2607 2190 2663 tale
2223 2607 2528 2674 faciamus,
2561 2606 2677 2662 nisi
2707 2610 2762 2661 et
2791 2603 2928 2659 talia
2968 2601 3314 2657 facientibus
3365 2613 3477 2652 non
3523 2595 3716 2652 confe-

2077 2714 2299 2753 ramur.
2330 2696 2387 2750 Si
2407 2698 2615 2766 furem,
2643 2694 2832 2766 inquit
2874 2690 3052 2764 (Psal.
3088 2689 3262 2760 xux),
3295 2687 3553 2754 videbas,
3586 2701 3723 2740 con-

2078 2787 2356 2842 currebas
2388 2802 2520 2840 cum
2548 2800 2634 2840 eo.
2669 2784 2901 2839 Utinam
2939 2798 3008 2836 ne
3041 2780 3097 2834 in
3130 2777 3342 2834 saeculo
3375 2776 3614 2847 quidem
3646 2773 3725 2830 si-

2079 2875 2202 2932 mul
2234 2891 2368 2930 cum
2402 2875 2517 2929 illis
2551 2889 2950 2929 moraremur:
2986 2870 3086 2925 sed
3121 2873 3315 2922 tamen
3349 2866 3406 2919 in
3431 2862 3727 2920 saeculari-

2081 2969 2191 3024 bus
2223 2982 2584 3039 separamur,
2639 2963 2738 3036 qui
2789 2960 3067 3019 saeculum
3123 2959 3220 3015 Dei
3266 2961 3374 3027 est,
3426 2952 3730 3011 saecularia

2081 3062 2276 3113 autem
2311 3055 2544 3110 diaboli.

2698 3140 2931 3196 CAPUT
2969 3139 3110 3194 XVI.

304 3226 465 3300 quod
500 3243 614 3282 non
647 3243 751 3299 per
774 3227 1095 3300 semetipsa
1127 3245 1234 3284 nos
1265 3228 1593 3301 inquinent,
1625 3235 1726 3288 sed
1761 3249 1864 3304 per
1900 3249 1968 3289 ea
1997 3217 2040 3284 C
2151 3236 2296 3290 Cum
2340 3249 2476 3305 ergo
2526 3233 2687 3287 furor
2715 3231 2759 3265 ⁸⁵
2791 3227 3160 3284 interdicitur
3204 3224 3398 3292 nobis,
3448 3222 3518 3278 ab
3559 3221 3728 3277 omni

308 3333 444 3389 quae
475 3315 596 3372 illic
626 3320 931 3389 geruntur,
964 3333 1068 3389 per
1097 3335 1222 3390 quas
1254 3319 1430 3374 simul
1455 3319 1964 3392 inquinamentum

309 3405 730 3476 combiberint,
763 3411 904 3462 tunc
933 3411 991 3463 et
1018 3407 1078 3463 in
1109 3407 1326 3464 alteros
1354 3409 1400 3444 ³ο
1428 3415 1719 3482 respuunt
1743 3411 1878 3484 (64).

952 3549 1182 3606 CAPUT
1211 3551 1326 3606 XV.

386 3671 613 3728 Viderit
641 3689 800 3744 ergo,
834 3677 898 3729 ut
927 3673 1185 3730 diximus
1241 3675 1309 3745 εί,
1363 3675 1706 3748 principalis
1756 3679 1966 3736 titulus

297 3758 652 3816 idololatrias
683 3761 750 3827 3’,
784 3761 1042 3834 reliquas
1091 3763 1356 3835 ipsarum
1408 3781 1604 3819 rerum
1656 3766 1966 3836 qualitates

2079 3322 2412 3398 spectaculo
2459 3321 2799 3387 auferimur,
2851 3319 3025 3374 etiam
3059 3334 3093 3372 a
3123 3316 3296 3383 circo,
3347 3313 3446 3368 ubi
3497 3310 3730 3384 proprie

2083 3415 2244 3469 furor
2274 3412 2566 3485 praesidet.
2598 3410 2805 3482 Aspice
2835 3406 3114 3480 populum
3148 3405 3216 3460 ad
3249 3405 3294 3439 ³⁸
3323 3400 3727 3475 spectaculum

2071 3504 2198 3575 jam
2223 3520 2354 3558 cum
2379 3503 2572 3557 furore
2600 3497 3092 3567 venientem,jam
3117 3493 3574 3558 tumultuosum,
3603 3491 3726 3561 jam

2080 3609 2322 3660 caecum,
2353 3593 2478 3662 jam
2511 3592 2580 3646 de
2612 3589 3032 3661 sponsionibus
3080 3583 3458 3640 concitatum.
3500 3581 3726 3637 Tardus

2079 3687 2167 3738 est
2187 3681 2269 3736 illi
2292 3682 2529 3750 Praetor,
2553 3695 2788 3749 semper
2808 3675 2962 3732 oculi
2985 3675 3042 3729 in
3070 3690 3216 3729 urna
3238 3672 3366 3743 ejus
3390 3687 3524 3726 cum
3555 3673 3694 3726 sort!
3723 3703 3728 3708 -

2077 3771 2188 3826 bus
2217 3769 2574 3825 volutantur.
2613 3767 2826 3822 Dehinc
2859 3765 2931 3819 ad
2962 3763 3198 3835 signum
3249 3760 3404 3816 anxii
3447 3759 3632 3831 pende
3713 3799 3726 3822 ,

1753 3904 1956 3965 Varia:
1988 3906 2284 3967 lectiones

377 4019 430 4099 “_
450 4017 532 4099 D9
563 4018 995 4099 littefi9_(’qris.
1051 4023 1119 4099 f9
1145 4023 1603 4099 Pronuintiemus
1637 4027 1763 4099 Rig.

1841 4029 1887 4063 ²⁰
1915 4029 2163 4085 Nomina
2193 4030 2405 4085 Pamel.
2485 4030 2528 4061 3°
2558 4027 2627 4080 Et
2658 4032 2797 4080 tunc
2828 4022 3006 4078 altero
3039 4022 3160 4088 Rig.
3237 4020 3274 4057 ³¹
3303 4018 3405 4073 Hic
3426 4016 3536 4071 erit
3555 4032 3715 4087 ergo,

301 4093 373 4172 ut
487 4091 617 4172 luti.
653 4091 740 4172 __”
769 4093 1103 4150 Idololatria
1133 4097 1255 4165 ltig.
1333 4098 1378 4131 ³⁸
1406 4089 1728 4155 Contrariis
1750 4116 1955 4156 omnes
1985 4104 2214 4172 Franeq.
2291 4101 2336 4135 ³⁸
2368 4098 2659 4154 [mmobili
2693 4096 2888 4153 animo
2915 4100 3004 4150 est
3030 4095 3158 4149 Jun.
3233 4092 3278 4125 ³⁵
3313 4091 3523 4145 Furore
3577 4090 3706 4143 Jun.

301 4161 350 4195 ³⁵
386 4159 448 4216 ld
480 4161 608 4217 add.
643 4163 809 4244 Fran.

1764 4280 2286 4341 Commentarius.

222 4454 225 4455 ν
379 4395 776 4476 (62)_Neutram
821 4416 980 4476 aram
1007 4403 1284 4476 nouimus.
1335 4403 1394 4457 In
1422 4403 1682 4476 templis
1734 4408 1958 4463 Graeco-

302 4481 439 4520 rum
466 4467 583 4545 duo
605 4475 773 4545 erant
790 4470 1016 4545 altaria.
1041 4473 1530 4545 alterummajus,
1558 4467 1805 4533 alterum
1848 4481 1953 4534 mi-

302 4553 422 4620 _nus
443 4553 454 4591 :
479 4539 710 4620 illud-in
736 4543 927 4597 medio
948 4546 1139 4620 .situm
1182 4544 1341 4620 ἀγαίᾳ
1368 4539 1604 4620 caetera
1636 4550 1957 4615 dicebatur,

2067 4411 2158 4463 est
2186 4415 2375 4462 contra
2404 4423 2622 4476 ponere,
2657 4419 2970 4476 opponere,
3003 4413 3371 4469 componere,
3397 4395 3717 4461 comittere,

2069 4479 2350 4533 conferre.
2383 4479 2508 4533 Βία.

2141 4552 2252 4621 (66)
2312 4552 2447 4605 Deus
2496 4551 2749 4619 praecepit
2800 4546 3070 4621 Spiritum
3139 4549 3410 4621 sanctum.
3483 4536 3682 4621 Alludi

299 4609 416 4695 ἒρε
439 4612 508 4663 ad
530 4609 1582 4695 είηίειξεὲῐη,πρόθεσις,-εξρ’ρθιὶξιὶ)ειιυπῖ,
1621 4627 1693 4695 _ut
1720 4609 1958 4695 scripsit
1997 4682 2030 4695 ﬂ
2068 4609 2432 4695 haiid'dubie
2466 4609 2536 4676 ald
2584 4609 2742 4695 illud,
2768 4609 2980 4695 Ephes.
3028 4629 3115 4694 iv:
3162 4613 3352 4695 Nolite.
3391 4612 3718 4695 contristare

299 4681 570 4763 Simeon,
602 4681 1689 4763 archiepiscopus_'Thessaloniceusis,
1737 4681 1856 4749 lib.‘
1896 4695 1960 4750 de
1993 4682 2036 4746 Ι)
2069 4693 2338 4763 Spirilum
2368 4703 2613 4748 sumtum
2650 4693 2762 4753 Dei,
2797 4681 2856 4741 iii
2886 4703 2988 4763 quo
3018 4684 3224 4763 signati
3251 4683 3472 4763 estiam
3488 4681 3585 4763 die
3623 4698 3710 4763 re-

305 4751 759 4831 Τεῃξρλιηςταοενᾴ.
791 4751 841 4813 ἐι
857 4751 1054 4831 mysta.
1084 4761 1214 4815 Lac.

377 4823 489 4901 (63)
523 4828 688 4901 Nunc
709 4823 1029 4901 interposito
1060 4834 1282 4888 nomine
1313 4832 1668 4890 idololatriae.
1704 4837 1822 4890 Hoc
1875 4841 1963 4892 est

211 4907 227 4924 ⁸
299 4895 918 4976 Ξοῐηὶηθὶᾶοιοιαῐιοῖω
963 4903 1254 4976 tantisper
1305 4906 1548 4969 omisso,
1600 4907 1960 4964 intermisso.

299 4966 438 5021 Ric.

382 5037 494 5122 £94.)
533 5040 863 5122 Tumhaltero
896 5047 1349 5122 respuunt._ltic.
1403 5047 1592 5122 Codex
1637 5049 1958 5122 Agobardi;

305 5128 331 5189 ξ
364 5107 433 5162 Et
465 5115 588 5166 tum
624 5111 806 5189 altero
835 5107 1204 5189 respuunt»!
1243 5119 1424 5174 Altero
1456 5118 1600 5175 dixit
1621 5107 1964 5178 adirerbiali;

297 5184 418 5262 ter,
451 5184 949 5262 quemadmodum
980 5190 1101 5243 Alio
1131 5193 1188 5243 et
1219 5190 1328 5243 sub
1363 5191 1536 5246 finem
1578 5191 1712 5247 libri
1765 5210 1842 5262 xl,
1893 5195 1964 5249 ad

302 5251 503 5333 0:705,
536 5254 817 5333 alterutro.
851 5259 943 5314 Sic
971 5265 1027 5314 et
1061 5262 1263 5316 alteras
1298 5263 1550 5332 positum
1587 5265 1726 5319 olim
1782 5251 1964 5321 fuisse

299 5324 393 5404 ait
422 5323 650 5404 Festus.
685 5346 788 5404 pro
819 5346 886 5385 eo
928 5333 1081 5404 quod
1141 5339 1230 5386 est
1277 5323 1616 5389 adverbium
1671 5339 1834 5392 alios.
1890 5343 1963 5392 De

295 5394 468 5520 gisce
497 5394 702 5453 autem
724 5394 983 5458 locorum
1015 5403 1503 5474 inquinamentis,
1537 5425 1736 5478 supra,
1759 5426 1884 5479 cap.
1904 5413 1956 5463 3.

360 5481 439 5519 ια.

360 5481 439 5519 IG.

377 5537 719 5620 (65)_{.‘ontra
753 5545 848 5620 Dei
878 5561 1077 5620 omnes
1124 5548 1392 5616 feramus.
1447 5550 1540 5604 Sic
1597 5551 1961 5605 restituimus

295 5624 373 5693 ex
402 5609 602 5693 codice
631 5615 958 5693 Agobardi:
998 5609 1354 5693 «feramus,
1399 5620 1612 5691 inquit.
1661 5641 1751 5678 res
1796 5640 1958 5693 spec-

294 5679 639 5765 taculorum
672 5679 873 5765 contra
904 5690 1148 5765 r_es_Dei.
1184 5712 1222 5765 tt
1248 5690 1397 5765 Nota
1443 5679 1672 5762 locatio,
1719 5712 1804 5750 res
1834 5679 1959 5763 [Dei,

298 5768 414 5824 pro
446 5753 645 5815 divina
675 5774 778 5816 seu
809 5759 1141 5821 Christiana
1169 5759 1498 5836 disciplina.
1533 5753 1748 5825 Contra
1794 5753 1962 5841 ferre,

2071 4752 2418 4834 d'emplionis.
2453 4764 2640 4821 Omnis
2673 4752 3005 4834 (miariludo,
3038 4752 3086 4811 et
3119 4759 3226 4819 ira,
3255 4760 3325 4834 et
3376 4752 3713 4834 indignatio,

2071 4841 2122 4891 et
2151 4825 2360 4892 clamor
2387 4845 2438 4891 et
2479 4834 2816 4907 blasphemia
2865 4832 3094 4907 tollatur
3122 4827 3363 4907 orabis,
3397 4841 3518 4879 cum
3553 4825 3718 4907 gmni

2075 4910 2314 4969 malitia,
2347 4895 2614 4964 indicans
2645 4923 2746 4978 per
2772 4902 3090 4976 posteriora
3120 4898 3222 4953 illa
3251 4898 3426 4952 verba
3441 4895 3717 4968 explicari

2074 4979 2479 5051 praecedentia.
2603 5050 2608 5051 ν
2786 5048 2801 5051 _
2884 5045 2894 5051 _
3047 5042 3058 5051 _
3136 5042 3146 5051 _
3343 5039 3353 5050 ,

2146 5052 2256 5121 (67)
2289 5054 2351 5105 Et
2381 5053 2468 5105 ira.
2499 5059 2548 5105 et
2577 5050 2749 5104 dolor.
2784 5045 3023 5122 Insigne
3047 5042 3226 5122 hujus
3269 5039 3357 5121 rei
3387 5036 3720 5122 eaemplurn

2074 5115 2279 5177 recitat
2310 5123 2554 5189 Plinius,
2590 5122 2689 5175 lib.
2723 5136 2796 5173 vn
2837 5115 2962 5187 cap.
2991 5116 3060 5189 _7:
3114 5135 3134 5160 α
3172 5115 3461 5189 Universi,
3508 5115 3722 5181 inquit,

2072 5195 2408 5264 Pompeiani
2469 5187 2762 5264 elephanti
2813 5187 3179 5264 eruptionem
3225 5187 3542 5264 tentavere,
3610 5198 3726 5264 non

2073 5267 2198 5321 sine
2224 5254 2526 5321 vexatione
2559 5254 2779 5336 populi,
2827 5254 3170 5336 circumdati
3215 5254 3460 5336 clathris
3494 5254 3726 5336 ferreis.

2071 5339 2181 5392 Sed
2217 5339 2437 5392 amissa
2470 5327 2615 5405 fugae
2641 5327 2771 5405 spe,
2802 5330 3264 5405 misericordiam
3297 5327 3727 5405 vulgi_inenar-

2075 5409 2243 5463 rabili
2276 5409 2477 5464 habitu
2510 5399 2853 5478 quaerentes,
2879 5402 3302 5473 supplicavere,
3325 5399 3577 5478 quadam
3603 5411 3731 5478 sese

2071 5480 2493 5536 lamentatione
2525 5470 2969 5548 complorantes
2987 5470 3148 5548 tanto
3185 5470 3378 5548 populi
3415 5470 3632 5548 dolore,
3666 5470 3732 5519 ut

2073 5553 2293 5607 oblitus
2347 5542 2716 5623 imperatoris
2775 5565 2840 5603 ac
2903 5545 3314 5601 munificentiae
3365 5542 3566 5623 honori
3619 5553 3727 5590 suo

2073 5625 2393 5692 exquisitis,
2439 5612 2598 5679 'flens
2649 5623 2957 5694 universus
3005 5621 3400 5694 consurgeret,
3453 5612 3726 5694 dirasque

2072 5685 2547 5768 Ponipeio,'quas
2579 5696 2675 5751 ille
2704 5711 2835 5748 mox
2879 5691 3008 5756 luit,
3055 5704 3252 5760 pinnas
3281 5685 3721 5753 imprecaretur.

2073 5773 2220 5824 PAM.
