4106 6178
431 297 545 360 723

949 301 1477 366 'l‘ERTULLIANl
1523 303 1843 363 OPERUM
1892 303 2096 362 PARS
2141 299 2190 360 Ι.
2224 333 2301 344 -
2344 300 2618 362 SERIES
2663 301 2712 376 Ι,
2757 299 3323 362 APOLOGETICA.

3708 307 3817 369 ’124

436 433 615 489 unius
647 433 947 490 dementiae
980 450 1098 490 una
1126 449 1236 489 vox
1286 440 1396 491 est.
1443 436 1738 508 Cognosce
1757 437 1801 470 37
1854 436 2088 512 demen-
2124 435 2173 500 Α
2197 433 2496 504 jubemur.
2530 438 2648 488 Hoc
2681 434 2860 506 igitur
2904 435 3077 489 modo
3129 435 3302 489 etiam
3348 435 3619 492 atbeatro
3667 436 3820 510 sepa'

437 523 582 578 tiam
613 523 683 578 de
715 522 989 578 vanitate.
1027 523 1186 577 Misit
1217 524 1422 579 dicunt
1454 525 1588 596 (68),
1613 529 1669 580 et
1708 524 1986 580 nuntiant
2016 523 2098 577 in-

405 612 643 682 .vicem,
677 613 832 683 quod
867 611 1042 667 simul
1077 612 1149 667 ab
1182 613 1457 669 omnibus
1506 615 1695 669 visum
1743 618 1849 668 est.
1905 614 2096 668 Teneo

439 702 846 757 testimonium
878 701 1156 756 caecitatis
1187 702 1300 772 (69)
1328 727 1342 767 ;
1375 719 1489 756 non
1542 702 1741 758 vident
1793 702 1932 773 quid
1983 702 2097 757 sit:

443 806 716 862 mappam
753 790 992 846 missam
1027 797 1272 860 putant:
1307 792 1408 846 sed
1461 796 1553 847 est
1598 791 1813 846 diaboli
1864 792 1935 845 ab
1983 790 2099 846 alto

446 880 795 952 praecipitati
825 880 869 914 ⁸⁸
901 880 1041 951 gula
1073 880 1117 914 ³9
1148 881 1279 950 (70).
1315 884 1392 934 Ex
1442 897 1507 936 eo
1553 881 1750 951 itaque
1797 880 1988 934 iturin
2015 881 2100 934 fu-

442 967 562 1023 rias
593 973 648 1022 et
675 967 902 1023 animos
932 974 990 1022 et
1019 969 1171 1023 649
1204 975 1262 1023 et
1308 969 1656 1033 discordias,
1709 973 1765 1023 et
1815 968 2101 1040 quidquid

441 1073 560 1112 non
593 1055 731 1111 licet
761 1057 1165 1112 sacerdotibus
1209 1058 1386 1127 pacis.
1422 1057 1562 1111 Inde
1607 1057 1938 1122 maledicta,
1972 1073 2104 1111 con-

440 1145 591 1200 vicia
645 1145 772 1200 sine
794 1145 1048 1216 justitia,
1081 1146 1195 1200 odii
1233 1146 1405 1200 etiam
1439 1146 1719 1217 suffragia
1751 1147 1795 1180 ⁴⁰
1826 1145 1951 1201 sine
1981 1161 2101 1200 me-

451 1235 562 1289 rito
595 1235 834 1289 amoris.
867 1233 1015 1297 Quid
1069 1233 1225 1288 enim
1277 1235 1650 1289 consecuturi
1705 1251 1879 1289 suum
1911 1236 1952 1269 ἰι
1986 1232 2105 1288 ἱΙΙὶο

444 1326 647 1393 agunt,
683 1323 782 1393 qui
815 1323 909 1376 sui
941 1339 1055 1376 non
1092 1323 1278 1377 sunt?
1303 1323 1416 1377 nisi
1449 1324 1592 1378 forte
1623 1323 1730 1378 hoc
1761 1323 1973 1390 solum,
2005 1339 2108 1393 per

445 1412 601 1481 quod
637 1412 728 1466 sui
761 1429 874 1466 non
909 1417 1085 1466 sunt:
1121 1413 1191 1466 de
1219 1411 1412 1467 aliena
1461 1413 1804 1468 infelicitate
1860 1413 2107 1467 contris-

447 1504 672 1568 tantur,
704 1500 774 1554 de
808 1499 1000 1554 aliena
1033 1499 1308 1555 felicitate
1339 1500 1624 1556 laetantur.
1679 1501 1970 1572 Quidquid
2006 1517 2106 1572 op-

450 1593 601 1653 tant,
627 1587 912 1658 quidquid
937 1589 1377 1657 abominantur,
1399 1596 1739 1646 extraneum
1765 1591 1835 1645 ab
1859 1589 1976 1645 illis
1997 1595 2107 1670 est,

449 1676 534 1732 ita
553 1682 609 1732 et
637 1692 802 1732 amor
829 1677 984 1748 apud
1021 1676 1151 1732 illos
1181 1677 1426 1740 otiosus.
1456 1685 1511 1734 et
1541 1678 1741 1734 odium
1796 1679 2106 1748 injustum.

445 1767 519 1821 At
547 1764 785 1821 forsitan
821 1765 947 1820 sine
980 1767 1024 1801 ⁴²
1055 1782 1234 1821 causa
1267 1783 1464 1822 amare
1518 1767 1707 1833 liceat,
1755 1784 1931 1838 quam
1981 1768 2107 1823 sine

447 1870 627 1910 causa
657 1853 869 1908 odisse.
908 1853 1062 1909 Deus
1095 1860 1247 1910 certe
1280 1855 1456 1911 etiam
1481 1873 1615 1910 cum
1641 1872 1818 1912 causa
1838 1855 2106 1927 prohibet

449 1942 665 2010 odisse,
698 1942 797 2013 qui
833 1941 1102 1997 inimicos
1135 1943 1298 2015 diligi
1325 1944 1516 2014 jubet,
1555 1945 1704 2000 Deus
1747 1945 1922 2000 etiam
1971 1962 2104 2000 cum

447 2044 629 2085 causa
661 2028 1010 2085 maledicere
1044 2048 1158 2086 non
1195 2032 1356 2098 sinit,
1389 2033 1487 2102 qui
1542 2032 1954 2090 maledicentes
2007 2035 2104 2090 be-

449 2116 640 2174 uedici
675 2119 938 2190 prwcipit
994 2120 1206 2190 (Matth.
1262 2138 1314 2188 ν,
1375 2122 1540 2176 Marc.
1601 2139 1699 2191 vn,
1752 2127 1905 2178 Rom.
1959 2123 2102 2194 xui)-

449 2205 560 2262 Sed
593 2207 744 2262 circo
774 2207 915 2278 quid
947 2209 1230 2277 amarius,
1263 2209 1361 2264 ubi
1390 2227 1461 2266 ne
1484 2210 1848 2283 principibus
1869 2211 2104 2282 quidem

452 2298 554 2350 aut
582 2295 805 2350 civibus
837 2297 963 2352 suis
996 2301 1244 2368 parcunt
1270 2298 1297 2351 ‘?
1334 2299 1392 2353 Si
1442 2301 1581 2371 quid
1631 2300 1841 2356 horum
1891 2300 2104 2372 quibus

452 2384 644 2440 circus
701 2384 861 2453 furit,
919 2385 1134 2442 alicubi
1194 2389 1469 2459 competit
1509 2389 1752 2450 sanctis.
1810 2389 1986 2445 etiam
2046 2389 2106 2446 in

454 2473 608 2528 circo
666 2473 881 2529 licebit.
940 2476 996 2529 Si
1055 2493 1186 2532 vero
1268 2494 1586 2548 nusquam,
1661 2478 1789 2534 ideo
1870 2493 1974 2533 nec
2045 2480 2104 2534 in

456 2577 630 2616 ΟΙΓΟΟ.

1055 2687 1287 2742 CAl’U’I‘
1326 2689 1496 2744 XVlI.

522 2828 807 2885 Similiter
836 2829 1267 2902 impudicitiam
1315 2832 1359 2866 ἰδ
1417 2848 1650 2887 omnem
1709 2832 1937 2887 amoliri
1988 2835 2100 2904 (71)

2208 539 2431 590 ramur,
2463 523 2618 592 quod
2667 529 2757 578 est
2807 522 3097 594 privatum
3145 523 3546 579 consistorium
3598 525 3825 597 impudi.

2207 610 2356 666 citiaa
2376 611 2476 666 ubi
2510 611 2655 666 nihil
2685 612 2988 683 probatur,
3011 629 3189 684 quam
3214 613 3367 683 quod
3404 612 3536 667 alibi
3569 631 3677 670 non
3710 633 3826 687 pro-

2210 701 2384 756 batur
2438 700 2522 754 Ita
2570 717 2806 756 summa
2849 701 3038 772 gratia
3085 702 3214 771 ejus
3265 703 3334 757 de
3382 702 3620 773 spuritia
3666 704 3826 776 pluri-

2211 807 2371 844 mum
2406 788 2755 844 concinnata
2809 794 2918 858 est,
2977 805 3152 862 quam
3200 789 3496 845 Atellanus
3543 791 3827 862 gesticula-

2210 883 2301 933 tor
2329 878 2464 948 (72),
2497 895 2671 947 quam
2706 878 2923 933 mimus
2955 879 3134 933 etiam
3163 895 3265 950 per
3308 878 3600 946 mulieres,
3648 898 3831 952 repra-

2212 971 2427 1034 sentat,
2462 983 2666 1022 sexum
2694 967 2934 1038 pudoris
2965 967 3364 1023 exterminans
3393 968 3504 1038 (75)
3535 972 3594 1022 ut
3629 969 3832 1027 facilius

2212 1056 2371 1111 domi
2404 1073 2580 1126 quam
2616 1056 2673 1110 in
2726 1072 2901 1111 scena
2950 1058 3338 1124 erubescant;
3391 1073 3560 1128 quam
3612 1059 3835 1130 denique

2214 1143 2596 1214 pantominus
2628 1161 2661 1198 a
2692 1143 2942 1214 pueritia
2973 1143 3192 1214 patitur
3227 1143 3286 1197 in
3337 1160 3595 1214 corpore,
3645 1149 3705 1198 ut
3756 1161 3834 1198 ar-

2215 1232 2352 1287 tifex
2379 1249 2506 1288 esse
2539 1232 2744 1304 possit.
2780 1233 2913 1303 Ipsa
2943 1232 3117 1288 etiam
3152 1231 3477 1303 prostibula
3508 1233 3734 1304 publica:
3772 1231 3836 1287 li-

2216 1321 2434 1376 bidinis
2465 1321 2671 1377 hostiae
2702 1323 2758 1376 in
2792 1338 2969 1377 scena
3001 1322 3398 1392 proferuntur,
3459 1321 3587 1392 plus
3641 1321 3837 1378 misera:

2217 1410 2274 1464 in
2321 1411 2631 1480 praesentia
2691 1410 3061 1476 feminarum,
3123 1410 3340 1482 quibus
3393 1410 3532 1466 solis
3588 1410 3838 1482 latebant,

2218 1515 2434 1570 perque
2464 1499 2656 1555 omnis
2688 1501 2900 1566 aetatis,
2932 1499 3124 1554 omnis
3142 1498 3450 1571 dignitatis
3477 1517 3575 1555 ora
3595 1501 3836 1555 transdu-

2217 1591 2466 1644 cuntur:
2501 1588 2685 1656 locus,
2719 1589 2924 1660 stipes,
2953 1587 3232 1660 elogium,
3268 1589 3446 1646 etiam
3478 1589 3687 1660 quibus
3705 1589 3837 1646 050

2219 1693 2367 1750 opus
2399 1695 2512 1732 non
2563 1681 2670 1744 est,
2722 1677 3090 1749 praedicatur.
3139 1679 3322 1734 Taceo
3377 1679 3447 1733 de
3494 1678 3741 1750 reliquis,
3783 1695 3839 1734 ea

2220 1783 2346 1838 quae
2374 1767 2431 1821 in
2455 1766 2710 1822 tenebris
2735 1771 2792 1822 et
2814 1766 2870 1821 in
2901 1766 3200 1838 speluncis
3224 1766 3349 1822 suis
3381 1766 3712 1823 delitescere
3750 1767 3840 1821 de-

2215 1855 2401 1924 cebat,
2423 1871 2495 1910 ne
2517 1854 2668 1909 diem
2713 1853 3200 1909 contaminarent.
3247 1853 3567 1909 Erubescat
3597 1857 3834 1920 senatus,

2214 1943 2563 2000 erubescant
2591 1942 2826 1999 ordines
2856 1958 3083 1998 omnes.
3119 1942 3263 2014 Ipsae
3318 1941 3430 1997 illae
3479 1941 3709 2014 pudoris
3753 1941 3833 1996 sui

2214 2034 2706 2106 interemptrices,
2740 2034 2811 2088 de
2841 2033 3109 2105 gestibus
3141 2033 3268 2088 suis
3298 2033 3368 2087 ad
3422 2032 3608 2088 lucem
3652 2036 3707 2088 et
3748 2048 3833 2103 po-

2214 2121 2422 2193 pulum
2450 2126 2918 2192 expavescentes,
2952 2120 3132 2176 semel
3167 2137 3321 2176 anno
3354 2122 3690 2178 erubescant
3715 2121 3832 2192 (74).

2215 2211 2376 2276 Quod
2409 2210 2461 2266 ei
2493 2209 2659 2266 nobis
2699 2210 2894 2266 omnis
2940 2209 3310 2282 impudicitia
3357 2209 3703 2266 exsecranda
3746 2213 3840 2278 est,

2215 2317 2321 2356 cur
2350 2300 2522 2355 liceat
2552 2299 2754 2354 audire
2786 2316 2912 2370 qua:
2945 2298 3100 2371 loqui
3133 2317 3247 2355 non
3280 2299 3469 2355 licet?
3497 2298 3637 2355 Cum
3689 2299 3842 2355 etiam

2215 2387 2629 2444 scurrilitatem
2662 2391 2720 2442 et
2748 2403 2920 2442 omne
2949 2403 3160 2442 vanum
3192 2387 3436 2442 verbum
3465 2386 3777 2456 iudicatum
3818 2402 3847 2440 a

2215 2479 2329 2533 Deo
2359 2477 2642 2542 sciamus,
2671 2493 2774 2532 cur
2805 2493 2967 2548 aeque
3015 2476 3189 2532 liceat
3240 2477 3461 2543 videre,
3510 2493 3633 2548 qua:
3681 2476 3844 2531 facere

2215 2565 2501 2638 ﬂagitium
2533 2570 2622 2620 est
2643 2565 2670 2619 ?
2699 2569 2812 2620 Cur
2841 2583 2968 2637 quae
3017 2582 3117 2622 ore
3160 2566 3390 2637 prolata
3437 2565 3842 2621 communicant

2212 2655 2531 2721 hominem,
2564 2672 2632 2711 ea
2663 2672 2764 2726 per
2793 2654 2993 2710 oculos
3021 2659 3078 2710 et
3109 2672 3281 2711 aures
3314 2656 3579 2710 admissa
3629 2671 3734 2709 non
3772 2652 3844 2707 vi-

2213 2747 2462 2800 deantur
2494 2743 2788 2798 hominem
2824 2743 3294 2798 communicare:
3329 2760 3463 2799 cum
3495 2741 3720 2816 spiritui
3749 2757 3839 2812 ap-

2214 2839 2456 2906 pareant
2486 2848 2657 2888 aures
2701 2832 2814 2903 (75)
2861 2837 2917 2887 et
2970 2831 3146 2902 oculi,
3194 2848 3298 2886 nec
3352 2832 3542 2904 possit
3609 2829 3841 2886 mundus

1905 2968 2109 3028 Variae
2139 2968 2438 3031 lectiones

521 3088 563 3121 ³⁷
595 3086 893 3158 Cognosce
925 3089 1044 3156 Rig.
1123 3090 1165 3126 ³⁸
1196 3087 1476 3143 Prazcitati
1509 3090 1686 3144 Paris.
1718 3092 1847 3145 Jun.

1933 3092 1976 3126 ⁸⁰
2007 3092 2240 3160 Figura,
2274 3093 2439 3147 Semi.
2516 3092 2561 3125 ‘0
2591 3091 2727 3146 Sine
2750 3089 2989 3160 justitia
3032 3089 3184 3159 odii;
3219 3089 3398 3145 etiam
3433 3089 3716 3161 suffragia
3743 3088 3841 3161 llig.

448 3158 688 3232 f‘iQued
722 3161 875 3232 enim
911 3177 1082 3232 suum
1115 3161 1488 3215 consecuturi
1542 3167 1683 3216 sunt
1714 3162 1812 3231 qui
1861 3163 1979 3232 Rig.
2056 3158 2103 3197 δέ
2132 3158 2233 3219 ΕΓ
2267 3163 2508 3218 forsitan
2563 3163 2691 3216 sine
2748 3158 2910 3218 Fran.
2972 3165 3154 3218 Paris.
3213 3164 3298 3216 An
3362 3163 3485 3218 fors
3541 3158 3640 3218 sit:
3689 3158 3835 3213 Seml.

446 3229 664 3286 Oberth.
743 3231 786 3264 ⁸³
817 3231 1098 3287 Similiter
1130 3249 1234 3288 nec
1263 3232 1696 3303 impudicitiam
1728 3229 1962 3289 omnem
1997 3251 2191 3290 amare
2223 3235 2338 3305 Rig.
2851 3251 2854 3254 '

1894 3366 2414 3433 Commentarius.

521 3485 633 3561 (68)
665 3486 828 3561 Misit,
888 3487 1101 3561 dicunt.
1149 3488 1348 3561 Placet,
1385 3489 1581 3544 Rudini
1627 3489 1940 3558 sententia,
1992 3491 2090 3560 qui
2127 3492 2169 3559 α
2209 3492 2382 3560 Epist.
2443 3496 2500 3545 et
2526 3489 2563 3544 l.
2597 3490 2662 3545 de
2691 3491 2894 3561 Spect.,
2927 3505 2975 3543 c.
3007 3489 3098 3560 5);
3132 3489 3396 3545 Lactant.

448 3557 630 3631 tradit
659 3557 1114 3631 signumfuisse
1144 3560 1691 3616 committendorum
1735 3557 2093 3631 aurigarum.

450 3628 843 3701 confirmatur
872 3629 1129 3701 idipsum
1171 3649 1237 3685 cx
1295 3633 1571 3687 Suetonio
1613 3634 1740 3700 (Vit.
1793 3628 1991 3688 Νεὶῖοη.
2045 3651 2093 3688 c.

449 3699 563 3766 22),
590 3699 836 3754 Martiali
865 3699 1050 3775 (1.5m)
1088 3708 1144 3757 et
1175 3703 1440 3757 Juvenali
1487 3699 1684 3773 (Satir.
1731 3706 1889 3775 xxu).
1934 3705 2098 3760 Certe

453 3775 713 3824 nostram
765 3774 1115 3828 sententiam
1151 3791 1342 3828 veram
1381 3792 1508 3830 csse
1540 3775 1828 3830 convincit
1861 3777 2096 3830 Cassio-

454 3843 634 3918 dorus
667 3843 810 3918 (Var.
864 3843 1032 3918 l._1n,
1092 3861 1182 3916 ep.
1216 3848 1305 3918 751
1369 3847 1438 3901 ad
1494 3848 1750 3918 Faustum
1806 3849 2094 3918 przepo.s.):

454 3936 483 3988 ε(
512 3917 736 3988 Mappa,
772 3915 983 3985 inquit,
1017 3915 1143 3987 quai
1177 3917 1408 3988 signum
1443 3918 1579 3973 dare
1635 3917 1780 3972 solet
1806 3915 2094 3974 circensi-

453 3985 587 4053 bus,
615 3985 711 4041 tali
737 4003 874 4042 casu
900 3985 1064 4042 fluxit
1089 3993 1142 4042 in
1172 3985 1412 4057 morem,
1438 3991 1577 4045 Cum
1616 3990 1762 4044 Nero
1785 3992 2096 4056 prandium

451 4058 842 4133 protenderet,
879 4061 1335 4133 etAcclcritatem,
1367 4060 1664 4118 utassolet
1703 4061 1905 4116 avidus
1934 4079 2095 4133 spec-

452 4130 614 4212 tandi
649 4130 902 4212 populus
928 4130 1267 4212 flagittaret,
1294 4133 1386 4212 ille
1406 4150 1703 4212 mappam,
1731 4150 1848 4212 qua
1867 4130 2096 4212 tergen-

453 4201 850 4275 disumanibus
882 4201 1174 4267 utebatur,
1200 4206 1384 4275 jussit
1409 4201 1580 4275 abjici
1616 4201 2096 4275 peri—fenestram,

454 4282 510 4327 ut
550 4271 870 4328 libertatem
906 4276 1068 4329 daret
1095 4271 1434 4332 certaminis
1469 4271 1766 4346 postulati.
1802 4278 1946 4331 Hinc
1977 4271 2096 4331 tra;

453 4351 610 4399 ctum
632 4351 746 4418 est,
781 4349 865 4411 ut,
895 4354 1129 4402 ostensa
1171 4365 1400 4418 mappa,
1453 4353 1610 4402 certa
1651 4347 1918 4402 videatur
1969 4365 2098 4404 esse

458 4417 770 4486 promissio
802 4418 1148 4472 circensium
1184 4417 1471 4473 furorum.
1507 4439 1532 4470 η
1567 4421 1706 4473 ΡΑΜ.

529 4486 640 4555 (69)
672 4488 836 4543 Teneo
865 4491 1244 4544 testimonium
1265 4493 1548 4547 caecitatis.
1583 4490 1699 4544 Hoc
1722 4493 1829 4544 est.
1873 4494 2097 4545 Accusa

455 4557 728 4633 ﬂagitatis
767 4559 849 4633 Et
879 4561 1191 4616 cmcitatem
1226 4562 1472 4633 explicat
1500 4561 1794 4631 deinceps.
1829 4560 1953 4614 RIG.

529 4628 639 4707 (70)
670 4630 774 4682 Scit
804 4641 878 4683 est
907 4633 1115 4707 diaboli
1143 4635 1213 4686 ab
1244 4628 1355 4688 alto
1397 4628 1737 4707 przrcipitat'i
1781 4633 1939 4707 gula.
1990 4632 2096 4686 Ex-

456 4704 783 4820 pressimus
815 4704 1032 4757 codicis
1068 4707 1448 4760 vetustissimi
1481 4706 1855 4775 scripturam.
1916 4706 2098 4758 Antea

480 4771 1114 4820 agebaturziilﬁnhnh
1151 4777 1221 4820 ah
1273 4777 1388 4820 an
1439 4775 1778 4820 nrmnhﬁtnﬁ
1827 4774 2009 4820 ﬁgura
2067 4797 2093 4820 υ

480 4771 801 4846 agebatur;
836 4795 861 4820 α
899 4772 1114 4828 Diaboli
1151 4777 1221 4829 ab
1273 4777 1388 4830 alto
1439 4771 1779 4846 praecipitati
1827 4774 2032 4839 figura,
2066 4797 2093 4824 ››

3447 3487 3516 3558 (l.
3547 3504 3622 3552 vi,
3652 3503 3695 3541 c.
3725 3483 3835 3558 20);

2209 3555 2352 3634 A'ug.
2386 3562 2447 3632 (l.
2492 3579 2552 3634 ιι,
2598 3562 2678 3634 de
2725 3555 2888 3634 ζ’ἰυίιζ
2941 3555 3057 3629 Det,
3087 3555 3090 3556 ν
3115 3576 3164 3614 c.
3189 3561 3250 3634 At,
3279 3562 3335 3629 5,
3365 3563 3426 3626 6,
3463 3555 3522 3628 7,
3562 3562 3614 3623 8,
3645 3555 3830 3634 ‘9,”10,

2211 3625 2398 3709 _t_i,"12‘
2429 3638 2484 3687 et
2668 3625 3278 3709 Alludit_autem__hic
3322 3625 3552 3709 Auctor
3596 3625 3834 3709 ad_illud

2207 3699 2382 3760 Marci
2417 3706 2556 3773 (vn),
2589 3699 2815 3776 dequo
2849 3702 3072 3774 reliqua
3121 3703 3262 3758 citat
3291 3704 3408 3760 sub
3459 3706 3630 3758 finem
3677 3699 3834 3776 hujus

2207 3777 2453 3847 capitis:
2492 3772 2625 3844 om
2655 3772 2991 3830 Ile-homine—
3015 3782 3241 3842 exeunt,
3267 3777 3398 3847 filia
3451 3772 3835 3847 communicent

2209 3842 2687 3912 lio-minem,‘etc.;
2735 3847 2999 3902 fortassis
3031 3859 3088 3901 et
3135 3846 3282 3900 illud
3332 3847 3499 3902 Rom.
3553 3860 3689 3900 xm:
3736 3842 3834 3896 Non

2207 3921 2271 3975 in
2302 3919 2578 3974 cubilibus
2607 3928 2658 3972 ct
2691 3919 3070 3990 impudicitiis.
3104 3921 3252 3990 ΡΑΜ.
3325 3988 3359 3990 η
3605 3988 3612 3990 _
3640 3989 3669 3990 μ
3710 3981 3744 3990 __
3822 3978 3831 3988 ,

2281 3991 2388 4060 (72)
2449 3991 2730 4045 Altclanus
2765 3981 3184 4061 'gesticutatur._
3223 3988 3516 4043 Ludioncs
3588 3981 3832 4040 Attellani

2208 4063 2502 4118 notissimi
2537 4067 2678 4116 sunt
2726 4059 2801 4116 ab
2859 4063 2999 4116 urbe
3043 4059 3249 4125 Atella,
3301 4065 3537 4116 vetusto
3583 4062 3834 4111 Oscorum

2207 4135 2453 4205 oppido:
2482 4149 2555 4206 ea
2585 4134 2640 4186 in
2678 4135 2818 4206 urbe
2847 4134 3147 4204 egregium
3181 4136 3306 4206 erat
3332 4133 3475 4206 olim
3499 4127 3837 4206 amphithea-

2208 4200 2362 4260 trum
2391 4205 2653 4328 Lvigeris
2683 4204 2741 4258 C.
2779 4200 3218 4276 Hieroni/mum,
3252 4202 3430 4274 Epist:
3483 4203 3552 4258 ad
3593 4200 3834 4258 Sabinia-

2208 4294 2360 4328 num.
2432 4294 2460 4328 E
2535 4293 2590 4328 Β.

2205 4294 2360 4330 num.
2391 4283 2460 4329 Ls
2491 4283 2590 4330 Pa.

2279 4349 2388 4417 (73)
2421 4349 2621 4402 Secum
2650 4344 2876 4416 pudoris
2905 4346 3302 4418 “terminans.
3359 4344 3559 4418 Graeca
3602 4336 3831 4418 phrasis.

2209 4413 2419 4472 Scitum
2456 4420 2620 4487 longe
2650 4413 2684 4471 a
2714 4417 2932 4487 pudore
2989 4417 3308 4471 abducens.
3355 4416 3554 4471 Graeca
3601 4413 3832 4487 locutio:

2209 4496 2473 4545 statuens
2531 4484 3025 4544 extra'terminos
3069 4488 3330 4558 pudoris.
3382 4487 3507 4541 Rm.
3544 4515 3607 4526 —
3648 4484 3835 4538 Sexum

2207 4565 2440 4632 pudoris
2489 4562 2884 4632 esten-nimius,
2938 4557 3262 4632 Retuli‘ad
3301 4559 3830 4632 nudation_em_c_or-

2211 4624 2438 4704 porum,
2477 4651 2606 4687 nam
2643 4633 2833 4704 mimae
2864 4631 3120 4704 itasiepe
3141 4629 3195 4704 in
3223 4630 3471 4704 theatre
3493 4627 3676 4704 valet:
3699 4624 3830 4704 Max.

2210 4699 2309 4760 lib.
2339 4723 2418 4770 ιιι,
2447 4704 2690 4774 loquens
2713 4704 2784 4757 de
2809 4699 3108 4774 fleralibus
3132 4703 3237 4774 ait.
3275 4701 3352 4756 M.
3400 4701 3598 4756 Porcio
3637 4699 3830 4774 Catone

2210 4767 2646 4847 spectante-hos
2679 4775 2848 4829 ludos
2880 4773 3161 4844 populum
3193 4767 3503 4847 erubuisse
3541 4767 3830 4847 pustulam,

453 4841 723 4924 acumine
746 4843 1237 4924 ‘obtuso._All_udit
1266 4849 1418 4902 enim
1442 4841 1523 4902 ad
1555 4841 1976 4924 eaiquzesacris
2003 4864 2094 4916 pa-
2125 4861 2170 4924 υ
2205 4841 2491 4924 υἰμωὶωω
2527 4841 2907 4924 nudarentur.
2941 4841 3102 4908 Quod
3136 4861 3267 4899 cum
3303 4845 3444 4924 Cata
3462 4841 3833 4924 cognosceret
3883 4854 3894 4871 ο

449 4910 610 4991 ginis
635 4913 950 4991 traduntur
980 4917 1050 4970 dc
1089 4922 1320 4991 satana,
1383 4935 1555 4989 quem
1616 4910 1686 4973 de
1741 4917 1882 4973 ccelo
1932 4910 2093 4991 Deus

449 4983 928 5064 egit.in.Tartara
963 4983 1334 5064 praecipitem.
1373 4983 1570 5064 Itaque
1601 5005 1873 5064 mappam
1917 4988 2089 5064 illam

444 5055 782 5123 Septimius,
815 5055 989 5126 quam
1024 5055 1238 5114 Prretnr
1271 5078 1369 5130 pro
1401 5055 1565 5130 signo
1597 5055 1826 5116 mittere
1848 5060 2092 5125 solebat,

445 5139 714 5203 mappam
751 5145 878 5203 esse
912 5137 1099 5199 negat.
1137 5133 1229 5186 Ait
1259 5150 1388 5186 vero
1413 5133 1603 5203 ipsum
1624 5149 1752 5187 esse
1769 5131 2090 5197 diabolum,

445 5200 541 5280 qui
579 5203 733 5280 tutus
764 5200 927 5280 gula1
957 5206 1116 5280 totus
1144 5220 1354 5280 gurges
1381 5200 1534 5259 totus
1566 5220 1774 5280 vorago
1809 5203 2086 5280 expandi-

443 5271 559 5392 ἓν,
594 5271 648 5322 et
683 5271 821 5325 furit
849 5272 1070 5328 effusus
1106 5271 1223 5329 toto
1257 5271 1432 5343 circo,
1465 5281 1520 5330 et
1551 5271 2088 5330 sacvitVimmauitcr.

463 5354 568 5391 'IG.

463 5354 568 5391 HG.

509 5440 576 5448 —
609 5411 834 5487 Dz‘abqli
865 5414 931 5467 ab
976 5416 1090 5468 alto
1136 5419 1492 5485 prazcipitati.
1535 5417 1626 5471 Sic
1658 5417 1807 5472 libro
1839 5418 1904 5472 de
1955 5418 2091 5472 Ani-

438 5497 715 5560 n.m,pag.
906 5490 1182 5541 Satanam
1217 5484 1602 5559 prospectarit
1633 5491 1701 5544 de
1759 5489 1900 5543 cmlo
1948 5507 2089 5560 prte-

437 5552 760 5624 cipitatum.
796 5556 918 5610 llic.

512 5625 1366 5699 (7i):Similiterimpudicitiam
1413 5646 1625 5687 omnem
1671 5631 1897 5686 amoliri
1929 5631 2089 5699 jube-

442 5709 587 5752 mur.
649 5696 713 5753 In
767 5715 880 5771 quo
937 5696 1104 5756 illum
1159 5701 1360 5759 diserti
1419 5702 1726 5760 imitantur
1784 5702 1844 5756 B.
1919 5696 2086 5775 Cypr.

2204 4937 2235 4975 a
2264 4921 2471 4974 Faenio
2502 4917 2865 4974 amicissimo
2894 4933 3010 4972 una
3042 4932 3236 4970 secum
3271 4917 3514 4971 sedente
3548 4908 3613 4968 in
3669 4908 3830 4986 ludis,

2202 4991 2474 5046 discessit
2527 5007 2556 5044 e
2609 4990 2854 5055 theatro,
2897 5003 2968 5042 ne
3020 4987 3331 5059 praesentia
3379 5005 3489 5042 sua
3538 4975 3829 5058 spectaculi

2201 5062 2685 5118 consuetudinem
2717 5059 3044 5133 impediret.
3082 5060 3266 5133 LAC.___

2291 5136 2382 5205 74)
2440 5135 2617 5188 Semel
2661 5122 2820 5186 anno.
2852 5131 3165 5205 erubescant
3192 5128 3540 5205 _l“lora_li_bus
3569 5122 3830 5205 scilicet.

2201 5193 2378 5276 quos,
2403 5207 2591 5278 ludos
2628 5221 2662 5257 a
2717 5203 3045 5278 meretricia
3071 5201 3266 5278 _turba
3305 5197 3584 5278 celebrari
3617 5193 3827 5278 Δδριὶῐρεο

2201 5272 2401 5332 narrat
2432 5276 2694 5341 Ovidius,
2729 5276 2932 5330 Faster.
2966 5274 3031 5328 ν.
3071 5275 3129 5328 In
3161 5272 3240 5345 iis
3261 5273 3415 5345 enim
3452 5272 3827 5345 meretricum,

2200 5364 2432 5420 semper
2467 5347 2610 5403 alias
2641 5333 3069 5420 impudentiam
3104 5343 3350 5420 lascivia
3383 5343 3590 5420 major,
3622 5342 3675 5420 et
3705 5333 3828 5420 ιξδθι

2199 5406 2383 5476 riores
2405 5420 2542 5488 jnci.
2577 5419 2682 5472 Sed
2720 5406 2858 5487 ipsae
2891 5417 3035 5472 alias
3065 5417 3300 5486 quidem
3337 5415 3394 5487 ip
3428 5406 3592 5471 cellis
3622 5415 3690 5488 et
3720 5406 3825 5488 rpr-

2200 5476 2432 5546 nicibus
2464 5476 2757 5560 pudoreml
2784 5496 3027 5560 exuunt,
3071 5476 3164 5543 liic
3207 5476 3447 5560 vero‘in
3495 5476 3824 5560 propatule

2199 5544 2226 5613 ὰ
2261 5544 2673 5633 Εὲρανὲεοαηι,
2708 5560 2919 5633 inquit,
2953 5544 3026 5616 ad
3061 5560 3249 5633 lucem
3279 5544 3581 5632 populum,
3605 5544 3674 5609 ἐι
3723 5544 3827 5606 sal-

2195 5638 2312 5690 tem
2345 5631 2522 5690 scmel
2555 5648 2706 5688 anno
2737 5632 3105 5689 erubescant.
3136 5649 3162 5682 ιι
3203 5631 3329 5686 Βία.
3367 5631 3370 5632 ⁷
3422 5700 3429 5701 ί
3610 5695 3653 5701 _

2271 5689 2382 5779 (75)
2414 5703 2548 5762 Cum
2577 5705 2805 5778 spiritui
2831 5709 3134 5778 appareant
3162 5718 3342 5759 aures.
3376 5700 3470 5759 Sic
3500 5703 3557 5756 et
3610 5689 3821 5752 Tullius
3913 5767 3922 5780 ἱ
