4106 6178
293 362 411 422 ’129

1653 352 1754 412 DE
1801 353 2353 420 SPECTACUIJS.

3585 354 3705 415 730

299 494 417 549 rios
448 492 560 561 (89)
597 489 731 545 illas
761 487 1198 543 amantissimos
1229 487 1272 519 ⁸⁸
1330 486 1545 556 quibus
1593 485 1698 540 viri
1726 488 1771 521 θ’
1822 486 1950 541 ani-
1982 493 2033 556 Α
2066 489 2294 547 Domini
2330 493 2537 548 ludat?
2588 494 2766 549 Docet
2826 491 3049 548 scilicet
3097 493 3153 545 et
3195 487 3466 544 diabolus
3503 486 3702 542 verbe-

300 599 448 647 mas,
470 580 723 646 feminis,
782 583 883 633 aut
940 576 1022 632 illi
1095 574 1291 642 etiam,
1354 592 1597 646 corpora
1654 592 1762 630 sua
1808 576 1951 637 sub:

299 674 576 727 sternunt
601 669 734 737 (90),
761 670 997 738 propter
1027 681 1177 736 quos
1208 663 1264 718 in
1297 681 1365 720 ea
1405 664 1785 720 committunt
1824 681 1949 737 qua

301 758 762 831 reprehendunt,
787 771 854 810 ex
879 754 1082 810 eadem
1112 758 1234 809 arte
1264 753 1330 823 το,
1377 769 1552 825 quam
1576 755 1617 787 τί
1668 754 1950 827 magnifa-

297 849 479 913 ciunt,
514 845 901 917 deponunt",
935 845 1051 897 imo
1085 842 1389 897 manifeste
1440 843 1723 897 damnant
1780 844 1947 915 igno—

299 937 481 992 minia
511 941 570 990 et
625 933 831 1002 capitis
879 932 1204 987 minutione
1253 932 1384 1002 (91),
1446 936 1709 987 arcentes
1767 932 1950 999 curia,

300 1026 528 1089 rostris,
548 1030 781 1089 senatu,
803 1022 1017 1093 equite,
1037 1022 1381 1092 caaterisque
1403 1020 1727 1077 honoribus
1759 1022 1951 1077 omni-

302 1113 410 1167 bus
441 1111 623 1167 simul
656 1127 723 1164 ac
754 1108 1118 1164 ornamentis
1148 1108 1527 1178 quibusdam.
1563 1109 1788 1173 Quanta
1824 1126 1950 1180 per-

298 1201 1003 1269 versitas?Amantquos
1055 1196 1361 1266 mulctant,
1420 1198 1747 1268 depretiant
1807 1215 1951 1268 quos

303 1292 570 1363 probant.
627 1292 818 1343 Artem
899 1286 1297 1358 magniﬁcant,
1350 1286 1634 1341 artificem
1723 1290 1947 1342 notant.

303 1379 479 1443 Quale
503 1377 794 1449 judicium
828 1381 938 1445 est,
962 1383 1023 1429 ut
1054 1376 1126 1431 ob
1159 1391 1226 1430 ea
1265 1374 1396 1446 quis
1452 1375 1792 1446 offuscetur,
1852 1392 1952 1447 per

304 1485 431 1541 quae
465 1464 875 1538 promeretur?
909 1467 1027 1519 lmo
1060 1469 1281 1535 quanta
1312 1464 1599 1520 confessio
1640 1471 1729 1520 est
1785 1465 1952 1521 malas

300 1557 598 1627 rei,cujus
630 1559 898 1610 auctores
920 1555 985 1621 ⁷³,
1020 1570 1154 1608 cum
1187 1552 1582 1625 acceptissimi
1634 1553 1773 1624 sint,
1828 1554 1951 1609 sine

302 1649 440 1701 nota
470 1660 587 1699 non
618 1642 794 1699 sunt!

896 1787 1125 1839 CAPUT
1165 1784 1364 1839 XXIII.

368 1913 512 1966 Cum
546 1910 727 1982 igitur
770 1909 1030 1963 humana
1080 1908 1426 1977 recordatio,
1487 1909 1663 1964 etiam
1726 1910 1949 1965 obstre-

300 2006 475 2073 pente
506 1999 695 2072 gratia
741 1996 1084 2068 voluptatis,
1126 1997 1493 2052 damnandos
1541 2014 1639 2053 eos
1692 2004 1944 2068 censeat,

303 2089 595 2160 ademptis
620 2088 786 2143 bonis
819 2086 1171 2158 dignitatum
1205 2087 1264 2140 in
1280 2087 1595 2157 quemdam
1639 2087 1947 2159 scopulum

296 2178 408 2234 fair
421 2178 900 2248 ositatis,quanto
918 2175 1103 2246 magis
1118 2174 1312 2229 divina
1328 2176 1562 2245 justitia
1578 2175 1637 2230 in
1652 2177 1778 2247 ejus
1792 2176 1949 2232 modi

297 2268 549 2323 artilices
582 2262 1039 2321 animadvertit?
1069 2267 1149 2318 An
1182 2264 1297 2319 Deo
1330 2262 1584 2335 placebit
1613 2266 1815 2336 auriga
1854 2264 1950 2321 ille

305 2361 389 2413 tot
419 2356 755 2411 animarum
788 2354 1164 2425 inquietator,
1198 2359 1282 2409 tot
1324 2354 1608 2409 furiarum
1659 2355 1947 2425 minister,

306 2447 454 2503 655
490 2450 577 2499 tot
606 2443 1019 2514 statuum(92),
1084 2448 1145 2497 ut
1188 2444 1234 2476 7‘
1282 2444 1554 2498 sacerdos
1612 2449 1947 2513 coronatus,

303 2533 387 2591 vel
421 2534 721 2589 coloratus
754 2538 819 2587 ut
841 2531 992 2599 leno,
1018 2548 1190 2603 quem
1224 2548 1401 2587 curru
1436 2532 1786 2604 rapiendum
1825 2534 1947 2589 dia—

302 2622 470 2678 bolus
501 2623 782 2677 adversus
814 2621 1034 2676 Heliam
1059 2620 1398 2676 exornavit?
1419 2620 1670 2677 Placebit
1700 2627 1757 2677 et
1778 2622 1950 2691 ille“,

303 2713 399 2783 qui
436 2710 637 2765 vultus
675 2726 814 2765 suos
872 2708 1154 2765 novacula
1204 2709 1442 2764 mutat?
1493 2709 1749 2767 infidelis
1816 2728 1953 2783 erga

304 2801 510 2856 faciem
564 2816 755 2865 suam,
809 2815 986 2869 quam
1037 2802 1173 2865 {non
1232 2802 1541 2853 contentus
1599 2800 1849 2857 Saturno
1898 2806 1955 2857 et

310 2890 447 2945 Isidi
480 2896 534 2943 et
568 2888 774 2943 Libero
817 2887 1135 2958 proximam
1198 2888 1403 2957 facere,
1452 2889 1693 2959 insuper
1750 2895 1951 2945 contu-

312 2977 503 3033 meliis
552 2976 855 3049 alaparum
914 2976 998 3032 sic
1047 2976 1267 3047 objicit,
1324 2976 1495 3048 quasi
1550 2978 1621 3033 de
1671 2984 1953 3051 praecepto

2060 581 2304 635 randam
2358 580 2658 637 maxillam
2710 582 3001 654 patienter
3044 580 3249 633 offerre
3308 576 3532 648 (Matth.
3602 577 3699 645 v1).

2058 667 2149 724 Sic
2211 674 2269 724 et
2326 672 2623 743 tragmdos
2682 670 2991 725 cothurnis
3049 667 3278 736 extulit,
3338 666 3476 737 quia
3534 680 3703 719 nemo

2061 760 2252 829 potest
2274 759 2526 829 adjicere
2557 759 2823 814 cubitum
2868 774 3049 813 unum
3104 757 3175 811 ad
3200 760 3486 811 staturam
3534 770 3702 808 suam

2059 847 2187 901 Luc.
2212 848 2313 917 xu)
2342 867 2359 901 :
2404 848 2743 902 mendacem
2780 847 2965 902 facere
3012 844 3139 900 vult
3195 844 3513 899 Christum.
3570 842 3702 897 Jam

2058 952 2192 991 vero
2217 937 2411 1007 ipsum
2442 954 2591 1009 opus
2624 952 3026 1008 personarum,
3058 950 3254 1005 quaero
3290 950 3361 988 an
3403 934 3511 986 Deo
3578 929 3703 1001 pla—

2061 1030 2206 1091 ceat,
2241 1026 2340 1097 qui
2372 1043 2605 1081 omnem
2648 1024 3100 1079 similitudinem
3132 1026 3285 1077 vetat
3316 1020 3458 1089 fieri,
3485 1024 3704 1091 quanto

2060 1114 2250 1187 magis
2308 1115 2585 1186 imaginis
2644 1132 2781 1169 suae.
2844 1117 2965 1167 Non
3017 1115 3174 1167 amat
3217 1111 3429 1165 falsum
3505 1111 3707 1162 auctor

2060 1203 2538 1273 veritatis(Exod.
2572 1203 2701 1272 xx):
2766 1201 3117 1256 adulterium
3186 1205 3275 1255 est
3330 1198 3483 1270 apud
3535 1196 3701 1251 illum

2059 1310 2232 1349 omne
2263 1294 2416 1363 quod
2454 1293 2707 1364 ﬁngitur.
2764 1291 3011 1346 Proinde
3056 1305 3276 1359 vocem,
3328 1303 3521 1354 sexus,
3562 1289 3703 1341 aita-

2058 1385 2148 1437 tes
2178 1383 2582 1446 mentientem,
2623 1396 2873 1450 amores,
2923 1380 3065 1445 iras,
3096 1377 3375 1449 gemitus,
3417 1375 3707 1447 lacrymas

2061 1472 2498 1526 adseverantem
2532 1487 2648 1525 nou
2684 1468 2977 1540 probabit,
3011 1468 3109 1538 qui
3143 1482 3376 1522 omnem
3435 1464 3707 1535 hypocri-

2061 1559 2154 1615 sin
2186 1560 2445 1615 damnat.
2479 1563 2760 1614 Cmterum
2793 1574 2927 1613 cum
2958 1556 3017 1611 in
3046 1556 3170 1627 lege
3206 1553 3549 1627 praescribit,
3584 1569 3707 1608 ma-

2058 1648 2339 1705 ledictum
2372 1665 2500 1704 esse
2526 1647 2624 1720 qui
2659 1646 3050 1702 muliebribus
3081 1644 3365 1700 vestietur
3396 1642 3504 1714 (93)
3546 1642 3704 1697 Deut.

2060 1738 2222 1809 χχιι),
2256 1737 2394 1808 quid
2424 1738 2493 1792 de
2517 1736 2857 1808 pantomino
2879 1734 3195 1805 judicabit,
3226 1731 3525 1804 quietiam
3572 1748 3704 1785 mu-

2061 1824 2341 1882 liebribus
2372 1831 2614 1881 curatur
2643 1826 2686 1860 7‘
2711 1825 2821 1897 (94)
2844 1822 2867 1877 ?
2892 1828 3039 1878 Sane
3056 1828 3114 1878 et
3155 1821 3253 1877 ille
3296 1821 3500 1876 artifex
3550 1837 3703 1893 pug-

2059 1930 2270 1969 norum
2330 1913 2657 1985 impunitus
2714 1912 2872 1967 ibit?
2919 1910 3089 1966 Tales
3169 1912 3325 1965 enim
3405 1909 3705 1964 cicatrices

2057 2008 2363 2071 caestuum,
2397 2007 2454 2058 et
2475 2002 2655 2057 callos
2698 2017 3053 2073 pugnorum,
3116 2003 3171 2055 et
3238 1999 3466 2054 aurium
3488 1998 3531 2031 ⁷⁷
3576 1998 3706 2053 fun-

2057 2108 2212 2164 gosa
2244 2098 2354 2147 Deo
2386 2108 2518 2147 cum
2563 2108 2669 2147 suo
2703 2093 2989 2162 plasmate
3014 2090 3057 2123 ⁷⁸
3088 2089 3333 2160 accepit.
3384 2087 3517 2142 Ideo
3564 2086 3709 2141 illi“

2057 2180 2258 2237 oculos
2317 2180 2469 2235 Deus
2526 2179 2867 2252 plasmavit,
2921 2183 2981 2233 ut
3024 2177 3353 2249 vapulando
3410 2176 3705 2231 deficiant.

2056 2275 2236 2325 Taceo
2267 2270 2336 2324 de
2371 2269 2488 2336 illo,
2523 2269 2623 2340 qui
2646 2269 2945 2324 hominem
2978 2267 3127 2323 leoni
3176 2284 3289 2337 prae
3322 2283 3383 2321 se
3441 2264 3704 2336 opponit,

2058 2375 2130 2414 ne
2161 2374 2367 2429 parum
2402 2358 2479 2412 sit
2509 2358 2825 2427 homicida,
2884 2356 3050 2428 qui"0
3111 2356 3381 2410 eumdem
3443 2358 3703 2425 postmo—

2060 2446 2456 2519 dumjugulat
2489 2447 2619 2518 (95).

2656 2588 2885 2645 CAPUT
2915 2588 3102 2664 xxw.

2133 2717 2283 2778 Quot
2328 2713 2518 2768 adhuc
2577 2714 2767 2768 modis
2820 2712 3249 2784 perorabimus,
3296 2710 3440 2765 nihil
3500 2727 3567 2766 ex
3619 2708 3709 2765 bis

2061 2819 2189 2875 qua:
2240 2801 2593 2874 spectaculis
2638 2803 3012 2873 deputantur,
3071 2800 3350 2873 placitum
3402 2800 3517 2855 Deo
3584 2815 3712 2855 esse

2067 2894 2220 2949 656
2251 2897 2352 2947 aut
2385 2907 2714 2962 congruens
2770 2890 2871 2947 Dei
2918 2892 3101 2946 servis
3131 2891 3198 2959 δι,
3259 2890 3413 2960 quod
3466 2888 3711 2942 Domino

2069 2980 2342 3052 placitum
2379 2998 2492 3035 non
2525 2980 2624 3046 sit,
2648 2979 2696 3035 si
2727 2979 2924 3035 omnia
2956 2984 3190 3051 propter
3219 2977 3517 3033 diabolum
3549 2975 3713 3031 insti-

1743 3096 1945 3157 Variae
1976 3097 2276 3159 lectiones

376 3207 419 3241 ⁸⁸
449 3204 905 3260 Amanlissimos
936 3208 1081 3260 Fran
1110 3222 1123 3271 ;

306 3277 346 3347 "f
372 3279 497 3343 Qua
536 3277 657 3347 Rig.

733 3277 777 3310 ⁷³
802 3277 872 3331 Et
900 3277 1240 3331 diminuunt
1269 3275 1401 3331 add.
1434 3278 1605 3330 Fran.
1684 3278 1728 3311 ⁷³
1759 3278 1942 3347 Cujus
1971 3281 2196 3333 actores
2243 3279 2437 3333 Wouw.
2472 3278 2539 3332 Μ.
2572 3276 2627 3332 S.
2704 3278 2750 3310 7‘
2788 3276 2957 3332 Velut
3019 3282 3233 3332 Wouw.
3289 3276 3353 3329 Μ.
3413 3275 3470 3347 δ.

1202 3204 1603 3259 amatissimos
1662 3204 1787 3261 Cod.
1844 3207 2044 3261 Wouw.
2122 3208 2167 3241 ⁸9
2213 3205 2370 3260 Viles
2428 3206 2658 3260 animas
2714 3206 2883 3259 Iv'ran.
2943 3205 3158 3261 Oberth.
3233 3203 3282 3238 7°
3349 3204 3515 3257 Parte
3543 3203 3705 3257 Fran.

3548 3274 3591 3308 τε
3640 3274 3711 3328 Et

307 3338 819 3420 ille'abest'Rigalt.
898 3348 1177 3420 "(Utatur
1213 3348 1405 3401 Wouw.
1441 3348 1507 3402 Μ.
1557 3348 1615 3420 VS.
1692 3349 1733 3383 '”
1769 3338 2026 3405 Rudium
2084 3351 2267 3406 Latin.
2343 3350 2385 3383 ⁷⁸
2442 3349 2582 3405 Cum
2643 3347 3032 3420 plasmaretur
3087 3349 3209 3416 Rig.
3285 3347 3330 3381 ⁷9
3383 3345 3519 3401 Illos
3583 3346 3707 3414 Rig.

305 3420 349 3454 ⁸ο
378 3422 566 3484 Quam
598 3419 724 3475 add.
753 3421 913 3475 Pam.
946 3419 1111 3475 Semt.
1187 3419 1230 3454 ει
1266 3420 1440 3474 Servo
1473 3419 1569 3474 Dei
1602 3420 1729 3489 Rig.

1755 3539 2277 3601 Commentarius.

381 3645 495 3716 (89)
529 3644 853 3699 Arenarios.
884 3645 1080 3699 Ludus
1106 3644 1324 3716 quippe
1342 3643 1755 3716 gladiatorius,
1802 3646 1955 3700 sicut
1984 3648 2027 3714 C
2064 3649 2182 3715 tus,
2215 3650 2271 3701 et
2302 3646 2493 3716 potior
2522 3646 2695 3700 turba
2711 3644 2962 3699 civitatis
3019 3644 3316 3715 afﬂigitur,
3342 3714 3351 3716 _
3375 3641 3519 3697 nihil
3580 3658 3711 3713 pro-

311 3721 366 3772 et
390 3714 918 3789 amphitheatrum,
951 3714 1143 3789 dictus
1164 3714 1279 3789 κεῖς’
1310 3714 1517 3789 ἐξὸχήνῄ
1567 3732 1759 3771 arena.
1806 3717 1951 3771 Nam

308 3789 543 3843 tametsi
578 3788 697 3843 haec
716 3804 921 3859 sparsa
949 3788 1007 3842 in
1034 3788 1175 3843 locis
1197 3787 1445 3842 aliorum
1507 3787 1802 3856 ludorum,
1854 3790 1955 3843 sed

312 3877 525 3915 nomen
562 3859 755 3931 ipsum
781 3864 1009 3915 tantum
1033 3860 1532 3931 communicatum
1556 3866 1646 3914 est
1725 3860 1955 3929 amphi-

311 3932 539 3987 theatro
566 3930 866 4003 ;'pessime
895 3936 1324 4003 verorBarraaus
1355 3930 1604 4002 explicat
1636 3947 1648 3984 :
1674 4002 1685 4003 ί
1708 3932 1955 4003 Quadri-

311 4004 506 4087 garios
537 4001 949 4087 etiarenarios,
994 4001 1128 4087 illos
1179 4002 1294 4087 qui.
1336 4001 1953 4087 currusreﬁciebant,

312 4072 479 4141 istos,
512 4075 613 4143 qui
648 4091 883 4129 arenam
914 4074 1251 4130 deferebant
1280 4074 1339 4128 in
1374 4072 1899 4145 amphitheatrum.
1928 4095 1951 4125 ι

312 4149 433 4273 Eon
495 4151 586 4201 est
636 4146 766 4206 ita:
816 4147 1053 4217 aurigas
1118 4151 1176 4202 et
1232 4146 1585 4219 gladiatores
1661 4145 1954 4217 intelligit.

360 4238 445 4273 AC.

360 4238 445 4273 AC.

380 4292 489 4359 (90)
522 4288 726 4355 Quibus
755 4288 865 4342 viri
887 4288 1139 4361 animas,
1166 4288 1418 4361 feminae.
1478 4290 1573 4361 aut
1595 4289 1787 4361 etiam
1845 4288 1954 4354 illi,

312 4358 553 4431 corporis
582 4376 680 4413 sua
702 4358 1443 4431 substernuntGladiatores
1458 4358 1766 4427 significat,
1799 4376 1958 4414 ama-

314 4430 407 4486 tos
433 4434 504 4486 ad
542 4430 828 4484 insaniam
864 4447 1053 4502 usque
1082 4436 1139 4485 et
1169 4433 1307 4486 viris
1367 4437 1423 4487 et
1479 4431 1752 4497 feminis;
1796 4432 1956 4498 viris,

311 4504 483 4559 etiam
518 4519 587 4556 ex
620 4502 903 4556 nobilium
937 4504 1163 4569 ordine,
1198 4506 1255 4557 in
1283 4520 1517 4558 arenam
1553 4504 1957 4557 descendenti-

312 4576 457 4639 bus;
493 4574 730 4629 feminis
762 4591 993 4644 qucque
1048 4575 1452 4640 nobilissimis,
1514 4575 1660 4644 imor
1689 4579 1747 4627 et
1794 4575 1956 4641 viris,

309 4646 653 4718 pudicitiam
681 4662 848 4700 suam
879 4643 1151 4718 vilissimi
1176 4645 1424 4716 alicujus
1453 4643 1824 4718 mirmillonis
1855 4651 1960 4699 aut

317 4716 578 4774 retinarii
604 4734 801 4771 amore
834 4716 1747 4787 proﬂigantibus.Cujusinsania:
1771 4732 1959 4771 exem-

311 4792 403 4862 pla
436 4790 702 4855 suggerit
733 4795 893 4843 sexta
923 4788 1455 4862 Juvenalissatira.
1492 4788 1619 4862 Rm.

379 4863 494 4930 (91)
527 4862 591 4914 Et
621 4862 819 4929 capitis
846 4863 1179 4915 minutione.
1216 4860 1344 4913 Haec
1378 4858 1608 4930 phrasis
1657 4863 1745 4930 est
1792 4858 1955 4927 jure-

308 4928 712 4988 consultorum
748 4932 899 5001 apud
938 4932 1090 5001 quod
1123 4938 1212 4986 est
1242 4931 1308 4986 D.
1353 4928 1453 4985 lib.
1516 4947 1592 4997 ιν,
1645 4928 1731 4983 tit.
1777 4930 1832 4995 5,
1887 4930 1956 4984 de

308 5007 495 5075 capite
514 5003 847 5057 diminutis.
885 5006 1029 5056 ΡΑΜ.

375 5070 487 5147 (92)
537 5077 627 5130 Tot
673 5076 961 5147 furiarum
1017 5074 1270 5147 minister
1326 5078 1404 5147 tot
1454 5076 1721 5147 statuam.
1787 5070 1958 5125 Notat

308 5144 530 5202 furiosa
558 5150 819 5200 veterum
854 5146 1007 5200 circa
1029 5144 1263 5216 aurigas
1296 5146 1415 5199 sive
1469 5146 1788 5215 agitatores
1829 5147 1953 5197 stu-

305 5218 417 5285 dia,
454 5220 512 5272 in
547 5234 676 5288 quas
709 5233 1117 5287 saepenumero
1141 5216 1449 5288 contrariis
1480 5216 1631 5271 votis
1689 5218 1953 5288 spectan-

306 5284 447 5343 tium
485 5284 711 5343 mentes
742 5284 1200 5353 scindebantur;
1234 5287 1363 5343 aliis
1381 5288 1630 5357 prasina:
1694 5284 1952 5351 factioni,

303 5360 432 5418 aliis
465 5367 681 5416 veneta:
715 5360 1077 5414 faventibus:
1109 5360 1264 5413 unde
1286 5356 1619 5414 animorum
1653 5356 1794 5411 varii
1832 5373 1953 5410 mo-

304 5437 416 5498 tus,
451 5437 509 5487 et
540 5432 681 5486 varii
730 5437 940 5499 status,
984 5448 1085 5500 pro
1128 5431 1287 5487 varia
1339 5431 1563 5486 scilicet
1618 5426 1953 5500 agitatione,

304 5503 640 5559 ministrati.
681 5505 881 5573 Itaque
905 5499 1199 5573 vulgatam
1234 5502 1305 5556 ab
1332 5503 1610 5557 Rhenano
1641 5499 1697 5556 et
1754 5499 1954 5554 Pame-

303 5574 378 5631 lio
410 5577 721 5631 lectionem
759 5576 1097 5641 retinemus,
1134 5574 1275 5628 nihil
1310 5575 1465 5628 enim
1501 5574 1593 5629 hic
1616 5574 1788 5644 juvat
1822 5587 1954 5626 mu-

305 5647 404 5702 tila
438 5647 660 5702 codicis
688 5646 1045 5718 Agobardini
1096 5647 1407 5718 scriplura,
1458 5668 1485 5695 «
1510 5643 1628 5701 Tot
1668 5643 1953 5718 furiarum

311 5720 690 5787 minister,tot
707 5713 901 5774 status
923 5722 986 5772 ut
1008 5718 1155 5774 leno.
1182 5713 1619 5774 {Cassiodorus
1639 5732 1650 5771 :
1670 5738 1703 5787 γι(
1723 5713 1957 5771 Transit

312 5786 626 5861 prasinus:
693 5806 829 5863 pars
882 5790 1081 5863 populi
1139 5793 1379 5862 moeret;
1434 5786 1710 5862 pracedit
1781 5802 1952 5845 vene-

2065 3714 2331 3772 ﬂcientes
2365 3719 2649 3772 ferventer
2681 3716 2966 3772 insultant
3000 3734 3012 3783 ;
3040 3714 3186 3770 nihil
3237 3714 3523 3786 patientes
3579 3730 3708 3786 gra-

2064 3790 2210 3844 viter
2238 3790 2651 3844 vulnerantur:
2687 3794 2743 3844 et
2790 3789 2861 3843 ad
2924 3789 3124 3842 inanes
3175 3784 3708 3842 contentiones’sic

2065 3861 2462 3926 descenditur,
2494 3866 2775 3931 tanquam
2809 3863 2877 3915 de
2899 3864 3054 3916 statu
3090 3857 3474 3931 periclitantis
3508 3857 3711 3928 patria

2066 3931 2384 3987 laboretur.
2411 3954 2438 3981 ››
2470 3931 2596 3986 Rie.

2137 4003 2242 4085 (93)
2278 4005 2392 4076 Qui
2442 4002 2800 4085 muliebribus
2838 3999 3347 4085 ναξ-ις’(διιυςκη111)ιείΔ
3368 4014 3617 4085 quoque
3652 3999 3709 4052 Β.

2064 4072 2391 4157 Cyprianus
2421 4073 2874 4157 (inagitatmepi‘st.
2906 4073 3091 4157 6l,‘a.d
3113 4072 3489 4157 E‘uchralimn.
3526 4073 3713 4157 atque

2066 4140 2195 4201 can.
2228 4147 2298 4199 62
2328 4140 2559 4200 concilii
2585 4146 2644 4199 in
2670 4140 2867 4199 Trullo
2903 4145 3263 4216 prohibetur,
3297 4159 3368 4216 ne
3415 4142 3501 4195 vir
3548 4140 3711 4194 femi-

2068 4217 2191 4273 neis
2223 4216 2504 4283 vestibus,
2538 4221 2714 4288 atque
2743 4214 2919 4272 etiam
2945 4233 3013 4270 ne
3046 4215 3263 4270 femina
3316 4214 3581 4288 virorum
3621 4228 3709 4266 ve-

2067 4289 2257 4345 stibus
2314 4293 2531 4356 utatur,
2586 4283 2688 4343 aut
2743 4289 2994 4343 comicas
3044 4302 3347 4358 personas,
3421 4283 3708 4350 satiricus,

2068 4366 2175 4433 aut
2199 4361 2453 4433 tragicas
2476 4360 2789 4431 quisquam
2816 4360 3041 4433 induat.
3077 4358 3150 4413 Ls
3185 4358 3277 4413 Pa.

2139 4432 2250 4500 (94)
2284 4425 2389 4501 (lui
2408 4425 2580 4487 etiam
2605 4425 2934 4486 mulieribus
2962 4435 3209 4484 curatur.
3234 4500 3237 4501 ν
3267 4428 3371 4501 Qui
3429 4425 3707 4501 nimirum

2067 4508 2124 4558 et
2147 4497 2375 4559 vocc'et
2415 4509 2580 4574 gestu
2639 4509 2694 4558 et
2725 4504 2954 4556 incessu
2988 4500 3429 4574 accuratissime
3486 4497 3709 4574 effemi-

2068 4581 2263 4637 natur,
2298 4582 2360 4629 ut
2384 4571 2670 4629 saltandis
2705 4575 3053 4628 leminarum
3088 4571 3303 4627 fabulis
3335 4588 3437 4642 pro
3495 4571 3713 4624 femina

2067 4647 2267 4701 haberi
2304 4647 2503 4717 possit.
2538 4646 2661 4699 Πιο.

2140 4719 2246 4787 (95)
2278 4713 2356 4774 Ne
2394 4734 2590 4787 parum
2647 4718 2741 4787 sit,
2778 4714 3073 4787 homicida,
3122 4714 3218 4785 qui
3273 4713 3522 4787 eumdem
3568 4720 3708 4787 post-

2065 4781 2286 4843 modum
2306 4781 2550 4859 jugulat.
2584 4786 3017 4859 Gladiatoribus
3069 4781 3405 4859 commissis
3465 4781 3715 4859 populus

2066 4854 2493 4930 nonnunquam
2550 4858 2899 4930 deposcebat
2934 4857 3185 4911 leonem.
3241 4854 3477 4910 Emisso
3526 4854 3711 4920 leone,

2067 4929 2355 5003 gladiator
2390 4929 2642 5002 periculo
2663 4929 2982 5003 proximus,
3018 4945 3383 5003 quacunque
3440 4931 3711 5003 arte___po-

2066 4996 2237 5072 terat,
2262 4996 2463 5058 subtili
2497 4996 2727 5057 recessu
2762 5006 2862 5055 aut
2881 4996 3303 5063 declinatione,
3354 4996 3711 5072 commilito-

2068 5091 2198 5129 nem
2226 5070 2585 5146 apponebat.
2624 5073 2968 5146 Plerumque
3003 5077 3199 5126 autem
3261 5070 3579 5146 accidebat,
3640 5072 3712 5146 ut

2066 5140 2359 5201 secundus
2391 5147 2500 5201 iste
2543 5145 2850 5215 gladiator,
2874 5140 3029 5215 'post
3060 5160 3179 5198 rem
3243 5141 3576 5215 cum‘leone
3635 5140 3713 5215 fe-

2063 5216 2251 5272 liciter
2282 5212 2811 5288 gestamfrepetita
2838 5212 3283 5288 commissione
3340 5212 3712 5288 gladiatoria,

2064 5305 2195 5343 cum
2232 5286 2420 5359 primo
2454 5288 2561 5359 illo
2582 5286 2962 5359 cOmpositus,
3002 5286 3397 5356 jugularetur.
3447 5286 3561 5341 Hac
3622 5302 3711 5338 ra-

2063 5357 2245 5432 tione,
2278 5361 2500 5432 primus
2532 5358 2627 5413 ille
2657 5357 3018 5432 Tertulliano
3054 5358 3270 5432 dicitur
3330 5374 3445 5413 non
3505 5372 3711 5432 parum

2064 5428 2379 5499 homicida,
2415 5432 2523 5487 hoc
2546 5440 2651 5499 csl,
2696 5430 2905 5486 iterum
2942 5430 3274 5485 homicida:
3329 5428 3534 5500 nempe
3583 5428 3710 5496 jam

2065 5504 2407 5573 semel,cum
2441 5504 2737 5558 hominem
2762 5501 2909 5557 leoni
2933 5520 3047 5573 pra:
3072 5519 3133 5557 se
3159 5503 3468 5573 opposuit;
3496 5500 3705 5573 iterum

2064 5592 2219 5643 vero,
2253 5571 2387 5630 eum
2421 5575 2689 5630 eumdem
2726 5571 2948 5645 ipsum,
2991 5576 3161 5642 cujus
3199 5571 3281 5628 ise
3336 5585 3575 5639 corpore
3636 5571 3708 5619 te-

2064 5653 2246 5719 xerat,
2284 5647 2657 5719 postmodum
2680 5644 2994 5717 jugulavit.
3044 5645 3297 5719 Denique
3338 5658 3450 5719 non
3478 5653 3707 5719 parum

2064 5707 2361 5776 homicida
2392 5723 2500 5787 est,
2534 5718 2632 5791 qui
2657 5707 3010 5773 servatorem
3046 5707 3222 5773 suum
3262 5707 3517 5783 jugulat.
3578 5707 3703 5763 Βία.
