4106 6178
316 372 438 432 ’733

1695 370 1796 432 DE
1841 369 2128 432 SPEC’I‘A
2139 369 2384 432 CULIS.

3614 372 3733 430 734

312 506 574 561 monium
614 506 876 569 reddere,
920 504 996 567 εἷς
1042 504 1241 567 αἰῶνας
1290 507 1379 561 ἀπ’
1426 506 1594 568 animo;
1648 509 1695 542 ⁸²
1752 507 1828 579 (ὦ)
1863 504 1963 560 alii

2083 509 2137 560 et
2166 509 2334 576 grata
2354 509 2409 560 et
2440 505 2753 577 simplicia,
2777 505 2953 562 etiam
2977 505 3222 560 honesta
3243 504 3528 576 quaadam.
3550 503 3733 560 Nemo

308 596 545 652 omnino
577 596 771 652 dicere
804 596 919 652 nisi
958 601 1069 651 Deo
1098 597 1328 652 Christo
1351 596 1378 651 ?

914 741 1370 834 CAPUT‘XXVI.

382 865 493 920 Cur
535 881 672 937 ergo
707 882 821 921 non
867 865 1161 935 ejusmodi
1211 866 1388 921 etiam
1441 865 1747 921 daemoniis
1789 881 1965 937 pene-

312 955 552 1010 trabiles
582 955 768 1009 fiant?
796 955 943 1009 Nam
997 959 1055 1010 et
1096 955 1431 1027 exemplum
1466 954 1699 1023 accidit,
1723 954 1968 1010 Domino

310 1049 455 1100 teste
487 1046 617 1115 ejus
651 1043 915 1098 mulieris
946 1044 1022 1115 (5)
1057 1061 1181 1115 quae
1215 1044 1512 1100 theatrum
1549 1044 1716 1113 adiit,
1746 1049 1804 1099 et
1832 1043 1967 1098 inde

311 1149 439 1189 cum
507 1132 794 1187 daemonio
856 1131 1043 1186 rediit.
1107 1134 1307 1204 Itaque
1356 1134 1416 1188 in
1463 1133 1788 1188 exorcismo
1834 1149 1966 1187 cum

309 1226 655 1277 Oneraretur
705 1220 1055 1275 immundus
1107 1221 1374 1292 spiritus,
1407 1222 1560 1293 quod
1611 1238 1789 1276 ausus
1819 1225 1971 1276 esset

307 1309 542 1364 fidelem
577 1309 815 1381 aggredi
850 1325 862 1362 :
912 1313 1253 1365 constanter
1282 1315 1340 1365 et
1365 1309 1697 1379 justissima
1730 1309 1968 1380 quidem

307 1399 524 1470 inquit)
557 1399 688 1463 feci,
724 1399 781 1452 in
808 1415 935 1453 meo
966 1415 1094 1453 eam
1119 1398 1335 1453 inveni.
1364 1399 1608 1455 Constat
1639 1403 1695 1453 et
1725 1398 1824 1453 alii
1855 1397 1967 1452 lin-

306 1492 467 1544 teum
503 1488 564 1543 in
597 1488 825 1544 somnis
856 1493 1161 1543 ostensum
1184 1488 1313 1557 eius
1335 1489 1450 1543 diei
1486 1492 1676 1556 nocte,
1702 1504 1818 1559 qua
1849 1492 1967 1543 tra-

304 1577 843 1650 goedumaudicrat,
872 1593 1006 1632 cum
1039 1578 1485 1649 exprobratione
1512 1576 1813 1632 nominato
1846 1582 1967 1632 tra-

308 1665 499 1737 gmdo,
558 1681 662 1720 nec
722 1664 879 1720 ultra
930 1664 1206 1736 quintum
1267 1664 1421 1719 diem
1476 1680 1606 1719 eam
1660 1662 1964 1719 mulierem

312 1755 369 1809 in
398 1755 614 1811 szsculo
645 1754 846 1810 fuisse.
884 1756 1034 1820 Quot
1085 1753 1291 1825 utique
1351 1757 1410 1809 et
1467 1753 1582 1808 alia
1613 1754 1968 1808 documenta

2078 610 2369 649 venenum
2424 600 2711 666 temperat
2759 595 2893 651 felle
2937 599 2995 651 et
3023 594 3303 663 elleboro,
3348 594 3450 649 sed
3483 594 3736 649 conditis

2078 683 2405 754 pulmentis
2437 688 2492 739 et
2542 684 2689 739 bene
2738 683 3045 755 saporatis,
3097 688 3153 738 et
3212 682 3511 754 plurimun
3545 682 3731 738 dulci-

2078 772 2191 827 bus
2218 771 2274 825 id
2333 771 2472 826 mali
2526 771 2750 842 injicit:
2808 774 2886 827 ita
2916 776 2973 827 et
3012 770 3281 826 diabolus
3329 770 3545 826 lethale
3576 772 3731 842 quod

2079 859 2331 927 coniicit,
2367 861 2544 916 rebus
2568 861 2666 915 Dei
2698 860 3053 932 gratissimis
3077 864 3133 914 et
3162 859 3590 931 acceptissimis
3620 860 3730 915 im-

2077 950 2225 1006 buit.
2260 950 2468 1006 Omnia
2493 950 2609 1005 illic
2634 968 2734 1005 seu
2771 952 2964 1018 fortia,
3000 967 3099 1005 seu
3127 949 3392 1015 honesta,
3428 966 3529 1004 seu
3562 966 3732 1004 sono-

2078 1059 2166 1107 ra,
2198 1059 2298 1097 seu
2332 1059 2569 1111 canora,
2622 1058 2722 1097 seu
2786 1041 3045 1107 subtilia,
3107 1041 3351 1112 proinde
3381 1039 3533 1095 habe
3564 1055 3630 1093 ac
3683 1039 3733 1093 si

2079 1130 2379 1187 stillicidia
2397 1132 2547 1188 659
2576 1131 2765 1187 mellis
2785 1131 2855 1184 de
2880 1129 3203 1184 ranunculo
3226 1130 3268 1163 ⁸⁵
3298 1132 3579 1183 venenato
3611 1127 3683 1198 (6)
3717 1143 3729 1180 :

2082 1237 2185 1276 nec
2219 1220 2366 1276 tanti
2398 1219 2595 1291 gulam
2647 1219 2827 1274 facias
2877 1218 3218 1289 voluptatis,
3271 1214 3475 1289 quanti
3508 1214 3733 1288 pericu-

2081 1308 2204 1365 lum
2241 1327 2342 1381 per
2370 1309 2739 1366 suavitatem.

2654 1453 2880 1508 CAPUT
2910 1452 3155 1508 XXVIII.

2149 1578 2505 1650 Saginentur
2556 1575 2847 1646 ejusmodi
2903 1574 3173 1629 dulcibus
3216 1573 3466 1629 convivaa
3497 1572 3612 1639 sui,
3672 1577 3731 1629 et

2078 1665 2205 1722 loca
2237 1671 2293 1721 et
2322 1671 2588 1737 tempora
2637 1669 2694 1720 et
2752 1663 3025 1719 invitator
3062 1663 3324 1734 ipsorum
3356 1666 3465 1719 est.
3498 1663 3722 1718 Nostra)

2078 1773 2274 1823 comae,
2313 1760 2522 1811 nostra:
2552 1755 2767 1827 nuptiae
2794 1754 3051 1809 nondum
3079 1757 3236 1822 sunt,
3273 1769 3386 1808 non
3410 1769 3727 1825 possumus

313 1848 618 1899 cesserunt
643 1844 715 1898 de
747 1843 837 1898 hi8
868 1842 967 1914 qui
1000 1858 1132 1897 cum
1167 1842 1399 1897 diabOIO
1442 1843 1595 1912 apud
1631 1842 1968 1913 ερθοῑειουια
1998 1874 2047 1940 Β
2077 1866 2211 1906 cum
2245 1847 2362 1903 illis
2393 1848 2787 1912 discumbere,
2821 1845 2959 1917 quia
2985 1861 3087 1899 nec
3115 1843 3197 1898 illi
3222 1843 3551 1899 nobiscum.
3579 1843 3726 1898 Vici-

312 1932 804 1989 communicando
844 1949 877 1987 θ.
907 1932 1155 1986 Ι)οωίηο
1216 1931 1581 1987 exciderunt.
1607 1934 1777 1987 Nemo
1822 1932 1970 1986 enim
1998 1931 2043 1940 ”
2079 1940 2187 1994 bus
2226 1937 2516 2008 disposita
2539 1953 2629 1992 res
2660 1942 2766 1991 est.
2801 1934 2964 1989 Nunc
2998 1933 3081 1987 illi
3116 1933 3403 2002 laetantur,
3437 1949 3545 1988 nos
3584 1949 3721 1988 con-

310 2025 486 2091 potest
518 2021 732 2077 duobus
790 2020 942 2077 658
981 2019 1224 2075 dominis
1278 2021 1488 2075 servire
1525 2020 1754 2092 (Matth.
1787 2038 1880 2087 v1;
1917 2022 1967 2076 II

308 2109 431 2166 Cor.
463 2127 543 2164 v11
575 2134 589 2176 ;
623 2110 797 2165 Eccli.
856 2109 1078 2179 χχχιιι).
1114 2108 1261 2172 Quid
1307 2107 1423 2163 luci
1467 2124 1600 2164 cum
1651 2109 1910 2165 tenebris
1938 2109 1967 2164 ‘I

310 2200 452 2272 quid
481 2199 609 2254 vita:
640 2203 698 2255 et
721 2199 943 2254 morti?

952 2341 1185 2396 CAPUT
1216 2340 1427 2396 XXVII.

382 2466 593 2521 Odisse
623 2465 906 2520 debemus
948 2464 1059 2521 sito
1101 2468 1423 2520 conventus
1468 2469 1524 2521 et
1548 2469 1733 2520 coetus
1773 2465 1964 2521 ethni-

315 2573 540 2623 corum,
582 2554 669 2610 vel
717 2555 873 2625 quod
917 2552 1037 2609 illic
1082 2570 1294 2609 nomen
1348 2554 1449 2609 Dei
1497 2552 1962 2625 blasphematur,

316 2645 436 2700 illic
470 2643 799 2715 quotidiani
832 2643 889 2698 in
924 2660 1031 2699 nos
1074 2643 1271 2699 leones
1322 2643 1789 2714 expostulantur,
1831 2644 1966 2699 inde

318 2733 756 2805 persecutiones
795 2733 1211 2798 decernuntur,
1242 2731 1379 2786 inde
1413 2732 1761 2787 tentationes
1794 2733 1963 2787 emit-

318 2826 549 2876 tuntur.
580 2820 727 2884 Quid
762 2821 937 2875 facies
977 2820 1035 2874 in
1069 2819 1168 2875 illo
1200 2819 1613 2891 suffragiorum
1645 2820 1963 2892 impiorum

316 2910 593 2966 mstuario
624 2909 1041 2978 deprehensus,
1075 2926 1191 2965 non
1243 2909 1411 2980 quasi
1443 2910 1661 2979 aliquid
1694 2908 1815 2963 illic
1845 2910 1965 2980 pati

315 2999 507 3071 possis
540 2999 613 3053 ab
647 2997 1008 3066 hominibus,
1041 3015 1214 3054 nemo
1256 3004 1313 3054 te
1352 2997 1653 3069 cognoscit
1700 2997 1963 3053 christia-

312 3105 481 3156 num,
514 3087 614 3141 sed
649 3088 905 3158 recogita
936 3086 1077 3159 quid
1110 3088 1181 3142 de
1212 3091 1267 3142 te
1299 3087 1401 3142 fiat
1430 3087 1491 3141 in
1524 3085 1688 3142 cmlo.
1716 3086 1963 3143 Dubitas

312 3177 471 3233 enim
525 3175 627 3231 illo
676 3180 976 3245 nomento,
1028 3192 1141 3247 quo
1172 3175 1229 3231 in
1283 3174 1499 3230 diaboli
1544 3174 1799 3231 Ecclesia
1844 3176 1961 3232 fue-

2077 2026 2374 2081 ﬂictamur
2421 2027 2602 2094 (Joan.
2650 2024 2800 2097 xw):
2852 2022 3120 2078 Scaaulum
3150 2020 3385 2094 (inquit)
3439 2020 3726 2090 gaudebit,

2073 2132 2164 2172 vos
2193 2118 2351 2171 trite:
2378 2116 2551 2171 eritis.
2588 2119 2916 2185 Lugeamus
2962 2127 3095 2184 ergo
3145 2112 3285 2166 dum
3338 2109 3556 2166 ethnici
3583 2125 3724 2183 gau-

2076 2206 2234 2272 dent,
2270 2210 2333 2259 ut
2362 2220 2547 2275 quum
2605 2203 2807 2274 lugere
2877 2200 3178 2272 cmperint,
3232 2199 3619 2271 gaudeamus,
3652 2216 3725 2254 ne

2074 2294 2293 2365 pariter
2314 2309 2468 2347 nunc
2489 2291 2829 2363 gaudentes,
2861 2295 3001 2345 tunc
3020 2305 3252 2361 quoque
3270 2288 3489 2359 pariter
3518 2286 3720 2359 lugea-

2076 2397 2228 2437 mus.
2262 2380 2551 2436 Delicatus
2580 2397 2663 2443 es,
2719 2377 3065 2444 Christiane,
3099 2377 3149 2433 si
3193 2382 3250 2432 et
3279 2378 3339 2431 in
3391 2375 3600 2431 saaculo
3623 2392 3719 2431 vo-

2073 2470 2359 2542 luptatem
2392 2468 2777 2540 concupiscis,
2817 2467 2934 2522 imo
2984 2466 3234 2521 nimium
3268 2464 3505 2535 stultus,
3541 2465 3586 2519 si
3612 2464 3723 2519 hoc

2075 2559 2376 2615 existimas
2429 2558 2806 2629 voluptatem.
2868 2554 3209 2625 Philosophi
3268 2553 3510 2625 quidam
3569 2553 3722 2625 8'(‘7)

2074 2648 2184 2704 hoc
2216 2664 2424 2703 nomen
2467 2648 2646 2718 quieti
2678 2651 2735 2701 et
2775 2643 3189 2716 tranquillitati
3220 2643 3527 2709 dederunt,
3563 2641 3621 2696 in
3654 2658 3722 2698 ea

2074 2738 2353 2811 gaudent,
2388 2737 2446 2791 in
2478 2754 2546 2791 ea
2593 2739 2929 2801 avocantur,
2966 2734 3023 2788 in
3064 2749 3131 2788 ea
3162 2732 3337 2787 etiam
3370 2731 3717 2804 gloriantur.

2074 2829 2161 2882 Tu
2195 2825 2337 2881 mihi
2370 2830 2556 2880 metas
2586 2827 2665 2896 (8)
2697 2830 2754 2880 et
2782 2840 2988 2879 scenas
3019 2826 3076 2877 et
3099 2821 3393 2893 pulverem
3420 2825 3477 2876 et
3508 2837 3715 2876 arenas

2073 2916 2359 2986 suspiras.
2397 2914 2561 2968 Dicas
2618 2912 2791 2967 velim
2819 2930 2831 2980 ;
2865 2928 2981 2967 non
3033 2926 3350 2982 possumus
3374 2909 3560 2964 vivere
3593 2907 3719 2963 sine

2070 3002 2390 3074 voluptate,
2416 3003 2513 3074 qui
2536 3002 2679 3056 mori
2700 3017 2834 3056 cum
2851 2999 3147 3071 voluptate
3169 2997 3512 3054 debebimus
3532 2997 3717 3053 ?Nam

2073 3094 2227 3164 quod
2248 3096 2337 3147 est
2358 3091 2515 3147 aliud
2539 3094 2736 3146 votum
2758 3094 3050 3158 nostrum,
3074 3104 3250 3160 quam
3275 3087 3431 3158 quod
3451 3092 3507 3143 et
3528 3091 3713 3157 Apos-

2071 3182 2195 3253 toli,
2228 3183 2384 3239 exire
2428 3183 2500 3237 de
2552 3180 2784 3245 saeculo,
2843 3187 2900 3233 et
2960 3178 3136 3250 recipi
3189 3178 3341 3250 apud
3402 3176 3713 3233 Dominum

310 3267 392 3322 ris
422 3266 487 3332 ⁸³,
522 3280 728 3319 omnes
777 3242 1014 3337 angelos
1045 3242 1385 3337 prospicere
1415 3266 1485 3320 de
1537 3264 1699 3331 cmlo,
1731 3269 1788 3320 et
1834 3265 1959 3322 sin-
1991 3242 2033 3311 C
2071 3242 2335 3346 (Philipp.
2371 3274 2413 3343 ι)
2448 3271 2599 3327 PHic
2630 3242 2917 3342 voluptas,
2950 3269 3049 3325 ubi
3080 3242 3136 3325 et
3172 3242 3393 3324 votum.

311 3355 487 3427 gulos
539 3355 840 3418 denotare,
891 3354 1025 3425 quis
1082 3354 1507 3425 blasphemiam
1564 3354 1794 3423 dixerit,
1830 3354 1962 3427 quis

316 3443 593 3511 audierit,
621 3443 757 3515 quis
786 3442 1040 3516 lingum,
1064 3443 1196 3515 quis
1227 3459 1399 3499 aures
1420 3442 1651 3499 diabolo
1681 3445 1962 3501 adversus

315 3533 501 3588 Deum
549 3530 1101 3587 administraverit?
1132 3533 1305 3603 (Psal.
1339 3532 1401 3603 ι).
1434 3533 1559 3588 Non
1608 3549 1744 3605 ergo
1775 3534 1964 3606 fugies

319 3621 525 3677 sedilia
557 3620 815 3677 hostium
847 3621 1087 3689 Christi,
1123 3620 1284 3676 illam
1317 3621 1654 3677 cathedram
1689 3623 1964 3694 pestilen-

317 3711 533 3764 tiarum
568 3709 635 3774 ⁸⁸,
669 3709 985 3779 ipsumque
1021 3726 1235 3776 aerem,
1287 3709 1386 3779 qui
1421 3709 1673 3780 desuper
1703 3710 1962 3765 incubat.

317 3797 583 3853 scelestis
613 3798 856 3853 vocibus
904 3802 1351 3869 constupratum
1383 3798 1411 3852 ?
1442 3798 1572 3853 Sint
1602 3798 1799 3853 dulcia
1828 3798 1968 3855 licet

2671 3412 2907 3470 CAPUT
2937 3411 3126 3468 XXIX.

2142 3541 2271 3597 Jam
2305 3558 2460 3596 nunc
2491 3540 2537 3596 si
2564 3544 2736 3611 putas
2764 3541 2807 3575 ⁸⁷
2836 3536 3278 3596 delectamentis
3309 3535 3536 3606 exigere
3580 3551 3705 3604 spa-

2074 3621 2221 3676 tium
2256 3621 2384 3687 hoc,
2444 3638 2548 3677 cur
2594 3626 2714 3675 tam
2745 3620 3013 3692 ingratus
3071 3636 3153 3682 es.
3206 3622 3271 3672 ut
3328 3620 3409 3671 tot
3459 3620 3517 3671 et
3566 3614 3713 3669 tales

2074 3712 2407 3782 voluptates
2429 3730 2461 3765 a
2490 3711 2602 3766 Deo
2634 3712 2995 3765 contributas
3016 3709 3120 3763 tibi
3155 3707 3300 3763 satis
3326 3723 3439 3760 non
3475 3704 3714 3770 habeas,

2079 3817 2269 3873 neque
2314 3798 2745 3870 recognoscas?
2773 3800 2920 3863 Quid
2953 3797 3107 3853 enim
3150 3796 3498 3869 jucundius,
3541 3808 3715 3864 quam

1736 3915 1939 3976 Variae
1965 3916 2283 3978 lectiones.

379 4020 424 4054 ⁸³
456 4020 577 4074 Ἀπ’
613 4018 810 4080 αἰῶνος
844 4022 1003 4075 abest
1035 4021 1150 4091 Εἰς).

1229 4021 1275 4054 ⁸³
1300 4023 1421 4087 Quo
1454 4021 1722 4077 diabolus
1753 4022 1812 4076 in
1835 4021 2155 4080 Ecclesiam
2194 4024 2330 4079 furit
2363 4023 2492 4079 Cod.
2530 4025 2711 4079 Wouv.
2744 4023 2867 4091 Rig.

2944 4022 2990 4056 ⁸⁸
3022 4016 3509 4075 Pestilentiariam
3542 4018 3715 4069 Fran.

314 4091 774 4147 "Libacunculo
829 4094 997 4148 Fran.
1029 4093 1344 4149 lucunculo
1371 4094 1500 4150 Jun.
1577 4094 1622 4128 ⁸⁸
1653 4094 1899 4159 Quidam
1935 4097 2101 4151 Fran.
2178 4096 2221 4130 ⁸⁷
2249 4095 2413 4151 Nunc
2446 4099 2583 4167 puta
2615 4096 2737 4163 Rig.

1758 4213 1905 4273 Com
1917 4213 2280 4274 mentarius.

383 4317 604 4391 (4)1312
666 4318 1392 4391 ΑΙΩΝᾼΣΛΗῘΑΙΩΝῼΝ.
1430 4319 1486 4372 In
1548 4318 1744 4391 codice
1805 4324 1958 4391 Ago-

313 4387 505 4461 bardi,
538 4394 773 4443 tantum
835 4388 1066 4461 legitur,
1102 4390 1214 4444 ΕΙΣ
1248 4389 1363 4445 AH’
1396 4390 1669 4445 ΑΙΩΝΟΣ.
1699 4392 1814 4447 Alii
1842 4387 1955 4446 6m-

313 4462 442 4514 nino
472 4460 673 4525 dicere,
709 4461 823 4515 nisi
855 4466 965 4516 Deo
994 4471 1045 4516 et
1077 4461 1313 4518 Christo.
1358 4461 1529 4517 Nolat
1559 4463 1956 4517 Tertullianus

314 4532 461 4600 quod
527 4531 917 4586 acclamatum
982 4532 1160 4587 fuisse
1214 4533 1521 4588 Commodo
1574 4539 1771 4589 narrat
1833 4535 1955 4601 Dio,

314 4603 523 4656 ΝΙΚΑΣ
587 4604 918 4657 ΝΙΚΗΣΕΙΣ
974 4604 1083 4659 All’
1119 4605 1393 4659 ΔΙΩΝΟΣ.
1457 4605 1580 4659 Lib.
1624 4623 1793 4661 Lxxu.
1828 4610 1953 4661 Rm.

374 4675 450 4740 (5)
472 4676 601 4744 Ejus
623 4672 906 4729 mulieris.
933 4680 1107 4731 Exem
1121 4676 1279 4746 plum
1301 4676 1458 4730 istud
1480 4676 1889 4733 laudatissimu
1902 4696 1958 4733 m

313 4750 481 4815 atque
507 4748 798 4818 omnium
834 4747 1008 4802 vulho
1042 4748 1099 4802 in
1135 4766 1250 4803 ore.
1286 4748 1594 4818 Supicaree
1626 4749 1720 4804 hic
1753 4750 1956 4805 mulie-

312 4831 423 4890 rem
460 4816 621 4872 illam
652 4836 683 4874 a
718 4820 979 4873 diemone
998 4820 1322 4889 obsessam,
1356 4816 1509 4890 quod
1536 4821 1728 4876 forsan
1762 4822 1958 4876 incon-

312 4887 463 4963 sulto
515 4896 618 4963 ant
666 4890 957 4963 renitente
1014 4891 1223 4947 marito
1291 4887 1539 4963 adivcrit
1602 4892 1955 4963 spectacula.

309 4957 492 5034 Causa
523 4962 679 5016 enim
737 4962 851 5017 ista
881 4961 990 5017 erit
1033 4963 1287 5034 repudii,
1324 4968 1389 5018 ut
1421 4957 1763 5034 legitur'lib.
1798 4982 1854 5020 ν.
1892 4965 1953 5020 C.

316 5030 396 5083 tit.
443 5033 527 5094 17,
552 5034 617 5088 de
646 5034 916 5103 repudiis.
956 5034 1024 5088 LE
1056 5030 1157 5090 Pii.

379 5104 456 5173 (6)
495 5104 802 5160 Slilticiaia
830 5106 1009 5160 mellis
1045 5107 1109 5161 de
1137 5105 1447 5162 rammculo
1486 5116 1768 5163 venenato.
1804 5111 1877 5162 Ut
1908 5108 1957 5162 si

313 5174 438 5253 quis
472 5176 673 5253 favum
721 5174 914 5231 mellis
957 5194 1235 5253 unaAcum
1268 5196 1422 5233 ranas
1468 5178 1686 5234 rubetae.
1726 5178 1956 5253 pulmo-

315 5245 481 5325 nibus
518 5248 841 5325 exprimat:
888 5264 1032 5325 nam
1083 5249 1217 5305 inde
1246 5255 1493 5325 confusa
1530 5245 1750 5325 veneno
1784 5250 1959 5306 mella

313 5317 652 5391 stillabunt;
695 5318 866 5374 mella
897 5321 1156 5391 quidem,
1192 5322 1288 5377 sed
1325 5326 1627 5378 venenata.
1662 5324 1784 5377 Rm.

377 5419 443 5428 —-
470 5390 543 5445 De
576 5392 885 5447 ranunculo
920 5390 1207 5448 venenato.
1265 5394 1594 5458 Juvenalis,
1626 5395 1687 5448 in
1746 5394 1955 5465 prima,

993 5489 1119 5547 Quis
1151 5491 1306 5540 molle
1342 5492 1601 5542 Calenum

518 5550 837 5600 Porrectura
866 5550 980 5600 viro
1002 5554 1189 5603 miscet
1211 5555 1423 5605 sitiente
1457 5556 1702 5605 rubetam
1729 5567 1740 5607 ς

313 5636 359 5680 et
385 5636 435 5685 in
466 5651 535 5689 vn
566 5653 579 5687 :

519 5718 583 5766 At
606 5732 750 5769 nunc
772 5733 857 5769 res
880 5721 1056 5784 agitur
1077 5724 1227 5773 tenui
1249 5724 1504 5787 pulmone
1522 5725 1728 5776 rubetae
1753 5739 1765 5787 ς

325 5805 372 5851 et
395 5802 448 5853 in
475 5806 664 5858 tertia:

2481 4323 2749 4371 Ranarum
2791 4321 2991 4369 viscera
3042 4332 3317 4380 nunquam

2273 4385 2505 4447 Inspexi.
3194 4382 3305 4429 Rm.

2140 4508 2205 4515 —
2262 4476 2332 4530 De
2390 4470 2693 4529 ratiuncula
2750 4476 3029 4527 venenato.
3085 4476 3165 4525 Ita
3224 4468 3363 4540 legit
3419 4484 3485 4521 ex
3532 4467 3710 4540 veteri

2068 4548 2194 4602 cod.
2222 4546 2478 4602 Joannes
2512 4546 2803 4601 Wouwer.
2843 4549 3012 4598 Putat
3039 4541 3253 4597 Junius
3286 4538 3593 4610 legendum
3624 4538 3712 4592 lu-

1993 4644 2037 4707 D
2071 4618 2410 4707 cu‘nculum,
2453 4617 2741 4707 vox‘enim
2779 4617 2889 4671 ista
2919 4633 2951 4670 a
2977 4615 3187 4701 lucuns
3219 4612 3713 4707 derivareturf’s-

2070 4697 2275 4761 setquc
2306 4682 2658 4744 lucunculus
2691 4686 3104 4761 bnoxopinixcv
3130 4685 3368 4761 verbum
3399 4702 3412 4751 ;
3445 4682 3713 4761 et‘quod-

2069 4756 2206 4817 dam
2239 4762 2517 4817 saccarati
2546 4756 2884 4831 tragematis
2908 4766 2965 4814 et
2989 4758 3210 4814 bellarii
3236 4774 3422 4829 genus
3451 4783 3464 4823 ;
3498 4756 3567 4809 de
3594 4771 3709 4826 quo

2068 4835 2345 4888 Afranius
2379 4832 2596 4887 fratriis
2630 4850 2643 4887 :

2320 4930 2508 4980 Pistori
2541 4934 2725 4991 novat,
2758 4942 2852 4977 cur
2884 4927 3201 4977 scriblitario
3222 4928 3245 4973 ?

2317 4995 2381 5043 Ut
2410 4994 2583 5042 mittat
2604 4991 2749 5041 fratri
2788 4991 2892 5040 ﬁlio
2930 4991 3258 5040 locunculos.

2137 5086 2270 5149 Quae
2312 5083 2373 5137 in
2415 5083 2561 5137 hanc
2611 5097 2807 5137 vocem
2865 5079 3184 5135 annotavit.
3221 5079 3299 5133 La
3330 5078 3532 5144 Cerda,
3568 5075 3713 5131 levia

2069 5163 2229 5221 sunt,
2264 5155 2312 5210 si
2345 5171 2411 5210 ea
2451 5154 2671 5208 eximas
2721 5169 2847 5223 quis
2896 5151 3189 5207 habentur
3235 5151 3387 5223 apud
3416 5149 3712 5223 doctissi-

2070 5220 2228 5282 mum
2284 5226 2618 5282 Turnebum
2658 5220 2757 5279 lib'.
2798 5240 2937 5278 xvm
3000 5225 3135 5277 Adv.
3194 5239 3320 5294 cap.
3365 5222 3438 5294 20
3486 5220 3708 5294 Ls_P_r.

2139 5302 2211 5367 (7)
2246 5297 2560 5369 Philosophi
2611 5296 2852 5368 quidam.
2906 5291 3469 5369 Epicureros'tangit
3500 5292 3598 5369 qui
3652 5292 3708 5346 in

2066 5366 2362 5443 voluptate
2392 5366 2693 5444 summum
2728 5370 2945 5444 bonum
2980 5367 3359 5444 reperiebant.
3488 5366 3596 5444 fa.
3633 5435 3641 5444 _

2139 5435 2223 5513 (8)
2253 5444 2325 5496 Tu
2354 5441 2502 5495 mihi
2530 5440 2985 5513 motas._r_Septem
3022 5435 3217 5513 metis,
3265 5436 3454 5509 inquit
3483 5435 3711 5513 Cassio-

2067 5511 2248 5569 dorus
2278 5513 2503 5568 Variar.
2539 5511 2587 5567 le
2642 5517 2681 5565 t.
2718 5511 2818 5565 lib.
2854 5528 2937 5565 III.
2972 5528 3021 5565 c.
3079 5512 3169 5574 51,
3203 5526 3374 5565 omne
3414 5512 3708 5562 certamen

2066 5586 2385 5656 peragitur,
2406 5586 2462 5638 in
2497 5583 2941 5656 similitudinem
2968 5582 3354 5656 hebdomadis
3380 5578 3708 5656 reciprocas.

2068 5651 2388 5728 lpsaavvero
2429 5661 2593 5711 metu:
2628 5655 2953 5712 secundum
3004 5653 3562 5728 Zodiacosdecanos
3592 5651 3707 5728 ter-

2068 5716 2174 5784 nas
2232 5729 2517 5796 obtinent,
2579 5728 2971 5792 summitates,
3019 5741 3167 5795 quas
3227 5724 3296 5779 ad
3350 5721 3539 5776 instar
3566 5716 3705 5773 selis

2066 5800 2283 5859 celeres
2317 5800 2616 5873 quadrigae
2648 5802 3059 5872 pervagantur.
3094 5796 3237 5851 PAM.
