4106 6178
395 320 514 379 735

915 321 1444 385 TERTULLIANI
1488 323 1812 387 OPERUM
1853 325 2054 387 PARS
2098 325 2151 386 Ι.
2189 357 2268 369 --
2309 323 2584 386 SERIES
2628 325 2678 397 Ι,
2723 323 3290 385 APOLOGETICA.

3675 319 3793 379 736

400 452 504 507 Dei
536 452 715 524 patris
761 458 816 509 et
863 453 1085 510 domini
1121 455 1515 535 reconciliato.
1568 474 1744 529 quam
1778 457 2036 513 veritatis
2065 460 2121 525 Α
2152 457 2238 513 ria
2279 457 2714 529 resurgentium
2744 454 3116 512 sanctorum!
3151 453 3321 526 quale
3358 469 3602 524 regnum
3633 452 3797 508 exin-

403 541 695 611 revelatio,
749 560 924 614 quam
956 561 1219 600 errorum
1273 545 1608 618 recognitio,
1643 564 1818 619 quam
1848 552 2041 602 tanto-

403 646 531 685 rum
566 635 718 685 retro
763 631 1078 687 criminum
1118 634 1284 688 venia
1311 633 1338 688 ‘?
1369 636 1502 701 Quae
1537 636 1723 707 major
1749 635 2040 707 voluptas,

400 735 569 789 quam
588 718 887 775 fastidium
903 720 1091 793 ipsius
1106 722 1438 794 voluptatis.
1460 741 1636 795 quam
1652 725 1846 781 saeculi
1865 725 2042 780 totius

402 810 556 865 660
578 812 974 881 contemptus,
1018 827 1192 882 quam
1245 829 1375 868 vera
1396 812 1655 884 libertas,
1690 832 1861 885 quam
1914 831 2043 870 con-

402 898 647 954 scientia
667 897 914 969 integra,
941 916 1117 969 quam
1141 902 1258 956 vita
1286 903 1605 973 sulﬁciens,
1639 922 1813 975 quam
1839 905 2042 960 mortis

400 988 579 1042 timor
610 985 848 1054 nullus;
883 990 1037 1058 quod
1097 989 1286 1045 calcas
1328 992 1466 1047 deos
1518 993 1844 1061 nationum,
1891 994 2041 1063 quod

402 1077 691 1131 daemonia
731 1076 991 1148 expellis,
1026 1080 1180 1149 quod
1216 1080 1536 1137 medicinas
1570 1082 1731 1152 facis,
1767 1084 1920 1154 quod
1955 1099 2039 1137 re-

400 1164 718 1221 velationes
752 1168 922 1237 petis,
983 1168 1138 1238 quod
1198 1170 1312 1225 Deo
1345 1171 1489 1225 vivis
1512 1172 1538 1225 ?
1566 1171 1661 1226 Hae
1694 1172 2041 1244 voluptates,

403 1254 523 1310 haec
565 1255 897 1327 spectacula
951 1256 1422 1328 Christianorum,
1482 1266 1706 1328 sancta,
1742 1268 2041 1334 perpetua,

400 1342 683 1413 gratuita:
711 1344 767 1398 in
787 1342 879 1398 his
906 1343 1009 1398 tibi
1033 1344 1200 1401 ludos
1224 1346 1522 1402 Circenses
1546 1349 1620 1419 (9)
1640 1349 2042 1421 interpretare,

402 1448 611 1487 cursus
660 1431 854 1487 seaculi
922 1433 1167 1501 intuere,
1216 1438 1481 1507 tempora
1531 1436 1805 1508 labentia,
1858 1439 2046 1509 spatia

404 1519 737 1589 dinumera,
769 1526 953 1577 metas
986 1524 1510 1581 consummationis
1541 1530 1829 1598 exspecta,
1862 1529 2043 1584 socie-

401 1615 552 1668 tates
614 1611 1001 1668 Ecclesiarum
1051 1615 1315 1683 defende,
1349 1617 1419 1672 ad
1451 1617 1687 1689 signum
1720 1619 1819 1674 Dei
1862 1621 2044 1675 susci-

399 1706 546 1773 tare,
598 1703 667 1759 ad
702 1703 903 1759 tubam
946 1704 1136 1776 angeli
1168 1706 1410 1778 erigere,
1444 1708 1512 1762 ad
1548 1709 1811 1781 martyrii
1843 1717 1885 1753 88
1920 1710 2041 1781 pal-

399 1807 527 1847 mas
572 1790 841 1864 gloriare.
894 1793 953 1848 Si
1011 1792 1254 1850 scenica:
1303 1798 1345 1831 89
1396 1796 1672 1853 doctrinas
1726 1798 2040 1871 delectant,
2076 1822 2122 1887 Β

398 1881 541 1937 satis
576 1881 743 1937 nobis
773 1881 1100 1937 litterarum
1141 1888 1248 1952 est,
1306 1886 1450 1941 satis
1506 1903 1732 1943 versum
1762 1893 1874 1959 est,
1898 1889 2043 1946 satis

399 1970 847 2040 sententiarum,
871 1971 1014 2026 satis
1035 1972 1211 2027 etiam
1237 1974 1616 2045 canticorum,
1641 1977 1786 2032 satis
1804 1994 2039 2047 vocum;

401 2074 506 2114 nec
542 2058 772 2123 fabulae,
832 2060 933 2114 sed
989 2061 1302 2129 veritates;
1338 2078 1442 2118 nec
1472 2065 1723 2136 stropha;
1771 2067 1905 2139 (10),
1939 2068 2039 2123 sed

400 2145 826 2217 simplicitates.
862 2146 959 2202 Vis
987 2152 1042 2203 et
1070 2149 1385 2218 pugillatus
1417 2156 1473 2206 et
1502 2152 1803 2210 luctatus?
1834 2161 2042 2227 praesto

400 2240 558 2303 sunt,
586 2252 698 2290 non
714 2252 909 2307 parva,
935 2237 1035 2292 sed
1062 2237 1247 2294 multa
1262 2240 1324 2293 9°.
1347 2241 1597 2313 Adspice
1615 2242 2042 2316 impudicitiam

402 2325 689 2395 dejectam
721 2342 753 2380 a
795 2326 1079 2397 castitate,
1114 2328 1417 2398 perfidiam
1466 2347 1674 2387 ccesam
1708 2350 1741 2388 a
1771 2334 1901 2401 fide,
1935 2351 2043 2390 sae-

404 2413 607 2469 vitiam
657 2432 691 2470 a
731 2415 1136 2471 misericordia
1194 2423 1523 2487 contusam,
1582 2422 1965 2493 petulantiam
2011 2441 2044 2478 a

402 2503 691 2559 modestia
749 2504 1157 2560 obumbratam
1192 2507 1255 2571 θ’,
1303 2511 1358 2564 et
1405 2510 1550 2564 tales
1580 2516 1721 2565 sunt
1751 2513 1901 2582 apud
1937 2530 2043 2569 nos

402 2606 636 2661 agones,
671 2592 726 2646 in
761 2593 976 2663 quibus
1006 2593 1119 2665 ipsi
1167 2612 1517 2653 coronamur
1546 2600 1681 2670 (11).
1716 2601 1814 2656 Vis
1846 2604 2041 2657 autem

404 2687 462 2735 et
490 2681 797 2752 sanguinis
820 2688 877 2738 et
908 2682 1130 2754 aliquid
1164 2686 1326 2757 (12)?
1372 2687 1552 2744 habes
1583 2688 1817 2745 Christi.

1026 2827 1252 2885 CAPUT
1280 2828 1445 2883 XXX.

473 2949 651 3014 Quale
683 2955 878 3006 autem
910 2954 1309 3022 spectaculum
1339 2954 1398 3009 in
1426 2956 1687 3027 proximo
1719 2962 1809 3013 est
1839 2959 2045 3015 adven-

400 3042 497 3094 tus
511 3039 740 3095 Domini
762 3041 886 3109 jam
909 3040 1250 3111 indubitati,
1267 3043 1393 3113 jam
1416 3046 1676 3117 superbi,
1693 3048 1817 3117 jam
1843 3048 2045 3103 trium-

397 3127 671 3200 phantis!
705 3129 839 3193 Quae
897 3129 996 3185 illa
1025 3131 1300 3187 exultatio
1347 3135 1711 3205 angelorum,
1744 3152 1874 3207 quae
1920 3137 2041 3209 glo-

2154 547 2224 601 de
2246 548 2577 618 justoruml
2615 545 2807 617 qualis
2857 545 3058 601 civitas
3092 562 3239 599 nova
3271 542 3601 599 Jerusalem
3630 541 3739 613 (13)
3776 538 3789 596 l

2150 636 2223 691 At
2252 635 2408 691 enim
2441 640 2759 706 supersunt
2788 633 2901 690 alia
2945 632 3301 706 spectacula,
3332 631 3430 688 ille
3462 629 3706 687 ultimus
3736 634 3793 686 et

2152 733 2470 797 perpetuus
2492 724 2703 797 judicii
2748 725 2892 792 dies,
2931 722 3027 778 ille
3076 721 3410 778 nationibus
3442 720 3796 793 insperatus,

2152 813 2251 869 ille
2282 814 2533 883 derisus,
2567 830 2698 869 cum
2734 806 2921 870 tanta'
2951 811 3148 867 saaculi
3173 816 3453 880 vetustas,
3485 815 3543 865 et
3574 816 3658 865 tot
3675 810 3801 878 eius

2153 902 2484 959 nativitates
2520 920 2635 958 uno
2668 903 2789 975 igni
2829 902 3195 957 haurientur.
3228 902 3362 966 Qua:
3396 905 3534 954 tunc
3565 903 3793 971 specta-

2152 991 2266 1047 culi
2288 991 2558 1058 latitudo,
2581 992 2695 1064 (14)
2719 992 2730 1046 l
2757 992 2897 1063 quid
2921 990 3215 1048 admirer?
3244 989 3382 1061 quid
3408 988 3674 1043 rideam?
3700 987 3795 1042 ubi

2151 1081 2457 1151 gaudeam,
2474 1080 2571 1136 ubi
2591 1080 2899 1151 exsultem,
2916 1083 3187 1151 Spectans
3200 1085 3284 1133 tot
3296 1095 3361 1133 ac
3376 1082 3567 1132 tantos
3585 1078 3797 1148 reges”

2154 1170 2254 1241 qui
2305 1170 2363 1224 in
2431 1170 2576 1224 661
2642 1168 2850 1225 ccnlum
2910 1169 3125 1240 recepti
3182 1169 3290 1239 (15)
3346 1166 3793 1236 nuntiabuntur,

2154 1275 2288 1314 cum
2322 1259 2448 1330 ipso
2481 1259 2618 1314 Jove
2648 1264 2705 1315 et
2754 1260 2897 1330 ipsis
2938 1257 3062 1314 suis
3094 1258 3345 1313 testibus
3375 1257 3432 1311 in
3466 1256 3603 1310 imis
3636 1262 3798 1310 tene-

2153 1348 2276 1403 bris
2308 1347 2855 1419 congemiscentes?
2888 1349 3028 1403 item
3061 1346 3363 1418 praesides,
3398 1351 3799 1416 persecutores

2154 1436 2434 1491 dominici
2485 1437 2763 1503 nominis,
2833 1436 3197 1503 saavioribus,
3242 1452 3419 1507 quam
3452 1435 3566 1505 ipsi
3596 1438 3799 1489 contra

2154 1525 2520 1581 Christianos
2604 1525 2939 1596 saevierunt,
3010 1524 3265 1581 ﬂammis
3344 1521 3794 1590 insultantibus,

2152 1613 2541 1686 liquescentes
2563 1615 2590 1670 ?
2613 1620 2886 1688 praeterea
2919 1615 3215 1687 sapientes
3255 1612 3386 1669 illos
3414 1611 3799 1685 phi1050phos

2155 1719 2351 1759 coram
2376 1703 2682 1776 discipulis
2704 1705 2832 1760 suis
2856 1721 2972 1760 una
3002 1702 3500 1775 conﬂagrantibus
3531 1702 3643 1774 (16)
3672 1717 3803 1756 eru-

2154 1792 2479 1861 bescentes,
2527 1793 2743 1865 quibus
2796 1792 2943 1848 nihil
2999 1794 3072 1848 ad
3116 1792 3297 1848 Deum
3332 1791 3620 1863 pertinere
3668 1806 3805 1845 sus.-

2152 1882 2392 1951 debant,
2424 1884 2641 1955 quibus
2664 1883 2892 1939 animas
2922 1888 3025 1938 aut
3054 1881 3268 1949 nullas,
3294 1886 3396 1937 aut
3417 1898 3530 1937 non
3562 1880 3621 1935 in
3655 1879 3799 1950 pris-

2150 1971 2274 2028 tina
2305 1989 2549 2044 corpora
2597 1973 2889 2028 redituras
2930 1972 3327 2036 afﬁrmabant,
3359 1970 3536 2026 etiam
3593 1973 3797 2041 poetas

2151 2077 2266 2116 non
2300 2062 2369 2116 ad
2405 2061 2815 2131 Rhadamanti,
2861 2076 2966 2116 nec
2996 2060 3068 2116 ad
3102 2060 3333 2127 Minois,
3367 2060 3466 2115 sed
3501 2060 3572 2113 ad
3605 2056 3795 2129 inopi-

2151 2150 2270 2205 nati
2304 2150 2515 2207 Christi
2539 2150 2791 2207 tribunal
2826 2149 3178 2223 palpitantes
3199 2149 3226 2204 ?
3256 2150 3420 2204 'l‘unc
3459 2147 3647 2220 magis
3670 2150 3793 2201 tra-

2151 2240 2304 2312 goedi
2338 2239 2634 2307 audiendi,
2668 2240 2853 2309 magis
2885 2238 3107 2295 scilicet
3163 2237 3387 2293 vocales
3414 2238 3473 2292 in
3530 2254 3639 2291 sua
3660 2252 3794 2306 pro-

2153 2330 2280 2401 pria
2308 2329 2660 2385 calamitate.
2687 2330 2849 2384 Tunc
2880 2327 3195 2384 histriones
3226 2323 3796 2399 cognoscendisolu-

2152 2418 2329 2474 tiores
2360 2419 2471 2491 (17)
2496 2418 2680 2474 multo
2713 2434 2814 2490 per
2839 2418 3033 2490 ignem
3060 2434 3073 2473 :
3106 2420 3246 2471 tunc
3304 2416 3660 2488 spectandus
3688 2431 3796 2469 au-

2153 2507 2279 2581 riga
2310 2508 2367 2562 in
2426 2508 2699 2564 ﬂammea
2745 2511 2875 2563 rota
2918 2510 3076 2562 totus
3128 2506 3345 2561 rubens
3394 2506 3438 2539 ⁰³
3469 2504 3617 2576 (18):
3654 2508 3796 2557 tunc

2150 2597 2358 2669 xystici
2390 2596 2825 2669 contemplandi
2861 2595 3052 2651 nonin
3085 2593 3566 2667 gymnasiis(l9),
3600 2593 3701 2648 sed
3734 2592 3795 2646 in

2152 2686 2285 2758 igne
2318 2685 2575 2757 iaculati,
2613 2684 2725 2740 nisi
2757 2686 2913 2757 quod
2945 2700 3050 2739 nec
3082 2688 3221 2739 tunc
3261 2683 3499 2754 quidem
3533 2681 3668 2737 illos
3700 2699 3797 2736 ve-

2152 2775 2254 2830 lim
2287 2774 2459 2843 visos,
2492 2779 2557 2829 ut
2599 2774 2700 2846 qui
2731 2774 2884 2830 862
2943 2772 3144 2827 malim
3193 2773 3265 2827 ad
3296 2787 3395 2827 eos
3426 2770 3621 2843 potius
3652 2787 3797 2825 con-

2152 2871 2415 2939 spectum
2476 2865 2869 2921 insatiabilem
2906 2865 3190 2930 conferre,
3223 2863 3323 2936 qui
3372 2863 3429 2917 in
3480 2862 3797 2918 Dominum

2152 2957 2555 3013 desaavierunt.
2610 2955 2716 3010 Hic
2763 2959 2853 3011 est
2883 2953 2982 3009 ille
3008 2953 3249 3026 (dicam)
3282 2952 3427 3008 fabri
3486 2956 3587 3007 aut
3636 2968 3794 3023 qua:-

2152 3046 2386 3103 stuarize
2406 3044 2565 3100 ﬁlius
2594 3045 2639 3080 “
2662 3045 2797 3115 (20),
2826 3043 3067 3099 Sabbati
3091 3044 3441 3108 destructor,
3473 3040 3798 3096 Samarites

2152 3139 2211 3192 et
2242 3134 2597 3190 daemonium
2630 3134 2871 3190 habens.
2907 3133 3007 3187 llic
3062 3136 3153 3189 est
3181 3148 3357 3203 quem
3388 3148 3421 3187 a
3445 3131 3603 3186 Juda
3632 3129 3799 3185 rede-

1835 3270 2035 3329 Variaa
2067 3268 2385 3329 lectiones.

465 3369 854 3459 {‘JMartyﬁrum
890 3370 1013 3459 [εἶθ.
1174 3371 1465 3459 r‘Sc‘ientag.
1498 3375 1629 3459 Εἰσί.
1661 3376 1739 3459 Αθο
1790 3376 1914 3459 Non
1963 3392 2150 3459 pauca
2180 3375 2357 3432 simul
2407 3374 2615 3445 Rigalt.
2692 3375 2735 3410 91
2790 3373 3211 3429 Adumbratam
3244 3373 3373 3428 Par.
3408 3372 3531 3444 Rig.
3611 3372 3658 3406 ⁹²
3692 3372 3810 3427 Tot

396 3444 668 3511 spectans
700 3458 863 3514 reges
894 3444 1019 3512 Rig.
1098 3443 1142 3478 9³
1174 3443 1368 3499 Ruber
1398 3446 1517 3517 Rig.
1569 3443 1636 3481 '9‘
1658 3443 2004 3511 Quiestuarii
2036 3451 2204 3503 Fran.

1865 3585 2389 3647 Commentarius.

466 3682 542 3752 (9)
574 3684 851 3759 Circenses
880 3684 1048 3739 ludos.
1082 3688 1215 3749 Qum
1278 3687 1350 3741 ad
1401 3687 1622 3743 circum
1673 3690 2033 3759 spectabant,
2070 3691 2113 3758 C
2152 3688 2451 3758 senatorii,
2486 3691 2715 3743 constat
2736 3703 2803 3742 ex
2833 3687 3103 3759 Suetonio
3131 3690 3189 3741 et
3216 3685 3415 3759 Dione.
3453 3686 3579 3741 Lac.

391 3752 488 3879 lﬁio
509 3755 739 3878 ggregie
770 3758 1178 3812 accommodat
1216 3759 1287 3813 ad
1324 3776 1512 3816 mores
1543 3752 2035 3817 Christianorum.

443 3842 475 3879 ε
556 3842 611 3879 a.

443 3842 475 3880 Ε
510 3842 611 3881 ΡΗ.

465 3897 577 3971 (11)
618 3900 730 3951 Nec
772 3899 1027 3968 strophae.
1081 3899 1315 3971 Explica
1371 3903 1614 3958 technas
1670 3907 1727 3958 et
1787 3904 2040 3970 fraudes,

396 3969 663 4042 sedcum
696 3978 960 4040 respectu
995 3971 1064 4025 ad
1094 3969 1368 4042 strophas
1413 3978 1469 4030 et
1494 3977 1634 4031 edas
1667 3975 2039 4041 hristrioniae,

395 4040 627 4116 quibus
671 4042 951 4116 oppositas
983 4040 1361 4116 antistrophaa
1418 4051 1475 4102 et
1522 4048 1767 4103 antodaa.
1812 4049 1943 4113 Sed,
1980 4053 2044 4103 ut

396 4113 536 4189 dixi,
572 4112 674 4189 hic
696 4114 1135 4189 fra_udes_sun_t,
1169 4112 1251 4189 et:
1282 4117 1364 4171 ita
1419 4119 1589 4174 etiam
1647 4121 1857 4189 accipit
1886 4112 2043 4174 hunc

396 4184 588 4262 locum
630 4184 878 4262 Carolus
933 4185 1135 4241 Pasch.
1172 4187 1276 4262 lib.
1310 4205 1328 4242 ι
1356 4189 1426 4244 de
1456 4194 1582 4262 Gor.
1630 4184 1876 4262 cap.'11.
1916 4193 2039 4247 Lac.

469 4256 580 4327 (11)
621 4258 1133 4334 lpsi__cpronamur._
1158 4260 1297 4334 Quis
1357 4261 1542 4334 nescit
1587 4256 1833 4318 coronas
1879 4279 2041 4334 gymf

398 4327 559 4383 nicas
592 4328 767 4383 stadii
795 4329 822 4383 ?
854 4329 971 4384 imo
1001 4331 1073 4384 de
1124 4330 1213 4386 his
1273 4331 1406 4387 unis
1458 4334 1623 4387 dicta:
1674 4327 2043 4390 coronaiicaz’

397 4397 616 4476 ἒέφχήν.
652 4400 711 4454 Id
773 4403 1369 4476 pe_rse_qui_otiosum,
1412 4404 1528 4459 imo
1575 4406 1869 4476 putidum.
1906 4407 2045 4461 Inde

404 4472 794 4547 Hieronymus
823 4474 875 4526 2.
924 4474 987 4547 in
1045 4474 1235 4547 Jovin.
1286 4475 1428 4530 dum
1469 4472 1676 4547 quaerit
1729 4478 2041 4533 verborum

402 4543 866 4615 consecutionos,
924 4544 1310 4601 luctatoribus
1354 4548 1452 4601 dat
1486 4543 1767 4615 coronas,
1804 4551 1875 4605 ad
1908 4566 2043 4605 eum

402 4613 645 4692 modum
679 4631 793 4684 quo
826 4616 1235 4692 navigantibus
1268 4624 1521 4690 portum,
1557 4625 1614 4675 et
1644 4613 2044 4692 pugnantibus

400 4684 788 4754 triumphum.
822 4691 952 4741 Lac.

500 4758 589 4834 12)
643 4759 741 4834 [iis
787 4763 969 4813 autem
1025 4765 1079 4812 et
1134 4762 1425 4834 sanguinis
1454 4762 1724 4834 aliquid?
1775 4764 2043 4819 Cruentis

397 4828 797 4910 voluptatibus
827 4836 883 4883 et
922 4832 1280 4910 spectaculis
1302 4828 2042 4910 opponit-Christiporrini

399 4906 748 4973 sanguinem
781 4918 883 4971 pro
927 4906 1323 4973 recuperanda
1347 4910 1613 4961 nostrum
1645 4906 1912 4963 omnium
1946 4925 2039 4963 sa-

401 4968 537 5025 lute
555 4968 828 5027 effusum.
877 4976 947 5028 Ls
980 4968 1082 5028 Pa:

2222 3762 2335 3843 (16)
2368 3763 2492 3843 Una
2519 3761 3015 3843 conﬂagrantibus.
3049 3758 3167 3814 Hoc
3220 3758 3630 3843 malum'canit
3659 3773 3806 3843 gen-

2152 3829 2376 3901 tilibus,
2397 3832 2494 3903 qui
2524 3833 2809 3903 putabant
2838 3847 2953 3886 non
2984 3846 3113 3885 esse
3145 3829 3800 3885 resurrectionem.Non

2152 3904 2236 3961 sic
2261 3910 2382 3959 est:
2411 3903 2751 3974 resurgetis,
2785 3903 2885 3957 sed
2915 3903 2984 3958 ad
3022 3918 3272 3972 pmnam.
3309 3908 3441 3957 LAG.

2222 3978 2336 4044 (17)
2368 3970 2665 4031 Πίεινὶοῆεδ
2691 3974 2978 4030 solutiores
3006 3970 3182 4027 {nullo
3229 3989 3329 4044 per
3368 3975 3569 4037 ignem.
3604 3970 3801 4027 Soluti

2152 4047 2486 4113 histriones,
2520 4046 2659 4117 quia
2685 4045 2933 4101 mollitia
2990 4050 3045 4100 et
3074 4045 3311 4100 lascivia
3358 4044 3694 4117 eﬂeminati,
3725 4060 3804 4098 ao

2153 4136 2299 4189 pene
2358 4116 2551 4173 ultra,
2592 4118 2873 4189 feminam
2958 4117 3225 4189 ﬂuentes.
3288 4116 3605 4189 Solutiores
3643 4131 3807 4189 ‘vero

2153 4186 2257 4260 per
2288 4191 2504 4263 ignem,
2562 4188 2844 4244 membris
2902 4187 3257 4244 ustulatione
3308 4186 3805 4260 liquescentibus.

2154 4263 2281 4318 R16.

2227 4334 2336 4404 (18)
2386 4333 2596 4401 Auriga
2628 4334 2687 4387 in
2738 4333 2993 4401 ﬂammea
3023 4338 3143 4404 fota
3191 4334 3330 4385 lotus
3360 4330 3541 4404 ruber.
3576 4328 3810 4385 Alludit

2154 4402 2612 4473 ad'agitatorum
2659 4404 2968 4458 factionem
3024 4402 3356 4457 Russatam.
3393 4403 3517 4458 Rm.

2226 4472 2337 4546 (19)
2358 4478 2474 4530 Non
2495 4478 2556 4530 in
2574 4476 2906 4546 gymnasiis.
2931 4474 3193 4545 Gymnici
3217 4474 3372 4529 ludis
3395 4474 3575 4536 locus,
3600 4472 3810 4546 inquit

2153 4543 2294 4601 Isid.
2328 4547 2428 4601 lib.
2462 4543 2623 4614 xvni,
2644 4564 2769 4618 cap.
2810 4548 2892 4613 17,
2937 4543 3308 4618 gymnasium
3338 4546 3657 4618 dicebatur,
3691 4543 3807 4597 ubi

2153 4620 2577 4675 exercebantur
2601 4617 2852 4684 athletae,
2886 4617 2959 4672 eti
2990 4634 3295 4672 cursorum
3329 4617 3602 4672 velocitas
3632 4632 3803 4668 com-

2154 4691 2515 4762 probabatur
2544 4708 2556 4746 :
2589 4692 2671 4746 ita
2718 4691 2966 4754 dictum,
3000 4689 3424 4762 quodjuvenes
3456 4688 3597 4743 nudi
3626 4703 3803 4762 exer-

2152 4759 2376 4817 centur.
2439 4763 2585 4817 Hinc
2634 4762 2850 4834 accidit
2894 4764 2959 4814 ut
3014 4760 3277 4834 omnium
3338 4777 3518 4834 prepe
3573 4759 3799 4815 artium

2151 4834 2423 4890 exercitia
2453 4833 2759 4906 gymnasia
2797 4832 3088 4906 dicantur.
3120 4832 3264 4906 Pan.

2224 4906 2331 4976 (20)
2386 4901 2550 4960 Fabri
2604 4908 2705 4960 aut
2762 4904 3121 4976 quaestuaria:
3158 4901 3802 4976 ﬁlius.__Hieronym‘us,

2150 4972 2330 5056 Epist.
2362 4978 2461 5056 ad_
2500 4972 2865 5056 Heliodorum.
2899 4993 2917 5028 :
2954 4996 3004 5056 «_
3026 4975 3129 5028 Hic
3159 4972 3275 5056 est
3305 4973 3402 5028 ille
3455 4972 3700 5056 operarii
3732 4982 3809 5030 et

470 5042 583 5111 (13)
616 5044 1021 5130 Qualis-cipilus
1041 5061 1183 5128 ⁸ηουα
1214 5048 1561 5130 Jerusalem?
1589 5048 1747 5103 istud
1774 5049 2040 5130 fortassis
2073 5061 2116 5125 D
2150 5042 2513 5130 quaestuaria:
2537 5048 2711 5130 filius.
2745 5067 2770 5099 ο
2805 5047 2937 5130 llaec
2977 5042 3510 5130 fueredudzeorum
3532 5046 3591 5129 in
3622 5062 3807 5130 sanc-

400 5114 468 5169 ad
488 5131 749 5189 errorem
773 5115 1224 5189 Millenariorum
1250 5118 1517 5189 pertinet,
1544 5121 2036 5186 quemadmodum
2073 5114 2112 5125 ”’
2148 5114 2514 5175 tissimamet
2541 5119 2977 5174 immaculatam
3006 5117 3302 5189 Virginem
3326 5118 3602 5179 convicia,
3621 5117 3806 5171 ﬂam-

397 5189 456 5241 et
486 5185 628 5241 illud
662 5188 817 5258 quod
878 5188 1135 5259 subjicit.
1169 5185 1363 5245 φησι
1392 5185 1583 5247 saeculi
1637 5194 2040 5248 nalivitalibus.

398 5262 550 5313 ΡΑΜ.

468 5329 578 5399 (14)
610 5330 743 5405 Qua;
773 5333 902 5405 (anc
928 5332 1234 5405 spectaculi
1268 5332 1521 5405 laliluda.
1555 5334 1705 5396 Quot
1728 5339 1783 5389 et
1822 5340 2043 5405 quanta

394 5408 702 5457 occurrent
731 5401 914 5474 inille
943 5401 1275 5474 spectaculo
1301 5404 1723 5460 consideranda
1748 5407 1759 5461 ἓ
1805 5401 1930 5461 Hic.

468 5474 575 5541 (15)
594 5474 666 5548 Ala
713 5473 907 5528 cwlum
939 5473 1158 5548 recepti.
1198 5474 1420 5530 [ndicat
1466 5477 1768 5547 gentilicas
1801 5479 2039 5548 apothe-

394 5560 555 5620 oses:
592 5544 815 5600 illustre
855 5545 1184 5620 exemplum
1216 5552 1305 5602 est
1333 5548 1387 5600 in
1416 5544 1738 5620 llérodiano
1768 5544 2040 5620 loquente

395 5618 466 5671 de
513 5621 740 5679 Severo,
804 5618 901 5688 qui
963 5618 1104 5672 vixit
1159 5635 1274 5673 aevo
1342 5619 1707 5675 Tertulliani.
1767 5618 2039 5677 Justinus

396 5689 817 5764 Mart,__:1polcg.
854 5707 928 5764 u,_
951 5706 1090 5764 sane
1124 5689 1181 5743 in
1204 5692 1455 5764 Augusti
1492 5691 1715 5761 funere,
1741 5710 1806 5748 ac
1839 5698 2039 5764 postea

395 5759 660 5817 Drusillae
694 5761 846 5817 idem
907 5762 1086 5821 fuisse
1133 5762 1493 5820 affirmatum
1546 5780 1578 5820 a
1627 5759 1765 5820 viris
1815 5759 2039 5822 ordinis

2154 5192 2266 5247 mis
2301 5192 2513 5247 luenda
2544 5189 3103 5262 sulphuratissimis.
3138 5189 3409 5244 Satanica
3450 5189 3807 5257 hujusmodi

2152 5263 2428 5333 leguntur
2494 5264 2645 5333 apud
2733 5262 3163 5318 Theodoretum
3227 5262 3325 5316 lib.
3381 5277 3466 5327 λιι,
3526 5262 3804 5333 capit.

2153 5326 2362 5391 Felicis
2418 5326 2543 5390 sub'
2585 5333 2821 5389 Juliano
2871 5334 3093 5389 Caesare
3138 5335 3300 5387 Gazae
3333 5326 3646 5404 praepositi,
3674 5326 3804 5384 ἷδεὺ

2152 5404 2202 5459 ἐν
2238 5406 2413 5465 ποίοις
2471 5404 2704 5458 σκεύεσιν
2760 5405 3103 5475 ὑπηρετέεται
3136 5405 3163 5457 ὁ
3217 5403 3429 5475 Μαρίας
3463 5403 3606 5472 υἱός,
3638 5406 3807 5473 quod

2154 5479 2405 5533 Historia
2465 5477 2759 5548 tripertita
2816 5477 3013 5532 Latine
3062 5476 3296 5548 reddit:
3333 5499 3359 5523 ‹‹
3410 5475 3553 5531 Ecce
3586 5476 3813 5547 quibus

2150 5551 2305 5604 vasis
2361 5547 2561 5602 Marias
2617 5548 2733 5602 filio
2794 5547 3200 5603 ministraturl
3238 5570 3265 5596 ››
3324 5549 3487 5615 Apud
3521 5549 3807 5604 eumdem

2148 5622 2518 5692 scriptorem,
2553 5620 2650 5692 ubi
2685 5621 2754 5676 de
2774 5620 3081 5675 llormisde
3103 5618 3382 5689 martyrio
3413 5620 3628 5691 agitur,
3660 5644 3685 5669 «
3708 5625 3809 5692 ty-

2148 5709 2370 5749 rannus
2401 5691 2481 5764 ait
2508 5708 2520 5747 :
2562 5691 2721 5764 Nega
2752 5692 2939 5747 filium
2972 5692 3141 5747 fabri.
3174 5713 3201 5742 ››
3239 5692 3363 5747 Rm.

2219 5796 2286 5807 -—
2314 5762 2478 5821 Fabri
2496 5773 2594 5821 aut
2615 5761 2978 5837 ᾳῐιέεειιιανὶκ
3005 5764 3175 5837 ﬁlius.
3198 5766 3322 5820 Non
3346 5777 3586 5835 possum
3621 5761 3814 5820 liben-
