4106 6178
237 374 348 433 737
1596 365 1699 428 DE
1742 363 2294 428 lDOLOLATRIA.
3524 373 3647 437 738

238 506 455 576 mistis,
487 504 583 559 hic
610 508 698 560 est
728 503 824 559 ille
855 501 1145 558 arundine
1176 504 1235 556 et
1265 499 1527 572 colaphis
1559 498 1886 555 diverbera-
1919 504 1969 567 Α
2002 498 2108 552 dos
2134 499 2205 553 de
2237 514 2345 553 sua
2388 497 2736 553 liberalitate
2766 500 3069 571 prmstabit
3097 501 3125 554 ?
3165 504 3222 555 et
3280 506 3472 559 tamen
3522 504 3644 561 haec

237 601 353 666 tus,
387 593 786 667 sputamentis
816 594 1148 661 decoratus,
1205 589 1338 645 felle
1396 593 1451 645 et
1509 592 1667 644 aceto
1726 590 1891 659 pota-
2001 587 2119 657 iam
2153 588 2588 658 quodammodo
2620 587 2908 644 habemus
2942 605 3042 660 per
3073 590 3242 645 fidem
3264 592 3471 663 spiritu
3501 595 3644 650 ima-

238 690 355 742 tus.
387 683 494 739 Hic
524 687 614 739 est
634 698 808 754 quem
835 680 984 737 clam
1021 680 1315 736 discentes
1348 678 1795 750 subripuerunt,
1830 679 1891 730 ut
2002 675 2239 747 ginante
2282 681 2712 748 repraesentata.
2774 678 3055 734 Cznterum
3108 680 3303 751 qualia
3350 681 3451 738 illa
3509 688 3649 739 sunt

240 773 631 832 resurrexisse
653 771 903 839 dicatur,
940 770 1026 826 vel
1077 768 1429 826 hortulanus
1478 766 1727 823 detraxit
1756 765 1892 837 (2i),
2006 781 2131 835 quae
2159 781 2264 819 nec
2295 756 2501 820 oculus
2551 765 2714 833 vidit,
2780 783 2882 823 nec
2930 769 3090 822 auris
3128 770 3369 836 audivit,
3434 788 3537 826 nec
3589 774 3647 828 in

242 882 312 922 ne
338 864 583 920 lactuca:
617 879 735 917 suis
766 861 1100 933 frequentia
1149 857 1569 915 commentium
1611 855 1895 911 laederen-
2007 869 2105 908 cor
2135 854 2408 909 bominis‘
2426 855 2867 910 ascenderunt?
2897 858 3098 928 Credo,
3128 858 3279 914 circo
3314 863 3369 915 et
3399 864 3650 933 utraque

242 953 560 1025 tur"(22).
612 950 687 1006 Ut
737 950 875 1005 talia
924 952 1175 1021 spectes,
1230 952 1295 1003 ut
1346 945 1567 1002 talibus
1619 944 1898 1014 exsultes,
2011 958 2181 997 cavea
2202 947 2258 997 et
2288 942 2447 997 omni
2485 943 2674 998 stadio
2705 944 2982 1015 gratiora.

245 1043 373 1114 quis
403 1041 508 1098 tibi
545 1043 755 1113 praeter
784 1043 884 1095 aut
909 1038 1142 1109 consul,
1168 1041 1272 1093 aut
1301 1038 1686 1108 quaeetor,aut
1706 1050 1902 1089 sacer-

1682 1176 1885 1239 Variae
1920 1176 2236 1236 lectiones.

314 1294 360 1333 νδ
392 1291 825 1345 Adlasderentur
851 1290 971 1357 Rig.

1697 1383 2222 1447 Commentarius.

247 1504 332 1555 ter
362 1495 637 1555 assentiri
696 1496 833 1552 huic
892 1493 1129 1567 Rigaltii
1183 1492 1442 1567 lectioni,
1500 1508 1692 1564 neque
1712 1492 1901 1567 etiam
2022 1563 2032 1567 _
2083 1492 2195 1567 (22)
2227 1491 2555 1567 Nelactuca:
2584 1508 2698 1549 suae
2726 1494 3045 1567 frequentia
3099 1501 3519 1556 commeantium
3557 1503 3654 1558 ad-

247 1572 411 1626 alteri
467 1585 644 1643 quam
704 1584 770 1623 ex
812 1563 1161 1643 Hierdnymo
1219 1566 1483 1643 adducit,
1517 1563 1902 1643 iniambobus
2015 1563 2365 1643 (inderentur.
2428 1564 2676 1643 Ideoque
2728 1563 2791 1619 in
2828 1563 2995 1643 locis
3044 1570 3233 1643 sacris
3273 1572 3656 1643 tediﬂcandis,

246 1644 391 1699 locis
426 1636 699 1702 Lacerda.
729 1636 1078 1710 quaestuarii.
1112 1639 1259 1694 Nam
1279 1637 1377 1692 diu
1405 1642 1494 1693 est
1526 1638 1679 1709 quod
1716 1652 1899 1691 anno-
2012 1651 2142 1703 qua:
2172 1637 2324 1705 apud
2361 1636 2635 1707 antiquos
2661 1637 2715 1689 in
2750 1641 3002 1694 continio
3036 1642 3171 1705 tere,
3228 1644 3323 1697 ubi
3359 1644 3534 1700 trium
3565 1636 3658 1703 vel

248 1722 451 1771 tarunt
482 1710 1133 1782 eruditijurisconsulti
1167 1710 1582 1782 questuariam
1613 1724 1897 1782 esseque:
2010 1712 2268 1782 quatuor
2294 1710 2734 1782 possessionum
2771 1711 3104 1766 terminatio
3136 1717 3490 1782 conveniret,
3524 1734 3660 1774 con-

249 1788 480 1843 lucrum
513 1790 615 1841 aut
645 1777 933 1854 quaestum
968 1777 1424 1854 facit_corpore_;
1456 1781 1540 1835 sic
1572 1781 1632 1835 in
1661 1780 1895 1835 Glossa-
2007 1777 2896 1854 stituisolebant,unusquisquo
2912 1799 3220 1853 possessor
3248 1777 3505 1843 donabat
3530 1805 3657 1845 cer-

250 1859 333 1914 rio
363 1851 717 1931 quaestuaria
745 1854 1017 1931 ¹[πρακτικῇ
1052 1851 1254 1931 πόργηξ
1279 1852 1352 1931 με
1377 1852 1479 1931 Pa.
1500 1922 1512 1931 .
1704 1920 1716 1931 .
1742 1922 1755 1931 ι
1803 1924 1813 1931 ⁸

2034 1865 2133 1931 um
2168 1851 2601 1931 modum-sacro
2652 1851 2733 1931 illi
2767 1851 2835 1931 ei:
2892 1851 3030 1925 agro
3073 1872 3220 1931 suo,
3279 1861 3337 1931 et
3368 1866 3655 1931 quantum

318 1920 433 2004 (2i)
470 1920 921 2004 Vel/tortulanus
949 1920 1230 2004 detrudit.
1281 1925 1472 1978 lronia
1500 1920 1896 2004 hipcdvidetur
2005 1921 2281 2004 donasset
2309 1922 2524 2004 scripto
2559 1923 2805 2004 faciebat
2830 1920 3656 2004 ;uiperdiemisolemnitatis,

249 1993 491 2057 irridere
509 2000 764 2071 aliquem
782 1995 1570 2077 illorumhaereticorumqui
1593 1994 1891 2077 Christum
2005 1993 2362 2077 privatorum
2400 1995 2523 2077 agri
2560 1996 2781 2077 nullam
2812 1993 3165 2077 .melestiam
3213 2000 3528 2059 inculantis
3568 1993 3664 2077 po'.

250 2090 381 2128 vere
439 2064 678 2144 passum
706 2078 967 2144 negant,
1000 2068 1347 2124 Marcionem
1367 2064 1599 2144 _ner_i_ipe
1634 2084 1647 2128 ;
1679 2066 1889 2144 Cerdho-
2003 2064 2533 2144 pul_i_su_s_t_incrent.
2567 2067 2740 2144 Natat
2794 2072 3065 2139 Aggcnus
3125 2074 3195 2126 ad
3245 2074 3346 2127 lib.
3393 2064 3657 2135 Frontini

252 2161 386 2201 nem
416 2136 543 2214 ejus
566 2136 937 2214 magistrum,
970 2146 1026 2197 et
1057 2146 1191 2196 ante
1234 2156 1333 2194 eos
1363 2136 1675 2194 Basilidem
1708 2141 1764 2191 et
1807 2136 1892 2191 Si-
1997 2139 2064 2191 tle
2090 2137 2329 2192 Limitib.
2359 2154 2540 2209 agror.
2576 2143 2700 2193 Βία.

254 2233 485 2273 monem
518 2216 777 2288 Magum.
812 2214 961 2268 ΡΑΜ.

435 2536 622 2736 Q,
754 2534 1312 2725 SEPT,
1439 2529 2021 2722 FLOR,
2147 2530 3491 2702 TERTULLIANI

1436 2804 1599 2895 DE
1666 2802 2505 2896 IDOLOLATRIA

1848 2998 2072 3053 LIBER.

328 3294 720 3345 Aaouuanruu.
754 3290 878 3346 Post
933 3290 1225 3343 tractatum
1278 3285 1350 3341 de
1400 3285 1731 3356 Spectaculis
1779 3284 2016 3339 alterum
2071 3285 2394 3354 conscripsit
2451 3283 2744 3355 Septimius
2792 3282 2856 3340 de
2885 3284 3228 3359 idololatria,
3254 3291 3313 3346 in
3354 3308 3458 3364 quo
3496 3294 3677 3352 varios

261 3379 353 3451 (sit
410 3382 492 3435 ita
540 3380 692 3449 loqui
738 3380 823 3449 fas
874 3380 973 3446 est)
1028 3376 1381 3432 conscientia:
1437 3390 1592 3430 casus
1646 3374 1926 3445 proponii,
1987 3373 2227 3439 discutit,
2278 3374 2519 3429 resolvit.
2566 3376 2689 3429 Non
2745 3374 2971 3430 deerant
3026 3378 3319 3451 siquidem,
3378 3384 3475 3454 qui
3523 3391 3676 3440 tanta

266 3469 584 3525 laborarent
642 3468 985 3538 ignorantia,
1018 3471 1078 3521 ut
1126 3467 1539 3521 arbitrarentur
1594 3464 1929 3520 idololatriae
1983 3464 2220 3517 crimine
2274 3479 2383 3518 non
2430 3464 2635 3535 pollui,
2671 3468 2782 3521 nisi
2814 3468 2958 3535 illos,
2991 3469 3094 3539 qui
3144 3468 3306 3525 idolis
3363 3473 3444 3526 vel
3502 3474 3678 3530 thura

264 3556 575 3627 adolerent,
609 3557 691 3612 vel
745 3557 946 3611 hostias
998 3555 1389 3627 offerrent,vel
1429 3571 1619 3611 eorum
1664 3553 1944 3624 mysteriis
2000 3555 2096 3606 aut
2137 3555 2375 3623 profano
2434 3554 2739 3610 sacerdotio
2796 3557 3163 3612 initiarentur
3210 3558 3351 3629 (cap.
3406 3560 3481 3631 2).
3548 3563 3680 3618 Inde

265 3645 641 3701 idololatriam
678 3646 973 3716 deﬁnitzu
1036 3645 1226 3701 Omnis
1282 3647 1433 3700 circa
1488 3644 1695 3699 idolum
1751 3642 2054 3712 famulatus
2100 3651 2151 3697 et
2208 3643 2467 3713 servitus,
2519 3652 2568 3699 et
2624 3646 2770 3699 nihil
2828 3646 3075 3712 interest,
3129 3648 3285 3718 dicit,
3340 3666 3419 3704 an
3472 3651 3680 3721 plastes

266 3738 517 3807 efﬁngat,
570 3740 667 3791 aut
712 3736 939 3790 caelator
984 3735 1283 3807 exsculpat,
1340 3751 1412 3789 an
1466 3733 1703 3805 phrygio
1769 3732 2012 3798 detexat,
2070 3747 2165 3785 nec
2220 3731 2286 3785 de
2333 3735 2567 3787 materia
2631 3736 2819 3804 re/ert,
2880 3752 2954 3789 an
3009 3752 3196 3806 gypso,
3256 3754 3326 3791 an
3376 3738 3681 3807 coloribus,

269 3843 337 3879 an
372 3824 578 3897 lapide,
611 3842 686 3879 an
744 3839 879 3890 me,
909 3841 981 3879 an
1038 3833 1297 3893 argento,
1334 3839 1405 3877 an
1456 3824 1552 3892 ﬁlo
1624 3824 1897 3891 formetur
1970 3818 2185 3874 idolum
2259 3820 2397 3891 (cap.
2432 3821 2507 3892 3).
2541 3843 2568 3869 »
2601 3822 2839 3877 Addidit
2888 3824 3075 3891 Deum,
3098 3826 3210 3879 tam
3270 3824 3401 3894 ﬁeri
3448 3828 3680 3897 idolum,

274 3931 447 3985 quam
495 3914 622 3980 coli,
688 3912 979 3984 prohibere
1033 3913 1173 3984 (cap.
1234 3912 1310 3983 4).
1371 3912 1507 3965 Hinc
1570 3910 1726 3975 dicit,
1760 3924 1871 3964 non
1928 3908 2090 3963 licere
2152 3908 2304 3962 063
2366 3908 2693 3964 Christianis
2726 3910 2875 3965 idola
2908 3912 3262 3981 fabre/“acere,
3298 3919 3395 3967 aut
3450 3915 3685 3972 vendere

280 4002 622 4067 adoraturis,
681 4017 745 4056 ac
811 4000 1028 4073 quidem
1104 4017 1228 4055 cum
1289 3999 1444 4055 aliud
1517 4015 1633 4052 non
1688 3997 1889 4052 habent
1945 3996 2092 4051 unde
2146 3999 2331 4051 vivant
2387 3999 2522 4068 (cap.
2581 3998 2654 4067 5).
2716 3999 2977 4054 Prohibet
3024 4000 3195 4053 etiam
3251 3999 3682 4070 azdiﬁcationem

270 4092 481 4163 templi,
538 4105 673 4159 arte,
740 4088 1013 4157 aedicula,
1083 4088 1277 4142 domus
1348 4089 1408 4142 in
1480 4087 1735 4141 honorem
1811 4085 2082 4140 idolorum
2140 4088 2281 4157 (cap.
2344 4089 2418 4153 8).
2479 4086 2623 4154 Quin
2697 4089 2874 4143 etiam
2956 4090 3350 4159 negotiationes
3416 4092 3682 4147 mercium

269 4198 483 4246 earum,
545 4195 671 4251 quae
725 4180 795 4234 ad
870 4180 1250 4234 idololatriam
1321 4179 1607 4250 pertinent
1659 4177 1804 4248 (cap.
1859 4176 1947 4244 11)
2005 4192 2017 4230 :
2077 4194 2111 4229 a
2161 4178 2319 4245 festis
2395 4192 2607 4247 quoque
2694 4178 2883 4233 diebus
2957 4181 3127 4234 etiam
3211 4182 3685 4238 extraordinariis

270 4268 659 4324 abstinendum
708 4268 853 4339 (oap.
914 4268 1000 4339 13)
1036 4284 1048 4321 :
1083 4283 1254 4338 neque
1322 4268 1494 4321 servis
1561 4267 1727 4321 licere
1807 4266 2093 4320 ministros
2168 4279 2282 4319 esse
2353 4265 2691 4322 idololatria,
2762 4267 2907 4337 (cap.
2966 4268 3077 4339 18)
3132 4287 3150 4322 :
3209 4285 3385 4340 neque
3469 4272 3684 4327 licitam

272 4360 560 4426 militiam,
626 4360 685 4412 in
736 4374 845 4428 qua
900 4357 1261 4411 militandum
1317 4358 1391 4412 sit
1446 4357 1545 4411 sub
1604 4356 1762 4424 signo
1816 4354 2025 4410 diaboli
2081 4355 2222 4426 (cap.
2287 4354 2413 4425 19);
2474 4355 2861 4422 deierationem
2938 4373 3154 4412 omnem
3242 4374 3332 4413 me
3417 4359 3683 4430 Hercule,

275 4448 495 4503 medius
559 4446 767 4511 Fidius,
834 4462 935 4501 nee
998 4460 1109 4500 non
1173 4445 1577 4516 abjuralionem
1640 4443 1860 4513 Jupiter
1927 4444 2028 4498 tibi
2086 4444 2156 4497 sil
2218 4445 2409 4511 iratus,
2471 4449 2524 4499 et
2600 4446 2964 4513 subsecutum,
3054 4448 3481 4518 responsionem,
3566 4450 3683 4506 imo

275 4536 392 4602 libi,
426 4537 662 4590 damnat
720 4544 770 4588 et
826 4538 1161 4590 exsecratur.
1196 4536 1461 4589 Caeterum
1518 4535 1576 4588 in
1634 4532 1960 4603 perlegenda
2019 4539 2116 4587 hoc
2165 4536 2403 4587 tractatu
2458 4532 2783 4589 discretione
2812 4550 2946 4606 Opus
2974 4539 3053 4589 est
3096 4553 3114 4589 :
3146 4550 3272 4605 qua:
3326 4539 3477 4591 enim
3534 4539 3685 4594 velut

274 4624 563 4692 generalia
623 4623 903 4693 principia
960 4623 1326 4678 Tertullianus
1375 4622 1464 4677 hic
1514 4624 1690 4693 ponit,
1721 4624 1837 4692 fere
1878 4623 2064 4677 omnia
2106 4637 2236 4677 vera
2292 4626 2459 4683 sunt;
2506 4638 2615 4677 non
2666 4631 2854 4677 autem
2911 4624 3092 4677 omnia
3170 4640 3297 4679 vera
3369 4634 3513 4693 sunt,
3560 4642 3682 4697 qum

274 4712 471 4767 exinde
501 4710 747 4767 deducit.
784 4711 958 4767 Luae.

813 4943 1042 5000 CAPUT
1072 4943 1383 4999 PRIMUM.
1951 4958 1999 5022 B
2030 4944 2156 4998 cida
2187 4948 2294 4998 est.
2327 4945 2548 5008 Quaeris
2572 4961 2747 5015 quem
2782 4946 3114 5001 occiderit?
3146 4948 3194 5003 si
3235 4949 3373 5019 quid
3408 4950 3477 5005 ad
3512 4948 3687 5022 elogii

344 5033 675 5105 Principale
705 5032 925 5088 crimen
959 5033 1188 5105 generis
1220 5032 1486 5103 humani,
1533 5047 1803 5089 summus
1825 5048 1927 5087 saa-
2039 5032 2419 5087 ambitionem
2458 5033 2611 5100 lacit,
2645 5050 2759 5087 non
2794 5039 3159 5100 extraneum,
3192 5053 3297 5090 nec
3354 5038 3682 5110 inimicum,

280 5123 388 5178 culi
424 5126 646 5190 reatus,
701 5127 822 5177 tota
852 5138 1031 5177 causa
1077 5121 1307 5192 judicii,
1365 5119 1715 5176 idololatria.
1775 5119 1923 5174 Nam
2034 5122 2132 5175 sed
2168 5137 2228 5175 se
2286 5121 2502 5192 ipsum.
2535 5121 2757 5184 Quibus
2790 5121 3324 5180 insidiis?erroris
3384 5127 3495 5181 sui.
3559 5129 3681 5192 Quo

282 5213 384 5267 etsi
419 5228 588 5267 suam
622 5211 875 5283 speciem
908 5215 1066 5266 tenet
1122 5211 1583 5282 unumquodque
1627 5208 1923 5275 delicium,
2035 5207 2151 5263 telo
2181 5209 2208 5263 ‘?
2231 5209 2450 5264 oli'ensa
2476 5209 2594 5264 Dei.
2629 5209 2779 5273 Quot
2801 5209 2990 5281 plagis
3012 5209 3039 5264 ?
3098 5217 3386 5284 quotquot
3440 5213 3681 5271 idolola-

279 5301 382 5356 etsi
413 5317 520 5356 suo
571 5316 804 5371 quoque
863 5300 1137 5355 nomine‘
1193 5299 1416 5369 judicio
1467 5300 1815 5366 destinatur,
1865 5298 1923 5353 in
2036 5298 2183 5353 triis.
2218 5297 2324 5362 Qui
2379 5302 2553 5368 negat
2601 5298 2968 5353 idololatrem
3025 5300 3269 5371 perisse,
3327 5302 3378 5357 is
3446 5303 3685 5376 negabit

285 5387 619 5442 idololatrias
652 5394 849 5442 tamen
877 5388 1122 5442 crimine
1152 5388 1524 5459 expungitur.
1549 5387 1766 5443 Omitte
1786 5387 1926 5441 titu-
2034 5385 2397 5441 idololatrem
2433 5386 2816 5442 homicidium
2875 5388 3099 5443 iecisse.
3135 5390 3385 5445 Proinde
3412 5392 3434 5426 ³
3465 5392 3685 5448 adulte-

283 5474 387 5541 los,
418 5492 625 5548 Operae
658 5476 1054 5547 recognosce”
1090 5474 1489 5546 :idololatres,
1531 5477 1685 5531 idem
1735 5474 1925 5530 homi-
2036 5475 2189 5529 rium
2250 5479 2306 5528 et
2355 5479 2628 5546 stuprum
2673 5475 2732 5531 in
2793 5477 2993 5531 eodem
3055 5493 3480 5549 recognoscas:
3542 5496 3678 5535 nam

1709 5618 1916 5682 Variae
1947 5618 2271 5679 lectiones.

352 5743 369 5778 ¹
398 5743 675 5819 Quodque
704 5743 943 5803 nomine
970 5746 1098 5805 Iun.
1131 5746 1153 5783 ³
1184 5746 1373 5820 Opera
1393 5759 1737 5816 recognosce
1758 5746 1888 5804 Jun.
1922 5745 2100 5803 Latin.
2136 5743 2158 5777 ⁸
2186 5741 2432 5799 Perinde
2462 5743 2647 5800 Paris.
