4060 6178
385 365 502 428 739

907 348 1434 418 TERTULLIANI
1479 344 1801 411 OPERUM
1848 344 2052 406 PARS
2097 338 2146 402 Ι.
2179 368 2258 385 —
2285 334 2564 401 SERIES
2610 337 2660 413 Ι,
2704 326 3273 399 APOLOGETICA.

3679 328 3795 389 740

388 500 489 572 qui
521 497 684 554 falsis
715 492 985 563 deservit,
1054 490 1181 545 sine
1233 486 1411 542 dubio
1474 482 1706 539 adulter
1753 484 1841 536 est
1887 476 2033 534 veri-
2066 481 2119 546 Α
2150 475 2305 529 rium
2336 473 2512 529 etiam
2545 472 2604 527 in
2655 466 3137 542 concupiscentia
3161 467 3452 538 designat,
3485 464 3535 520 si
3567 462 3799 519 oculum

387 566 546 655 tatis,
580 584 717 659 quia
748 599 922 639 omne
956 579 1163 635 falsum
1198 574 1551 632 adulterium
1582 576 1689 626 est.
1724 570 1818 625 Sic
1851 572 1906 622 et
1937 566 2038 621 in‘

387 655 929 749 stupro'mergitur.
966 669 1107 733 Quis
1133 665 1287 720 enim
1349 660 1677 716 immundis
1725 655 2036 729 spiritibus

390 769 685 838 operatus,
719 743 831 816 non
859 759 1285 829 conspurcatus
1306 758 1362 807 et
1382 751 1799 821 constupratus
1821 743 2038 799 incedit

390 837 608 927 (Bacch.
641 851 805 920 xxm)
837 848 865 903 ‘I
905 851 1091 917 Atque
1137 844 1280 897 adeo
1310 839 1619 911 Scriptura:
1663 838 1876 891 sanctis
1913 837 2035 888 stu-

392 921 478 1015 pri
500 939 781 998 vocabulo
815 941 1061 993 utuntur
1093 935 1151 987 in
1200 927 1538 985 idololatria:
1569 921 2035 994 exprobratione.

391 1031 637 1087 Fraudis
667 1026 921 1083 conditio
970 1040 1039 1079 ea
1086 1026 1175 1077 est
1230 1019 1458 1091 opinor,
1519 1017 1567 1070 si
1617 1014 1748 1086 quis
1779 1011 2036 1067 alienum

392 1121 603 1192 rapiat,
635 1121 737 1173 aut
766 1116 863 1170 alii
898 1113 1161 1169 debitum
1221 1110 1488 1179 deneget,
1549 1110 1607 1160 et
1662 1102 1865 1171 utique
1901 1114 2040 1169 erga

394 1208 693 1265 hominem
743 1204 1005 1260 admissa
1061 1202 1221 1255 fraus
1254 1195 1489 1252 maximi
1525 1193 1792 1249 criminis
1826 1203 2037 1244 nomen

393 1304 502 1355 est.
536 1294 765 1352 Etenim
799 1290 1126 1347 idololatria
1158 1287 1421 1342 fraudem
1454 1284 1569 1339 Deo
1604 1281 1761 1346 facit,
1786 1280 2040 1333 honores

391 1387 476 1442 illi
512 1383 1045 1454 suosdenegans,et
1075 1377 1376 1432 conferens
1400 1372 1627 1440 aliis,ut
1656 1368 1841 1424 fraudi
1864 1367 2038 1422 etiam

394 1472 806 1531 contumeliam
858 1470 1196 1538 coniungat.
1231 1464 1387 1527 Quod
1427 1462 1474 1515 si
1518 1465 1636 1514 tam
1675 1459 1832 1512 fraus
1863 1470 2041 1526 quam

394 1571 666 1636 stuprum
700 1566 875 1631 atque
925 1554 1280 1612 adulterium
1316 1556 1561 1606 mortem
1616 1548 1886 1611 afferunt,
1914 1546 2040 1615 jam

394 1654 453 1708 in
489 1653 578 1708 bis
608 1664 772 1721 aeque
802 1650 821 1681 ⁵
867 1643 1197 1701 idololatria
1227 1643 1297 1695 do
1354 1637 1655 1693 homicidii
1704 1640 1863 1689 reatu
1925 1649 2039 1688 non

393 1743 695 1798 liberatur.
737 1738 874 1792 Post
904 1734 1044 1789 talia
1101 1730 1371 1797 crimina,
1431 1732 1552 1782 tam
1602 1724 1866 1789 exitiosa,
1918 1728 2041 1777 tam

395 1827 755 1887 devoratoria
807 1824 1036 1888 salutis,
1098 1827 1305 1876 caetera
1363 1831 1595 1888 quoque
1652 1813 1909 1883 aliquem
1970 1811 2039 1866 ad

398 1922 637 1977 modum
669 1921 727 1972 et
757 1928 1019 1971 seorsum
1062 1908 1307 1982 proinde
1363 1905 1671 1977 disposita,
1712 1902 1770 1957 in
1800 1898 2044 1956 idolola-

398 2010 515 2067 tria
544 2004 937 2062 conditionem
997 2015 1166 2054 suam
1223 1996 1663 2067 repraesentant.
1723 1992 1783 2045 In
1840 1987 1942 2042 illa
1986 1990 2044 2043 et

399 2090 889 2167 concupiscentiae
944 2085 1162 2144 saeculi.
1220 2086 1355 2148 Quae
1387 2082 1542 2138 enim
1587 2077 1926 2135 idololatria
1957 2092 2045 2131 so-

400 2164 673 2241 lemnitas
688 2181 813 2236 sine
833 2176 1153 2233 ambitione
1176 2173 1368 2227 cultus
1386 2174 1694 2226 etornatus
1712 2167 1739 2221 ‘I
1764 2169 1820 2221 In
1844 2165 1945 2219 illa
1960 2164 2042 2219 la-

401 2274 591 2331 scivia:
623 2276 678 2327 et
708 2268 1181 2330 ebrietates,cum
1210 2260 1526 2333 plurimum
1547 2258 1733 2311 victus
1750 2263 1807 2310 et
1827 2255 2045 2309 ventris

400 2370 457 2419 et
487 2359 747 2416 libidinis
780 2372 957 2412 causa
977 2354 1417 2423 frequentantur
1444 2349 1485 2401 ⁸.
1513 2348 1569 2402 In
1600 2346 1697 2400 illa
1728 2342 2041 2414 injustitia.

400 2452 547 2517 Quid
580 2448 736 2504 enim
770 2442 1048 2513 injustius
1082 2458 1169 2506 ea,
1219 2456 1344 2510 quae
1370 2436 1616 2508 justitiaa
1651 2435 1879 2488 Patrem
1909 2447 2041 2485 nes-

400 2540 524 2596 cit?
554 2540 614 2594 In
648 2536 749 2591 illa
777 2534 953 2590 etiam
1013 2530 1259 2589 vanitas,
1320 2541 1502 2596 quum
1552 2528 1675 2578 tota
1721 2523 1849 2591 ejus
1896 2518 2044 2574 ratio

397 2646 548 2685 vana
577 2627 653 2682 sit
680 2642 693 2692 ;
720 2624 781 2678 in
814 2622 916 2676 illa
939 2616 1492 2681 mendacium,664
1524 2628 1707 2684 quum
1737 2616 1857 2666 tota
1873 2610 2045 2664 subs-

399 2717 586 2774 tantia
608 2715 736 2785 ejus
770 2711 1017 2766 mendax
1049 2706 1242 2761 sit.lta
1274 2705 1357 2767 fit,
1397 2711 1459 2757 ut
1487 2701 1685 2758 omnia
1716 2699 1773 2753 in
1808 2698 2046 2753 idolola-

399 2807 533 2875 tria,
565 2808 623 2859 et
660 2802 717 2857 in
751 2799 1026 2855 omnibus
1057 2792 1384 2851 idololatria
1415 2789 1910 2863 deprehendatur.
1934 2787 2044 2841 Sed

402 2900 460 2953 et
505 2894 648 2951 alias
677 2906 859 2962 quum
894 2886 1164 2941 universa
1192 2882 1403 2938 delicta
1431 2882 1710 2936 adversus
1734 2876 2045 2932 Dominum

404 2983 655 3056 sapiant,
711 2977 855 3034 nihil
912 2979 1106 3031 autem
1165 2973 1322 3044 quod
1370 2970 1651 3025 adversus
1686 2964 2045 3022 Dominum"

405 3054 616 3145 sapiat,
643 3086 757 3124 non
781 3063 1086 3121 daemoniis
1117 3066 1175 3115 et
1196 3057 1519 3113 immundis
1543 3056 1850 3127 spiritibus
1872 3054 2047 3124 depu-

403 3141 581 3226 tetur,
642 3158 858 3230 quibus
911 3151 1069 3208 idola
1154 3147 1569 3218 mancipantur
1620 3170 1634 3205 ς
1693 3145 1819 3199 sine
1869 3141 2048 3196 dubio

404 3247 795 3308 idololatriam
827 3240 1085 3299 admittit

405 3340 544 3396 facit
572 3335 728 3407 quod
759 3333 829 3387 ad
864 3329 1151 3385 idolorum
1187 3324 1486 3396 mancipes
1518 3322 1790 3394 pertinet.

1063 3440 1291 3497 CAPUT
1317 3438 1385 3494 Il.

479 3543 588 3599 Sed
651 3538 919 3594 universa
968 3528 1206 3586 nomina
1261 3525 1567 3583 criminem
1641 3523 1943 3579 discedant
1990 3523 2048 3577 in

410 3647 653 3706 operum
687 3640 927 3681 suorum
955 3617 1332 3693 proprietates
1357 3632 1369 3671 :
1395 3618 1693 3669 remaneat
1724 3612 2053 3667 idololatria

414 3701 472 3779 in
506 3738 570 3777 eo
604 3716 754 3791 quod
789 3715 915 3785 ipsa
945 3714 1071 3766 est:
1130 3706 1350 3762 sufﬁcit
1408 3704 1519 3758 sibi
1579 3708 1697 3757 tam
1743 3701 2049 3756 inimicum

412 3814 529 3869 Deo
556 3822 788 3871 nomen,
812 3809 928 3857 tam
962 3796 1220 3868 locuples
1245 3792 1577 3850 substantia
1607 3790 1889 3856 criminis,
1926 3806 2051 3862 quae

411 3907 498 3957 tot
525 3913 720 3955 ramos
752 3888 1140 3965 porrigit,tam
1172 3900 1348 3939 venas
1379 3881 1647 3936 defundit
1673 3880 1715 3950 ⁸,
1751 3884 1813 3934 ut
1843 3880 1914 3934 de
1945 3878 2053 3934 hoc

413 4007 547 4048 cum
572 3986 824 4043 maxime
842 3976 1088 4035 materia
1109 3978 1382 4044 suscepta
1395 3971 1492 4036 sit,
1516 3974 1661 4041 quot
1680 3968 1869 4023 modis
1884 3966 2053 4022 nobis

412 4075 784 4155 praecavenda
813 4069 890 4125 sit
915 4063 1257 4122 idololatriae
1276 4061 1549 4116 latitudo.
1575 4057 1858 4122 Quoniam
1895 4054 2053 4110 mul-

409 4146 667 4228 tifariam
701 4176 897 4219 servos
935 4155 1028 4212 Dei
1060 4171 1163 4210 nec
1192 4156 1423 4208 tantum
1448 4149 1734 4221 ignorata,
1756 4146 1853 4202 sed
1879 4146 2055 4200 etiam

412 4253 785 4315 dissimulata
816 4245 1120 4304 subvertit.
1155 4240 1422 4311 Plerique
1480 4235 1865 4293 idololatriam
1913 4234 2054 4289 sim-

411 4347 640 4420 pliciter
668 4338 1008 4398 existimant
1030 4330 1275 4387 hissolis
1298 4328 1486 4383 modis
1516 4325 2013 4396 interpretandam
2040 4339 2054 4381 :

413 4413 463 4493 ei
496 4434 629 4507 quis
661 4435 762 4486 aut
793 4424 1089 4487 incendat,
1151 4424 1251 4474 aut
1308 4416 1700 4482 immolet,aut
1744 4413 2055 4484 polluceat,

415 4501 529 4579 aut-
571 4522 757 4576 sacris
814 4511 1112 4585 aliquibus
1167 4512 1270 4563 aut
1317 4503 1662 4561 sacerdotiis
1713 4501 2052 4574 obligetur:

2147 564 2281 635 quis
2307 561 2618 634 impegerit
2659 559 2999 627 libidinose,
3038 562 3094 613 et
3124 557 3381 612 animam
3417 553 3799 610 commoverit

2146 652 2443 725 impudice
2475 650 2701 723 (lbid.):
2736 664 2867 703 cum
2902 645 3287 702 homicidium
3324 644 3500 699 etiam
3528 643 3590 697 in
3621 643 3795 699 verbo

2146 740 2445 799 maledicti
2482 739 2570 797 vel
2616 738 2857 795 convicii
2901 736 3133 808 judicat
3161 736 3202 800 θ,
3261 739 3318 789 et
3374 734 3432 788 in
3492 732 3654 787 omni
3688 734 3797 788 im-

2148 836 2282 903 petu
2304 830 2424 896 irae,
2458 834 2515 885 et
2574 829 2630 883 in
2692 825 3051 898 negligentia
3105 823 3368 879 caritatis
3424 822 3483 877 in
3536 823 3795 877 fratrem.

2145 923 2307 977 Sicut
2329 921 2505 991 (Joan.
2540 934 2625 987 ιιι,
2653 917 2736 987 15)
2794 914 3049 970 Joannes
3093 914 3259 968 docet
3289 910 3643 967 homicidam
3669 924 3799 965 esse

2149 1010 2248 1081 qui
2280 1008 2468 1065 oderit
2498 1004 3029 1074 fratrem.Alioquin
3066 1003 3123 1056 in
3159 1001 3387 1057 modico
3418 1000 3791 1065 consisteret,

2147 1104 2206 1154 et
2237 1097 2456 1153 diaboli
2489 1095 2791 1168 ingenium
2823 1094 2894 1148 de
2950 1089 3198 1159 malitia,
3234 1095 3290 1145 et
3331 1090 3425 1144 Dei
3489 1087 3717 1143 Domini
3754 1088 3799 1123 ¹⁰

2150 1189 2221 1243 de
2250 1184 2583 1257 disciplina,
2619 1199 2734 1255 qua
2777 1198 2883 1237 nos
2940 1180 3221 1236 adversus
3284 1177 3501 1234 diaboli
3532 1176 3798 1233 altitudi-

2150 1276 2312 1331 nes“
2347 1272 2774 1344 munit(Matth.
2806 1287 2858 1324 v.
2887 1269 2969 1339 Cf.
2996 1273 3162 1340 Apoc.
3194 1284 3248 1335 v,
3275 1267 3388 1337 24),
3442 1267 3491 1321 si
3536 1266 3594 1321 in
3628 1265 3724 1321 his
3756 1265 3799 1300 ¹²

2148 1368 2379 1421 tantum
2410 1361 2636 1417 delictis
2668 1361 3094 1430 judicaremur,
3144 1374 3270 1427 qua:
3300 1357 3477 1411 etiam
3530 1356 3801 1409 nationes

2150 1455 2530 1509 decreverunt
2559 1449 2931 1505 vindicanda.
2957 1448 3252 1511 Quomodo
3285 1442 3801 1513 abundabitjusti-

2150 1544 2232 1597 tia
2264 1551 2457 1596 nostra
2494 1557 2671 1610 super
2701 1538 2925 1594 scribas
2956 1542 3013 1591 et
3059 1535 3396 1608 pbarisszos,
3432 1539 3497 1589 ut
3522 1533 3800 1588 Dominus

2153 1630 2528 1703 praescripsit,
2577 1627 2686 1682 nisi
2721 1625 3141 1681 abundantiam
3175 1622 3521 1679 adversariae
3556 1622 3710 1693 ejus,
3743 1622 3798 1675 id

2152 1724 2241 1776 est
2269 1718 2570 1790 injustitiae
2601 1715 3073 1789 perspexerimus
3105 1713 3309 1778 ?Quod
3329 1712 3377 1768 si
3410 1717 3587 1783 caput
3607 1711 3802 1781 injus—

2152 1808 2291 1865 titia:
2323 1806 2657 1863 idololatria
2691 1810 2800 1871 est,
2832 1804 2995 1876 prius
3043 1808 3135 1858 est
3175 1802 3257 1858 uti
3308 1803 3591 1858 adversus
3621 1801 3803 1856 abun-

2160 1898 2422 1953 dantiam
2456 1894 2794 1951 idololatriae
2829 1892 3461 1966 prtemuniamur,dum
3496 1890 3661 1947 illam
3687 1907 3800 1947 non

2161 1987 2352 2042 solum
2387 1986 2441 2040 in
2484 1983 2816 2040 manifestis
2848 1980 3335 2052 recognoscimus.

2789 2123 3016 2179 CAPUT
3066 2124 3162 2177 ΙΙΙ.

2233 2235 2456 2290 Idolum
2491 2232 2830 2303 aliquandiu
2867 2236 3018 2285 retro
3070 2246 3183 2284 non
3241 2234 3385 2284 erat.
3442 2229 3797 2300 Priusquam

2159 2326 2337 2395 hujus
2369 2322 2613 2377 monstri
2645 2322 2896 2375 artiﬁces
2926 2318 3297 2384 ebullissent,
3331 2317 3457 2372 sola
3487 2317 3712 2388 templa
3750 2321 3810 2372 et

2156 2430 2351 2468 vacuae
2383 2412 2535 2467 aedes
2566 2417 2749 2479 erant,
2784 2408 2937 2464 sicut
2969 2407 3026 2461 in
3060 2408 3411 2463 hodiernum
3443 2407 3803 2479 quibusdam

2156 2501 2301 2557 locis
2328 2498 2640 2556 vetustatis
2683 2475 2925 2567 vestigia
2958 2501 3321 2567 permanent.
3371 2475 3585 2551 Tamen
3621 2475 3805 2550 idolo-

2157 2591 2327 2645 latria
2352 2589 2657 2659 agebatur,
2689 2603 2802 2641 non
2837 2586 2895 2640 in
2929 2585 3040 2640 isto
3092 2585 3350 2653 nomine,
3406 2585 3507 2639 sed
3571 2584 3627 2639 in
3688 2584 3803 2639 isto

2156 2695 2347 2751 opere.
2380 2678 2527 2732 Nam
2558 2681 2615 2732 et
2646 2675 2818 2730 hodie
2848 2680 3012 2730 extra
3042 2671 3325 2746 templum
3383 2678 3440 2728 et
3470 2674 3600 2728 sine
3640 2672 3797 2728 idolo

2156 2768 2244 2837 agi
2282 2770 2488 2839 potest.
2523 2767 2590 2820 At
2620 2763 2717 2819 ubi
2742 2763 2997 2819 artifices
3015 2766 3343 2817 statuarum
3366 2767 3423 2817 et
3445 2761 3798 2833 imaginum,

2155 2861 2213 2913 et
2241 2856 2434 2913 omnis
2466 2854 2697 2926 generis
2756 2852 3203 2908 simulacrorum
3264 2851 3531 2906 diabolus
3590 2851 3804 2906 smculo

2154 2945 2525 3012 intulit,rude
2544 2944 2693 2999 665
2714 2940 2860 2996 illud
2884 2940 3183 3012 negotium
3202 2939 3476 2994 humanas
3496 2938 3799 2994 calamitat

2154 3037 2316 3101 tis,et
2346 3048 2554 3089 nomen
2577 3032 2648 3086 de
2664 3029 2835 3085 idolis
2860 3033 3246 3085 consecutum
3265 3031 3436 3098 est,et
3454 3026 3805 3099 profectum.

2157 3124 2375 3179 Exinde
2398 3123 2522 3193 jam
2549 3123 2728 3191 caput
2760 3120 2909 3173 facta
2940 3124 3031 3173 est
3077 3116 3419 3172 idololatriae
3469 3132 3566 3170 ars
3614 3114 3807 3171 omnis

1092 3204 1449 3310 ,quicunéue
1470 3231 1877 3304 ἀειίηεμιίιείά
1893 3230 2047 3285 enim
2082 3217 2124 3286 C
2163 3208 2868 3310 quaeidolummquomodo
2899 3206 3037 3310 ed‘it.
3070 3206 3269 3277 Neque
3329 3205 3483 3260 enim
3535 3204 3801 3269 interest,

2159 3319 2231 3357 an
2264 3298 2484 3372 plastes
2508 3298 2848 3368 efﬁngat,an
2882 3294 3113 3350 cmlator
3133 3292 3535 3366 exsculpat,an
3560 3292 3806 3365 phrygio

2157 3391 2426 3445 detexat:
2460 3386 2599 3458 quia
2630 3401 2735 3440 nec
2762 3384 2833 3439 de
2865 3382 3111 3439 materia
3141 3382 3339 3452 refert,
3373 3398 3445 3436 an
3494 3396 3695 3453 gypso,
3731 3397 3805 3435 an

2158 3478 2472 3542 coloribus,
2508 3493 2579 3529 an
2614 3473 2828 3544 lapide,
2855 3489 2927 3526 an
2960 3487 3091 3537 mre,
3154 3488 3225 3525 an
3278 3474 3540 3541 argento,
3600 3486 3674 3525 an
3708 3468 3808 3524 filo

2161 3570 2442 3623 formetur
2472 3563 2712 3619 idolum.
2747 3561 2989 3627 Quando
3012 3560 3166 3615 enim
3200 3564 3256 3615 et
3277 3559 3399 3614 sine
3432 3558 3586 3614 idolo
3619 3558 3809 3614 idolo-

2161 3657 2331 3712 latria
2362 3655 2481 3718 ﬁat,
2517 3652 2716 3724 utique
2747 3667 2880 3706 cum
2929 3651 3095 3705 adest
3125 3648 3345 3703 idolum
3380 3647 3525 3701 nihil
3557 3649 3809 3703 interest

2160 3745 2331 3818 quale
2363 3743 2459 3807 sit,
2493 3758 2610 3813 qua
2639 3742 2709 3795 de
2741 3738 3003 3804 materia,
3036 3754 3153 3809 qua
3182 3738 3253 3791 de
3281 3736 3470 3806 efﬁgie
3500 3738 3565 3805 ‘3,
3603 3752 3673 3790 ne
3699 3735 3807 3807 qui

2161 3839 2325 3909 putet
2347 3832 2403 3887 id
2437 3831 2626 3886 solum
2670 3828 2892 3883 idolum
2943 3827 3303 3891 habendum,
3354 3826 3507 3896 quod
3542 3825 3812 3881 humana

2160 3922 2351 3995 efﬁgie
2382 3921 2459 3975 sit
2488 3924 2913 3975 consecratum.
2945 3916 3027 3970 Ad
3080 3915 3189 3969 hoc
3234 3912 3561 3969 necessaria
3586 3920 3676 3969 est
3708 3932 3809 3970 vo-

2161 4010 2354 4068 cabuli
2388 4006 2793 4080 interpretatio
2819 4024 2831 4061 :
2860 4000 3005 4063 εἶδος
3063 4007 3256 4058 Graece
3314 4003 3559 4058 formam
3584 4008 3763 4059 sonat
3796 4028 3812 4071 ;

2164 4102 2234 4157 ab
2277 4117 2343 4156 eo
2402 4115 2506 4170 per
2563 4094 3011 4151 diminutionem
3071 4093 3115 4128 ¹⁴
3170 4088 3399 4145 εἴδωλον
3462 4092 3813 4161 deductum,

2164 4206 2326 4263 aeque
2352 4187 2506 4260 apud
2542 4201 2649 4240 nos
2682 4181 2992 4239 formulam
3025 4181 3178 4237 fecit.
3204 4182 3387 4252 igitur
3405 4180 3596 4236 omnis
3627 4181 3817 4238 forma

2162 4279 2250 4335 vel
2286 4275 2537 4333 formula
2585 4273 2808 4329 idolum
2867 4288 2930 4327 se
2987 4271 3102 4326 dici
3144 4270 3424 4342 exposcit.
3460 4271 3602 4326 lnde
3633 4270 3819 4327 idolo-

2165 4367 2337 4423 latria
2394 4364 2586 4422 omnis
2649 4362 2804 4417 circa
2857 4377 3031 4416 omne
3101 4359 3319 4416 idolum
3378 4358 3699 4415 famulatus
3760 4365 3819 4416 et

2166 4455 2438 4513 servitus.
2476 4453 2615 4508 Inde
2641 4455 2697 4507 et
2725 4450 2918 4505 omnis
2963 4448 3103 4504 idoli
3156 4448 3384 4517 artifex,
3439 4448 3708 4518 ejusdem
3759 4454 3819 4504 et

2168 4546 2344 4601 unius
2370 4548 2459 4599 est
2486 4540 2783 4597 criminis:
2817 4538 2927 4594 nisi
2969 4554 3176 4610 parum
3209 4536 3597 4592 idololatriam
3632 4555 3817 4610 popu-

415 4607 914 4685 quemadmodum
966 4600 1015 4655 si
1072 4597 1206 4670 quis
1256 4593 1547 4650 existimet
1605 4590 1956 4646 adulterium
1997 4591 2058 4645 in
2091 4593 2137 4659 1)
2172 4590 2344 4601 “""'”
2371 4590 2459 4643 "ﬁ
2489 4590 2788 4643 .'"""j"“.
2819 4590 2927 4594 "“‘
2970 4590 3351 4637 r‘“‘*';";’
3634 4590 3795 4637 r'rﬁ

565 4698 573 4702 ,
730 4701 734 4702 ,
777 4695 787 4702 ,
1010 4688 1021 4702 ,
1107 4688 1137 4702 .,
1333 4689 1342 4702 ,
1516 4682 1632 4702 ,___
1704 4680 1890 4702 “__,_
1928 4697 2024 4702 Au
2168 4635 2261 4691 lus
2293 4634 2552 4701 admisit,
2578 4647 2716 4702 quia
2743 4627 3128 4684 simulacrum
3158 4626 3352 4695 v1tuli,
3394 4634 3447 4681 et
3488 4643 3603 4681 non
3636 4627 3825 4682 hom!-

416 4698 655 4768 osculis,
689 4701 744 4752 et
775 4695 831 4749 in
869 4688 1260 4761 amplexibus,
1293 4689 1352 4739 et
1397 4684 1453 4737 in
1516 4682 1642 4753 ipsa
1699 4680 1892 4736 carnis
1924 4697 2061 4735 con-

416 4787 719 4864 gressione
774 4779 1177 4839 censendum:
1236 4779 1338 4829 aut
1378 4770 1763 4828 homicidium
1822 4769 1880 4823 in
1937 4768 2063 4825 sola

417 4859 728 4949 sanguinis
763 4868 1121 4944 profusione,
1153 4868 1212 4919 et
1242 4863 1299 4917 in
1327 4860 1534 4917 animae
1566 4859 1862 4930 ereptione
1892 4875 2062 4930 repu-

418 4947 663 5024 tandum
695 4960 908 5034 (Matth.
955 4973 1007 5024 v,
1037 4955 1150 5026 22).
1216 4956 1286 5006 At
1334 4949 1488 5005 enim
1551 4947 1836 5003 Dominus
1886 4962 2061 5017 quam

420 5054 717 5113 extensius
749 5051 863 5106 ista
891 5047 1165 5117 disponat
1194 5041 1336 5097 certi
1388 5054 1622 5107 sumus,
1654 5053 1786 5091 cum
1835 5034 2064 5090 adulte-

2172 4722 2263 4779 nis
2293 4721 2407 4779 sibi
2427 4718 2781 4776 consecravit
2797 4760 2810 4772 .

2810 4830 3041 4888 CAPUT
3081 4829 3170 4886 1V.

2246 4943 2472 4999 Idolum
2529 4946 2644 4997 tam
2680 4939 2827 5007 ﬁeri,
2888 4954 3066 5011 quam
3127 4936 3260 5003 coli,
3321 4938 3471 4991 Deus
3528 4938 3824 5009 prohibet.

2175 5036 2401 5099 Quanto
2431 5030 2707 5104 praecedit
2735 5034 2802 5084 ut
2831 5028 2932 5083 ﬁat
2962 5028 3041 5094 (1)
3072 5027 3227 5097 quod
3278 5026 3388 5081 coli
3420 5028 3632 5098 possit,
3662 5033 3827 5083 tanto

1845 5180 2048 5242 Variae
2077 5179 2396 5241 lectiones.

492 5328 515 5361 ⁸
545 5327 603 5381 In
636 5326 785 5380 abest
816 5323 937 5389 Rig.
964 5319 985 5353 ⁸
1013 5317 1145 5389 Jam
1170 5311 1262 5367 his
1290 5324 1451 5389 aeque
1476 5312 1610 5389 μιῇ.
1634 5306 2304 5389 fl’requententurﬂig.
2340 5297 3083 5389 7ﬁDeu‘rpﬂ-j—‘Deurnfl‘ip;
3118 5295 3403 5389 Diffup‘dit
3431 5297 3632 5389 W.0uw.
3652 5298 3824 5389 ἕλε.

422 5402 444 5436 ⁹
466 5368 937 5455 Ιηᾶἷοξίῖίιγίί’ῗά
967 5368 1277 5444 Dominum
1306 5368 1437 5439 Ιὰη.
1473 5384 1515 5416 ίί
1551 5368 1882 5435 Latitudine
1918 5379 2113 5436 Wouw.
2136 5377 2203 5433 Μ.
2239 5368 2321 5446 3.,
2356 5375 2472 5447 Rig.
2509 5376 2553 5410 ¹²
2576 5374 2637 5431 Si
2675 5372 2769 5428 his
2796 5371 2920 5426 alii.
2955 5372 2996 5411 ¹ι
3020 5372 3214 5435 Quave
3243 5368 3437 5439 efﬁgie
3462 5370 3592 5424 Jun.
3652 5372 3694 5405 “
3726 5370 3831 5424 De-

427 5469 818 5527 minutionem
848 5466 975 5521 Jun.
1007 5477 1077 5515 ea:
1102 5458 1168 5513 Μ.
1200 5456 1257 5511 3.
1297 5495 1323 5514 ι

1880 5546 2406 5612 Commentarius.

496 5692 811 5765 (l)Quanto
868 5680 1105 5765 praeverti
1161 5682 1219 5733 ut
1267 5675 1389 5765 Ital.
1428 5670 2068 5765 ‘ljocusL'nLo‘tatissimus

428 5741 1015 5835 ut‘iti'aé'ﬁanduam
1050 5755 1185 5830 jure
1215 5741 1470 5808 naturali
1498 5743 1833 5821 prohibitus
1862 5741 2071 5819 imagi-

2180 5684 2283 5723 nes
2305 5665 2422 5722 veri
2459 5666 2574 5721 Dei.
2614 5668 2817 5736 Itaque
2849 5663 2920 5717 ab
2950 5659 3111 5736 omni
3142 5675 3283 5726 aevo,
3345 5659 3415 5736 ab
3467 5659 3597 5736 ipso
3645 5661 3830 5715 Admo

2180 5739 2375 5819 potuit
2401 5737 2529 5799 ﬁeri
2560 5730 2753 5813 imago
2786 5736 2885 5797 Dei
2915 5739 2983 5797 ut
3012 5731 3325 5794 coleretur.
3370 5730 3562 5813 Hujus
3593 5736 3833 5793 sentcn-
