4106 6178
241 330 353 392 741

1598 322 1699 420 nn
1743 320 2289 387 lDOLOLA'l‘RIA.

3533 340 3652 400 742

242 463 408 536 prius
437 464 547 530 est,
582 476 653 515 ne
686 460 805 527 fiat,
839 458 888 513 si
922 453 1030 514 coli
1063 475 1177 513 non
1230 456 1383 513 licet.
1447 462 1689 529 Propter
1743 458 1893 513 hanc
1924 460 1978 526 Α
2008 457 2174 513 lium.
2212 456 2389 513 Isaias
2422 474 2554 514 vero
2578 459 2705 528 (Isa.
2740 476 2890 530 κων,
2940 462 2995 533 8)
3057 478 3068 517 :
3132 465 3319 535 Testes,
3381 469 3486 538 ait,
3542 489 3649 528 non

243 568 506 617 causam,
558 552 631 606 ad
660 548 1093 619 ,eradicandam
1126 547 1348 604 scilicet
1379 548 1679 603 materiam
1707 548 1890 603 idolo-

245 640 449 711 latriae,
511 640 601 696 lex
656 638 853 693 divina
908 636 1233 710 proclamat
1309 637 1493 709 (Exod.
1549 654 1728 701 xxxu,
1790 641 1895 693 Le-

246 732 341 786 vit.
392 747 544 799 xxvr,
597 730 649 795 1,
702 732 865 783 Deut.
899 745 956 795 ν,
987 728 1041 793 8)
1077 744 1089 780 :
1124 728 1199 782 Ne
1227 728 1422 798 feceris
1453 726 1666 782 idolum
1696 727 1793 798 (2).
1828 718 1897 782 Et

247 821 613 891 conjungens
645 816 841 890 (Exod.
870 833 963 882 xx,
994 816 1071 888 8),
1115 832 1289 888 neque
1332 816 1760 872 similitudinem
1806 833 1894 872 eo-

246 926 371 964 rum
420 924 540 979 quae
591 909 651 962 iu
696 908 829 963 ccelo
877 910 1025 975 sunt,
1086 910 1136 961 et
1163 920 1288 976 quae
1317 908 1568 971 interra,
1602 915 1652 960 et
1681 920 1806 977 qua
1837 907 1896 959 in

245 1000 415 1055 mari.
476 1001 617 1052 Toto
676 996 896 1051 mundo
954 994 1241 1065 ejusmodi
1302 995 1528 1051 artibus
1602 994 1897 1049 interdixit

248 1088 435 1145 servis
467 1086 588 1142 Dei.
623 1088 1025 1141 Antecesserat
1058 1084 1100 1120 ιδ
1124 1084 1446 1156 praedicens
1471 1083 1662 1139 Enoch
1705 1084 1749 1120 ¹⁶
1799 1083 1895 1155 (3),

248 1177 447 1235 omnia
504 1175 815 1246 elementa,
876 1190 1109 1230 omnem
1169 1172 1374 1229 mundi
1427 1188 1665 1228 sensum
1701 1174 1897 1243 “quae

249 1268 412 1334 cmio,
448 1283 579 1337 quae
612 1265 781 1331 mari,
815 1281 941 1335 quas
992 1267 1149 1318 terra
1204 1263 1597 1330 continentur,
1656 1262 1715 1317 in
1773 1260 1897 1317 ido-

250 1356 482 1412 latriam
543 1355 696 1409 666
754 1369 1024 1409 versuros
1085 1353 1383 1408 daemonas
1437 1357 1494 1407 et
1526 1352 1768 1423 spiritus
1801 1352 1898 1407 de-

250 1451 543 1501 sertorum
578 1444 939 1514 angelorum,
974 1446 1037 1496 ut
1062 1457 1165 1511 pro
1212 1440 1327 1496 Deo
1380 1442 1659 1496 adversus
1704 1440 1898 1495 Domi-

252 1551 395 1590 num
428 1537 932 1590 consecrarentur.
969 1531 1181 1586 Omnia
1214 1529 1393 1601 igitur
1425 1528 1563 1586 colit
1606 1530 1901 1585 humanus

250 1641 431 1692 error,
466 1626 675 1695 printer
703 1620 896 1692 ipsum
936 1620 1203 1675 omnium
1255 1619 1637 1675 conditorem.
1691 1620 1902 1674 Eorum

249 1712 544 1784 imagines
595 1709 774 1776 idola,
824 1709 1153 1781 imaginum
1206 1710 1565 1764 consecratio
1609 1708 1900 1765 idolatria.

251 1800 550 1873 Quidquid
603 1798 874 1854 idolatria
920 1797 1257 1863 committit,
1291 1798 1348 1851 in
1384 1796 1665 1852 artiﬁcem
1697 1813 1902 1868 quem-
1934 1837 1983 1903 B

252 1906 486 1963 cunque
516 1893 575 1945 et
631 1890 1040 1960 cujuscunque
1099 1886 1239 1943 idoli
1297 1886 1613 1957 deputetur
1669 1902 1908 1943 necesse

254 1985 370 2037 est.
402 1978 660 2049 Denique
709 1976 866 2032 idem
916 1975 1111 2031 Enoch
1164 1975 1343 2031 simul
1391 1980 1448 2030 et
1479 1975 1734 2031 cultores
1766 1974 1907 2031 idoli

253 2075 308 2124 et
344 2068 723 2124 fabricatores
768 2067 823 2121 in
886 2064 1336 2121 comminatione
1396 2065 1778 2135 prmdamnat.
1838 2066 1909 2119 Et

254 2176 463 2213 rursus
505 2158 546 2191 ¹⁸
599 2174 611 2211 :
663 2157 806 2211 Juro
855 2155 1019 2210 vobis
1070 2157 1422 2225 peccatores,
1473 2154 1627 2225 quod
1659 2153 1716 2207 in
1751 2154 1905 2209 diem

253 2247 566 2320 sanguinis
601 2247 645 2283 1°
673 2246 1019 2318 perditionis
1050 2244 1393 2318 pmnitentia
1422 2248 1625 2316 parata
1654 2249 1761 2300 est.
1798 2244 1902 2307 Qui

250 2336 486 2394 servitis
517 2335 835 2408 lapidibus,
868 2339 924 2390 et
968 2334 1068 2406 qui
1120 2334 1406 2405 imagines
1458 2332 1647 2388 facitis
1697 2350 1905 2387 aureas

249 2433 303 2482 et
333 2431 661 2499 argenteas,
694 2429 753 2481 et
782 2424 1028 2496 ligneas,
1057 2427 1115 2479 et
1143 2423 1423 2494 lapideas,
1460 2426 1515 2477 et
1566 2420 1775 2477 fictiles
1848 2426 1906 2476 et

248 2515 482 2571 servitis
534 2511 1071 2586 pbsntasmatibus,
1122 2514 1178 2566 et
1230 2510 1556 2576 daemoniis,
1589 2516 1646 2566 et
1678 2511 1903 2582 spiriti-

250 2606 363 2659 bus
398 2604 720 2657 infamibus
746 2603 792 2637 ²⁰
821 2602 920 2674 (4),
955 2605 1011 2656 et
1041 2599 1316 2655 omnibus
1346 2599 1642 2655 erroribus
1674 2616 1785 2655 non
1821 2616 1904 2655 se-

249 2694 512 2747 cundum
547 2691 875 2747 scientiam.
910 2688 1138 2744 nullum
1172 2689 1243 2744 ab
1280 2688 1351 2744 iis
1384 2688 1693 2744 invenietis
1738 2688 1902 2743 auxi-

2000 563 2090 630 ues
2138 548 2285 610 estis,
2340 548 2387 602 si
2434 556 2509 603 est
2563 553 2708 604 Deus
2738 551 2941 622 absque
2969 568 3073 607 me.
3108 555 3171 608 Et
3202 572 3307 611 non
3341 567 3500 614 erant
3528 569 3657 618 tunc

2003 639 2099 709 qui
2126 638 2339 709 ﬁngunt
2370 646 2421 693 et
2464 639 2785 710 exculpunt,
2836 657 3021 697 omnes
3076 644 3227 709 vani,
3284 648 3383 718 qui
3433 650 3658 719 faciunt

2005 727 2170 782 libita
2218 728 2350 797 sibi,
2401 743 2521 798 qua?
2578 727 2699 783 illis
2750 746 2853 785 non
2899 731 3229 801 proderunt.
3284 734 3350 790 Et
3385 738 3657 813 deinceps

2006 820 2128 871 tota
2161 815 2260 871 illa
2291 818 2714 887 pronuntiatio,
2747 836 2863 889 qua
2895 820 2950 874 in
2984 822 3259 892 artifices,
3293 841 3409 896 qua
3441 827 3498 882 in
3531 832 3652 886 cul-

2007 909 2162 960 tores
2193 905 2535 977 detestatur,
2556 905 2723 979 cujus
2756 908 3019 965 clausula
3048 915 3137 965 est
3166 912 3300 983 (Isa.
3333 932 3482 985 κων,
3514 918 3605 989 20)
3641 936 3654 974 :

2009 993 2323 1063 Caguoseite
2352 995 2493 1066 quod
2522 998 2664 1051 cinis
2693 999 2760 1052 sit
2786 1013 2880 1053 cor
2909 1000 3154 1068 illorum,
3186 1007 3237 1058 et
3266 1009 3457 1060 errant
3485 1007 3526 1042 ²¹
3581 1008 3658 1080 (5)

2008 1087 2057 1138 et
2082 1099 2237 1138 nemo
2267 1085 2516 1139 animam
2543 1102 2701 1140 suam
2730 1086 2971 1143 liberare
2996 1091 3186 1160 possit.
3241 1092 3344 1148 Ubi
3394 1094 3441 1128 ²²
3492 1112 3654 1167 aeque

2010 1172 2209 1238 David,
2260 1174 2321 1227 Et
2369 1174 2507 1230 tales
2556 1176 2601 1211 ³³
2637 1176 2793 1246 ﬁant,
2854 1177 3062 1249 inquit,
3112 1183 3210 1251 qui
3230 1185 3452 1253 faciunt
3477 1203 3547 1242 ea
3577 1188 3653 1259 (6)

2006 1262 2181 1334 (Psal.
2242 1280 2392 1333 cxm,
2451 1265 2503 1335 8)
2588 1264 2654 1319 Et
2710 1265 2849 1336 quid
2910 1283 3015 1339 ego
3076 1271 3314 1327 modicae
3367 1276 3657 1333 memoriae

2011 1350 2235 1406 homo?
2286 1351 2441 1407 ultra
2490 1352 2628 1423 quid
2686 1357 3043 1426 suggeram?
3096 1359 3237 1428 quid
3284 1363 3536 1418 reculam
3590 1367 3659 1422 de

2011 1440 2381 1510 Scripturis?
2410 1442 2578 1511 quasi
2611 1447 2711 1495 aut
2760 1460 2873 1497 non
2936 1445 3191 1500 sufficiat
3242 1466 3348 1503 vox
3404 1452 3661 1523 Spiritus

2012 1530 2222 1594 sancti,
2251 1530 2537 1597 autJiltra
2568 1531 3009 1587 deliberandum
3044 1537 3139 1603 sit,
3175 1554 3244 1591 an
3299 1539 3665 1598 maledixerit

2013 1623 2187 1689 atque
2244 1619 2611 1675 damnaverit
2660 1620 2944 1677 Dominus
2994 1622 3153 1693 ipsos
3198 1626 3360 1696 prius
3405 1631 3661 1690 artifices

2015 1723 2236 1777 eorum,
2271 1724 2517 1778 quorum
2551 1708 2802 1765 cultores
2835 1711 3131 1767 maledicit
3160 1720 3216 1769 et
3246 1716 3531 1775 damnat?

2672 1853 2905 1909 CAPUT
2937 1854 2999 1909 V.

2091 1975 2264 2031 Plane
2297 1976 2624 2047 impensius
2657 1977 3142 2049 respondebimus
3165 1983 3234 2035 ad
3259 1987 3664 2048 excusationes

2017 2066 2163 2121 667
2204 2065 2543 2135 hujusmodi
2574 2065 2885 2133 artificum,
2920 2084 3067 2138 quos
3099 2087 3400 2143 nunquam
3451 2077 3509 2131 in
3561 2079 3661 2134 do-

2018 2173 2180 2209 mum
2217 2154 2309 2209 Dei
2340 2154 2567 2209 admitti
2603 2160 2849 2225 oportet,
2884 2156 2931 2210 si
2964 2158 3097 2228 quis
3128 2177 3252 2215 eam
3289 2162 3661 2236 disciplinam

2018 2245 2189 2298 norit.
2221 2244 2351 2298 Jam
2385 2242 2484 2297 illa
2515 2243 2683 2314 objici
2714 2244 2884 2299 solita
2916 2263 3019 2299 vox
3053 2263 3063 2301 :
3098 2248 3219 2304 Non
3274 2250 3455 2309 habeo
3505 2255 3664 2312 aliud

2016 2350 2131 2405 quo
2177 2332 2364 2387 vivam
2416 2333 2512 2401 (7).
2568 2332 2899 2389 Districtius
2948 2339 3234 2406 repercuti
3286 2345 3476 2411 potest
3528 2346 3662 2400 :vi-

2013 2439 2143 2477 verc
2195 2438 2329 2493 ergo
2389 2421 2591 2476 habes.
2654 2422 2802 2485 Quid
2846 2422 2949 2476 tibi
3001 2441 3133 2480 cum
3178 2426 3291 2483 Deo
3324 2436 3431 2498 est,
3466 2432 3512 2488 si
3544 2436 3663 2491 tuis

2015 2511 2241 2583 legibus
2273 2511 2318 2544 9‘
2342 2510 2369 2565 ?
2391 2511 2539 2565 Tum
2572 2510 2722 2580 quod
2755 2515 2813 2565 et
2842 2512 2911 2566 de
2945 2512 3257 2585 Scriptoris
3306 2520 3524 2575 audent
3568 2540 3663 2578 ar-

2015 2598 2344 2671 gumentari
2377 2598 2474 2669 (8),
2509 2598 2725 2653 dixisse
2757 2600 3110 2669 apostolum,
3130 2606 3189 2657 ut
3221 2607 3461 2678 quinque
3488 2612 3664 2681 fuerit

2016 2691 2290 2757 inventus,
2320 2689 2405 2742 ita
2430 2693 2477 2741 et
2507 2695 2814 2757 perseveret
2844 2688 2889 2759 (1
2921 2688 3159 2760 Cor.vu,
3193 2694 3303 2765 28).
3340 2699 3664 2757 Possumus

1682 2842 1888 2901 Varias
1936 2840 2260 2902 lectiones.

1193 2966 1234 3001 ¹⁶
1264 2964 1459 3020 Enoch
1492 2965 1640 3021 abest
1672 2968 1854 3020 Paris.

672 3040 716 3073 ¹⁹
746 3037 1066 3108 Sanguinis
1095 3040 1152 3091 et
1174 3037 1302 3092 Jun.

334 2970 377 3010 1⁵
406 2967 573 3022 Enim
608 2967 714 3022 hoc
743 2966 881 3021 add.
917 2970 1087 3022 Fran.

258 3041 406 3097 Juro
439 3042 565 3096 Jun.

1964 2968 2005 3001 ¹⁷
2037 2966 2289 3020 Censum
2337 2962 2491 3027 Jun.,
2542 2960 2757 3018 Ciaeon.

1409 3038 1455 3071 ²⁰
1482 3038 1725 3092 Infamis
1757 3038 1942 3092 Paris.
1972 3039 2100 3093 Jun.
2125 3054 2146 3097 ;
2178 3035 2401 3089 insanis
2435 3036 2667 3089 Wouw.
2702 3034 2767 3087 M.
2801 3034 2856 3090 S.

2864 2964 2907 2997 1⁸
2957 2966 3322 3044 Praedamnat
3370 2989 3612 3044 prorsus
3650 2995 3664 3035 :

2961 3036 3004 3113 ξ’
3036 3038 3215 3113 Terra
3247 3036 3387 3113 Βίρῖ
3474 3047 3520 3080 ﬂ
3571 3051 3666 3105 Uti

256 3114 390 3168 Jun.
468 3112 513 3145 ²³
545 3111 814 3167 Factores
846 3105 971 3165 add.
1003 3112 1130 3165 Jun.
1164 3109 1475 3179 Paris.Rig.
1553 3110 1599 3145 ³⁸
1626 3110 1711 3164 Sit
1740 3111 1826 3164 vis
1858 3109 1975 3164 tuis
2006 3108 2235 3180 legibus
2267 3106 2389 3161 Cod.
2424 3106 2626 3162 Wouw.
2655 3106 2743 3161 Fit
2770 3105 2857 3162 vis
2888 3107 3006 3164 tuis
3036 3108 3265 3183 legibus
3296 3105 3452 3172 Fuln.
3484 3120 3667 3178 Ursin.

1693 3241 2214 3305 Commentarius.

250 3372 346 3426 tiae
378 3370 713 3441 laudandus
744 3368 1146 3423 Tertullianus
1188 3368 1295 3424 hoc
1344 3368 1469 3423 loco
1524 3386 1538 3425 :
1592 3371 1903 3440 puritatem
1937 3375 1979 3441 ρ

247 3445 412 3500 enim
467 3440 745 3512 temporis
796 3441 852 3494 in
909 3446 1159 3510 utraque
1190 3440 1517 3512 constituit.
1549 3446 1713 3497 Sicut
1746 3441 1906 3497 nullo

246 3532 366 3570 aevo
398 3511 739 3585 potuitiieri
795 3512 949 3585 quod
1007 3529 1122 3585 non
1175 3513 1365 3585 potuit
1411 3511 1570 3579 coli;
1617 3513 1697 3567 ita
1746 3513 1908 3585 omni

246 3604 369 3642 aevo
396 3583 584 3657 potuit
610 3584 734 3657 ﬁeri
769 3583 921 3657 quod
959 3584 1149 3657 potuit
1180 3584 1407 3657 coli.An
1441 3599 1574 3657 vero
1596 3584 1732 3655 jure
1763 3584 1908 3639 scri-

247 3664 355 3731 pto
400 3656 456 3710 id
508 3656 756 3731 vetitum
798 3656 1041 3731 Judgeis,
1090 3656 1421 3731 desident“:
1477 3656 1759 3731 doctores
1792 3658 1907 3731 duo

246 3726 354 3785 invi
394 3730 570 3792 huius
600 3726 953 3795 gravissimi,
994 3726 1289 3796 Vasquius
1336 3728 1591 3781 at'tirmat
1643 3728 1907 3798 prohibi-

251 3799 678 3925 ium,LSoarius
714 3803 918 3868 negat;
971 3803 1262 3868 postremo
1312 3798 1503 3853 haereo
1552 3815 1656 3869 ego
1710 3804 1905 3853 tantu-

282 3890 374 3925 us.
459 3887 543 3924 ac.

362 3914 374 3925 .
413 3890 543 3925 hAC.

254 3874 543 4013 [$51132
590 3940 785 4013 feceris
840 3938 1209 4013 idolum.__t_\d
1270 3940 1512 4013 verbum
1582 3937 1904 4013 transtulit,

255 4005 402 4070 cum
428 4005 663 4082 vulgato
695 4011 1031 4081 interprete,
1070 4010 1227 4065 LXX.
1276 4011 1467 4066 Graece
1493 4016 1603 4082 est
1653 4005 1904 4075 εἴδωλον)

256 4084 764 4158 quemadmodum
798 4083 942 4136 etB.
973 4082 1449 4158 Cyprianus__cap.
1488 4081 1589 4137 lib.
1626 4098 1641 4134 ι
1671 4082 1739 4158 de
1782 4083 1907 4158 lia:-

254 4151 401 4212 Iiort.
454 4161 645 4221 mart.,
697 4170 815 4224 qua
861 4151 1126 4208 versione
1171 4152 1495 4223 explicatur
1524 4169 1694 4208 verus
1727 4151 1907 4224 hujus

252 4230 369 4285 loci
405 4244 635 4294 sensus,
669 4224 741 4296 de
773 4241 889 4296 quo
923 4229 1141 4280 Auctor
1172 4224 1349 4279 latius
1381 4223 1557 4296 Ιὶῡηιι
1589 4224 1717 4278 adv.
1756 4223 1907 4278 Mar-

250 4304 490 4368 cionem,
526 4298 623 4352 ubi
664 4294 858 4351 locum
910 4296 1088 4366 hujus
1134 4296 1444 4366 Scriptura
1496 4294 1911 4368 interpretatur

251 4376 325 4428 de
361 4366 699 4439 maginibus
731 4367 1074 4423 idololatriae
1104 4367 1502 4422 substantiam
1553 4366 1908 4421 continenti-

251 4448 389 4501 bus.
454 4442 577 4497 Uno
632 4444 827 4494 autem
886 4441 1082 4506 verba,
1132 4448 1188 4493 et
1232 4454 1355 4509 quae
1399 4441 1460 4493 in
1500 4441 1672 4499 mari.
1706 4455 1808 4510 pro
1840 4454 1907 4493 eo

253 4516 416 4589 quod
449 4512 751 4589 exGrieco
780 4510 1063 4589 alii‘recte
1113 4512 1517 4589 transferunt:
1557 4532 1576 4559 α
1635 4511 1702 4565 Et
1750 4527 1903 4580 quaa-

255 4581 496 4656 eunque
527 4584 586 4638 in
618 4583 789 4653 aquis
820 4581 929 4656 sub
962 4586 1193 4656 terra}
1233 4585 1380 4656 PA_M.

331 4650 415 4728 (3)
443 4650 814 4728 Antecesserat
842 4653 1041 4728 Enoch.
1078 4653 1249 4708 Liber
1296 4652 1513 4720 Enoch,
1555 4651 1647 4707 cui
1699 4650 1907 4728 titulus

256 4723 551 4785 duodecim
594 4725 1038 4795 patriarcharum
1072 4730 1478 4789 testamentum,
1513 4739 1663 4795 saepe
1694 4723 1908 4795 nitatur

259 4804 337 4857 ab
371 4793 626 4871 Origine,
664 4797 959 4871 Procopio,
991 4796 1377 4871 Tertullinus,
1425 4799 1483 4849 et
1529 4794 1679 4871 aliis.
1730 4793 1913 4871 Multa

256 4875 340 4929 ibi
380 4865 655 4927 vaticinia
683 4869 754 4922 de
801 4865 1119 4924 sceleribus
1173 4868 1542 4923 Hebraeorum
1598 4870 1653 4919 et
1706 4865 1910 4934 pcenis,

256 4947 536 5015 interque
586 4939 687 4994 illa
732 4944 856 5015 turn
898 4943 956 4993 et
986 4938 1512 5015 boepropagandas
1546 4953 1648 5007 per
1678 4936 1910 5015 univer:

256 5033 402 5073 sum
435 5006 722 5069 terrarum
757 5011 953 5065 orbem
997 5006 1625 5066 idolatriiefJactatum
1659 5013 1715 5062 et
1768 5006 1913 5061 illud

247 5088 437 5157 vulgo
468 5087 541 5157 de
572 5081 803 5157 duabus
837 5080 1418 5157 columnis,lapidea:
1454 5096 1587 5157 quis
1617 5078 1917 5157 resisteret

249 5149 436 5232 aquis
471 5174 483 5211 :
518 5153 794 5217 lateritia,
824 5170 948 5225 quzn
1002 5149 1278 5225 ignibus;
1329 5154 1388 5208 in
1438 5149 1654 5225 quibus
1701 5149 1913 5205 inclusi

251 5231 402 5288 libri
430 5229 611 5288 hujus
642 5224 767 5279 viri.
807 5225 929 5281 Lac.

283 5242 402 5286 lbl‘i
433 5242 611 5286 DUJUS
642 5242 767 5279 Vll‘l.
807 5242 929 5281 LAC.

327 5248 402 5288 ›ι·ι
434 5245 611 5299 nujus
642 5245 767 5279 Vll‘l.
807 5245 929 5281 mc.

327 5302 520 5373 (ιιλιῃ
566 5298 861 5373 spiritibus
906 5296 1238 5373 infantibus._
1281 5296 1339 5373 In
1390 5295 1515 5373 ced.
1548 5292 1757 5373 Fulvii
1807 5290 1913 5373 Ur-

247 5364 921 5444 sini'legitur,insanis._
944 5364 1102 5444 Atia
1136 5367 1263 5444 eqd.
1299 5366 1612 5444 Agobardi,
1662 5364 1915 5444 infantis.

249 5453 392 5501 Ria.
416 5436 808 5514 -ῙὸρὺήὶιίίηιδΔ
829 5439 1147 5514 infamibus.
1178 5436 1512 5514 Dese‘rtores
1541 5437 1640 5492 hic
1670 5436 1917 5514 spiritus

251 5508 553 5573 infames'
578 5513 693 5568 dici
726 5508 1019 5574 existimo,
1052 5509 1367 5566 desertoris
1398 5525 1609 5565 nomen
1643 5524 1676 5562 α
1707 5508 1920 5563 militia

250 5593 664 5658 desumptuin‘
691 5588 800 5658 est,
831 5588 894 5658 at
924 5582 1095 5658 miles
1126 5583 1389 5658 desertor
1419 5580 1807 5658 infamiserat
1844 5582 1922 5658 _ut

250 5649 609 5716 videre’est
652 5655 691 5711 l.
738 5656 781 5726 Ι,
830 5654 921 5726 Ι).,
972 5654 1042 5712 de
1081 5652 1174 5713 his
1213 5653 1315 5729 qui
1348 5657 1625 5712 notantur
1653 5649 1918 5710 infamia.

252 5735 348 5797 Ls
381 5730 483 5792 Pa.

2092 3368 2166 3435 (5)
2198 3366 2516 3436 Cognoscite
2544 3365 2686 3436 quod
2713 3368 2857 3422 cinis
2913 3369 2983 3422 sit
3040 3386 3137 3426 cor
3191 3374 3421 3432 illorum
3471 3385 3524 3435 et
3579 3399 3668 3438 er-

2018 3443 2170 3493 rant.
2224 3439 2318 3524 Sic
2366 3440 2606 3524 omnino
2633 3438 3052 3524 restituendus
3100 3449 3189 3498 est
3218 3445 3312 3524 bic
3342 3448 3527 3518 locus,
3562 3472 3665 3524 pro

2018 3527 2083 3565 eo
2117 3510 2265 3581 quod
2294 3508 2743 3582 corruptissime
2773 3495 3664 3582 legebantur,-

2019 3580 2230 3653 magna
2273 3580 2591 3654 dictionum
2640 3580 2907 3654 vicinitas
2956 3584 3028 3636 0b
3062 3588 3292 3643 easdem
3328 3580 3667 3654 litteras.yiet

2019 3637 2212 3708 Gngce
2245 3657 2333 3707 est
2364 3651 2449 3704 διαὶ
2482 3647 2813 3707 πλανῶνται,
2848 3653 2988 3707 “Av.
3071 3637 3292 3643 "Wﬁ'"
3328 3637 3575 3664 ἠ’νιυιυν

2089 3756 2155 3764 ——
2188 3724 2498 3794 Cognoscile
2525 3724 2661 3794 quod
2688 3727 2828 3778 cinis
2857 3728 2951 3793 sit,
2983 3731 3091 3781 etc.
3148 3729 3263 3785 Hoc
3314 3736 3495 3791 Isaias
3546 3755 3662 3794 non

2017 3795 2193 3875 dicit;
2227 3796 2474 3875 imponit
2501 3794 2750 3875 ergoilli
2782 3798 3217 3875 :l‘ertullianus‘t
3254 3802 3400 3859 Non‘
3435 3810 3536 3863 sed
3570 3826 3667 3864 ex-

2018 3866 2212 3945 plicat.
2273 3874 2363 3945 A_t_
2403 3866 2582 3921 Isaias
2643 3866 2723 3920 ita
2780 3866 3069 3945 homines
3097 3873 3311 3945 stultos
3363 3878 3564 3945 fuisse,
3604 3886 3669 3935 ut

2019 3938 2275 4016 medium
2328 3937 2551 4009 lignum
2596 3944 2854 4016 crement
2881 3941 2949 3995 ad
2970 3940 3440 4016 calefaciendum
3476 3937 3561 4016 se,
3592 3952 3663 4005 ad

2018 4010 2350 4089 sequendos
2380 4025 2558 4089 panes
2590 4015 2901 4089 etcarnos,
2951 4013 3021 4089 de
3068 4013 3290 4085 reliquo
3344 4017 3503 4089 ligno
3543 4010 3661 4076 sibi

2020 4085 2199 4155 Deum
2231 4080 2468 4155 faciant,
2501 4084 2557 4155 et
2603 4080 2864 4155 adorent.
2927 4083 3017 4137 Ait
3073 4080 3208 4155 erge
3264 4080 3663 4147 Tertullianus

2018 4153 2409 4246 sublpersona
2440 4151 2599 4246 Isaiae
2633 4168 2730 4246 cep
2758 4153 2999 4233 deorum
3033 4151 3166 4209 esse
3191 4157 3468 4232 cinerem,
3524 4164 3665 4246 quia

2020 4223 2209 4278 media
2238 4240 2369 4292 pars
2401 4221 2633 4295 arboris;
2674 4226 2729 4277 et
2760 4224 3031 4295 princeps
3084 4243 3361 4287 conversa
3408 4221 3468 4288 in
3517 4221 3670 4291 cine-

2019 4295 2413 4419 repi.LItaque
2461 4310 2559 4349 cor
2611 4293 2879 4365 Septimii
2928 4293 2983 4350 et
3016 4299 3276 4356 medium
3312 4305 3481 4361 Isaiae
3512 4306 3669 4363 idem

2019 4383 2079 4419 BS
2114 4406 2125 4418 .
2207 4382 2294 4419 AC.

2018 4382 2125 4421 est.
2164 4382 2294 4419 bAC.

2289 4435 2621 4529 talesdﬁalit
2663 4436 3027 4529 quin/arium
3076 4456 3159 4494 ea.
3214 4443 3355 4499 Cum
3401 4448 3671 4529 repetitio

2017 4507 2277 4583 alioquin
2329 4514 2484 4562 esset
2522 4508 2796 4583 ejusdem
2844 4525 3297 4583 supervacanea,
3357 4507 3671 4577 omisimus

2015 4577 2461 4664 facto}.es.n1.\garp
2520 4577 2623 4632 lib.
2677 4577 3135 4664 ad.u.’.Griostico.s_
3169 4577 3293 4664 non
3317 4588 3475 4664 aliud
3508 4593 3650 4664 legit

2019 4636 2194 4726 quam
2224 4667 2258 4726 _:_
2279 4648 2499 4726 Similes
2530 4654 2693 4726 erunt
2729 4648 2855 4726 illis
2885 4655 2979 4721 qui
3004 4668 3067 4707 ea
3095 4636 3671 4726 faéziiizi'di'éfm'"

2091 4722 2166 4792 (7)
2212 4723 2323 4776 Non
2368 4720 2532 4774 habeo
2579 4720 2737 4792 aliud
2793 4720 2905 4790 quo,
2954 4720 3153 4780 vivarii.
3216 4730 3371 4786 Satis
3430 4732 3651 4790 indicat

2025 4778 2243 4847 multos
2277 4791 2639 4871 praevaricari
2671 4778 2938 4871 solitosa
2971 4778 3369 4871 ﬁderiprapﬁt'é;
3415 4778 3672 4860 ᾖξξέξξίῖ

2023 4870 2199 4944 tatem
2237 4880 2248 4915 τ
2286 4864 2357 4944 de
2388 4863 2479 4917 bis
2510 4863 2608 4944 qui
2644 4863 3037 4944 praeterillam
3086 4863 3277 4926 adhuc
3328 4878 3672 4944 praevarica-

2025 4940 2225 4991 rentur
2253 4940 2344 4989 est
2376 4951 2505 4989 can.
2539 4935 2573 4985 2
2602 4950 2761 4988 conc.
2796 4936 2921 4990 Nic.
2956 4937 3085 4992 Lac.

2094 5008 2171 5080 (8)
2203 5006 2414 5082 {ludent
2443 5009 2842 5082 argumentari.
2880 5007 3154 5065 Homines
3187 5014 3402 5082 quibus
3437 5015 3530 5071 hic
3560 5034 3666 5072 au-

2021 5077 2127 5134 sus
2155 5077 2224 5135 ad
2261 5078 2617 5149 torquendus
2650 5077 3285 5149 Scripturas,vicantur
3314 5089 3384 5142 ab
3419 5088 3668 5144 Alexan-

2026 5151 2130 5232 dre
2212 5147 2421 5232 θρίβρὲ.
2477 5147 2867 5232 Alexandriae
2954 5152 3390 5232 χςᾳεθαιλὲρντεςι
3452 5160 3674 5232 quibus

2026 5219 2378 5277 animaculis
2411 5219 2903 5304 insitanmutatio.
2954 5219 3096 5304 Vide
3152 5226 3320 5285 illum
3351 5219 3439 5287 'in
3469 5219 3670 5304 ‘epist.

2071 5311 2154 5366 um
2188 5291 2534 5366 proponitur
2560 5291 2804 5366 Nicaeus:
2856 5297 3096 5366 synodo.
3145 5303 3390 5357 Notetur
3434 5291 3674 5359 verbum

2027 5310 2154 5420 qua
2188 5310 2534 5364 proponitur
2561 5310 2804 5346 lVicanaa
2856 5310 3096 5366 synono.
3145 5310 3390 5357 Notetur
3434 5310 3672 5359 verbum

2078 5364 2369 5457 ι’ξεράρείξί,
2392 5454 2403 5457 Α
2424 5363 2812 5457 lit--111???-
2833 5381 2999 5457 ,φερέ
3052 5370 3272 5457 esse
3304 5374 3672 5457 reccidisse:

2029 5439 2457 5508 παροινοῦντες(
2491 5434 2769 5508 Loquitur
2827 5436 2896 5491 de
2948 5434 3271 5507 'hmreticis,
3322 5434 3394 5500 iis
3427 5434 3674 5501 'scilic'et

2031 5506 2133 5598 qui
2165 5506 2523 5598 audentLvim
2557 5506 2743 5598 sacris
2769 5508 3084 5598 scripturis
3114 5506 3549 5598 adddcereuqui
3578 5531 3673 5569 ve-

2030 5577 2137 5636 luti
2168 5577 2512 5634 debacchari
2546 5596 2646 5650 per
2682 5577 3021 5638 ebrietatem
3072 5584 3129 5640 in
3179 5605 3374 5645 sacras
3409 5577 3672 5645 Litteras

2030 5652 2319 5712 videntur.
2359 5652 2489 5707 Lac.
