4106 6178
439 309 554 368 ’743

964 295 1487 362 TERTULLIANI
1531 293 1855 357 OPERUM
1903 290 2101 352 PARS
2146 291 2198 353 1.
2226 321 2301 334 -
2342 288 2616 353 SERIES
2660 290 2709 365 Ι,
2756 290 3324 357 APOLOGETICA.
3687 305 3786 366 744

442 437 620 509 igitur
648 449 853 490 omnes
884 433 941 487 in
984 430 1237 503 peccatis
1269 444 1639 501 perseverare
1672 443 1741 481 ex
1774 426 1889 480 ista
1919 423 2094 478 inter-
2128 426 2179 491 Α
2210 438 2331 488 vas,
2365 422 2545 478 habes
2579 422 2763 495 legem
2808 425 2938 495 ejus
2984 426 3179 496 (Exod.
3238 444 3329 494 xx,
3388 428 3454 499 4).
3508 433 3581 485 Ne
3628 436 3794 503 feceris

440 524 785 597 pretatione.
820 522 934 577 Nec
987 521 1144 575 enim
1194 519 1238 552 ³⁵
1288 518 1601 589 quisquam
1654 518 1921 570 nostrum
1974 528 2091 567 non

443 619 712 688 peccator
740 612 1008 667 invenius
1041 614 1128 663 est
1187 610 1231 679 (Ι
1292 608 1415 662 Cor.
1474 607 1571 676 ιν),
1631 621 1761 659 cum
1822 602 2091 659 Christus

442 721 556 758 non
612 702 723 758 alia
773 718 842 757 ex
872 717 1049 755 causa
1082 697 1472 766 descenderit,
1506 710 1679 766 quam
1716 695 2090 764 peccatorum

442 791 905 848 liberandorum.
938 788 1079 842 Item
1109 786 1380 841 eumdem
1417 782 1763 856 praecepisse
1814 781 1859 851 (Ι
1910 780 2090 834 Thess.

444 899 521 948 1v,
554 881 638 949 11)
667 879 871 934 dicunt
900 877 1226 933 secundum
1260 890 1434 930 suum
1466 869 1823 943 exemplum,
1860 873 1924 923 ut
1963 883 2093 922 ma-

444 970 619 1026 nibus
671 966 1081 1038 unusquisque
1132 968 1407 1035 operetur
1461 962 1530 1017 ad
1582 960 1824 1015 victum.
1875 957 1934 1013 Si
1984 956 2094 1011 hoc

445 1061 800 1131 praeceptum
834 1056 906 1110 ab
934 1053 1210 1109 omnibus
1242 1051 1517 1107 manibus
1549 1044 2093 1112 defendatur,credo

443 1152 501 1204 et
529 1149 686 1201 fures
717 1144 1048 1200 balnearios
1077 1142 1123 1176 ³⁸
1154 1141 1230 1212 (9)
1287 1140 1559 1194 manibus
1602 1137 1727 1193 suis
1779 1134 1988 1201 vivere,
2039 1135 2095 1186 et

444 1237 604 1307 ipsos
662 1234 916 1287 latrones
975 1230 1249 1285 manibus
1307 1244 1476 1299 agere
1522 1243 1636 1297 quo
1685 1223 1896 1279 vivant.
1951 1222 2093 1275 Item

448 1324 715 1381 falsarios
746 1323 948 1392 utique
984 1337 1094 1373 non
1130 1318 1395 1389 pedibus,
1432 1318 1531 1370 sed
1570 1315 1839 1369 manibus
1868 1310 2094 1382 operari

448 1412 632 1468 malas
662 1411 907 1464 litteras.
943 1408 1265 1462 Histriones
1295 1422 1427 1460 vero
1463 1421 1573 1457 non
1607 1402 1879 1456 manibus
1932 1399 2096 1466 solis,

446 1502 547 1557 sed
597 1500 733 1554 totis
785 1496 1066 1552 membris
1113 1496 1330 1549 victum
1387 1494 1685 1548 elaborare
1729 1492 1863 1560 (10).
1900 1489 2098 1543 Patcat

443 1590 622 1663 igitur
653 1586 908 1643 Ecclesia
932 1585 1230 1651 omnibus,
1266 1583 1362 1654 qui
1396 1581 1670 1636 manibus
1700 1584 1756 1635 et
1787 1595 1894 1634 suo
1925 1592 2098 1649 opere

444 1679 787 1743 tolerantur,
822 1675 869 1729 si
903 1673 1067 1730 nulla
1096 1672 1354 1743 exceptio
1388 1676 1477 1727 est
1507 1670 1744 1735 artium,
1796 1684 1945 1740 quas
1994 1665 2097 1721 Dei

445 1765 755 1837 disciplina
799 1780 911 1818 non
963 1762 1170 1833 recipit
1200 1761 1263 1816 ’7.
1296 1761 1400 1815 Sed
1439 1759 1522 1815 ait
1552 1759 1790 1830 quidam
1817 1758 2097 1813 adversus

448 1852 856 1912 similitudinis
888 1850 1210 1906 interdictae
1244 1848 1712 1919 praepositionem
1748 1846 1926 1916 (Nam.
1964 1847 2095 1914 xx):

448 1947 565 2001 Cur
594 1960 730 2013 ergo
760 1945 948 1995 Moses
980 1939 1039 1993 in
1068 1954 1262 1993 eremo
1296 1936 1678 1991 simulacrum
1712 1933 2000 2006 serpentis
2030 1948 2099 1987 ex

451 2049 562 2089 sere
593 2030 771 2085 fecit?
802 2030 1077 2083 Seorsum
1110 2028 1331 2097 figurae,
1363 2042 1489 2094 qua;
1518 2023 1886 2095 dispositioni
1923 2021 2096 2077 alicui

452 2137 676 2178 arcana:
706 2118 1227 2190 praastruebantur,
1275 2132 1389 2169 non
1440 2115 1509 2168 ad
1566 2112 2002 2184 derogationem
2052 2111 2096 2144 ²⁸

451 2208 723 2282 legis,sed
759 2206 827 2260 ad
860 2204 1275 2276 exemplarium
1309 2204 1418 2274 (tt)
1448 2219 1639 2257 causas
1668 2219 1789 2257 sua:
1812 2199 2098 2268 (t2).Alio-

450 2298 594 2371 quin
643 2297 689 2352 si
751 2295 872 2349 haec
928 2298 994 2347 ut
1048 2292 1363 2348 adversarii
1422 2290 1568 2362 legis
1620 2290 2093 2361 interpretemur,

451 2385 741 2457 numquid
773 2388 832 2439 et
862 2399 990 2448 nos,
1020 2382 1173 2453 quod
1216 2386 1272 2436 et
1329 2380 1703 2445 Marcionita,
1757 2380 2094 2433 inconstan-

453 2478 596 2533 tiam
645 2474 1000 2530 ascribimus
1048 2470 1494 2541 Omnipotenti?
1541 2484 1716 2539 quem
1766 2467 1851 2521 illi
1899 2468 1945 2501 9°
1987 2466 2095 2522 hoc

454 2565 625 2620 modo
657 2566 969 2617 destruunt
1018 2566 1080 2614 ut
1120 2559 1489 2625 mutabilem,
1542 2559 1681 2612 dum
1729 2556 1868 2611 alibi
1917 2560 2092 2623 vetat,

452 2651 591 2708 alibi
627 2649 909 2706 mandat?
942 2649 999 2704 Si
1033 2648 1164 2720 quis
1196 2652 1388 2703 autem
1413 2646 1749 2701 dissimulat
1780 2644 1940 2700 illam
1969 2644 2093 2698 effi-

452 2741 602 2815 giem
637 2739 767 2794 terei
797 2739 1107 2810 serpentis,
1141 2736 1412 2808 suspensi
1445 2738 1505 2790 in
1537 2736 1798 2799 modum,
1846 2734 2095 2806 figuram

451 2831 795 2901 designasse
826 2827 1133 2882 dominicae
1164 2827 1355 2880 crucis
1384 2825 1500 2895 (13)
1532 2841 1564 2878 a
1594 2822 1989 2895 serpentibus,
2036 2821 2093 2877 id

451 2923 541 2974 est
569 2917 722 2973 668
756 2916 830 2972 ab
873 2914 1098 2987 angelis
1142 2912 1358 2969 diaboli
1405 2912 1735 2967 liberaturaa
1776 2928 1900 2980 nos,
1952 2912 2094 2966 dum

451 3025 555 3080 per
575 3006 957 3077 semetipsum
983 3003 1371 3068 diabolum,id
1405 3006 1516 3070 est,
1548 3005 1875 3073 serpentem
1911 3000 2094 3056 inter-

450 3100 665 3153 fectum
701 3094 1036 3166 suspendit,
1069 3093 1188 3147 sive
1219 3108 1347 3162 quae
1378 3091 1491 3145 alia
1525 3090 1725 3161 ﬁgura:
1776 3090 1949 3145 istius
1997 3106 2094 3144 ex-

2199 511 2647 567 similitudinem.
2702 513 2760 567 Si
2817 519 3169 587 praeceptum
3226 517 3390 572 facta:
3434 524 3611 588 postea
3654 523 3795 577 simi-

2199 599 2464 656 litudinis
2496 602 2756 673 respicis,
2791 607 2847 657 et
2878 609 2936 657 tu
2972 604 3201 660 imitare
3248 606 3493 678 Moysen,
3539 625 3602 663 ne
3646 611 3800 668 facias

2199 690 2480 745 adversus
2511 690 2698 762 legem
2731 691 3116 747 simulacrum
3171 694 3423 766 aliquod,
3472 696 3575 751 nisi
3620 704 3671 754 et
3711 700 3799 756 tibi

2202 777 2355 833 Deus
2380 779 2646 848 jusserit.

2844 924 3076 979 CAPUT
3108 925 3204 979 VI.

2273 1043 2332 1100 Si
2364 1044 2527 1099 nulla
2558 1045 2647 1100 lex
2680 1046 2779 1101 Dei
2812 1046 3214 1118 prohibuisset
3245 1049 3399 1104 idola
3428 1050 3545 1105 ﬁeri
3584 1068 3615 1106 a
3642 1052 3809 1117 nobis,

2204 1131 2251 1187 si
2287 1132 2446 1187 nulla
2476 1151 2581 1189 vox
2632 1135 2887 1207 Spiritus
2937 1138 3123 1192 sancti
3177 1138 3610 1196 fabricatoribus
3650 1139 3811 1195 idolo-

2204 1238 2335 1275 rum
2386 1238 2497 1277 non
2550 1223 2748 1278 minus
2780 1242 2957 1296 quam
2990 1225 3315 1281 cultoribus
3344 1227 3770 1284 comminaretur
3800 1244 3811 1283 :

2204 1310 2274 1364 de
2301 1311 2427 1382 ipso
2467 1320 2832 1368 sacramento
2869 1321 3067 1369 nostro
3119 1316 3625 1387 interpretaremur
3668 1317 3814 1372 nobis

2204 1401 2479 1454 adversas
2534 1418 2662 1457 esse
2716 1403 2848 1457 fidei
2881 1404 2995 1473 (14)
3026 1405 3318 1473 ejusmodi
3350 1412 3519 1460 artes.
3548 1406 3816 1471 Quomodo

2205 1488 2361 1542 enim
2423 1491 2890 1547 renuntiavimus
2941 1492 3171 1548 diabolo
3224 1498 3282 1548 et
3329 1494 3549 1567 angelis
3594 1497 3727 1567 ejus,
3772 1495 3815 1549 si

2204 1593 2303 1633 eos
2335 1578 2613 1633 facimus?
2646 1580 2806 1645 Quod
2843 1581 3151 1652 repudium
3186 1582 3444 1638 diximus
3475 1584 3675 1650 iis,non
3704 1583 3814 1639 dico

2206 1682 2340 1721 eum
2372 1666 2715 1737 quibus,sed
2748 1670 2817 1725 de
2849 1669 3065 1741 quibus
3094 1672 3388 1727 vivimus?
3417 1673 3594 1736 Quam
3624 1672 3819 1727 discor-

2205 1754 2360 1810 diam
2394 1757 2766 1828 suscepimus
2800 1758 2856 1812 in
2889 1775 3007 1825 eos,
3043 1760 3261 1830 quibus
3292 1760 3660 1817 exhibitionis
3701 1777 3819 1816 nos-

2206 1847 2310 1898 tra:
2339 1846 2521 1915 gratia
2551 1846 2660 1917 (15)
2695 1846 2933 1918 obligati
2986 1849 3239 1904 sumus?
3286 1850 3455 1905 Potes
3503 1850 3690 1923 lingua
3736 1865 3819 1905 ne-

2206 1948 2399 2004 gasse,
2456 1935 2609 2004 quod
2669 1951 2843 1990 manu
2900 1938 3244 1993 confiteris?
3301 1940 3475 1996 verbo
3533 1940 3822 2005 destruere,

2206 2022 2359 2092 quod
2420 2022 2569 2078 facto
2627 2025 2850 2079 struis?
2910 2043 3090 2081 unum
3142 2027 3323 2082 Deum
3373 2029 3693 2101 praedicare,
3737 2028 3822 2099 qui

2204 2115 2399 2165 tantos
2430 2111 2656 2167 efﬁcis?
2687 2129 2885 2168 verum
2917 2114 3097 2169 Deum
3131 2116 3468 2186 praedicare,
3521 2117 3613 2188 qui
3662 2116 3822 2171 falsos

2205 2198 2395 2254 facis?
2448 2200 2617 2255 Facio
2671 2202 2775 2271 (ait
2806 2203 3086 2272 quidam),
3121 2204 3220 2260 sed
3246 2222 3361 2260 non
3395 2206 3537 2261 colo.
3571 2206 3731 2270 Quasi
3759 2204 3822 2260 ob

2205 2288 2462 2359 aliquam
2509 2289 2553 2323 ⁸²
2600 2307 2837 2345 causam
2896 2292 3085 2348 colere
3143 2310 3255 2349 non
3319 2297 3549 2362 audeat,
3609 2294 3710 2349 nisi
3760 2292 3824 2348 ob

2205 2394 2380 2448 quam
2431 2383 2488 2433 et
2535 2379 2721 2435 facere
2771 2397 2885 2436 non
2918 2382 3147 2446 debeat,
3180 2382 3407 2439 scilicet
3437 2385 3509 2439 ob
3539 2384 3635 2439 Dei
3664 2382 3828 2438 oll‘en-

2203 2482 2330 2520 sam
2363 2467 2691 2538 utrobique.
2726 2467 2848 2524 Imo
2879 2474 2938 2523 tu
2973 2469 3139 2536 colis,
3179 2471 3279 2541 qui
3314 2472 3460 2527 facis
3491 2478 3554 2527 ut
3582 2471 3686 2526 coli
3716 2486 3828 2542 pos-

2202 2556 2340 2610 sint.
2392 2554 2545 2610 Colis
2595 2561 2814 2625 autem,
2868 2574 2980 2613 non
3032 2559 3243 2630 spiritu
3294 2560 3568 2617 vilissimi
3627 2558 3829 2615 nidoris

2204 2642 2474 2714 alicujus,
2507 2646 2605 2700 sed
2640 2650 2739 2701 tuo
2771 2646 3007 2718 preprio
3041 2665 3053 2702 :
3088 2664 3191 2703 nec
3224 2649 3426 2705 anima
3470 2650 3701 2721 pecudis
3732 2647 3829 2700 im-

2204 2749 2405 2804 pensa,
2439 2734 2539 2789 sed
2574 2733 2770 2789 anima
2800 2739 2921 2790 tua.
2958 2735 3078 2791 Illis
3113 2737 3417 2809 ingenium
3451 2742 3615 2794 tuum
3646 2737 3831 2792 immo-

2202 2820 2433 2890 las,illis
2466 2825 2740 2878 sudorem
2774 2829 2943 2879 tuum
2969 2825 3261 2895 libas,illis
3283 2826 3653 2898 prudentiam
3686 2830 3829 2879 tuam

2205 2909 2491 2966 accendis.
2525 2910 2659 2966 Plus
2690 2928 2752 2967 es
2783 2911 2902 2968 illis
2943 2929 3121 2984 quam
3149 2916 3448 2985 sacerdos,
3482 2931 3612 2971 cum
3656 2929 3751 2986 per
3787 2915 3835 2966 te

2204 2999 2459 3055 habeant
2488 3000 2639 3054 669
2672 3002 3055 3057 sacerdotem.
3082 3003 3402 3076 Diligentia
3431 3011 3535 3059 tua
3566 3018 3766 3058 numen
3797 3000 3837 3034 θ’

2205 3088 2439 3143 illorum
2473 3094 2579 3145 est.
2612 3090 2798 3160 Negas
2829 3095 2906 3159 te,
2940 3092 3093 3163 quod
3132 3093 3295 3162 facis,
3328 3093 3566 3149 colere?
3613 3092 3717 3147 Sed
3761 3087 3836 3143 illi

452 3184 665 3257 positio
698 3165 1065 3254 dignioribus
1098 3180 1347 3235 revelata
1376 3179 1811 3245 est,dummodo
1840 3179 1885 3249 (Ι
1909 3178 2092 3250 Cor.x)
2124 3165 2166 3231 C
2208 3194 2320 3233 non
2354 3183 2587 3248 negant,
2621 3179 2835 3249 quibus
2869 3181 3017 3236 hanc
3048 3182 3467 3252 saginatiorem
3500 3188 3557 3238 ct
3604 3178 3836 3236 auratio-

450 3271 762 3343 Apostolus
793 3270 1048 3325 affirmet
1067 3268 1264 3323 omnia
1284 3271 1423 3321 tunc
1444 3266 1687 3338 figurate
1709 3265 1920 3337 populo
1944 3267 2094 3321 acci-

450 3361 782 3416 dissezbene
813 3358 965 3429 quod
998 3358 1153 3412 idem
1188 3356 1342 3411 Deus
1376 3355 1473 3426 qui
1509 3355 1632 3425 lege
1660 3356 1705 3388 ³ο
1726 3355 1907 3409 vetuit
1939 3356 2097 3410 simi-

447 3449 757 3504 litudinem
794 3446 935 3511 ﬁeri,
971 3444 1432 3500 extraordinario
1480 3448 1762 3513 praecepto
1811 3446 2095 3517 serpentis

441 3537 895 3593 similitudinem
930 3534 1141 3589 indixit
1171 3534 1234 3586 ³³.
1268 3533 1322 3586 Si
1355 3533 1626 3586 eumdem
1661 3533 1845 3588 Deum
1894 3536 2093 3590 obser-

2208 3283 2326 3321 rem
2360 3272 2414 3321 et
2447 3268 2724 3337 majorem
2761 3268 3011 3324 hostiam
3046 3272 3158 3341 (16)
3185 3271 3641 3339 caadis,salutem
3670 3274 3839 3329 tuam.

2832 3413 3063 3468 CAPUT
3104 3414 3220 3469 VII.

2274 3537 2417 3591 Tota
2448 3536 2539 3590 die
2572 3537 2640 3591 ad
2676 3536 2823 3592 hanc
2856 3543 3079 3609 partem
3125 3539 3284 3593 zelus
3336 3541 3474 3595 fidei
3526 3536 3842 3610 perforabit,

1864 3664 2067 3725 Varize
2099 3664 2422 3725 lectiones.

513 3772 560 3806 25
591 3769 758 3826 Enim
789 3770 933 3825 abest
962 3770 1143 3824 Paris.
1220 3769 1265 3805 ²⁶
1298 3773 1475 3824 Fures
1505 3773 1562 3824 et
1591 3768 1871 3825 aleatores
1905 3770 2019 3840 liig.

437 3843 630 3899 tenti‘t
658 3843 817 3907 Quod
854 3841 932 3895 illi
972 3842 1234 3898 Wouwer.
1270 3841 1332 3894 iit.
1368 3842 1422 3895 S.
1454 3860 1461 3867 ·

441 3918 603 3971 Fran.
680 3914 725 3949 ³²
757 3912 941 3968 Aliam
970 3918 1140 3969 Fran.
1216 3914 1261 3947 ³³
1294 3917 1511 3968 Nomen
1552 3915 1729 3968 Venet.

2116 3771 2159 3807 ’τ
2194 3770 2432 3841 Recepit
2462 3775 2631 3825 Fran.

1515 3842 1561 3874 ³ο
1592 3846 1656 3895 Et
1687 3840 1811 3911 lege
1844 3842 2024 3897 Paris.
2055 3844 2183 3898 Jun.

2732 3770 2776 3804 93
2809 3771 3209 3842 Erogationem
3243 3772 3414 3827 Seml.
3514 3773 3559 3806 ²⁹
3588 3770 3844 3842 Omnipo-

2282 3838 2717 3912 3'Fierijussit
2748 3838 2948 3897 Latin:
2988 3843 3307 3898 interduxit
3352 3847 3485 3900 Jun.
3540 3838 3846 3899 interdu’xit

1879 4020 2403 4081 tiommentarius.

511 4127 590 4254 (9)
648 4129 809 4183 Fures
867 4126 1197 4183 balnearios.
1257 4128 1395 4208 Cod.
1456 4128 1771 4197 Agobardi,
1832 4130 1998 4182 Fures
2045 4136 2095 4183 et

533 4204 802 4254 neatores.
867 4200 1151 4254 Emendat
1208 4199 1421 4254 Rigalt.
1486 4203 1652 4254 Fures
1706 4209 1757 4254 et
1809 4201 2094 4254 aleatores.

438 4199 802 4256 valneatores.
867 4200 1151 4254 Emendat
1208 4199 1421 4271 Rigalt.
1486 4203 1652 4254 Fures
1706 4209 1757 4254 et
1809 4201 2094 4256 aleatores.

443 4273 585 4328 Nam
618 4278 677 4326 et
706 4274 834 4326 alea
866 4272 1142 4326 manibus
1171 4276 1486 4342 exercetur.
1522 4271 1573 4324 Si
1610 4272 1742 4342 quis
1781 4275 1973 4325 tamen
2013 4288 2096 4326 re-

445 4346 630 4399 tinere
673 4344 829 4408 velit,
883 4344 1047 4397 Fures
1128 4341 1495 4408 balneatores,
1552 4360 1664 4396 non
1727 4343 2093 4397 contradicit.

448 4416 593 4473 Nam
627 4421 683 4469 et
712 4414 859 4468 libro
892 4416 961 4469 de
996 4416 1170 4484 Fuga,
1203 4415 1347 4468 dixit
1376 4413 1603 4480 Noster,
1636 4415 1833 4468 Fulnes
1879 4416 2098 4469 balnea-

446 4503 596 4541 rum.
640 4486 761 4540 Imo
793 4485 1037 4554 addidit,
1070 4485 1119 4539 et
1149 4486 1389 4540 aleones.
1425 4486 1482 4539 In
1514 4487 1868 4557 apotogetico.
1904 4486 2095 4557 p.496,

449 4556 780 4628 repertitur,
814 4557 1147 4611 Lavantium
1175 4559 1383 4627 prwdo.
1422 4560 1543 4628 Bia.

517 4627 587 4667 ἓ·-
615 4629 819 4683 Fulnes
854 4628 1163 4683 balnearios
1196 4628 1390 4693 habet,
1429 4627 1739 4696 Pamelius,
1790 4644 1965 4697 quam
2014 4627 2094 4683 le-

447 4698 697 4753 ctionem
731 4715 922 4753 veram
956 4703 1117 4770 puto,
1152 4715 1285 4753 nam
1317 4700 1402 4754 sic
1431 4699 1640 4753 Catull.

517 4800 587 4809 ——
624 4770 678 4825 Io
724 4772 920 4840 furum
969 4773 1171 4840 optime
1218 4770 1645 4827 balneariorum.
1706 4770 1877 4825 Fures
1930 4773 2099 4827 erant
2128 4774 2174 4839 D

449 4839 731 4895 nimirum
767 4839 1046 4896 adversus
1078 4857 1221 4911 quos
1268 4842 1325 4895 in
1380 4841 1603 4897 balneis
1653 4842 2093 4896 constitueban-

452 4917 550 4967 tur
581 4912 854 4967 custodes
886 4913 956 4966 ad
992 4913 1305 4967 servandas
1332 4913 1820 4979 vesl‘es,custodes
1853 4914 1925 4968 iis
1948 4913 2098 4968 dice-

450 4983 667 5038 bantur
692 4985 953 5053 capsarii.
1002 4984 1054 5037 Si
1108 5001 1241 5039 vero
1287 4985 1326 5038 ii
1377 5002 1607 5055 quoque
1660 4985 1831 5039 furati
1880 4988 2094 5055 essent,

450 5055 507 5108 in
534 5055 635 5123 jus
666 5056 1023 5109 vocabantur
1049 5072 1246 5109 corum
1285 5057 1551 5123 praefecto
1597 5056 1868 5125 virgilum
1920 5062 2004 5111 sic
2053 5055 2094 5110 I.

450 5125 597 5180 Nam
624 5126 855 5181 salutem
881 5127 933 5194 3,
972 5126 1092 5197 Dig.
1125 5126 1190 5181 de
1217 5128 1309 5198 off.
1338 5130 1495 5198 praef.
1528 5128 1632 5197 vig.
1672 5128 1747 5182 La
1776 5127 1877 5180 Ρη.

522 5199 636 5263 (10)
670 5199 807 5252 Totis
838 5200 1101 5253 membris
1134 5197 1657 5254 victam’elaborare.
1693 5197 2095 5254 Pantomimos

453 5266 768 5337 signiﬁcat.
802 5269 927 5323 Rie.

524 5340 634 5409 (11)
668 5339 1266 5412 Exemptariquuod
1302 5343 1456 5395 esset
1488 5340 1738 5411 posteris
1771 5356 1871 5410 pro
1901 5341 2096 5412 signo,

455 5410 642 5483 ﬁgura
673 5414 1000 5482 :enigmate.
1033 5411 1157 5483 Ric.

526 5483 641 5555 (12)
676 5480 878 5555 Causae
904 5496 1037 5538 sua’.
1073 5481 1189 5555 Hoc
1218 5484 1329 5546 est,
1376 5481 1457 5535 rei
1509 5480 1870 5553 significatae,
1917 5481 2097 5537 nimi-

458 5571 587 5608 rum
628 5554 934 5610 Dominicaa
966 5554 1177 5608 crucis.
1212 5557 1336 5608 Rio.

526 5627 637 5697 (13)
653 5629 919 5695 Figuram
934 5625 1247 5695 designasse
1258 5624 1555 5697 Dominicaj
1570 5625 1766 5697 crucis.
1778 5624 1974 5681 Latius
1991 5624 2101 5681 hoc

451 5695 663 5755 tractat
689 5696 1167 5771 lib.Adv.Juda’os,
1182 5701 1240 5755 et
1269 5695 2100 5765 lib.m,adv.Marcionem.PAM

2276 4127 2389 4197 (14)
2420 4126 2689 4200 Adversas
2719 4143 2836 4181 esse
2865 4127 3011 4195 ﬁdei.
3047 4129 3129 4183 Ad
3183 4132 3545 4184 sententiam
3596 4128 3852 4200 legantur

2206 4195 2333 4268 qua:
2384 4198 2603 4271 scripta
2655 4200 2725 4253 de
2777 4200 3033 4270 quinque
3093 4201 3475 4271 martyribus,
3529 4195 3851 4271 qui'passi.

2206 4267 2359 4340 quod
2397 4267 2611 4325 nell—ent
2642 4267 2829 4325 facere
2861 4267 3150 4326 idolorum
3184 4267 3435 4327 statuas.
3461 4267 3774 4327 Habentur
3799 4267 3851 4320 in

2205 4343 2323 4396 vita
2354 4348 2690 4396 sanctorum
2725 4347 2978 4412 quatuor
3019 4350 3455 4398 coronatorum.
3509 4344 3677 4398 Certe
3725 4340 3853 4410 quia

2206 4418 2490 4484 putarunt
2518 4412 2669 4468 hanc
2701 4418 2885 4469 artem
2918 4429 3047 4468 esse
3078 4416 3383 4470 adversam
3419 4416 3582 4470 fidei.
3620 4414 3748 4468 Lac.

2276 4485 2385 4553 (I5)
2419 4485 2797 4557 Exhibilionis
2826 4490 3032 4557 nostra?
3060 4488 3265 4555 gratia.
3301 4488 3469 4551 Quod
3506 4487 3697 4557 capite
3730 4497 3857 4557 pri?-

2206 4557 2431 4610 cedenti
2464 4556 2533 4611 ad
2564 4559 2763 4611 victum
2791 4555 2960 4621 dixit,
2994 4553 3089 4611 hic
3122 4559 3201 4611 ita
3228 4553 3751 4628 circumloquitur,
3785 4553 3855 4628 _i_n

2206 4643 2320 4696 qua
2350 4628 2735 4700 sigiﬁcatione
2764 4628 2967 4683 eadem
3001 4645 3138 4684 voce
3171 4631 3374 4700 utitur,
3408 4624 3633 4701 capf8,
3675 4632 3729 4683 et
3776 4624 3856 4690 12,

2206 4702 2354 4752 ΡΑΜ.

2279 4768 2388 4840 (16)
2446 4768 2798 4825 Auratiorem
2852 4774 2902 4824 et
2958 4770 3222 4840 majorem
3296 4770 3562 4827 hostiam.
3642 4764 3853 4840 Hostia,

2206 4838 2403 4913 inquit
2431 4840 2655 4913 Festus,
2688 4841 2841 4896 dicta
2870 4841 2945 4895 ab
2975 4838 3062 4907 eo,
3096 4841 3251 4912 quod
3283 4846 3372 4896 est
3402 4841 3658 4905 hostire,
3680 4838 3860 4913 ferire.

2205 4911 2317 4967 Alii
2357 4911 2428 4984 ab
2481 4911 2750 4984 hostibus
2806 4911 3302 4982 derivantfquod
3367 4920 3509 4984 post
3568 4912 3861 4984 victoriam

2207 4983 2499 5040 immolari
2534 4984 2781 5051 soleant,
2814 4984 2985 5039 sicuti
3038 4976 3095 5039 et
3143 4976 3267 5056 ipse
3316 4976 3533 5040 Festus
3556 4983 3720 5039 alibi.
3769 4976 3858 5033 Al-

2208 5056 2358 5111 ludit
2407 5059 2601 5111 autem
2651 5056 2720 5112 ad
2772 5071 2870 5110 eas
2902 5056 3125 5111 hostias
3156 5073 3277 5126 quae
3301 5073 3449 5111 auro
3483 5057 3862 5115 ornabantur,

2210 5145 2357 5198 quas
2407 5128 2651 5198 proinde
2699 5133 2937 5183 auratas
2985 5132 3183 5195 vocat;
3235 5126 3512 5183 solebant
3561 5127 3718 5183 enim
3771 5138 3863 5177 su-

2212 5197 2386 5254 binde
2415 5197 2592 5254 boum
2626 5214 2846 5254 cornua
2892 5197 3180 5264 deaurari,
3230 5199 3325 5268 qui
3375 5198 3864 5254 immolabantur.

2216 5272 2359 5325 ΡΑΜ.

2281 5372 2349 5381 —-
2380 5341 2443 5393 Et
2474 5343 2733 5412 majorem
2762 5339 3009 5396 hostiam.
3045 5340 3230 5409 Major
3258 5339 3499 5412 victima
3536 5344 3642 5394 aut
3683 5332 3868 5391 hostia

2211 5418 2300 5467 est
2330 5418 2557 5477 taurus,
2587 5412 2715 5477 hos,
2765 5428 2940 5468 vacca
2974 5429 2986 5467 :
3021 5412 3230 5478 Minor,
3283 5411 3429 5475 ovis,
3489 5427 3698 5483 capra,
3747 5421 3867 5483 sus.

2211 5484 2342 5558 H_oc_
2360 5483 2922 5558 certiusdiscrimen
2957 5488 3231 5558 quamiut
3253 5483 3482 5558 majora
3501 5478 3783 5558 dicantur
3802 5478 3869 5558 de

2211 5553 2486 5619 victimis,
2522 5552 2749 5610 minora
2782 5556 2850 5611 de
2879 5552 3105 5612 hostiis.
3138 5554 3301 5610 Scias
3332 5553 3511 5609 etiam
3547 5555 3707 5609 inter
3754 5552 3866 5623 pri-

2212 5642 2339 5680 mas
2373 5625 2651 5698 majorem
2685 5643 2814 5685 esse
2844 5632 3101 5698 taurum,
3125 5626 3277 5683 inter
3306 5625 3528 5683 alteras
3586 5626 3865 5698 majorem

2211 5712 2341 5757 esse
2370 5712 2555 5757 ovem.
2590 5697 2724 5757 Lac.
