4106 6178
265 280 383 344 745

1626 286 1727 348 DE
1772 285 2327 350 IDOLOLA'I‘RIA.

3559 293 3677 355 746

268 415 576 488 ingemens
626 415 1027 473 Christianum
1060 417 1135 474 ab
1164 418 1340 474 idolis
1373 419 1430 474 in
1463 419 1781 476 Ecclesiam
1812 420 1918 489 (17)
1951 423 1999 487 Α
2035 418 2326 490 ejusmodi
2378 436 2573 490 opera,
2631 436 2759 492 quae
2812 436 2925 476 non
2980 420 3234 493 efﬁgiem
3280 423 3521 490 confert,
3571 427 3671 482 sed

269 505 485 570 venire,
513 506 586 561 de
615 506 933 561 adversarii
967 508 1201 562 ofﬁcina
1234 508 1292 562 in
1326 509 1563 563 domum
1597 509 1697 562 Dei
1739 511 1784 543 ³³
1816 526 1910 563 ve-

269 594 390 648 nire
420 594 557 665 (18),
588 595 857 651 attollere
887 597 959 651 ad
988 598 1166 652 Deum
1200 602 1421 669 patrem
1458 615 1666 653 manus
1696 604 1912 652 matres

266 682 581 751 idolorum,
617 683 709 739 his
741 685 1018 742 manibus
1050 687 1295 741 adorare
1324 687 1436 757 (19)
1485 703 1611 758 quae
1641 686 1778 741 foris
1808 686 1907 741 ad-

262 786 465 829 versus
499 772 681 828 Deum
714 773 1037 829 adorantur
1064 774 1200 846 (20),
1228 791 1326 829 eas
1358 791 1570 829 manus
1600 776 1908 829 admovere

184 860 202 905 ί
264 861 490 932 corpori
518 862 743 917 Domini
776 862 911 934 (21),
942 879 1072 935 quae
1103 864 1402 919 daemoniis
1436 881 1679 934 corpora
1709 865 1906 918 confe-

265 955 420 1003 runt.
457 949 571 1007 Nec
602 950 712 1007 hoc
742 952 977 1007 sufﬁcit.
1012 953 1221 1007 Parum
1258 954 1353 1017 sit,
1388 953 1435 1007 si
1467 954 1537 1007 ab
1569 952 1697 1008 aliis
1722 952 1906 1007 mani-

266 1040 375 1094 bus
424 1040 717 1112 accipiant
765 1043 917 1112 quod
972 1041 1377 1097 contaminant
1438 1043 1521 1109 85;
1568 1042 1664 1097 sed
1727 1041 1903 1097 etiam

260 1129 370 1201 ipsi
404 1129 449 1162 ³⁸
483 1130 721 1184 tradunt
762 1130 892 1186 aliis
936 1132 1091 1203 quod
1142 1131 1701 1186 eonteminaverunt.
1760 1130 1905 1185 Alle-

257 1222 478 1292 guntur
506 1218 564 1273 in
598 1219 860 1275 ordinem
894 1220 1356 1276 ecclesiasticum
1409 1220 1665 1276 artiﬁces
1716 1219 1901 1274 idolo-

260 1324 412 1362 rum.
467 1308 574 1363 Pro
635 1308 858 1364 scelus!
915 1308 1106 1364 Semel
1157 1310 1340 1365 Judaei
1391 1309 1621 1364 Christo
1693 1324 1902 1362 manus

258 1397 605 1468 intulerunt,
635 1398 730 1452 isti
764 1398 1028 1469 quotidie
1062 1414 1274 1471 corpus
1319 1399 1446 1469 ejus
1496 1397 1813 1452 lacessunt.
1857 1396 1900 1451 Ο

259 1503 470 1542 manus
504 1487 916 1558 praecidendae!
951 1487 1214 1543 Viderint
1235 1489 1361 1558 jam
1397 1504 1470 1542 an
1504 1504 1604 1559 per
1623 1485 1898 1541 similitu-

256 1575 455 1629 dinem
499 1576 718 1630 dictum
778 1576 902 1631 sit:
937 1576 999 1630 Si
1055 1584 1105 1631 te
1149 1593 1350 1631 manus
1395 1581 1491 1631 tua
1536 1576 1898 1643 scandalizat,

251 1672 477 1734 amputa
521 1680 647 1720 cam
697 1666 901 1734 (Matth.
950 1683 1069 1729 vm,
1142 1667 1217 1731 8).
1268 1669 1404 1731 Quae
1456 1665 1643 1735 magis
1690 1681 1899 1735 ampu-

252 1753 466 1823 tandae,
500 1769 678 1824 quam
710 1753 766 1808 in
800 1755 1016 1827 quibus
1048 1756 1089 1793 ³⁷
1125 1754 1353 1809 Domini
1387 1771 1599 1826 corpus
1651 1753 1897 1807 scanda-
1933 1790 1976 1854 Β

254 1839 465 1897 lizatur
492 1842 520 1895 ‘I

868 1966 1099 2022 CAPUT
1139 1966 1285 2021 VIII.

322 2108 471 2162 Sunt
517 2111 575 2162 et
604 2106 729 2162 alia:
761 2107 1155 2179 complurium
1201 2107 1416 2163 artium
1478 2107 1723 2179 species,
1776 2123 1902 2177 quis

257 2196 365 2251 etsi
399 2214 513 2251 non
545 2197 891 2267 contingunt
916 2196 1206 2253 idolorum
1240 2197 1903 2265 fabricationem,tamen

258 2300 326 2338 ea
359 2285 486 2339 sine
515 2285 735 2356 quibus
769 2285 924 2339 idola
973 2284 1053 2339 nil
1087 2290 1356 2357 possunt,
1410 2285 1612 2341 eodem
1663 2285 1908 2339 crimine

266 2374 420 2428 670
451 2374 772 2446 expediunt
802 2374 1070 2445 (22).Nec
1100 2375 1257 2429 enim
1289 2374 1504 2443 diﬁ‘ert,
1539 2390 1609 2428 an
1643 2378 1909 2428 exstruas

260 2462 345 2515 vel
377 2479 648 2531 exornes,
682 2463 732 2518 si
765 2462 1073 2534 templum,
1107 2464 1157 2517 si
1184 2463 1425 2530 aram,si
1456 2462 1757 2517 aediculam
1783 2463 1911 2533 ejus

269 2551 604 2618 intruxeris,
652 2552 704 2606 si
754 2551 1049 2605 braeteam
1100 2550 1456 2622 expresseris
1507 2551 1638 2621 (23),
1673 2554 1776 2605 aut
1823 2551 1910 2604 in-

272 2639 485 2711 signia,
518 2643 620 2694 aut
657 2639 833 2694 etiam
865 2640 1107 2695 domum
1161 2639 1557 2695 fabricaveris.
1611 2640 1797 2709 Major
1827 2643 1917 2694 est

2025 508 2459 564 auctoritatem.
2502 509 2557 563 Si
2591 509 2670 563 ita
2698 510 3019 565 necessitas
3051 510 3428 567 exhibitionis
3472 520 3667 570 exten-

2022 598 2186 651 ditur
2213 597 2274 659 ³⁸,
2315 598 2528 652 habent
2558 603 2613 651 et
2644 597 2788 653 alias
2821 599 3069 669 species,
3105 616 3235 670 quas
3266 601 3393 656 sine
3439 603 3665 658 exorbi-

2020 686 2241 741 tatione
2273 686 2620 758 disciplinae,
2659 688 2711 741 id
2746 693 2855 753 est,
2909 689 3037 743 sine
3070 688 3207 744 idoli
3241 694 3577 747 confectura
3622 694 3669 729 ³³

2020 790 2184 845 opem
2221 775 2411 829 victus
2444 780 2740 845 praestent.
2775 776 2895 831 Scit
2926 776 3186 832 albarius
3214 782 3396 833 teetor
3422 784 3482 834 et
3513 785 3666 837 tecta

2016 864 2319 929 sarcire,et
2350 864 2590 918 tectoria
2628 865 2986 931 inducere,et
3008 866 3321 921 cisternam
3353 866 3496 923 liare
3528 872 3663 941 (24),

2017 956 2072 1007 et
2103 953 2355 1021 eymatia
2384 952 2721 1007 distendere
2741 954 2937 1023 (25),et
2961 954 3143 1008 multa
3173 954 3288 1009 alia
3317 962 3665 1013 ornamenta

2016 1045 2223 1110 praeter
2243 1040 2560 1096 simulacra
2584 1042 2905 1112 parietibus
2929 1043 3257 1097 incrustare
3273 1044 3466 1100 “.Scit
3480 1050 3536 1101 et
3550 1047 3665 1116 pic-

2012 1133 2105 1183 tor
2134 1134 2190 1183 et
2222 1130 2663 1196 marmorarius,
2697 1136 2751 1185 et
2784 1131 3049 1197 aerarius,
3080 1137 3138 1186 et
3169 1132 3528 1204 quicumque
3559 1150 3661 1191 ces-

2012 1217 2184 1285 lator,
2220 1219 2559 1274 latitudines
2584 1237 2723 1274 suas
2748 1219 2950 1290 utique
2983 1221 3166 1275 multo
3197 1221 3659 1279 faciliores.Nam

2012 1307 2112 1377 qui
2144 1308 2379 1379 signum
2413 1308 2946 1379 describit,quanto
2972 1308 3201 1363 facilius
3228 1311 3474 1365 abacum
3500 1311 3660 1366 linit?

2012 1395 2118 1459 Qui
2151 1396 2221 1451 de
2252 1396 2377 1450 tilia
2430 1397 2669 1451 Martem
2723 1396 3032 1467 exsculpit,
3086 1403 3302 1468 quanto
3356 1398 3530 1454 citius
3560 1417 3656 1454 ar-

2011 1484 2264 1538 marium
2298 1484 2668 1555 compingit?
2697 1484 2869 1539 Nulla
2917 1502 3011 1539 ars
3045 1502 3160 1540 non
3205 1485 3455 1542 alserius
3486 1488 3654 1558 artis,

2009 1577 2113 1627 aut
2146 1577 2350 1641 mater,
2385 1578 2483 1628 aut
2537 1573 2867 1645 propinqua
2911 1578 3017 1629 est.
3074 1574 3229 1629 Nihil
3287 1575 3527 1631 alterius
3558 1593 3657 1631 va-

2009 1667 2102 1716 cat
2131 1662 2266 1730 (26).
2311 1662 2419 1715 ’l‘et
2464 1668 2602 1715 sunt
2654 1663 2865 1716 artium
2916 1678 3095 1727 venae,
3146 1669 3290 1734 quot
3349 1665 3657 1719 hominum

2008 1751 2515 1821 concupiscentiae.
2550 1751 2659 1806 Sed
2692 1752 2763 1805 de
2804 1752 3175 1808 mercedibus
3205 1759 3261 1807 et
3304 1769 3657 1825 manuspre-

2010 1838 2107 1892 tiis
2137 1837 2399 1894 interest.
2436 1838 2681 1893 Proinde
2714 1839 2957 1895 interest
2994 1845 3052 1895 et
3099 1842 3170 1896 de
3209 1841 3427 1897 labore.
3472 1841 3658 1898 Minor

2013 1942 2235 1983 merces
2255 1927 2647 1997 frequentiore
2676 1932 2807 1983 actu
2842 1932 3207 1998 repensatur.
3268 1930 3418 1994 Quot
3473 1932 3660 2002 parie-

2010 2022 2097 2071 tes
2132 2015 2301 2087 signa
2329 2017 2709 2071 desiderant?
2740 2019 2890 2082 Quot
2920 2016 3135 2087 templa
3181 2024 3237 2073 et
3267 2020 3421 2075 aedes
3474 2019 3650 2077 idolis

2014 2106 2380 2161 aediﬁcantur
2400 2106 2427 2160 ?
2458 2107 2679 2162 Domus
2710 2124 2863 2173 vero,
2896 2113 2954 2163 et
2984 2109 3253 2179 praetoria
3273 2114 3329 2164 et
3364 2109 3573 2166 balnea
3601 2115 3661 2166 et

2016 2194 2222 2248 insula:
2255 2194 2765 2265 quantm?b‘occus
2795 2206 2850 2251 et
2884 2197 3029 2252 baxa
3058 2198 3321 2269 quotidie
3369 2200 3659 2255 deauran-

2016 2288 2132 2349 tur,
2168 2283 2458 2338 Mecurius
2491 2289 2543 2339 et
2576 2285 2811 2356 Serapis
2844 2302 2957 2340 non
2991 2287 3272 2356 quotidie.
3304 2287 3571 2344 Sufﬁciat
3594 2288 3666 2343 ad

2018 2376 2304 2441 quaestum
2366 2373 2771 2441 artiﬁciorum,
2844 2376 2991 2429 671
3073 2376 3435 2447 frequentior
3485 2381 3574 2432 est
3623 2377 3668 2412 “

2021 2461 2179 2515 omni
2224 2460 2641 2531 superstitione
2677 2461 2911 2516 luxuria
2950 2468 3007 2516 et
3035 2463 3301 2518 ambitio.
3357 2465 3577 2519 Lances
3608 2468 3665 2519 et

2024 2548 2273 2621 scyphos
2305 2548 2531 2604 [acilius
2562 2550 2828 2619 ambitio,
2863 2568 3040 2621 quam
3073 2552 3413 2623 superstitio
3445 2554 3671 2609 deside-

2026 2638 2196 2692 rabit.
2229 2639 2485 2694 Coronae
2515 2655 2749 2710 quoque
2771 2639 2960 2711 magis
2988 2639 3422 2712 luxuria,quam
3448 2641 3666 2698 solem-

1679 2774 1885 2833 Variee
1916 2772 2237 2833 lectiones.

224 2884 227 2887 ⁷
324 2888 370 2922 ³⁸
400 2893 475 2942 De
500 2887 838 2960 adversaria
868 2887 1102 2943 ofﬁcina
1132 2888 1191 2941 in
1223 2889 1464 2942 domum
1498 2886 1620 2954 Dei,
1654 2888 1821 2941 Seml.
1900 2886 2385 2960 “Contaminent
2415 2889 2671 2943 ll’ouwer.
2702 2890 2768 2943 Μ.
2799 2888 2854 2943 S.
2932 2891 2977 2923 ³⁸
2997 2890 3137 2960 Ipsae
3162 2891 3326 2945 Fran.
3406 2889 3450 2923 ³⁷
3478 2891 3662 2955 Quam

255 2960 476 3031 quibus
501 2962 630 3015 Jun.
709 2961 752 2994 ³³
785 2959 1135 3015 Obtenditur
1159 2962 1381 3015 Wouw.
1416 2960 1541 3014 M.S.
1580 2961 1701 3027 Μία.
1740 2959 1984 3028 LeOpold.
2021 2976 2033 3026 ;
2068 2959 2391 3031 attenditur
2420 2961 2548 3015 Jun.

2646 2961 2689 2994 3°
2719 2960 3050 3016 Conﬁctura
3082 2963 3248 3017 Paris
3275 2962 3403 3017 Jun.
3484 2963 3530 2997 ⁸ο
3579 2961 3662 3017 ln-

253 3030 514 3103 ci'ispare
543 3032 723 3086 Paris.
757 3033 886 3087 Jun.
912 3034 1033 3101 Rig.
1068 3033 1236 3086 Rhea.
1314 3033 1356 3066 ὀι
1392 3030 1701 3087 Sul'ﬁciant
1730 3060 1798 3069 -—-
1830 3030 2257 3100 frequentiores
2286 3032 2519 3102 Franeq.

1695 3158 2220 3219 Commentarius.

322 3275 439 3345 (t7)
470 3274 545 3328 Ab
576 3273 736 3345 idolis
766 3274 825 3327 in
857 3274 1191 3329 Ecclesium.
1232 3271 1517 3327 Prolixius
1546 3272 1653 3326 viri
1686 3272 1900 3345 eruditi
1931 3277 1972 3344 ρ

251 3344 550 3400 Pamelius
607 3350 663 3399 et
694 3344 949 3400 Lacerda
980 3345 1217 3399 nomina
1247 3351 1569 3415 congerunt
1627 3362 1755 3415 qum
1796 3344 1894 3398 Dei

251 3417 457 3472 domui
491 3418 834 3472 tribuuntur
859 3418 1015 3487 apud
1040 3422 1289 3471 veteres:
1312 3425 1442 3487 post
1466 3418 1719 3486 ipsorum
1750 3433 1896 3469 mes-

252 3506 376 3544 sem
415 3487 642 3542 nullum
676 3494 858 3544 restat
887 3487 1277 3561 spicilegium.
1312 3490 1417 3553 Qui
1452 3488 1674 3559 primus
1708 3487 1894 3541 Eccle-

249 3562 403 3615 siam
437 3577 539 3614 seu
571 3567 921 3615 conventum
946 3559 1409 3615 Christianorum
1442 3576 1755 3631 aggressus
1786 3566 1896 3624 est,

253 3633 362 3686 fuit
394 3632 736 3685 Eustathius
762 3633 859 3686 ille
889 3633 983 3700 qui
1034 3632 1491 3696 contemnendas
1524 3648 1652 3685 esse
1706 3631 1895 3685 Eccle-

251 3704 370 3757 sias
404 3705 654 3757 dicebat.
692 3704 750 3756 In
788 3704 944 3757 hunc
984 3709 1330 3773 congregata
1379 3702 1735 3772 Gangrensis
1789 3703 1892 3770 Sy-

252 3778 469 3840 nodus,
513 3791 765 3844 eumque
820 3776 1063 3846 t'ulmine
1112 3778 1404 3846 percussit
1451 3791 1578 3829 can.
1628 3776 1683 3827 ὗ.
1720 3774 1895 3846 illunc

247 3847 436 3902 secuti
470 3856 609 3901 sunt
642 3846 904 3901 Patareni
928 3845 988 3900 in
1020 3844 1168 3916 quos
1200 3851 1423 3901 restant
1448 3845 1682 3900 Honorii
1717 3844 1894 3899 Tertii

248 3919 311 3973 P.
344 3918 583 3974 constit.
611 3924 668 3973 et
700 3917 984 3973 Frederici
1022 3920 1088 3983 ll,
1142 3920 1345 3986 imper.
1395 3917 1611 3972 Imitati
1660 3932 1895 3986 quoque

248 3996 393 4045 sunt
426 3988 685 4061 pessima
715 3989 834 4045 haec
861 3990 1125 4061 exempla
1162 3989 1500 4056 Valdenses,
1533 3988 1891 4061 Wiclcﬁstze,

251 4061 507 4116 Hussitze
539 4065 597 4115 et
626 4060 724 4114 alii
757 4061 1034 4132 quicum
1088 4061 1391 4115 Enstathio
1442 4060 1588 4114 satis
1627 4060 1893 4113 damnati

248 4137 471 4188 trustra
504 4131 794 4201 objiciunt
847 4131 986 4185 illud
1034 4134 1156 4187 Act.
1203 4149 1314 4187 xvn
1348 4148 1363 4187 ι
1396 4132 1538 4185 Deus
1590 4133 1648 4185 in
1695 4147 1892 4185 manu-

246 4208 412 4275 ]actis
453 4205 669 4274 templis
710 4220 820 4259 non
876 4203 1109 4257 habitat.
1164 4202 1433 4275 Legenda
1478 4208 1706 4275 tantum
1759 4206 1897 4275 sunt

245 4294 378 4349 qua:
412 4282 768 4349 sequuntur,
802 4279 865 4349 ut
894 4291 958 4349 os
1005 4274 1312 4329 obturetur
1359 4274 1895 4349 impudentissimis

242 4345 771 4411 liomuneionibus,
804 4345 1102 4411 nimirum,
1138 4368 1165 4396 ‹‹
1198 4363 1301 4401 nec
1324 4347 1597 4403 manibus
1620 4345 1895 4401 humanis

244 4419 463 4476 colitur
493 4419 765 4490 indigens
798 4417 994 4489 aliquo
1026 4435 1159 4474 cum
1193 4419 1319 4490 ipse
1351 4420 1439 4473 del
1477 4418 1892 4482 omnibus,etc.

247 4493 542 4633 ιῗὲἰῗίὶδ
579 4560 887 4617 adversarii
936 4561 1163 4629 ofﬁcina
1194 4562 1263 4633 ia,
1300 4560 1519 4633 domum
1566 4560 1663 4633 Dei
1688 4561 1892 4633 venire.

2016 3273 2079 3327 sd
2116 3272 2253 3343 quia
2284 3272 2523 3327 Phidias
2554 3277 2774 3328 tantus.
2811 3275 2935 3329 Hie.

2085 3345 2195 3413 (21)
2244 3346 2435 3399 Manus
2491 3346 2780 3400 admovere
2835 3348 3051 3413 corpori
3106 3347 3347 3401 Domini.
3410 3346 3665 3402 Pertinet

2009 3413 2300 3489 hicloeus
2334 3421 2564 3489 adeam
2617 3413 3127 3483 consuetudinem,
3188 3436 3303 3489 qua
3354 3418 3411 3473 in
3454 3436 3665 3474 manus

2008 3488 2352 3541 tradebatur
2383 3487 2962 3560 Eucharistia,quam
2998 3487 3366 3561 testati—sunt
3399 3507 3501 3561 pro
3534 3492 3663 3547 suis

2007 3575 2243 3683 guoque
2273 3561 2638 3630 temporibus
2797 3561 2968 3632 Cypr.
3020 3560 3144 3643 (lib.
3196 3561 3260 3615 de
3293 3560 3511 3634 Lapsis)
3547 3578 3558 3615 :
3594 3563 3658 3616 Β.

2051 3630 2236 3683 ornel.
2285 3631 2375 3683 (ad
2425 3632 2550 3683 Fab.
2596 3633 2903 3683 Anime/Li:
2951 3632 3008 3683 B.
3063 3632 3302 3683 Dionvs.
3354 3635 3515 3683 Alex-
3570 3634 3658 3683 (ad

2051 3630 2236 3684 ornel.
2285 3631 2375 3701 (ad
2425 3632 2550 3686 Fab.
2596 3630 2903 3703 Antioch);
2951 3632 3008 3685 B.
3063 3632 3302 3703 Dionys.
3354 3630 3515 3688 Alex'.
3570 3634 3661 3703 (ad

2004 3702 2136 3755 Xist.
2173 3702 2537 3784 Pontif.);B.
2585 3706 2852 3757 Ambros.
2897 3703 3077 3826 (Orat.
3127 3702 3490 3759 ad’Theodos.
3549 3708 3655 3760 im-

2006 3775 2184 3826 ner.l:
2220 3774 2552 3826 Hieronvm.
2589 3775 2680 3826 (ad
2714 3776 2891 3826 Theon
2914 3775 3045 3826 ul.l.
3077 3780 3186 3826 etc.
3222 3776 3360 3826 Enn.

2000 3775 2184 3845 pen);
2220 3774 2552 3845 Hieronym.
2589 3775 2680 3842 (ad
2714 3774 3045 3845 il‘heophil.),
3077 3780 3186 3829 etc.
3222 3776 3361 3830 Eoo.

2076 3844 2188 3984 E22)
2221 3844 2549 3915 Expadiunt.
2585 3844 2934 3911 Conﬁciunt,
2967 3847 3271 3901 adornant.
3305 3847 3431 3902 RIG.

2100 3916 2188 3984 23)
2221 3916 2279 3969 Si
2309 3917 2582 3971 bracteam
2625 3919 2983 3984 expresseris.
3038 3918 3093 3971 Si
3128 3919 3198 3972 de
3227 3935 3405 3973 aurea

2100 3916 2188 3987 23)
2221 3916 2279 3969 Si
2309 3917 2582 3971 bracteam
2625 3919 2983 3987 expresseris.
3038 3918 3093 3971 Si
3128 3919 3198 3972 de
3227 3935 3405 3973 aurea
3453 3935 3651 3974 massa

2004 3986 2297 4111 Rraeteam
2330 3986 2920 4058 expresseris’statum
2953 3988 3342 4044 inducendam
3375 4006 3555 4044 aereas.

2057 4074 2131 4111 ια.

2057 4074 2131 4112 IG.

2075 4130 2184 4197 (24)
2220 4129 2524 4184 Cisternam
2559 4129 2716 4201 liare.
2751 4130 2970 4184 Albarii
3015 4130 3246 4185 lectoris
3290 4130 3466 4185 etiam
3516 4131 3647 4201 opi-

2006 4200 2203 4253 ﬁcium
2237 4216 2363 4255 esse
2395 4202 2617 4255 indicat
2652 4200 2794 4255 Plin.
2830 4201 2930 4255 lib.
2989 4218 3174 4267 xxxvn,
3226 4218 3278 4255 e.
3326 4200 3647 4271 ‘25.,Atqui

2004 4286 2108 4340 ego
2154 4271 2394 4352 quidem
2446 4273 2750 4352 existim‘o_
2783 4271 3093 4352 legendum
3149 4289 3387 4352 prorsus
3436 4270 3643 4352 ligare,

2007 4360 2120 4397 non
2156 4342 2313 4397 liare.
2350 4342 2557 4399 Verum
2593 4342 2753 4399 nolui
2788 4342 3103 4398 immutare
3141 4342 3389 4399 Veterem
3442 4342 3644 4400 lectio-

2006 4430 2161 4481 nem,
2196 4414 2245 4469 si
2289 4416 2453 4481 forte,
2487 4416 2568 4469 uti
2605 4414 2799 4469 multis
2830 4416 2976 4485 aliis,
3008 4432 3112 4471 vox
3159 4416 3237 4471 sit
3286 4414 3645 4471 ’l‘ertulliano

2004 4486 2315 4557 peculiaris
2339 4487 2461 4555 jam
2495 4488 2774 4542 obsoleta.
2812 4488 2955 4541 PAM.

2078 4558 2183 4627 (25)
2221 4557 2518 4628 Cymathia
2543 4558 2878 4613 distendere.
2914 4558 3157 4612 Videtur
3187 4555 3441 4627 cymatia
3488 4573 3642 4611 nun-

251 4630 381 4688 llaec
416 4630 531 4688 non
566 4634 837 4686 videntur
865 4647 994 4687 esse
1024 4630 1387 4686 Tertulliani.
1424 4631 1521 4685 sed
1550 4630 1895 4701 plossatoris
1931 4639 1972 4701 [)
2004 4644 2217 4701 cupare
2247 4646 2418 4684 arcus
2450 4632 2608 4701 ipsos
2638 4632 2991 4700 templorum
3026 4644 3127 4701 seu
3160 4632 3644 4701 tectorum,_creta

247 4706 511 4776 alicujus
543 4706 597 4758 in
630 4703 775 4776 illud
811 4703 1178 4776 eorumquod
1204 4702 1475 4773 praecedit
1509 4718 1520 4757 :
1556 4726 1583 4750 ‹‹
1617 4702 1894 4757 Abidolis

248 4774 573 4834 Ecclesiam
606 4775 821 4832 venire.
852 4796 878 4823 ››
916 4774 1040 4829 Rus.

319 4850 431 4919 (19)
502 4850 603 4903 His
670 4845 927 4902 manibus
997 4844 1297 4919 _udorare.__
1335 4844 1670 4919 Adorabant
1736 4844 1891 4919 enim

246 4915 527 4974 manibus
583 4920 654 4974 ad
727 4921 904 4975 Deum
963 4915 1154 4984 elatis,
1226 4916 1510 4983 allevatis,
1596 4915 1887 4987 expansis.

244 4992 440 5141 Ηιέο)
456 5061 591 5142 Quae
619 5061 753 5142 [oris
783 5059 1053 5113 adversus
1086 5059 1255 5142 Deum
1298 5059 1649 5142 adamatura.
1681 5056 1893 5142 Matres

238 5144 299 5188 et
323 5129 587 5189 artiﬁces
616 5129 908 5185 idolorum
944 5147 1153 5185 manus
1185 5131 1582 5184 adorabantnr
1600 5129 1672 5182 ab
1700 5129 1889 5183 ethni-

237 5205 326 5260 cis
378 5204 672 5259 idolorum
716 5200 1064 5257 culteribus.
1117 5202 1264 5265 Quid
1316 5201 1469 5256 enim
1524 5205 1648 5254 erat
1697 5206 1893 5254 statua

234 5277 365 5333 sive
395 5274 621 5330 idolum
657 5272 1002 5344 priusquam
1035 5274 1336 5328 accederet
1387 5290 1598 5327 manus
1627 5272 1890 5341 artiﬁcis,

234 5350 354 5405 nisi
392 5350 568 5402 bruta
601 5346 1048 5415 materia,quam
1084 5345 1255 5416 periti
1290 5344 1533 5399 artiﬁcis
1567 5359 1888 5416 manusex-

235 5420 496 5496 sculpsit
548 5416 911 5496 inualic-njue
962 5415 1574 5496 nummisnet'ﬁgiem?
1619 5415 1893 5496 Praeclare

234 5486 572 5562 Septimius
606 5489 708 5562 lib.
741 5486 821 5543 de
846 5490 1091 5562 Bessurr.
1180 5510 1199 5535 α
1236 5486 1454 5562 Phidiae
1506 5504 1744 5562 manus,
1803 5486 1891 5539 in-

234 5557 387 5633 quit,
418 5564 621 5619 Jovem
645 5559 1081 5633 Olympiumex
1104 5557 1519 5633 eboremolitze
1551 5560 1890 5627 adorantur;

236 5628 486 5705 necjam
525 5628 744 5696 bestiae,
778 5628 838 5689 et
864 5630 1103 5702 quidem
1146 5628 1564 5705 insulsissime
1601 5634 1749 5705 Deus
1781 5632 1889 5697 est,

234 5709 343 5764 sed
366 5701 671 5763 summum
703 5701 900 5761 saeculi
924 5719 1136 5761 numen
1166 5721 1179 5773 ;
1207 5721 1317 5761 non
1348 5702 1489 5775 quia
1517 5701 1887 5776 elephantus,

530 5832 792 5895 PATBOL.
841 5829 885 5892 Ι.

2006 4698 2382 4765 incrustatos,
2414 4698 2831 4782 voice‘deriva'ta
2862 4698 3178 4782 exoptatus,
3310 4703 3398 4779 est
3444 4698 3641 4782 illuvie

2004 4789 2313 4844 aquarum,
2349 4773 2500 4843 quod
2533 4772 2617 4826 illi
2650 4789 2822 4829 arcus
2855 4769 3185 4844 pluviarum
3234 4769 3490 4825 illuviem
3527 4771 3639 4827 im-

2006 4843 2162 4913 pedis
2176 4848 2212 4897 t.
2250 4847 2397 4897 ΡΑΜ.

2072 4944 2138 4953 -
2172 4914 2439 4995 ςψηαξία.
2462 4914 2783 4995 _Esse“lnizec
2841 4930 3081 4995 omnes“
3104 4910 3401 4995 ὑπεροχὰς,
3429 4913 3520 4995 ‘id
3550 4917 3638 4995 est

2003 4985 2427 5053 prominentias
2458 4986 2513 5038 in
2550 4985 2828 5047 mdiﬁciis,
2862 4992 2987 5039 tum
3039 4984 3379 5056 HesyChius
3411 4984 3640 5051 deﬁnit,

2005 5062 2126 5109 tum
2163 5059 2212 5110 id
2254 5057 2417 5111 facile
2449 5056 2682 5127 colliget
2714 5058 2814 5128 qui
2849 5055 3172 5111 Vitruvium
3208 5055 3641 5128 legerit.Itaque

2004 5128 2218 5197 injuste
2251 5130 2544 5183 Pamelius
2577 5136 2763 5183 arctat
2794 5130 2942 5183 hanc
2978 5145 3172 5183 vocem
3221 5128 3290 5181 ad
3324 5145 3496 5183 arcus
3528 5137 3646 5183 tec-

2004 5204 2192 5271 torum
2228 5208 2277 5251 et
2311 5200 2686 5269 templorum.
2721 5205 2866 5253 Sunt
2896 5200 3051 5254 enim
3086 5200 3487 5271 prominentia:
3520 5216 3647 5271 quas

2002 5269 2058 5323 in
2095 5272 2330 5325 modum
2368 5268 2533 5325 unda:
2567 5268 3099 5326 sinuantur.8uida§
3128 5268 3311 5331 λύσεις
3343 5268 3649 5328 dicuntur.

2001 5342 2263 5396 Vitruvio
2294 5345 2453 5399 sima’
2482 5359 2515 5396 a
2550 5344 2753 5397 forma.
2791 5344 2921 5397 Lac.

2068 5416 2177 5484 (26)
2210 5415 2361 5470 Nihil
2386 5416 2616 5469 alterius
2647 5419 2819 5470 vocat.
2854 5413 3135 5469 Horatius
3172 5430 3184 5468 :

3000 5572 3227 5623 Alterius
3261 5573 3337 5621 sic

2129 5636 2302 5687 Altera
2332 5637 2503 5701 poscit
2533 5650 2686 5702 opem
2716 5650 2801 5686 res
2830 5638 2879 5685 et
2908 5635 3151 5698 eonjurat
3185 5636 3372 5685 amice.
3468 5632 3582 5681 Rue.

3285 5824 3365 5888 24
