4106 6178
418 269 547 329 .747

950 265 1478 329 TERTULLIANI
1526 265 1849 327 OPERUM
1896 266 2095 327 PARS
2140 265 2187 324 Ι.
2222 298 2299 310 -—
2331 265 2604 327 SERIES
2651 265 2699 339 Ι,
2745 261 3307 327 APOLOGE'I‘ICA.

3730 264 3847 324 748

431 403 590 457 nitas
625 404 846 469 erogat.
881 402 1023 456 Cum
1057 401 1235 472 igitur
1276 401 1346 454 ad
1379 400 1498 455 hazc
1553 401 1929 456 artificiorum
1976 414 2072 472 ge-
2108 405 2161 469 Α
2192 399 2519 470 astrologia
2549 399 2699 456 inter
2738 418 2800 456 se
2832 402 3192 457 societatem.
3252 399 3431 455 Primi
3481 398 3663 470 igitur
3704 398 3844 454 stel-

432 509 569 547 nera
602 491 1132 560 cohortemur,quze
1165 490 1387 544 idolum
1422 490 1753 560 quidem,et
1781 507 1907 561 quae
1930 489 2082 544 idolo

434 585 917 652 competunt,non
952 580 1262 649 attingant,
1289 580 1407 633 sint
1430 585 1623 634 autem
1657 584 1715 633 et
1743 579 2084 634 hominibus

438 669 777 726 communia
808 686 959 735 saepe
991 686 1118 739 qua)
1150 673 1206 721 et
1238 668 1431 732 idolis,
1463 668 1572 723 hoc
1623 685 1854 739 quoque
1888 685 2085 723 cavere

439 760 744 823 debemus,
776 773 849 812 ne
880 758 1047 828 quid.
1082 757 1407 812 scientibus
1436 758 1624 821 nobis,
1669 760 1741 811 ab
1790 757 2085 827 aliquibus

440 850 513 903 de
545 848 816 903 manibus
853 847 1069 901 nostris
1108 846 1166 900 in
1220 862 1342 900 rem
1395 846 1682 901 idolorum
1735 846 2082 918 postuletur,

443 937 605 1001 Quod
638 937 688 991 si
720 936 1269 1003 concesserimus,et
1302 952 1413 990 non
1449 936 1721 990 remediis
1748 938 1871 1005 jam
1895 936 1940 969 ⁴²
1971 935 2086 990 usi-

443 1026 583 1081 tatis
613 1026 928 1097 egerimus,
973 1041 1087 1080 non
1141 1028 1280 1096 puto
1311 1040 1416 1079 nos
1464 1041 1497 1079 a
1527 1025 1797 1096 contagio
1846 1023 2085 1078 idolola-

442 1115 567 1169 trite
598 1130 823 1181 vacare,
870 1130 1120 1185 quorum
1173 1130 1385 1169 manus
1433 1131 1547 1168 non
1598 1114 1994 1184 ignorantium
2028 1113 2087 1166 in

443 1204 633 1260 officio
666 1203 754 1259 vel
785 1203 842 1258 in
873 1204 1093 1258 honore
1141 1208 1197 1257 et
1254 1220 1363 1257 usu
1419 1202 1843 1257 daemoniorum
1893 1203 2090 1273 depre-

441 1292 799 1348 henduntur.

1081 1416 1316 1472 CAPUT
1357 1417 1445 1472 IX.

514 1558 1053 1613 Animadvertimus
1086 1559 1237 1613 inter
1286 1564 1438 1612 artes
1470 1560 1645 1613 etiam
1696 1562 2090 1631 professiones

442 1648 723 1718 quasdam
759 1647 1040 1701 obnoxias
1073 1646 1435 1701 idololatriae.
1473 1648 1557 1702 De
1580 1649 1895 1721 astrologis
1923 1667 1992 1704 ne
2015 1650 2090 1706 lo-

444 1736 745 1807 quendum
780 1736 1015 1806 quidem
1049 1740 1155 1789 est.
1192 1736 1301 1789 Sed
1337 1736 1612 1806 quoniam
1663 1738 1902 1808 quidam
1960 1739 2089 1793 istis

446 1824 655 1878 diebus
688 1825 1016 1890 provocavit
1067 1826 1383 1879 defendens
1435 1826 1545 1880 sibi
1598 1828 2088 1897 perseverantiam

446 1912 828 1984 professionis
860 1912 1054 1977 istius,
1087 1914 1285 1984 paucis
1326 1919 1475 1968 utar.
1531 1915 1652 1969 Non
1696 1914 1883 1987 allego
1931 1918 2086 1987 quod

448 2001 608 2055 idola
655 2001 921 2063 honoret,
972 2018 1223 2071 quorum
1275 2004 1514 2057 nomina
1556 2005 1698 2059 cmlo
1764 2005 2087 2076 inscripsit,

450 2089 669 2161 quibus
702 2106 931 2143 omnem
956 2090 1053 2144 Dei
1089 2096 1437 2161 potestatem
1472 2093 1692 2146 addixit
1720 2109 1730 2146 :
1767 2094 1921 2164 quod
1954 2111 2089 2165 pro-

447 2182 644 2249 pterea
676 2178 938 2234 homines
970 2196 1082 2235 non
1118 2184 1324 2251 putant
1356 2181 1399 2215 ἰθ
1439 2181 1623 2235 Deum
1674 2184 2090 2254 requirendum

448 2274 873 2339 praesumentes
921 2268 1221 2323 stellarum
1272 2287 1379 2324 nos
1446 2270 1799 2325 immutabili
1852 2272 2090 2327 arbitrio

450 2356 657 2427 agi.Un
670 2373 766 2410 um
799 2359 1325 2428 propono,angelos
1349 2375 1478 2413 esse
1503 2358 1631 2413 illos
1646 2360 1969 2415 desertores
1994 2361 2091 2416 Dei

449 2447 603 2515 (Gen.
638 2449 740 2511 v1),
774 2451 1063 2500 amatores
1117 2448 1489 2513 feminarum,
1546 2450 1871 2518 proditores
1918 2453 2093 2504 etiam

451 2534 628 2603 hujus
659 2534 1040 2603 curiositatis,
1085 2543 1385 2605 propterea
1436 2554 1666 2607 quoque
1724 2539 2030 2592 damnatos
2061 2557 2095 2593 a

410 2646 419 2655 ε
451 2623 587 2677 Deo.
620 2621 664 2676 Ο
697 2622 896 2676 divina
927 2624 1216 2677 sententia
1246 2641 1433 2694 usque
1456 2626 1524 2679 ad
1558 2631 1772 2680 terram
1807 2632 2090 2697 pertinax,

454 2712 546 2764 cui
581 2709 755 2764 etiam
808 2711 1145 2780 ignorantes
1198 2712 1600 2767 testimonium
1663 2716 1933 2772 reddunt.
1986 2718 2092 2771 Ex-

454 2798 752 2870 pellantur
807 2799 1203 2854 mathematici
1251 2802 1365 2871 ('27)
1422 2802 1574 2857 sicut
1626 2804 1811 2873 angeli
1868 2822 2090 2860 eorum.

453 2886 601 2942 Urbs
630 2892 688 2942 et
718 2886 884 2942 Italia
914 2886 1285 2942 interdicitur
1331 2892 1779 2963 mathematicis,
1804 2896 1956 2949 sicut
1978 2913 2093 2950 cm-

414 2965 572 3030 ilum
607 2976 830 3046 angelis
862 2993 1085 3031 eorum.
1131 2978 1339 3033 Eadem
1378 2996 1544 3049 pcena
1593 2986 1680 3036 est
1710 2982 1865 3037 exilii
1925 2985 2095 3041 disci-

450 3064 605 3136 pulis
637 3066 789 3120 672
824 3071 879 3120 et
912 3066 1229 3137 magistris.
1265 3068 1374 3122 Sed
1410 3069 1562 3139 magi
1616 3076 1673 3124 et
1701 3072 1977 3144 astrologi
2013 3075 2085 3128 ab

2192 488 2379 542 larum
2414 487 2759 560 interpretes
2793 489 2903 561 (28)
2940 494 3142 544 natum
3175 488 3473 544 Christum
3524 486 3840 543 annuntia-

2194 582 2419 643 verunt,
2480 578 2654 649 primi
2720 583 3175 633 muneraverunt
3230 578 3366 648 (29).
3428 576 3546 631 Hoc
3606 576 3841 632 nomine

2194 667 2488 721 Christum
2525 667 2774 738 (opinor)
2823 667 2934 723 sibi
2990 666 3417 739 obligaverunt.
3465 665 3611 729 Quid
3666 664 3839 719 tum?

2196 756 2326 811 Ideo
2358 773 2513 810 nunc
2545 762 2600 810 et
2632 757 3063 811 mathematicis
3096 754 3558 828 patrocinabitur
3604 754 3838 811 illorum

2200 862 2502 916 magorum
2540 845 2784 917 religio?
2816 846 2894 900 De
2925 845 3155 901 Christo
3187 844 3411 900 scilicet
3440 849 3529 899 est
3561 843 3841 899 mathesis

2200 935 2371 989 hodie
2400 936 2536 1006 (30).
2570 934 2769 991 stellas
2800 935 2845 969 “
2873 934 3110 1002 Christi,
3145 952 3257 991 non
3293 933 3529 989 Saturni
3559 937 3616 988 et
3641 933 3838 988 Martis

2198 1031 2252 1078 et
2298 1025 2606 1095 cujusque,
2657 1040 2721 1079 ex
2773 1024 2975 1079 eodem
3028 1023 3231 1079 ordine
3290 1029 3657 1078 mortuorum
3726 1022 3835 1093 (31)

2199 1115 2468 1169 observat
2496 1118 2553 1168 et
2586 1113 2879 1184 praedicat.
2920 1114 2992 1168 At
3020 1113 3174 1167 enim
3208 1112 3454 1167 scientia
3503 1110 3603 1167 illa
3652 1128 3839 1182 usque

2198 1204 2269 1257 ad
2302 1202 2679 1273 Evangelium
2711 1202 2819 1273 (32)
2850 1203 2962 1256 fuit
2991 1217 3288 1267 concessa,
3321 1207 3386 1256 ut
3414 1200 3644 1256 Christo
3687 1200 3838 1255 edito

2199 1309 2369 1348 nemo
2401 1292 2606 1347 exinde
2637 1291 2999 1346 nativitatem
3048 1290 3300 1361 alicujus
3344 1291 3415 1345 de
3474 1289 3615 1345 coelo
3662 1289 3841 1344 inter-

2109 1434 2121 1454 ,
2200 1381 2692 1454 pretetur“.Nam
2726 1386 2781 1436 et
2812 1381 2950 1436 thus
2973 1379 3112 1435 illud
3147 1384 3201 1435 et
3226 1379 3520 1451 myrrham
3552 1383 3608 1434 et
3629 1396 3839 1435 aurum

2201 1471 2327 1525 ideo
2355 1470 2566 1525 infanti
2598 1474 2736 1525 tunc
2768 1469 3014 1524 Domino
3069 1469 3429 1535 obtulerunt,
3465 1468 3631 1540 quasi
3678 1467 3838 1522 clau-

2199 1560 2388 1615 sulam
2419 1558 2863 1616 sacrificationis
2894 1560 3004 1629 (33)
3036 1563 3092 1613 et
3121 1557 3319 1629 gloriae
3338 1556 3840 1627 saecularis,quam

2197 1649 2466 1704 Christus
2497 1653 2619 1703 erat
2649 1649 3051 1720 adempturus.
3084 1647 3248 1710 Quod
3280 1647 3459 1719 igitur
3490 1646 3698 1701 iisdem
3715 1662 3841 1701 ma-

2199 1739 2288 1809 gis
2318 1738 2611 1793 somnium
2647 1738 2773 1793 sine
2803 1736 2979 1791 dubio
3012 1752 3079 1790 ex
3115 1736 3208 1791 Dei
3249 1736 3545 1791 voluntate
3600 1750 3841 1807 sugges-

2201 1827 2296 1892 sit,
2332 1831 2395 1881 ut
2426 1827 2576 1880 irent
2606 1827 2662 1879 in
2698 1842 2825 1892 sua,
2877 1824 2977 1879 sed
3028 1824 3165 1890 alia,
3212 1841 3325 1879 non
3378 1840 3491 1895 qua
3539 1825 3838 1892 venerant,

2200 1916 2311 1985 via,
2354 1916 2410 1968 id
2472 1920 2579 1981 est,
2644 1932 2713 1969 ne
2771 1914 3018 1985 pristina
3076 1918 3235 1969 secta
3294 1930 3401 1969 sua
3458 1912 3837 1968 incederent:

2202 2022 2394 2060 nonne
2450 2006 2492 2039 ‘°
2550 2004 2681 2059 illos
2739 2003 2994 2058 Herodes
3045 2006 3514 2074 persequeretur,
3568 2001 3669 2073 qui
3737 2016 3840 2057 nec

2200 2098 2542 2165 persecutus
2586 2096 2693 2162 est,
2744 2092 2917 2147 etiam
2952 2091 3229 2163 ignorans
3251 2091 3366 2146 alia
3395 2092 3487 2146 via
3523 2091 3840 2162 digressos,

2201 2184 2478 2255 quoniam
2511 2187 2567 2237 et
2625 2198 2741 2251 qua
2770 2184 3050 2235 venerant
3106 2180 3440 2252 ignorabat.
3490 2180 3644 2235 Adeo
3692 2179 3844 2235 viam

2207 2277 2418 2327 rectam
2446 2273 2488 2305 ‘7
2520 2278 2571 2325 et
2621 2269 2992 2339 disciplinam
3044 2269 3370 2339 intelligere
3401 2269 3703 2324 debemus.
3738 2270 3846 2324 Ita-

2205 2377 2317 2432 que
2351 2361 2537 2431 magis
2568 2361 2943 2430 praeceptum,
2977 2362 3039 2411 ut
3066 2358 3272 2413 exinde
3304 2356 3847 2412 aliterincederent.

2204 2451 2297 2506 Sic
2327 2454 2383 2504 et
2434 2449 2547 2503 alia
2602 2448 2704 2501 illa
2746 2446 2969 2518 species
3020 2447 3063 2480 ⁴⁸
3098 2448 3301 2516 magia
3359 2463 3485 2517 quae
3545 2444 3849 2500 miraculis

2205 2542 2494 2609 operatur,
2555 2537 2732 2591 etiam
2798 2536 3080 2589 adversus
3140 2534 3332 2604 (Exod.
3406 2536 3551 2599 vm).
3608 2534 3849 2606 Moysen

2204 2624 2841 2698 zemulata,patientiam
2860 2624 2962 2678 Dei
2980 2623 3236 2678 traxitad
3261 2622 3635 2695 Evangelium
3660 2639 3850 2694 usque

2206 2718 2337 2781 (Act.
2371 2734 2492 2780 vm,
2537 2716 2645 2783 18).
2682 2717 2825 2767 Nam
2876 2712 3082 2767 exinde
3112 2716 3169 2765 et
3214 2711 3410 2766 Simon
3445 2712 3696 2781 Magnus
3718 2712 3848 2781 jam

2207 2806 2413 2872 fidelis,
2447 2802 2723 2875 quoniam
2745 2800 2962 2871 aliquid
2992 2800 3181 2855 adhuc
3203 2801 3273 2854 de
3305 2799 3673 2856 circulatoria
3688 2805 3851 2855 secta

2205 2895 2502 2966 cogitaret,
2550 2896 2612 2946 ut
2669 2890 2892 2944 scilicet
2921 2889 3071 2944 inter
3122 2888 3401 2944 miracula
3460 2887 3845 2960 professionis

2204 3001 2320 3039 suae
2352 2984 2524 3038 etiam
2560 2979 2842 3050 Spiritum
2884 2982 3153 3033 sanctum
3190 2994 3290 3049 per
3342 2994 3624 3032 manuum
3662 2977 3848 3048 impo-

2206 3074 2477 3128 sitionem
2525 3070 2678 3124 (373
2734 3068 3125 3123 enundinaret
3175 3067 3307 3138 (34),
3367 3065 3713 3121 maledictus
3772 3065 3847 3120 ab

449 3153 671 3209 oriente
722 3159 1008 3210 venerunt
1063 3156 1270 3225 (Matth.
1348 3160 1431 3227 Il).
1506 3157 1737 3214 Scimus
1788 3162 1990 3231 magiae
2038 3168 2095 3218 et
2126 3147 2168 3212 C
2208 3163 2342 3234 (Act.
2374 3178 2501 3228 vm,
2548 3160 2637 3230 20)
2689 3156 2969 3230 apostolis
3019 3156 3090 3211 de
3120 3156 3233 3210 ﬁde
3278 3156 3323 3190 ‘9
3372 3156 3595 3225 ejectus
3624 3160 3764 3210 est:
3801 3158 3863 3209 et

1864 3313 2067 3374 Variae
2098 3313 2420 3375 lectiones.

531 3428 576 3461 ⁴²
603 3427 941 3508 ςΓαῐῃ-Ξςγηζ.
1020 3431 1305 3508 ‘3_Putent
1332 3434 1462 3508 lit-_n.
1539 3435 1854 3508 f‘_Stellam
1892 3444 2098 3495 Wouw.
2132 3439 2198 3493 Μ.
2232 3438 2287 3494 S.
2340 3435 2536 3508 Rigalt.
2614 3435 2659 3469 ⁸⁵
2717 3434 3142 3508 Interpretatur
3187 3430 3391 3508 Rigalt.

737 3501 779 3533 ⁸⁷
803 3502 1027 3556 Sectam
1057 3503 1184 3557 Jun.
1261 3504 1303 3535 ‘8
1333 3504 1519 3560 Aliam
1550 3506 1712 3562 illam
1743 3510 1999 3581 speciem
2029 3543 2097 3551 —
2129 3501 2423 3583 patientia'
2442 3510 2606 3563 Fran.
2687 3507 2732 3541 ¹ο⁹
2761 3501 2897 3561 Fide
2928 3504 3189 3576 dejectus
3214 3501 3304 3560 est
3330 3505 3455 3560 Jun.

464 3500 635 3556 Seml.

3468 3432 3512 3467 ⁸⁸
3540 3435 3666 3487 Non
3713 3431 3871 3488 abest

1905 3651 2425 3715 Commentarios.

537 3764 647 3835 (27)
671 3767 1052 3846 Expellantur
1079 3770 1481 3846 mathematici.
1535 3774 1600 3846 Si
1642 3774 1775 3845 quis
1804 3776 1945 3846 haec,
1974 3782 2103 3832 tan-

467 3852 643 3916 quam
668 3838 901 3916 inutilia
932 3844 987 3893 et
1016 3842 1332 3916 superflua,
1369 3844 1542 3899 deleri
1576 3838 1842 3916 oportere
1874 3838 2107 3904 censue-

468 3909 560 3979 rit,
595 3908 770 3964 habet
794 3926 925 3965 ecce
958 3929 1048 3966 me
1078 3908 1585 3979 adstipulatorem.
1613 3908 1750 3973 Ἠιῦ.

696 3982 878 4062 Ρζῇγηί
908 3984 1100 4062 igitur
1136 3980 1828 4062 stellarum"interpretes.
1883 3989 2105 4045 Chalci-

467 4050 611 4131 dius.
636 4055 690 4104 in
726 4053 862 4107 Tim.
904 4050 1048 4110 Plat.
1086 4058 1151 4110 ad
1188 4058 1391 4113 Osium
1451 4050 1886 4116 Cordubensem
1920 4080 1987 4116 ex
2021 4063 2105 4116 hi-

468 4126 1061 4203 storiagquam‘vocat
1103 4131 1453 4203 sanctiorem
1505 4137 1560 4185 et
1601 4134 2103 4200 venerabiliorem,

460 4196 562 4276 ait,
597 4200 724 4276 ortu
751 4196 940 4276 _stellze
970 4200 1279 4269 cujusdam
1298 4219 1434 4276 _non
1492 4205 1746 4276 morbos
1778 4196 2108 4275 mortesque

426 4265 854 4335 denuntiatae,
904 4265 1246 4326 descensum
1297 4273 1394 4326 Dei
1459 4275 1807 4330 venerabilis
1875 4279 1944 4332 ad
1998 4265 2105 4333 bu-

457 4351 643 4418 manae
659 4342 1140 4418 consepvationis,
1162 4361 1473 4418 rerumqu_e
1499 4348 1830 4418 mortalium
1857 4349 2106 4418 gratiam

456 4436 525 4486 :-
555 4410 809 4486 S'rsLLAM
839 4410 1090 4486 Cattts'rr.
1127 4416 1273 4485 Magi
1309 4410 1396 4467 in'
1420 4416 1726 4486 Evangelio
1780 4410 2103 4475 secundum

457 4477 796 4559 Matthaaun:
828 4499 841 4559 ξ
885 4484 1157 4559 Vidimus_
1174 4477 1389 4559 sttit/am
1421 4490 1538 4559 ejus
1577 4477 1645 4542 ῗη
1701 4490 1941 4545 Oriente.
1982 4493 2096 4545 Pri-

458 4552 699 4621 masius,
734 4553 792 4606 in
828 4552 1093 4610 haeresim
1129 4552 1705 4613 Priscillianistarum
1742 4577 1754 4613 :

454 4618 977 4701 Chlrifsti’adsigna
1008 4627 1356 4699 astrologica
1395 4630 1810 4701 migraverunt.
1845 4654 1871 4685 η
1910 4618 2033 4688 Ριιὲ.

526 4692 639 4764 (29)
688 4692 890 4749 Ρνίγηῖ
914 4692 1360 4754 γηυηεναυεννιιηι.
1421 4692 1756 4758 Οῇἒλιοὶὀίυε
1792 4721 1803 4760 :
1840 4728 1865 4754 (ι
1929 4705 2098 4761 Chal-

460 4760 721 4819 daerhm
757 4769 1011 4840 profecto
1045 4772 1339 4840 sapientes
1372 4772 1499 4837 viri,
1538 4781 1593 4829 et
1632 4760 2101 4833 consideratione

452 4849 651 4916 rerum
677 4839 999 4916 caelestium
1034 4839 1178 4916 satis
1210 4844 1529 4915 exercitati,
1564 4848 1845 4916 quaesisse
1893 4850 2097 4903 dicun-

450 4908 550 4958 tur
582 4914 868 4990 rOeeentem
895 4917 1085 4990 ortum
1117 4914 1216 4967 Dei
1253 4932 1264 4969 :
1301 4908 1642 4987 repertaque
1663 4920 1763 4973 illa
1795 4922 2100 4990 majestate

451 4978 683 5059 puerili,
745 4989 1048 5039 veneratos
1079 5001 1228 5051 esse,
1263 4992 1318 5041 et
1351 4978 1478 5042 vota
1527 4978 1641 5045 Deo
1692 4996 1852 5045 tanto
1888 4978 2097 5047 conve-

449 5054 1103 5125 nientiapuneupasse.
1138 5089 1207 5096 ——
1242 5080 1268 5105 ››
1301 5064 1421 5113 Ιίιη.

494 5119 633 5197 _(30)
681 5122 754 5204 De
804 5119 1011 5204 Chﬂsto
1066 5130 1275 5204 scilicet
1315 5135 1395 5184 est
1449 5135 1707 5204 mathesis
1757 5134 1929 5187 hodie.
1982 5134 2095 5188 Ho-

448 5188 958 5274 dier‘nag‘in’quitt
996 5200 1278 5255 mathesis
1346 5206 1430 5254 est
1477 5203 1790 5274 disciplina
1855 5204 2094 5261 Christi.

447 5257 627 5348 Stella
660 5257 897 5348 Christi,
926 5257 1070 5348 'hoc_
1101 5277 1210 5335 est,
1271 5274 1498 5348 genesis
1547 5257 1788 5345 Christi,
1832 5257 2096 5348 eaempla

447 5332 813 5420 et_mandata
844 5339 970 5408 ejus
1022 5332 1384 5398 observanda
1414 5350 1552 5399 sunt
1603 5332 1782 5402 nobis]
1802 5354 1857 5404 et
1887 5332 2093 5420 praedi-

445 5401 649 5458 canda.
686 5404 812 5461 RIG.

520 5504 587 5555 τ
620 5480 697 5529 De
745 5478 959 5555 garris-to
1017 5486 1240 5539 scilicet.
1300 5486 1542 5549 Ironice,
1599 5489 1879 5544 mathesis
1936 5490 2092 5545 enim

448 5543 961 5641 ﬁgitfighthisti‘
986 5555 1296 5641 disciplina
1326 5574 1439 5641 ppu
1467 5543 1601 5641 est;
1636 5561 1775 5641 quia
1805 5543 2091 5617 nulum);

447 5616 542 5698 die
570 5618 742 5674 stella
774 5622 1041 5698 Christus
1073 5616 1307 5683 dicitur.
1343 5616 1615 5683 Doctrina
1647 5616 1747 5687 illa
1769 5649 1967 5689 eorum
2002 5616 2093 5688 eet

446 5695 545 5763 qui
578 5695 978 5765 cognominem
1013 5700 1242 5757 stellam
1275 5700 1609 5758 habuerunt
1640 5708 1703 5761 ut
1739 5704 1988 5779 Jupiter,
2027 5708 2090 5761 ut

2215 3780 2522 3845 Saturnus,
2555 3776 2665 3828 etc.
2703 3772 2941 3845 Frustra
2988 3775 3185 3827 autem
3235 3787 3304 3845 ex
3334 3770 3441 3845 hoc
3483 3770 3610 3825 loco
3640 3768 3867 3825 Christi

2216 3847 2477 3919 genesim
2510 3843 2560 3919 'e
2590 3843 2894 3899 stellarum
2939 3860 3113 3898 cursu
3145 3843 3350 3919 metiri
3411 3857 3580 3914 posse
3631 3847 3872 3919 copten-

2216 3913 2366 3973 dunt
2400 3916 2664 3973 homines
2715 3932 2978 3986 perverse
3033 3916 3269 3981 curiosi,
3306 3913 3459 3969 inter
3514 3929 3662 3984 quos
3695 3913 3872 3967 fami-

2219 3990 2354 4044 liam
2390 3992 2613 4045 ducunt
2644 3988 2848 4042 Petrus
2882 3988 2951 4041 de
2981 3986 3285 4052 Alliaco,et
3310 3986 3697 4057 Hieronymus
3725 3990 3871 4040 Car-

2217 4065 2424 4117 danus.
2460 4062 2535 4115 Ls
2576 4064 2673 4114 ΡΒ.

2288 4134 2399 4202 (31)
2445 4134 2508 4187 Ει
2558 4131 2933 4202 cujusquam:
2988 4128 3172 4183 eodem
3237 4129 3433 4202 ordine
3494 4130 3872 4183 mortuorum.

2218 4198 2334 4258 Ilo'c
2366 4198 2473 4269 est,
2507 4218 2572 4257 ex
2604 4198 2808 4257 ordine
2841 4198 2938 4254 illo
2970 4200 3299 4270 septenario
3340 4199 3732 4271 planetarum,
3765 4203 3875 4271 Sa:-

2216 4277 2396 4329 turni.
2431 4274 2652 4343 Martis,
2685 4271 2979 4338 Mercurii,
3013 4278 3070 4326 et
3100 4272 3155 4325 id
3214 4269 3401 4343 genus
3450 4270 3725 4334 aliorum,
3761 4269 3873 4343 qui

2218 4364 2329 4402 non
2367 4347 2470 4417 dii,
2499 4346 2599 4401 sed
2634 4344 2903 4399 homines
2937 4345 3116 4411 fuere,
3140 4347 3196 4399 et
3217 4346 3344 4415 jam
3376 4344 3613 4414 quidem
3646 4342 3878 4397 mortui

2217 4424 2343 4473 RIG.

2289 4490 2401 4560 (32)
2436 4489 2610 4570 U§qae
2634 4487 2724 4570 ,ιιάὶ
2748 4486 3143 4570 Ερᾳηθειὶωζι..
3185 4484 3265 4570 Ne
3314 4490 3477 4570 putet
3509 4484 3694 4565 lector
3722 4500 3878 4567 con-

1807 4584 1829 4603 τ·
1856 4565 1897 4616 Α
1932 4563 2097 4633 signo
2134 4538 2175 4599 ί)
2208 4538 2679 4633 ορὲεειίηνόἷνίοἰε
2711 4538 3360 4633 ΙΘεζὶὺυσεηεεάραοῐυῶ
3394 4556 3695 4623 humanis,
3730 4555 3881 4633 quia

2210 4638 2343 4687 ante
2374 4631 2673 4687 Christum
2706 4627 2820 4685 non
2857 4628 3087 4700 punita,
3117 4627 3237 4683 imo
3281 4646 3382 4700 per
3430 4644 3647 4700 omnes
3671 4629 3878 4683 natio-

2213 4722 2315 4760 nes
2348 4708 2556 4774 vagata
2587 4697 2927 4774 insolenter,
2952 4704 3008 4754 et
3036 4700 3092 4753 in
3124 4697 3305 4771 pretio
3336 4717 3406 4774 ac
3432 4697 3873 4774 gltariahahita.

2212 4771 2642 4846 Neque'contra
2674 4772 2781 4827 hoc
2827 4777 2940 4846 est,
2967 4788 3308 4846 concessam
3358 4771 3542 4843 Magis
3593 4771 3875 4846 adorato-

2212 4843 2375 4901 ribus
2408 4846 2646 4913 Christi,
2682 4861 2813 4898 nam
2847 4844 2941 4898 isti
2984 4843 3086 4898 illa
3117 4844 3206 4897 usi
3240 4847 3381 4898 sunt
3428 4861 3497 4898 ex
3547 4859 3712 4898 mera
3743 4843 3872 4914 pie-

2211 4924 2325 4973 tate
2351 4924 2405 4973 et
2438 4918 2735 4987 religione,
2770 4931 2882 4970 non
2917 4918 2978 4987 ut
3011 4914 3133 4987 alia:
3166 4920 3368 4987 gentes
3400 4916 3472 4971 ad
3505 4931 3655 4987 usus
3687 4914 3877 4970 male-

2212 4992 2371 5045 ficos.
2407 4990 2517 5044 Sed
2558 4986 2620 5043 et
2662 4986 3060 5058 explicandus;
3101 4986 3342 5041 Tertull.
3404 5004 3535 5042 cum
3606 4986 3693 5040 ait
3723 5002 3874 5042 con-

2209 5079 2433 5117 cessam
2476 5077 2665 5131 usque
2706 5056 2775 5113 ad
2818 5056 3217 5129 Evangelium,
3252 5058 3477 5115 scilicet
3519 5074 3877 5115 concessam

2209 5144 2268 5188 ut
2294 5131 2804 5204 plurimum._LAc.

2279 5199 2391 5275 (33)
2423 5201 2755 5275 Clatuulam
2783 5199 3223 5275 sacriﬁcationis.
3258 5202 3329 5254 Ut
3353 5200 3560 5275 eainde
3590 5199 3879 5256 Christus

2208 5269 2405 5332 fideles
2438 5293 2577 5331 suos
2610 5273 2903 5329 abstinere
2934 5269 3183 5325 voluerit
3211 5273 3557 5342 pontificatu
3589 5276 3649 5327 et
3679 5288 3876 5329 sat-eu-

2207 5348 2310 5403 lari
2355 5347 2557 5418 gloria.
2611 5343 2986 5418 Clausulam,
3018 5342 3133 5398 fide
3176 5349 3238 5418 et
3280 5345 3623 5418 terminum.
3677 5343 3780 5399 Sic
3809 5345 3875 5400 in

2204 5413 2402 5489 Scorp.
2437 5418 2532 5473 ubi
2562 5418 2631 5472 de
2653 5419 2817 5473 Joan.
2850 5414 3016 5486 Bapt.
3052 5430 3064 5469 :
3107 5437 3125 5462 α
3163 5413 3438 5472 Clausula
3468 5416 3614 5487 legis
3646 5420 3707 5470 et
3734 5433 3879 5488 pro-

2204 5492 2535 5561 phetarum.
2575 5512 2601 5536 »
2638 5493 2762 5543 Βία.

2274 5561 2386 5631 (34)
2415 5562 2686 5631 Spiritum
2716 5561 2967 5631 sanctum
2996 5571 3110 5631 _per
3137 5573 3411 5613 manuum
3442 5558 3873 5631 impositionem

2202 5626 2589 5687 enundinaret.
2632 5626 3200 5687 Convenientissimo
3240 5631 3418 5686 verbo
3475 5626 3747 5685 Simonis
3785 5629 3872 5684 is-

2201 5703 2321 5761 tius
2352 5704 2573 5762 crimen
2605 5704 2867 5762 damnat.
2901 5700 3008 5756 Sed
3042 5704 3097 5757 et
3121 5700 3402 5760 hodiernae
3431 5701 3873 5762 nundinationi
