4106 6178
286 312 397 371 749

284 532 705 588 adversabatur
732 534 1039 605 apostolis,
1073 534 1369 589 luminum
1422 536 1743 591 amissione
1794 537 1945 591 inul-

282 627 473 676 ctatus
505 626 596 676 est
626 622 763 692 (Act.
802 639 925 692 xm,
956 624 991 675 6
1057 623 1272 693 seqq.).
1306 626 1424 678 Hoc
1453 628 1511 678 et
1542 625 1815 696 astrologi
1848 642 1944 680 re-

283 710 580 777 tulissent,
613 712 809 777 credo,
846 713 894 766 si
923 712 1055 783 quis
1084 712 1144 766 in
1178 712 1477 783 apostolos
1535 713 1844 770 incidisset
1877 716 1937 768 ⁵ο.

280 802 553 853 Attamen
598 815 731 854 cum
764 801 959 871 magia
1021 802 1281 871 punitur,
1345 804 1516 871 cujus
1573 809 1663 857 est
1720 806 1941 874 species

279 888 621 959 astrologia,
653 889 857 960 utique
889 894 946 943 et
977 890 1205 960 species
1255 891 1313 943 in
1358 906 1571 961 genere
1600 893 1938 947 damnatur.

278 982 422 1031 Post
456 977 830 1047 Evangelium
866 995 1160 1048 nusquam
1197 982 1462 1034 invenias
1494 986 1594 1035 aut
1623 982 1941 1050 sophistas,

280 1073 386 1120 aut
414 1065 737 1134 Chaldaeos,
770 1072 873 1121 aut
928 1067 1345 1134 incantatores,
1397 1077 1500 1123 aut
1561 1070 1939 1139 conjectorcs,

276 1160 383 1209 aut
443 1171 666 1225 magos,
718 1155 832 1210 nisi
886 1156 1055 1227 plane
1116 1158 1379 1227 punitos.
1447 1159 1546 1213 Ubi
1574 1160 1814 1229 sapiens,
1850 1161 1943 1213 ubi

276 1245 579 1311 litterator,
612 1244 707 1297 ubi
747 1247 1082 1314 conquisitor
1110 1247 1274 1315 hujus
1303 1249 1409 1300 wvz‘
1431 1251 1455 1297 .9
1484 1250 1670 1302 Nonne
1700 1251 1941 1317 infatua-

272 1338 352 1390 vit
374 1338 516 1391 Deus
547 1338 878 1409 sapientiam
910 1340 1076 1404 huius
1106 1341 1300 1395 saeculi
1328 1345 1352 1391 ἓν
1382 1342 1426 1408 (I
1466 1340 1585 1394 Cor.
1623 1358 1660 1405 1,
1716 1346 1803 1405 20)
1838 1341 1939 1394 Ni—

274 1425 357 1479 hil
416 1425 534 1479 scis
588 1426 1027 1494 mathematice,
1090 1430 1136 1482 si
1199 1429 1503 1483 nesciebas
1562 1436 1612 1483 te
1674 1431 1936 1484 futurum

268 1514 694 1569 Christianum.
730 1515 830 1570 Sin
855 1517 1109 1583 sciebas,
1148 1516 1256 1571 hoc
1282 1534 1515 1587 quoque
1547 1518 1693 1573 scire
1729 1519 1939 1573 debue-

266 1620 390 1672 ras,
424 1603 572 1657 nihil
602 1604 707 1658 tibi
742 1604 1003 1659 futurum
1037 1622 1175 1660 cum
1207 1606 1320 1661 ista
1373 1608 1767 1676 professione.
1806 1612 1937 1677 Ipsa

269 1697 325 1748 te
354 1692 428 1747 de
460 1691 721 1763 periculo
754 1709 862 1749 suo
894 1694 1234 1760 instrueret,
1284 1711 1411 1764 quae
1446 1696 1694 1750 aliorum
1730 1696 1933 1751 clima-

272 1782 495 1836 cterica
527 1781 803 1853 praecanit
835 1783 968 1853 (35),
999 1787 1121 1839 Non
1150 1787 1229 1839 est
1270 1784 1372 1837 tibi
1421 1799 1557 1853 pars
1615 1800 1790 1855 neque
1820 1800 1934 1841 sors

271 1870 333 1923 in
355 1872 472 1926 ista
528 1872 746 1925 ratione
775 1870 910 1942 (Act.
972 1888 1098 1937 VIII,
1155 1870 1267 1940 21).
1329 1870 1455 1926 Non
1515 1876 1706 1942 potest
1759 1889 1935 1943 regna

269 1958 556 2015 ccelorum
590 1977 845 2032 sperare,
871 1960 1043 2029 cujus
1074 1960 1296 2032 digitus
1319 1964 1421 2015 aut
1445 1961 1644 2017 radius
1670 1962 1934 2019 abutitur

274 2048 446 2103 coelo.

1648 314 1748 375 DE
1795 314 2355 377 lDOLOLATHIA.

284 443 426 499 alter
456 459 667 515 magus
697 444 951 515 quicum
982 446 1181 516 Sergio
1204 446 1406 511 Paulo,
1431 448 1707 517 quoniam
1734 448 1942 503 iisdem
1973 454 2028 519 Α

3587 320 3706 384 750

2712 451 2944 507 CAPUT
2981 451 3046 506 Χ.

2127 540 2513 601 Quaarendum
2548 545 2741 595 autem
2791 545 2878 595 est
2934 541 3110 596 etiam
3146 541 3217 595 de
3266 540 3704 613 ludimagistris

2053 628 2206 682 674
2238 633 2294 683 et
2322 628 2392 683 de
2441 628 2663 683 cmteris
2723 630 3154 699 professmibus
3203 628 3554 699 litterarum,
3586 630 3702 687 imo

2053 733 2167 771 non
2201 717 2592 771 dubitandum
2625 717 2830 773 aflines
2860 716 2991 772 illos
3023 734 3151 773 esse
3185 718 3543 774 multimoda:
3577 720 3701 774 ido-

2053 805 2314 859 lolatrise.
2354 807 2636 871 Primum,
2662 807 2879 877 quibus
2914 823 3151 862 necesse
3204 812 3294 863 est
3326 809 3463 863 deos
3514 810 3703 864 natio-

2054 911 2194 947 num
2249 896 2580 965 prasdicare,
2658 897 2917 965 nomina,
2975 896 3373 967 genealogias,
3447 897 3698 967 fabulas,

2050 992 2395 1038 ornamenta
2446 986 2770 1039 honorifica
2822 1002 3068 1055 quaeque
3115 1002 3316 1039 eorum
3372 987 3701 1053 enuntiare,

2049 1076 2173 1126 tum
2208 1073 2492 1127 solemnia
2521 1074 2793 1143 festaque
2849 1076 3189 1128 eorumdem
3249 1075 3579 1142 observare,
3634 1080 3701 1130 ut

2051 1162 2266 1232 quibus
2295 1162 2589 1233 vectigalia
2616 1180 2725 1217 sua
2754 1167 3083 1233 suppetant.
3104 1164 3243 1226 Quis
3266 1163 3697 1235 ludimagister.

2052 1251 2175 1304 sine
2228 1251 2430 1305 tabula
2486 1257 2708 1321 septem
2770 1252 3057 1305 idolorum
3120 1254 3254 1320 (36),
3316 1253 3699 1323 quinquatria

2052 1346 2243 1393 tamen
2279 1344 2319 1373 ³¹
2357 1341 2747 1409 frequentabit
2779 1341 2886 1409 (37)
2916 1342 2942 1393 ’ἶ
3002 1340 3194 1410 Ipsam
3256 1341 3506 1410 primam
3567 1342 3698 1396 novi

2049 1427 2323 1497 discipuli
2353 1430 2566 1499 stipem
2603 1429 2871 1483 Minerva:
2904 1434 2959 1482 et
2991 1428 3193 1483 honori
3227 1435 3281 1482 et
3306 1430 3527 1483 nomini
3560 1448 3695 1485 con-

2048 1522 2259 1583 Sccrat,
2290 1524 2351 1571 ut
2375 1517 2482 1571 etsi
2509 1519 2551 1549 δέ
2581 1536 2692 1571 non
2730 1519 3069 1587 profanatas
3099 1518 3272 1572 alicui
3305 1518 3695 1588 idolo,verbo-

2048 1610 2221 1660 tenus
2255 1607 2325 1660 de
2358 1606 2679 1677 idolothyto
2710 1622 2837 1660 esse
2872 1605 3101 1660 dicatur
3133 1606 3264 1675 (38).
3300 1607 3447 1670 Quid
3497 1610 3695 1664 minus

2045 1701 2133 1749 est
2162 1695 2592 1764 inquinameuti
2635 1695 2680 1728 ⁸³
2713 1711 2777 1749 eo
2811 1695 2964 1765 quod
3026 1700 3265 1765 praestat
3321 1702 3582 1766 quaestus
3640 1702 3697 1753 et

2045 1783 2381 1839 nominibus
2411 1788 2468 1837 et
2525 1783 2850 1838 honoribus
2894 1783 3049 1838 idolo
3109 1790 3483 1855 nuncupatus
3515 1785 3542 1837 ?
3570 1790 3693 1841 tam

2040 1872 2375 1927 Mincrvalia
2433 1871 2723 1939 Minervae,
2786 1888 2961 1941 quam
3020 1873 3352 1928 Saturnalia
3431 1876 3693 1946 Saturni,

2041 1980 2166 2034 qua?
2217 1962 2394 2016 etiam
2451 1961 2754 2017 serviculis
2812 1962 2923 2016 sub
2970 1966 3231 2033 tempore
3289 1962 3691 2019 Saturnalium

2041 2051 2318 2108 celebrari
2350 2067 2588 2108 necesse
2618 2055 2729 2107 est.
2761 2051 2947 2106 Etiam
2980 2055 3189 2107 strena:
3252 2054 3575 2124 captandas,
3634 2057 3693 2110 et

1722 2195 1924 2256 Variae
1952 2195 2271 2256 lectiones.

340 2308 389 2383 ‘9
420 2308 483 2383 Si
514 2309 615 2379 qui
641 2341 708 2348 —
740 2309 1087 2365 incidissent
1116 2309 1326 2380 Rigalt.
1352 2312 1393 2345 δι
1428 2311 1516 2365 Sic
1542 2312 1805 2381 scriptum
1835 2319 1913 2365 est
1942 2313 1998 2365 in
2031 2312 2144 2365 cod.
2179 2313 2364 2381 Agob.,
2402 2312 2647 2365 lthenan.
2672 2331 2693 2366 ,ο
2728 2312 2860 2383 quis
2882 2310 3289 2381 ludimagister
3317 2310 3367 2364 si
3388 2325 3503 2365 non
3529 2312 3694 2365 tabu-

274 2379 432 2453 laria
463 2382 879 2452 frequentabit.
916 2382 1115 2450 Rigalt.
1147 2379 1387 2437 :tamcn
1421 2400 1534 2437 non
1562 2379 1970 2453 frequentabit.
2014 2384 2194 2438 Latin.
2220 2379 2416 2437 tamen
2446 2400 2579 2437 non.
2603 2379 2992 2438 Junfmuvult.
3047 2379 3161 2437 non
3212 2383 3593 2453 Quinquatria
3642 2386 3688 2436 t.

272 2452 686 2522 frequentabit
714 2453 740 2506 ?
770 2454 813 2487 ⁵²
843 2455 909 2509 Et
937 2459 999 2508 ut
1030 2455 1078 2509 si
1113 2456 1297 2509 Paris.
1331 2455 1375 2487 ⁵³
1398 2452 1849 2525 Inquinamento
1878 2460 2065 2510 Paris.
2101 2456 2227 2509 Jan.
2264 2471 2329 2509 eo
2361 2455 2508 2509 abest
2532 2457 2711 2509 Paris.
2743 2457 2872 2511 Jun.

1720 2605 2243 2666 Commentarios.

264 2743 479 2801 eorum
515 2743 647 2801 quas
676 2726 891 2801 feudali
921 2728 1204 2784 vocabulo
1264 2728 1546 2783 beneficia
1590 2746 1933 2801 nuncupan-

268 2805 401 2868 tur,
433 2799 701 2853 simoniaa
735 2800 955 2855 crimen
990 2801 1249 2855 tribuere
1300 2801 1581 2867 solemus,
1643 2803 1751 2855 etsi
1786 2799 1935 2856 inter

270 2876 605 2942 emptorem
638 2876 696 2944 et
723 2873 1086 2926 venditorem
1137 2874 1207 2927 de
1267 2873 1665 2943 comparando
1712 2874 1927 2944 Spiritu

269 2948 485 2997 sancto
520 2942 831 3012 nequidem
875 2945 1183 3014 cogitetur.
1242 2942 1419 2998 Nam’
1465 2946 1614 2998 inter
1668 2942 1769 2999 eos
1823 2945 1930 2999 hoc

266 3021 510 3087 tantum
543 3017 736 3087 agitur
764 3020 827 3068 ut
859 3015 917 3069 in
950 3022 1272 3087 emptorem
1298 3021 1557 3070 transeat
1588 3017 1690 3085 jus
1741 3016 1927 3086 perci~

264 3085 474 3157 piendi
524 3086 746 3158 reditus
777 3102 845 3141 ex
903 3085 1375 3158 possessionibus
1434 3088 1698 3143 beneﬁcii
1743 3085 1928 3142 titulo

264 3157 741 3228 comprehensis.
780 3159 847 3232 Et
878 3175 1004 3229 qua)
1036 3160 1188 3231 apud
1208 3176 1311 3214 nos
1332 3160 1569 3232 pinguia
1592 3164 1729 3212 sunt
1753 3160 1923 3213 benc-

264 3232 425 3292 ticia,
460 3236 704 3295 veteres,
754 3231 931 3284 etiam
988 3239 1148 3285 extra
1208 3231 1682 3297 Dei’civitatetn,
1732 3232 1926 3286 dixere

259 3300 469 3373 ἀγαθὰς
516 3299 832 3373 ἱερωσύνας.
882 3303 1010 3357 Jam
1057 3320 1188 3357 vero

258 3390 559 3428 evanuere
589 3376 659 3427 de
702 3376 878 3428 rebus
909 3374 1251 3429 christianis
1306 3376 1581 3445 praeclara
1610 3374 1709 3427 illa
1740 3374 1927 3429 sancti

266 3446 872 3516 Spiritusmiracula.
906 3446 1031 3500 Ric.

335 3517 459 3587 (35)
492 3514 748 3570 Aliorum
794 3518 1163 3573 ciimacteric-t
1212 3519 1508 3587 prwcanit.
1560 3516 1929 3570 Climaterica

268 3587 425 3642 dicit
458 3594 618 3641 certa
648 3588 772 3642 vitae
793 3590 982 3658 spatia
998 3606 1097 3658 per
1126 3604 1311 3644 annos
1343 3604 1546 3641 novem
1572 3594 1672 3641 aut
1703 3592 1925 3658 septem

267 3659 522 3713 scansili
556 3660 778 3713 ratione
810 3662 1126 3725 currentia,
1158 3678 1285 3730 qua:
1316 3659 1564 3714 Chaldaei
1602 3659 1927 3729 periculosa

263 3747 405 3785 esse
430 3730 753 3802 affirmant,
803 3733 1087 3802 praecipue
1149 3748 1279 3785 vero
1336 3748 1555 3785 annum
1612 3732 1701 3785 (33.
1768 3730 1925 3783 Ilanc

259 3803 431 3857 enim
466 3800 553 3855 illi
585 3800 914 3857 climactere
941 3800 1276 3857 androclain
1336 3820 1464 3857 esse
1514 3802 1679 3855 aiunt
1728 3805 1923 3855 Grmco

258 3873 578 3929 vocabulo.
613 3875 772 3938 Quod
806 3874 994 3928 Latini
1016 3873 1277 3928 dicerent
1306 3875 1671 3999 virit'ragum.
1705 3872 1782 3925 De
1816 3874 1923 3927 hoc

258 3963 401 3999 vero
445 3945 784 3999 climactere
846 3946 1009 3999 locus
1062 3952 1151 3999 est
1210 3946 1460 3999 insignis
1549 3944 1625 3997 ul.
1690 3944 1922 3998 Firmici

258 3963 401 4001 vero
445 3945 784 4017 climactere
846 3946 1009 4000 locus
1062 3952 1151 3999 est
1210 3946 1460 4017 insignis
1509 3944 1625 3999 Jul.
1690 3944 1922 4017 Firmici

253 4019 514 4072 Mathes.
546 4016 836 4087 lV,quem
872 4018 942 4071 ab
1002 4017 1123 4071 Jos.
1174 4017 1461 4087 Scaligero
1511 4017 1637 4085 jam
1698 4016 1917 4069 indica-

255 4095 387 4143 tum
428 4090 577 4142 satis
608 4086 736 4143 esSe
770 4089 1169 4153 concederem,
1206 4086 1715 4143 nisi’emendatior
1742 4086 1835 4139 hic
1891 4104 1925 4140 a

254 4162 437 4216 nobis
470 4160 656 4213 exiret
685 4176 715 4214 e
746 4159 1016 4215 biblioth.
1077 4160 1269 4231 Regia.
1331 4162 1425 4214 Sic
1482 4160 1637 4213 enim
1672 4158 1923 4231 legimus

255 4234 312 4287 in
338 4236 584 4286 vetusto
613 4232 925 4302 exemplari
979 4247 1047 4286 ;‹‹
1108 4228 1254 4286 sane
1299 4238 1461 4286 extra
1513 4228 1753 4285 cmteros
1812 4228 1919 4283 cli-

251 4309 580 4366 macteras,
612 4303 786 4357 etiam
818 4303 1048 4374 septimi
1110 4304 1244 4359 anni
1273 4308 1329 4357 et
1397 4303 1555 4369 noni,
1622 4318 1720 4371 per
1749 4317 1923 4356 omne

252 4376 392 4431 vitae
430 4382 668 4445 tempus
708 4374 1097 4447 multiplicata
1148 4376 1368 4429 ratione
1399 4379 1721 4447 currentes,
1755 4378 1923 4447 natu-

256 4447 367 4501 rati
397 4446 665 4516 quadam
716 4450 773 4500 et
829 4446 1031 4501 latenti
1084 4447 1331 4511 ratione,
1391 4446 1567 4501 variis
1627 4446 1919 4499 hominem

257 4518 668 4589 periculorum
710 4517 1151 4572 discriminibus
1182 4534 1414 4588 semper
1442 4517 1724 4572 afficiunt.
1762 4517 1923 4571 Unde

256 4597 315 4644 et
343 4591 423 4644 63
456 4606 675 4654 annus,
709 4590 850 4659 quia
879 4590 1183 4660 utriusque
1228 4591 1457 4643 numeri
1492 4605 1787 4642 summam
1818 4604 1917 4660 pa-r

260 4663 410 4715 riter
435 4661 673 4731 accipit,
714 4658 1021 4716 androclas
1053 4658 1383 4784 aggellatus
1427 4666 1532 4714 est.
1568 4682 1593 4708 »
1656 4660 1720 4713 Et
1754 4658 1923 4741 paulo

260 4739 440 4784 nost:
476 4755 505 4781 α
546 4734 656 4784 Hac
688 4749 756 4784 ex
786 4749 965 4784 causa
987 4733 1059 4784 ab
1089 4764 1103 4784 λ
1157 4739 1369 4784 nvutlts
1394 4730 1700 4784 androclas
1731 4733 1923 4784 dictus

257 4739 397 4803 post
424 4748 440 4785 :
476 4755 505 4781 ‹‹
546 4730 656 4786 Hac
688 4749 756 4786 ex
786 4749 965 4787 causa
987 4733 1059 4786 ab
1089 4730 1369 4803 .Egyptiis
1394 4730 1700 4786 androclas
1731 4733 1924 4785 dictus

256 4811 373 4869 est,
412 4805 577 4874 quod
611 4820 844 4858 omnem
878 4805 983 4859 viri
1017 4804 1404 4857 substantiam
1465 4806 1692 4872 frangat
1728 4819 1793 4855 ac
1823 4803 1923 4874 de-

258 4872 479 4930 bilitet.
519 4894 545 4925 ι
582 4878 796 4930 Eadem
827 4892 961 4930 vero
1012 4876 1318 4929 occasione
1375 4874 1783 4930 describentur
1832 4872 1925 4927 hic

256 4950 446 5003 etiam
482 4964 513 5001 e
539 4948 835 5002 veteribus
866 4946 1033 5001 libris
1065 4947 1334 5071 qvtltwdam
1370 4948 1440 5000 ab
1484 4945 1697 5015 Agellio
1752 4946 1929 4998 citata

257 5036 327 5071 ex
355 5018 561 5071 primo
591 5017 873 5071 librorum
902 5034 1052 5071 auos
1147 5060 1159 5071 .
1198 5018 1369 5071 Varro
1427 5015 1731 5071 inscripsit
1776 5017 1927 5069 lteb-

257 5036 327 5074 ex
355 5018 561 5090 primo
591 5017 873 5073 librorum
902 5034 1059 5090 quos
1083 5015 1159 5071 M.
1198 5018 1369 5073 Varro
1427 5015 1731 5090 inscripsit
1776 5017 1927 5090 lleb-

256 5085 583 5156 dorhades,
624 5090 713 5144 vel
761 5090 831 5143 de
888 5085 1246 5159 imaginibus
1294 5085 1925 5159 septenarii—numeri:

262 5182 283 5209 ι
320 5163 719 5217 Climacteras
750 5162 1131 5232 gravissimos
1165 5176 1429 5233 quosque
1487 5159 1609 5214 fieri
1671 5164 1929 5229 septena-

260 5234 412 5289 rios.
459 5254 483 5283 ι
522 5234 649 5287 Hie.

326 5306 513 5373 (36)«
580 5305 715 5370 Quis
778 5303 895 5357 ludi
948 5304 1230 5371 magister,
1289 5302 1407 5355 sine
1466 5302 1656 5355 tabula
1728 5307 1928 5373 septem

255 5372 578 5429 idbtorum.
616 5397 643 5423 n
674 5378 860 5429 Antea
880 5375 1183 5444 legebatur
1210 5392 1221 5429 :
1249 5397 1275 5421 ‹‹
1311 5374 1450 5436 Quis
1476 5374 1598 5427 ludi
1625 5372 1929 5440 magister,

254 5449 301 5502 si
342 5463 467 5501 non
498 5446 799 5522 tabularia
828 5446 1139 5522 idolorum,
1174 5446 1553 5522 quinquatria
1583 5450 1779 5522 tamen
1818 5444 1928 5522 ire-

256 5518 604 5587 quentabit.
638 5541 664 5565 ››
714 5518 881 5572 Nullo
932 5534 1131 5572 sensu.
1198 5518 1545 5571 Rectissime
1601 5521 1726 5569 erat
1785 5518 1926 5567 scri-

258 5596 450 5661 ptura
480 5594 669 5661 vetus,
697 5589 816 5661 jam
846 5589 1152 5661 observata
1183 5588 1422 5660 quidem
1472 5592 1728 5661 Barraao,
1774 5600 1927 5661 nunc

254 5658 450 5716 etiam
488 5660 780 5730 Agobardi
814 5659 1009 5714 codice
1040 5658 1404 5715 confirmata.
1469 5661 1545 5713 Ea
1575 5664 1665 5713 est
1719 5658 1930 5727 hujus-

260 5734 472 5791 modi:
512 5753 540 5782 «
570 5732 712 5803 Quis
760 5732 885 5789 ludi
940 5732 1219 5804 magister
1275 5732 1403 5788 sine
1463 5731 1665 5786 tabula
1704 5736 1927 5801 septem

2044 2728 2334 2784 idolorum
2359 2729 2740 2800 quinquatria
2762 2736 2959 2785 tamen
2983 2729 3393 2801 frequentabit.
3418 2750 3446 2778 »
3478 2728 3693 2784 Verum

2046 2808 2110 2855 ut
2141 2807 2369 2856 constet
2418 2818 2650 2866 sensus,
2712 2802 3045 2857 adhibenda
3088 2800 3442 2857 distinctio:
3490 2801 3689 2865 «Quis

2044 2874 2473 2945 ludimagistcr,
2534 2873 2659 2928 sine
2708 2874 2913 2928 tabula
2983 2879 3202 2943 septem
3265 2872 3605 2927 idolorum?
3658 2894 3685 2921 ››

2044 2946 2260 2999 Deinde
2337 2962 2449 2998 non
2540 2947 3012 3016 interrogatione,
3100 2952 3198 3000 sed
3258 2949 3685 3016 asseveranter,

2040 3040 2066 3065 ‹‹
2104 3017 2488 3087 quinquatria
2518 3021 2712 3071 tamen
2746 3015 3156 3088 frequentabit.
3189 3036 3214 3066 ι
3277 3020 3391 3071 Aut
3420 3015 3470 3069 si
3502 3017 3681 3088 inter-

2040 3088 2262 3159 rogatio
2295 3088 2533 3158 ponitur
2565 3089 2622 3142 in
2656 3090 2789 3155 fine,
2823 3087 3151 3143 necessario
3184 3088 3495 3158 legendum
3530 3087 3683 3142 sicut

2037 3160 2369 3214 edidimus:
2402 3183 2428 3208 ‹‹
2455 3159 2592 3225 Quis
2633 3159 3040 3231 ludimagister
3068 3161 3193 3214 sine
3225 3161 3428 3214 tabula
3459 3164 3683 3229 septem

2039 3232 2747 3301 idolorum,quinquatria
2778 3239 2969 3285 tamen
3004 3248 3118 3285 non
3180 3231 3619 3303 frequentabit?
3649 3251 3678 3281 »

1251 3304 1471 3373 pridem
1534 3279 1728 3357 szcculi
1784 3304 1924 3358 vitio
1959 3279 1999 3343 (δ
2038 3304 2149 3366 Sic,
2182 3279 2401 3357 ιλιι-ι)ιῖἱέ
2434 3279 2604 3357 modo
2636 3304 2817 3373 legas,
2845 3305 2992 3357 idem
3028 3305 3135 3357 erit
3168 3279 3413 3359 sensus:
3450 3301 3679 3357 nullum

2037 3391 2165 3430 esse
2200 3375 2696 3446 ludimagistrum,
2729 3376 2828 3446 qui
2864 3392 2977 3429 non
3012 3375 3221 3429 habeat
3280 3376 3338 3429 in
3407 3374 3545 3446 ludo
3576 3389 3684 3428 suo

2039 3448 2159 3502 sive
2203 3445 2402 3501 schola
2457 3446 2718 3501 tabulam
2749 3445 2987 3517 septem
3049 3446 3359 3509 idolorum,
3416 3445 3523 3500 hoc
3575 3450 3685 3512 est,

2037 3528 2259 3589 septem
2303 3518 2693 3588 planetarum,
2752 3516 2944 3583 Lunae,
3004 3518 3222 3584 Martis,
3281 3516 3569 3589 Mercurii,
3630 3523 3689 3571 et

2036 3588 2399 3658 cieterorum,
2434 3592 2585 3644 unde
2617 3591 2856 3644 nomina
2907 3590 3133 3644 dierum
3166 3588 3552 3643 hebdomadis
3582 3604 3687 3641 cu-

2026 3663 2287 3732 jusque;
2319 3667 2419 3715 aut
2452 3663 2497 3717 si
2532 3663 2660 3731 quis
2696 3661 3017 3732 reperiatur
3069 3663 3291 3730 absque
3341 3659 3685 3729 hujusmodi

2034 3734 2252 3801 tabula,
2280 3734 2433 3787 hunc
2488 3738 2686 3787 tamen
2720 3733 3101 3803 quinquatria
3150 3734 3682 3803 frequentaturum.

2034 3750 2433 3801 tanum,nunc
2488 3750 2686 3787 tamen
2720 3750 2859 3803 qum
2913 3750 3101 3786 uatria
3150 3750 3679 3802 Irequentaturum.

2034 3806 2174 3868 Quis
2207 3812 2402 3858 autem
2440 3804 2609 3859 fuerit
2636 3807 2787 3875 apud
2810 3750 3251 3875 lugimagistros
3275 3804 3446 3857 istius
3469 3802 3679 3858 tabula:

2034 3878 2154 3930 sive
2212 3876 2474 3930 laterculi
2528 3882 2750 3947 septem
2807 3878 3031 3930 dierum
3116 3892 3280 3939 usus,
3333 3875 3678 3947 diligentius

2036 3948 2328 4018 inquirere
2360 3964 2473 4001 non
2498 3946 2642 4001 tanti
2676 3951 2785 4001 est.
2822 3946 3084 4001 Forsitan
3132 3946 3539 4018 prmscriptum
3572 3949 3676 4018 aut

2032 4016 2429 4089 sig‘nilicatum
2465 4018 2581 4072 illic
2614 4020 2722 4072 fuit
2753 4020 2890 4087 quid
2951 4034 3181 4087 quaque
3240 4019 3332 4071 die
3366 4016 3677 4087 discipulis

2030 4091 2177 4145 tradi
2214 4091 2445 4144 reddive
2474 4094 2785 4161 oporteret.
2817 4090 3136 4155 Juvenalis,
3181 4092 3299 4143 Sat.
3333 4105 3412 4141 v11
3448 4105 3459 4142 :

2128 4204 2203 4251 Nil
2235 4204 2354 4252 salit
2385 4202 2631 4251 arcadico
2656 4203 2864 4266 juveni,
2889 4204 3042 4266 cujus
3076 4203 3206 4251 mihi
3234 4208 3381 4266 sexta

2123 4267 2343 4330 Quaque
2376 4266 2458 4315 die
2490 4264 2741 4314 miserum
2774 4265 2924 4314 dirus
2955 4264 3131 4328 'caput
3186 4264 3443 4313 Hannibal
3475 4264 3681 4327 implet.

2034 4374 2110 4427 Ea
2142 4373 2254 4439 die,
2289 4372 2535 4437 scilicet,
2568 4371 2749 4426 totius
2784 4369 3170 4425 hebdomadis
3224 4386 3465 4425 summa
3520 4366 3682 4423 colli-

2032 4448 2296 4517 gebatur.
2348 4445 2611 4517 Septima
2634 4444 2759 4517 die,
2788 4444 2957 4507 quies
2987 4450 3044 4517 et
3098 4442 3306 4497 otium.
3372 4443 3501 4512 Ipse
3546 4440 3683 4517 'I_‘er-

2030 4511 2318 4571 t’ullianus
2350 4511 2496 4570 lib—ro
2530 4517 2599 4570 ad
2634 4514 2912 4569 Nationes
2935 4514 3293 4584 primo,cap.
3326 4511 3424 4566 xui
3463 4529 3474 4566 :
3509 4534 3536 4562 «
3568 4511 3685 4566 Vos

2032 4594 2187 4643 certe
2218 4588 2383 4651 estis,
2417 4586 2518 4657 qui
2550 4588 2606 4640 in
2642 4585 2991 4640 latercnlum
3046 4590 3269 4656 septem
3295 4587 3541 4657 diarum
3576 4584 3685 4638 So-

2036 4660 2149 4714 lem
2185 4655 2573 4730 recepistis,et
2602 4674 2667 4713 ex
2702 4658 2910 4730 diebus
2944 4655 3141 4730 ipsum
3173 4655 3689 4730 praelegistis,_q_uo

2034 4732 2125 4785 die
2156 4727 2448 4784 lavacrum
2483 4729 2872 4795 subtrahatis,
2907 4727 3009 4783 aut
3066 4728 3125 4782 in
3156 4744 3454 4799 vesperam
3514 4727 3686 4782 diffe-

2036 4803 2199 4865 ratis,
2234 4808 2335 4854 aut
2366 4802 2547 4855 otium
2581 4806 2637 4855 et
2670 4803 2982 4873 prandium
3018 4800 3316 4873 curetis.»
3352 4803 3476 4873 Hie.

2107 4874 2219 4943 (37)
2274 4869 2885 4942 Quinquatria-tamen
2934 4872 3326 4942 frequentabit.
3384 4869 3686 4943 Quinqua-

2040 4941 2168 5008 tria,
2204 4960 2305 4997 seu
2340 4945 2759 5013 Quinquatrus,
2796 4966 2823 4993 ‹‹
2882 4948 3057 4998 Sacra
3116 4943 3405 5013 Minervae,
3448 4941 3690 5013 nomina

2039 5032 2168 5085 quin
2199 5016 2476 5082 ajunctis
2509 5012 2773 5086 quinque
2827 5014 3035 5069 diebus
3096 5014 3331 5086 habent.
3368 5035 3395 5061 ››
3449 5012 3689 5086 Αᾲᾴὴωο

2038 5103 2202 5141 sacra
2259 5084 2701 5157 ludimagistros
2744 5092 2913 5143 vocat
2971 5088 3125 5140 idem
3178 5085 3440 5153 Ovidius,
3493 5084 3593 5139 lib.
3628 5100 3690 5138 Ill

2036 5160 2245 5212 Fastor.
2285 5176 2297 5212 :

2103 5274 2204 5319 Nec
2237 5286 2329 5320 vos
2362 5272 2517 5320 turba
2548 5272 2642 5320 feri
2675 5286 2836 5321 censu
2870 5274 3114 5322 fraudata
3145 5272 3387 5333 magistri

2133 5336 2398 5397 Spernite,
2432 5334 2721 5396 discipulos
2754 5337 2970 5385 attrahit
3006 5338 3093 5385 ille
3118 5350 3308 5384 novos.
3406 5333 3523 5381 Rio.

2111 5442 2223 5512 (38)
2262 5444 2595 5497 Verbotenus
2650 5442 2713 5496 de
2762 5442 3075 5513 idolothyto
3131 5458 3257 5513 esse,
3296 5440 3555 5513 dicatur,
3595 5439 3695 5493 Se-

2039 5510 2241 5583 quitur
2272 5515 2327 5567 in
2389 5514 2644 5584 vulgatis
2704 5510 3109 5568 editionib'us:
3162 5537 3189 5561 ι(
3246 5510 3697 5584 Proidololatra

2040 5581 2272 5639 vitetur.
2304 5608 2330 5635 ·›
2363 5581 2525 5649 Quod
2561 5602 2674 5639 non
2710 5586 2938 5639 videtur
2990 5602 3117 5640 esse
3163 5581 3525 5643 Tertulliani,
3584 5581 3693 5634 etsi

2044 5658 2102 5710 in
2136 5657 2263 5711 cod.
2323 5658 2609 5725 Agobardi
2673 5658 3002 5729 reperiatur
3050 5672 3062 5709 :
3125 5677 3152 5703 «
3206 5656 3311 5708 Pro
3362 5650 3693 5709 idololatria

2043 5730 2277 5784 vitatur.
2316 5752 2342 5777 ››
