4106 6178
410 348 518 412 ’751

930 346 1457 412 TERTULLIANI
1499 308 1829 412 opsaUM
1872 342 2071 411 PARS
2117 348 2164 410 1.
2193 382 2270 396 —
2301 346 2576 413 sumas
2623 351 2672 428 1,
2722 348 3288 435 APOLOGETICA.

3700 342 3821 411 751

411 484 885 556 septimuntium,
927 488 983 540 et
1023 485 1267 552 brumae,
1298 488 1357 539 et
1384 500 1528 540 cara:
1560 484 1928 556 cognationis
1960 483 2061 540 ho-
2091 486 2143 551 Α
2174 484 2275 555 qui
2305 485 2499 542 sciens
2528 502 2815 543 venenum
2847 486 2921 543 ab
2969 487 3172 559 ignaro
3219 485 3454 558 accipit,
3486 500 3593 541 nec
3646 482 3815 539 bibit.

415 573 649 628 noraria
680 574 963 646 exigenda
1019 573 1237 643 omnia,
1297 571 1475 627 Florae
1521 573 1566 609 ⁵⁸
1626 572 1837 629 schola
1896 590 2062 629 coro-

417 662 622 718 nandm
691 662 829 735 (39).
887 661 1218 717 Flaminicae
1293 672 1348 718 et
1426 662 1623 718 aediles
1706 662 2062 726 sacrificant,

417 749 628 807 creatis
657 750 701 787 ⁸⁸
733 750 934 807 schola
966 751 1289 807 honoratur
1310 751 1622 823 feriis(40).
1658 752 1812 807 Idem
1840 752 1903 807 fit
1924 750 2065 807 idoli

419 840 598 896 natali
640 840 834 896 omnis
892 840 1104 913 diaboli
1156 857 1372 912 pompa
1430 842 1853 911 frequentatur.
1911 838 2064 895 675

418 928 558 993 Quis
616 929 738 984 haec
768 934 1097 1002 competere
1147 929 1468 985 christiano
1528 928 1884 985 existimabit
1929 929 2065 1001 (41),

419 1019 533 1074 nisi
569 1019 671 1091 qui
712 1018 943 1090 putabit
972 1019 1279 1075 convenire
1328 1018 1502 1074 etiam
1566 1035 1680 1075 non
1725 1017 2007 1090 magistro
2037 1016 2066 1072 ?

418 1107 648 1167 Scimus
679 1108 791 1164 dici
826 1124 997 1180 posse
1029 1125 1041 1165 :
1076 1131 1104 1159 «
1145 1107 1202 1163 Si
1255 1108 1462 1164 docere
1500 1107 1722 1163 litteras
1752 1107 1851 1162 Dei
1882 1106 2065 1163 servis

421 1215 536 1254 non
566 1196 722 1267 licet,
746 1198 922 1253 etiam
970 1214 1073 1252 nec
1131 1197 1355 1253 discere
1412 1195 1629 1253 licebit.
1678 1200 1743 1252 Et
1772 1196 2064 1269 quomodo

314 1270 323 1279 ἦ
420 1286 552 1360 quis
583 1286 987 1343 institueretur
1017 1288 1085 1342 ad
1134 1286 1506 1358 prudentiam
1567 1286 1794 1341 interim
1853 1287 2063 1340 huma-

420 1394 580 1443 nam,
637 1375 724 1431 vel
782 1377 853 1431 ad
927 1392 1359 1447 quemcumque
1406 1391 1646 1429 sensum
1709 1374 1793 1428 vel
1844 1380 2061 1440 actum,

421 1483 555 1522 cum
582 1466 625 1499 ⁵⁸
656 1466 1117 1520 instrumentum
1154 1464 1231 1517 sit
1260 1465 1328 1518 ad
1364 1481 1596 1517 omnem
1631 1464 1805 1517 vitam
1840 1463 2063 1518 littora-

423 1555 599 1610 tura?
629 1554 926 1618 Quomodo
957 1555 1337 1625 repudiamus
1360 1555 1663 1608 saecularia
1693 1554 1906 1617 studia,
1939 1554 2065 1608 sine

424 1643 640 1716 quibus
696 1642 892 1699 divina
944 1659 1057 1698 non
1091 1642 1387 1715 possunt?
1447 1664 1474 1691 ››
1522 1641 1837 1698 Videamus
1886 1642 2067 1713 igitur

426 1732 830 1789 necessitatem
861 1731 1217 1787 litteratoria:
1249 1730 1597 1786 eruditionis
1631 1748 1645 1790 ς
1683 1731 2065 1801 respiciamus

425 1838 493 1878 ex
523 1826 686 1894 parte
716 1836 842 1876 eam
877 1820 1109 1874 admitti
1171 1837 1284 1875 non
1347 1836 1536 1890 posse,
1569 1836 1639 1874 ex
1669 1827 1831 1891 parte
1874 1821 2064 1876 vitari.

427 1910 649 1966 Fideles
680 1910 868 1982 magis
900 1910 1144 1973 discere,
1177 1926 1351 1980 quam
1386 1910 1591 1965 docere
1623 1910 1844 1965 litteras
1876 1910 2055 1981 capit.

422 2000 663 2056 Diversa
717 2002 807 2053 est
864 1997 1018 2053 enim
1086 1997 1232 2052 ratio
1282 1998 1542 2052 discendi
1589 2002 1646 2052 et
1695 1998 1961 2054 docendi.
2004 1999 2061 2053 Si

423 2087 612 2144 fidelis
641 2086 866 2142 litteras
897 2087 1101 2141 doceat
1133 2086 1385 2142 insertas
1415 2087 1456 2121 ⁸⁵⁷
1513 2086 1803 2141 idolorum
1856 2088 2061 2157 praedi-

423 2176 648 2233 catione
679 2176 743 2244 ⁵⁸,
777 2174 903 2231 sine
937 2174 1135 2242 dubio,
1193 2175 1333 2229 dum
1394 2176 1580 2243 docet,
1640 2177 2013 2231 commendat
2046 2194 2059 2233 :

423 2265 561 2320 dum
597 2265 792 2333 tradit,
829 2263 1082 2318 affirmat
1116 2264 1293 2319 :dum
1339 2268 1773 2334 commemorat,
1807 2263 2063 2319 testimo-

422 2354 583 2409 nium
616 2352 761 2410 dicit
791 2352 983 2424 (Ewod.
1017 2369 1177 2419 xxiii,
1235 2353 1322 2424 l3)
1354 2372 1368 2421 ς
1403 2354 1543 2409 deos
1591 2354 1749 2425 ipsos
1804 2353 1913 2409 hoc
1960 2371 2060 2410 no-

420 2442 578 2499 mine
608 2442 902 2514 obsignat,
958 2458 1090 2497 cum
1141 2441 1228 2497 lex
1288 2442 1592 2513 prohibeat
1643 2444 1733 2514 (ut
1784 2442 2062 2513 diximus)

423 2533 565 2588 deos
624 2531 992 2603 pronuntiari
1051 2530 1241 2603 (Exod.
1296 2531 1410 2601 xx).
1468 2535 1525 2585 et
1573 2548 1781 2586 nomen
1842 2531 1951 2585 hoc
2004 2532 2063 2585 in

421 2637 570 2675 vano
601 2619 891 2675 collocari.
913 2620 1054 2674 Hinc
1086 2618 1275 2690 prima
1307 2618 1539 2675 diabolo
1573 2620 1717 2674 fides
1745 2619 2067 2675 aedificatur

423 2709 494 2765 ab
516 2708 701 2765 initiis
723 2709 1091 2765 eruditionis.
1126 2715 1327 2775 Quaere
1361 2727 1430 2764 an
1484 2708 1873 2765 idololatriam
1908 2726 2064 2764 com-

419 2799 617 2854 mittat
649 2796 749 2870 qui
779 2798 851 2853 de
881 2797 1054 2853 idolis
1073 2798 1519 2870 catechizat(42)
1549 2798 1577 2853 ?
1606 2804 1679 2852 At
1708 2815 1840 2853 cum
1876 2799 2063 2855 ﬁdelis

421 2885 543 2942 haec
571 2885 791 2953 discit;
828 2886 876 2941 si
914 2887 1039 2957 jam
1073 2887 1227 2957 sapit
1283 2887 1377 2955 qui
1440 2888 1540 2956 sit,
1597 2902 1785 2958 neque
1832 2886 2058 2958 recipit,

417 2990 609 3047 neque
635 2973 911 3041 admittit,
946 2973 1130 3030 multo
1180 2975 1367 3046 magis
1409 2975 1456 3030 si
1517 2975 1775 3030 nondum
1811 2976 1855 3010 δν
1884 2975 2056 3046 sapit.

413 3067 526 3120 Aut
557 3063 657 3120 ubi
687 3062 927 3135 cmperit
956 3078 1181 3135 sapere,
1216 3065 1381 3134 prius
1398 3064 1588 3136 sapiat
1634 3068 1881 3134 oportet,
1904 3064 2057 3135 quod

2173 573 2317 629 Huic
2347 574 2669 631 necessitas
2688 577 2757 630 ad
2817 576 3254 632 excusationem
3307 576 3645 647 deputatur,
3679 571 3817 644 quia

2174 661 2341 718 aliter
2371 664 2597 720 discere
2638 682 2754 719 non
2814 670 3025 737 potest.
3087 666 3273 721 Tanto
3331 664 3530 721 autem
3590 660 3820 718 facilius

2172 758 2259 807 est
2287 751 2514 808 litteras
2547 770 2663 809 non
2693 754 2920 824 docere,
2952 770 3127 826 quam
3179 770 3296 809 non
3327 751 3572 820 discere,
3602 754 3821 822 quanto

2175 844 2233 896 et
2255 840 2481 912 reliqua
2510 841 2846 898 scholarum
2879 844 2950 899 de
2983 841 3237 914 publicis
3265 841 3517 914 propriis
3540 839 3819 896 solemni-

2173 929 2395 984 tatibus
2422 929 2869 1002 inquinamenta
2888 930 3122 988 facilius
3147 930 3455 1003 discipulis
3483 928 3673 986 ﬁdelis
3703 944 3817 994 non

2175 1018 2381 1090 adibit,
2415 1035 2592 1090 quam
2619 1020 2900 1093 magister
2930 1036 3045 1077 non
3088 1018 3505 1092 frequentabit.

2815 1161 3051 1219 CAPUT
3081 1161 3176 1217 XI.

2246 1284 2326 1341 De
2358 1285 2853 1357 negotiationibus
2888 1287 2954 1357 ⁵ο,
2986 1287 3037 1343 si
3076 1289 3283 1341 caatera
3330 1283 3678 1340 delictorum
3732 1298 3816 1338 re-

2174 1373 2516 1445 cogitemus,
2541 1375 2595 1427 in
2632 1375 2838 1446 primis
2868 1374 3522 1446 cupiditatemradicem
3554 1373 3818 1428 omnium

2175 1463 2328 1516 676
2352 1462 2662 1531 malorum,
2694 1480 2810 1532 qua
2853 1463 3089 1534 quidam
3156 1462 3384 1532 irretiti,
3430 1464 3585 1517 circa
3643 1463 3819 1517 ﬁdem

2175 1553 2545 1623 naufragium
2580 1558 2717 1606 sunt
2737 1553 2894 1624 passi
2925 1553 3038 1623 (43)
3073 1571 3087 1621 ;
3136 1551 3409 1623 quamvis
3463 1556 3523 1605 et
3576 1549 3823 1605 idolola-

2177 1640 2287 1693 tria
2317 1639 2388 1695 ab
2414 1641 2617 1695 eodem
2651 1642 2916 1713 apostolo
2967 1641 3125 1696 dicta
3172 1640 3250 1696 sit
3305 1638 3619 1712 cupiditas.
3671 1639 3824 1694 Tum

2177 1729 2567 1793 mendacium,
2599 1730 2943 1802 cupiditatis
2971 1728 3333 1785 ministrum.
3371 1732 3556 1785 Taceo
3586 1729 3657 1783 de
3689 1744 3825 1800 per-

2168 1818 2348 1888 jurio,
2378 1819 2614 1890 quando
2636 1836 2708 1874 ne
2740 1826 2931 1889 iurare
2972 1818 3209 1891 quidem
3240 1818 3433 1875 liceat.
3492 1816 3826 1890 Negotiatio

2172 1923 2336 1962 servo
2365 1906 2464 1961 Dei
2495 1912 2632 1980 apta
2668 1912 2759 1964 est
2789 1908 2816 1963 ‘2
2840 1908 3145 1969 Caeterum.
3191 1908 3243 1963 si
3298 1905 3590 1979 cupiditas
3619 1906 3826 1962 absce-

2172 1996 2293 2063 dat,
2353 2012 2480 2067 quaa
2539 2002 2630 2051 est
2684 2012 2861 2052 causa
2919 1995 3283 2069 acquirendi,
3328 1998 3593 2052 cessante
3646 2010 3831 2051 causa

2173 2083 2527 2155 acquirendi,
2589 2102 2701 2140 non
2755 2086 2866 2140 erit
2922 2085 3242 2142 necessitas
3300 2083 3659 2157 negotiandi.
3727 2083 3818 2140 Sit

2172 2189 2328 2228 nune
2356 2172 2804 2245 aliquajustitia
2826 2178 3110 2246 quaestus,
3144 2190 3353 2230 secura
3370 2173 3441 2228 de
3471 2170 3817 2245 cupiditatis

2171 2268 2227 2317 ct
2280 2262 2569 2316 mendacii
2630 2262 3052 2330 observatione,
3122 2262 3182 2317 in
3243 2262 3462 2317 crimen
3524 2260 3820 2317 offendere

2172 2349 2509 2405 idololatrias
2539 2367 2668 2406 eam
2699 2351 2925 2423 opinor,
2969 2368 3101 2424 quas
3158 2351 3229 2407 ad
3280 2351 3466 2422 ipsam
3528 2348 3821 2406 idolorum

2175 2441 2432 2495 animam
2466 2445 2523 2496 et
2549 2441 2824 2512 spiritum
2873 2441 3144 2513 pertinet,
3202 2458 3330 2512 quaa
3389 2457 3563 2495 omne
3604 2440 3822 2495 daemo-

2175 2528 2337 2581 nium
2373 2530 2624 2600 saginat.
2656 2533 2805 2583 Sane
2835 2545 3031 2583 annon
3063 2528 3162 2583 illa
3189 2527 3532 2599 principalis
3565 2527 3818 2583 idolola-

2174 2617 2285 2672 tria
2314 2618 2426 2689 (44)
2455 2618 2484 2671 ?
2513 2619 2767 2674 viderint
2824 2617 2872 2673 si
2930 2618 3112 2673 aedem
3163 2632 3409 2681 merces,
3467 2617 3645 2672 thura
3691 2618 3824 2673 dico

2174 2711 2231 2761 et
2269 2713 2473 2762 caetera
2503 2705 2937 2779 peregrinitatis
2967 2707 3078 2779 (45)
3142 2708 3215 2762 ad
3249 2706 3607 2763 sacrificium
3639 2705 3824 2762 idolo-

2174 2814 2327 2866 rum,
2386 2798 2560 2852 etiam
2615 2797 2968 2853 hominibus.
3012 2798 3080 2852 ad
3154 2796 3450 2869 pigmenta
3507 2796 3824 2852 medicina-

2170 2885 2248 2941 lia
2276 2886 2411 2958 (46),
2447 2887 2617 2942 nobis
2648 2901 2881 2956 quoque
2909 2885 3152 2958 insuper
3175 2886 3247 2940 ad
3271 2885 3479 2942 solatia
3501 2885 3817 2956 sepultura

2173 2974 2304 3029 usui
2346 2981 2505 3030 sunt.
2555 2980 2717 3031 Certe
2774 2991 2907 3030 cum
2968 2991 3216 3047 pompm,
3273 2990 3404 3030 cum
3464 2974 3815 3040 sacerdotia,

2169 3080 2304 3119 cum
2338 3062 2626 3119 sacriﬁcia
2655 3062 2946 3119 idolorum
2978 3063 3050 3118 de
3081 3060 3380 3134 periculis,
3437 3062 3509 3118 de
3556 3062 3813 3129 damnis,

412 3154 580 3227 prius
609 3152 838 3223 didicit,
871 3152 926 3207 id
959 3157 1071 3218 est,
1115 3153 1186 3207 de
1215 3151 1331 3207 Deo
1361 3158 1419 3208 et
1474 3153 1587 3208 tide
1614 3169 1628 3208 :
1665 3153 1903 3224 proinde
1956 3152 2059 3209 illa
2110 3225 2119 3227 _
2168 3153 2240 3208 de
2271 3151 2685 3220 incommodis,
2720 3153 2789 3207 de
2837 3150 3311 3223 cogitationibus,
3343 3150 3415 3206 de
3444 3149 3813 3207 discursibus

418 3225 677 3315 respuet,
727 3257 833 3298 nec
859 3240 1118 3313 recipiet.
1178 3240 1247 3295 Et
1301 3242 1412 3296 erit
1456 3246 1575 3297 tam
1636 3247 1820 3308 tutus,
1880 3257 2059 3312 quam
2090 3225 2133 3293 C
2173 3241 2739 3314 negotiationibusve
2768 3239 2881 3312 (47)
2913 3240 3308 3308 instruuntur,
3331 3238 3433 3311 qui
3454 3240 3614 3296 aliud
3640 3255 3816 3311 quam

1838 3375 2042 3437 Variae
2071 3375 2394 3438 lectiones.

485 3498 531 3533 δ”
558 3496 922 3573 Florejrun.
954 3496 1256 3573 “JEdibus
1286 3497 1470 3573 sacris
1501 3497 1713 3553 Cereri.
1747 3499 1991 3573 Rhenan.
2015 3500 2054 3536 ⁵⁸

2174 3499 2430 3573 i_Rz‘galt.
2458 3500 2501 3534 ⁸⁷
2524 3500 2753 3573 inserta
2782 3499 2978 3573 Wouug.
3040 3498 3106 3573 ll.
3136 3500 3199 3573 ξ,
3257 3496 3300 3532 ⁵⁸
3358 3497 3815 3573 Ρςωᾷῇοειιὶορθε

420 3569 619 3644 ῌίθαιί.
651 3568 708 3644 ‘9_
723 3567 956 3644 Dudum
991 3568 1170 3644 Venet:
1202 3568 1369 3623 Seml.
1399 3570 1443 3603 ⁶⁰
1479 3572 1969 3644 Degenerabimus
1995 3574 2158 3627 Fran.
2192 3567 2752 3644 Degenerationibus
2779 3572 2907 3644 Jan.
2931 3570 3110 3644 Paris.
3143 3569 3224 3644 Qa
3268 3570 3659 3644 gravioribus,
3688 3571 3812 3644 Lat.

416 3641 497 3715 De
520 3640 909 3715 negotiatione
938 3657 1090 3709 vero,
1125 3640 1172 3696 si
1206 3645 1411 3696 caetera
1432 3645 1539 3697 etc.
1566 3640 1640 3697 de
1671 3643 1926 3715 publicis
1947 3661 2012 3700 ac
2044 3640 2305 3715 propriis
2324 3643 2797 3700 solemnitatibus
2826 3643 3022 3699 Wouw.
3054 3642 3122 3697 11.
3157 3641 3213 3697 S.
3239 3640 3314 3697 De
3337 3641 3816 3714 generationibus

415 3712 668 3768 Rhenan.
699 3715 753 3768 et
778 3713 908 3769 Jun.

1846 3804 2367 3867 Commentarios.

482 3907 596 3979 (39)
626 3906 803 3963 Flora:
821 3906 1023 3964 scholae
1048 3906 1400 3965 coronandae.
1427 3908 1749 3966 Floralibus
1804 3910 2047 3977 scilicet,

412 3978 591 4034 Floras
622 3979 825 4034 sacris.

482 4051 594 4123 (40)
627 4050 839 4123 Creatis
886 4049 1073 4105 schola
1120 4050 1436 4123 Alionoramr
1487 4053 1667 4122 feriis.
1729 4053 1823 4107 Sic
1873 4052 2049 4108 habet

406 4121 587 4195 vetus:
605 4122 918 4193 exemplar.
946 4121 1303 4195 Ineptissimi
1335 4121 1507 4177 antea
1536 4124 1860 4195 legebatur,
1887 4125 2045 4180 Cerc-

407 4195 486 4249 ris
513 4194 717 4250 schola.
761 4197 998 4266 creatas
1055 4194 1227 4249 ferias
1283 4195 1444 4259 dicit,
1500 4194 1628 4266 qua:
1707 4213 1818 4250 non
1881 4200 2049 4252 erant

407 4269 571 4322 stataa
593 4270 694 4322 aut
721 4263 1035 4330 solemnes,
1097 4266 1198 4320 sed
1257 4263 1590 4321 indictivze:
1633 4266 1704 4321 ab
1762 4267 2048 4324 lEdilibus

403 4336 630 4462 (sicilticet
660 4340 764 4392 aut
810 4336 1146 4393 Flaminicis
1193 4338 1264 4392 ob
1306 4338 1595 4393 sacriﬁcia
1651 4339 1912 4410 quaedam
1955 4339 2047 4394 in-

447 4424 498 4462 ic
527 4425 596 4462 aa.

447 4408 596 4464 ictas.

479 4480 592 4550 (41)
630 4478 783 4560 ‘Quis
992 4482 1260 4560 corripiare
1311 4478 1646 4560 Christiano.
1687 4483 2047 4560 egstimabz‘t.

406 4548 649 4623 Ho‘cest
697 4550 856 4623 omni
913 4548 1264 4623 Christiano,
1305 4559 1442 4623 (tam
1504 4550 1810 4623 discipulo,
1870 4568 2047 4623 quam

405 4621 703 4691 magistro.
737 4621 834 4694 Ait
859 4620 1015 4675 enim
1034 4621 1315 4694 excusari
1348 4638 1522 4694 posse
1548 4620 1927 4694 discipulum,
1956 4624 2050 4679 cui

2157 3913 2275 3967 fere
2307 3908 2706 3966 Tertullianus
2729 3908 2869 3964 dum
2888 3907 3033 3964 citat
3051 3907 3310 3980 aliquem
3339 3924 3371 3963 e
3401 3907 3583 3964 sacris
3598 3906 3810 3962 codici-

2156 3984 2290 4046 bus,
2323 3983 2551 4037 Graecos
2575 3985 2869 4052 sectatur;
2898 3980 2992 4034 hic
3021 3981 3385 4052 naufragium
3427 3981 3585 4052 passi
3604 3984 3806 4034 tamen

2155 4055 2236 4110 ait
2293 4070 2415 4124 pro.
2465 4061 2809 4124 erraverunt,
2860 4050 3376 4124 habetur‘quippe
3429 4050 3506 4105 in
3559 4050 3803 4107 Greco:

2153 4120 2612 4193 dncﬂtavrﬁﬂqouv
2645 4121 2750 4176 ἀπὸ
2778 4128 2878 4191 τῆς
2910 4120 3281 4183 πίστεωςξῐιέ
3294 4120 3395 4177 ΡΒ.

2226 4199 2341 4269 (44)
2372 4191 2518 4252 sane
2539 4212 2728 4269 annon
2760 4195 2863 4250 illa
2892 4195 3226 4269 principalis
3253 4193 3573 4269 Idololatria
3660 4193 3813 4248 scri-

2160 4263 2244 4341 psi
2275 4263 2482 4351 annon‘,
2506 4274 2614 4351 etc.
2648 4267 2856 4351 Notam
2888 4263 3364 4351 interrogationis
3395 4263 3640 4351 adiunxi
3690 4280 3815 4351 qpa

2158 4334 2358 4396 carent
2375 4338 2591 4411 vulgati
2621 4338 2877 4411 codices.
2926 4334 3146 4408 Scripsi
3192 4336 3264 4411 ad
3317 4334 3815 4411 sacriﬁciumjdo-

2160 4413 2362 4480 lorum,
2395 4407 2632 4466 secutus
2670 4409 2938 4465 Junium.
2994 4407 3134 4465 nam
3191 4409 3251 4464 in
3310 4408 3587 4465 omnibus
3643 4407 3817 4480 deest

2161 4479 2509 4555 praepositio,
2558 4487 2622 4537 ut
2679 4482 2907 4555 videtur
2956 4480 3226 4555 addenda
3279 4496 3351 4536 ex
3396 4479 3813 4552 sequentibus.

2160 4551 2242 4610 ita
2265 4551 2421 4610 enim
2453 4554 2701 4609 clariora
2728 4551 2945 4609 omnia.
2978 4552 3119 4608 Lac.

2232 4627 2344 4699 (45)
2377 4626 2583 4699 caetera
2608 4640 2774 4699 pereg
2790 4625 3063 4699 rinifatis.
3095 4622 3462 4681 Constructio
3489 4627 3580 4677 est
3596 4636 3817 4699 graeca,

402 4674 641 4767 ncesse;
662 4674 760 4747 est
780 4674 1266 4767 discerelitteras
1306 4674 2050 4767 at‘*assesasses“;
2081 4674 2127 4738 Ι)
2160 4674 2582 4753 notat/scilicet
2606 4674 3455 4767 gestassemammas'
3477 4674 3819 4749 asas;

403 4769 464 4819 at
493 4764 629 4819 ferri
675 4780 789 4818 non
845 4779 1015 4835 posse
1067 4763 1475 4835 christianum,
1537 4767 1633 4835 qui
1692 4763 2044 4835 post'tidem

399 4836 627 4892 Christo
658 4836 853 4890 datam
884 4834 1430 4902 ﬁatludimagister,
1464 4834 1797 4892 'elilitteras
1842 4839 2048 4894 doceat

401 4909 620 4964 crebris
650 4911 956 4977 poetarum
984 4905 1476 4979 praelectionibus,
1517 4909 1807 4964 idolorum
1860 4910 2044 4979 inqui-

400 4976 716 5045 namentis,
744 4992 869 5049 quae
902 4976 1146 5049 probare
1176 4981 1371 5033 tamen
1425 4980 1681 5036 videatur
1716 4976 2044 5037 enarranda

399 5047 885 5120 explicandoque.
908 5047 1034 5120 Rm.

467 5117 582 5191 (42)
604 5122 710 5190 Qui
737 5117 801 5174 de
831 5117 991 5193 idolis
1045 5119 1365 5193 catechizat.
1427 5120 1571 5175 Hinc
1621 5126 1864 5193 apparet
1918 5129 2038 5176 Au-

397 5189 574 5247 ctOris
599 5189 911 5264 sententia,
943 5194 1096 5259 quod
1133 5190 1187 5244 in
1222 5189 1821 5264 praecedentibus—anon
1856 5193 2041 5264 loqui-

395 5270 495 5316 tur
523 5264 594 5337 de
624 5261 783 5337 nuda
811 5260 1164 5337 deo_rumiac_
1196 5262 1501 5337 nominum
1534 5260 2036 5337 eorumdempro-

396 5333 783 5407 nuntiatione,
827 5332 926 5387 sed
988 5331 1441 5407 catechizatione
1497 5341 1554 5389 et
1608 5331 2034 5407 praedicatione,

394 5419 461 5458 ac
493 5404 812 5460 honorifica
845 5404 1159 5471 mentione,
1194 5406 1329 5458 utid
1374 5422 1545 5462 nemo
1577 5404 1779 5463 contra
1821 5425 1912 5463 me
1941 5404 2038 5465 de-

395 5480 684 5548 torqueat,
719 5474 817 5548 qui
852 5475 1119 5548 fortassis
1161 5476 1515 5546 quibusdam
1565 5480 1805 5534 videbor
1850 5479 1907 5533 in
1944 5480 2036 5537 his

391 5544 753 5619 explicandis
804 5544 1115 5619 prolixior.)
1159 5544 1266 5601 Sed
1329 5550 1661 5607 meminerit
1707 5551 1887 5607 lector
1943 5569 2036 5607 me

392 5616 508 5674 no'n
534 5619 741 5683 doctis,
774 5618 872 5671 sed
917 5616 1290 5688 potissimum
1341 5622 1588 5679 rudibus
1638 5624 1746 5680 has
1796 5624 2037 5679 adnota-

390 5690 581 5746 tiones
615 5689 888 5747 scribere.
924 5692 1070 5744 PAM.

2154 4774 2211 4824 in
2267 4775 2528 4825 nostrum
2563 4769 2762 4824 orbem
2785 4766 3176 4822 advehuntur.
3212 4766 3346 4821 Lac.

2222 4842 2539 4911 M6)Eliam
2577 4839 2890 4894 hominibus
2947 4838 3028 4911 apd,
3072 4841 3354 4911 pigmenta
3410 4833 3814 4911 medicinalia,

2152 4916 2291 4993 Nam
2319 4906 2707 4995 'et‘pigmelnta
2736 4916 2875 4995 sunt
2907 4906 3081 4965 utilia
3132 4906 3459 4995 medicinae.
3493 4906 3721 4995 itinde”
3748 4912 3817 4962 et

2151 4978 2523 5054 pigmentarii
2555 4983 2693 5037 dicti
2735 4980 3224 5054 pharmacopolae.
3263 4978 3461 5054 Julius
3490 4978 3814 5054 Firmicus,

2154 5049 2252 5110 lib'.
2290 5073 2407 5120 VIII,
2447 5070 2574 5123 cap.
2629 5054 2697 5106 17
2722 5049 2791 5125 ;Ῐ‹‹
2835 5049 3217 5125 Quicumque
3274 5053 3386 5107 sub
3440 5050 3556 5125 hoc
3611 5049 3818 5125 sidere

2150 5127 2269 5181 nati
2306 5118 2540 5190 fuerint,
2571 5124 2752 5179 marsi
2783 5138 2976 5196 erunt,
3003 5124 3091 5180 vel
3119 5118 3221 5196 qui
3250 5121 3488 5196 venenis
3537 5137 3618 5196 ex_
3665 5118 3810 5196 her-

2147 5198 2353 5274 barum
2389 5196 2705 5274 pigmentis
2737 5195 3017 5252 confectis
3048 5191 3331 5274 salutaria
3357 5193 3585 5274 soleant
3603 5191 3814 5274 homi-

2148 5270 2323 5324 nibus
2353 5263 2611 5326 reniedia
2631 5283 2992 5339 comparare.
3016 5267 3378 5340 _»_)Pigmenta
3406 5265 3583 5340 etiam
3602 5263 3814 5319 dixere

2146 5342 2537 5398 condimenta.
2563 5337 2905 5406 Cassianus,
2937 5337 3166 5395 Collat.‘
3201 5340 3289 5403 15.
3320 5337 3566 5409 οαρε3)
3601 5358 3631 5384 α
3656 5340 3809 5409 ρον-

2145 5429 2286 5495 pora
2310 5419 2680 5495 mortuorum
2730 5419 3057 5495 pigmentis
3104 5419 3344 5495 cond-ita
3386 5419 3694 5495 recalent}!

2144 5479 2201 5537 in
2260 5484 2607 5539 editioribus
2659 5479 2885 5537 cellulis
2955 5480 3365 5537 recondantur.
3408 5498 3436 5533 ι
3495 5479 3555 5535 Si
3614 5479 3813 5534 etiam

2143 5556 2318 5609 Exodi
2371 5571 2498 5624 cap.
2550 5570 2760 5620 xxxvn,
2819 5552 2929 5607 sub
2978 5554 3177 5625 ﬁnem,
3233 5551 3827 5625 Opusfpiignjenmﬁi

2142 5626 2376 5690 dicitur,
2410 5618 2567 5697 q'uod
2600 5618 3012 5698 Septuaginta,
3025 5696 3033 5698 _
3065 5618 3220 5698 ἔργον
3251 5618 3515 5698 μυρεψὸῦέ
3550 5620 3682 5698 ltro.

2781 5405 3057 5480 igmentis
3104 5410 3344 5465 condita
3386 5405 3810 5480 redolentibus

2213 5697 2327 5770 (47)
2349 5693 2926 5770 Del—negotiationibus.
2960 5693 3176 5770 Mirum
3206 5693 3359 5770 sane
3376 5694 3484 5770 hic
3501 5693 3812 5770 interpre-

464 5764 575 5847 (45)
608 5763 769 5822 Circa
790 5760 950 5836 ﬁdem
1003 5761 1364 5836 naufragium
1418 5765 1545 5821 sunt
1596 5766 1767 5837 passi.
1802 5764 2031 5840 Ubique
2139 5760 2327 5827 tesita
2344 5760 2536 5828 varias
2562 5766 2835 5843 amplecti
2864 5766 3229 5827 sententias:
3260 5766 3364 5828 alii
3391 5765 3552 5823 enim
3598 5760 3810 5839 dige-
