4106 6178
271 397 387 460 753

1652 398 1753 458 DE
1795 398 2353 462 lDOLOLATRIA.

3577 388 3695 447 754

269 533 615 602 procurator
641 528 941 585 idolorum
976 530 1401 586 demonstreris
1427 533 1451 586 Ρ
1478 530 1658 586 Nemo
1690 534 1932 587 conten-
1960 535 2011 598 Α
2044 532 2259 602 quibus
2286 532 2411 604 ipse
2442 529 2783 603 prospexit?
2812 527 2937 590 Qua
2966 522 3298 580 constantia
3343 520 3695 577 exorcizabit

270 619 368 673 dat
396 634 572 690 posse
602 618 711 674 hoc
746 619 916 674 modo
949 619 1224 674 omnibus
1260 619 1761 691 negotiationibus
1791 636 1930 676 con-

271 707 613 764 troversiam
692 707 838 763 ﬁeri.
917 707 1196 764 Graviora
1259 708 1467 764 delicta
1528 725 1770 780 quaeque
1827 725 1931 780 pro

273 796 677 868 magnitudine
710 796 950 868 periculi
987 796 1349 869 diligentiam
1383 799 1705 853 extendunt
1734 797 1930 853 obser-

270 885 543 955 vationis,
576 888 641 940 ut
676 902 792 939 non
826 886 900 941 ab
946 885 1041 941 his
1089 890 1323 942 tantum
1377 887 1786 955 abscedamus,
1830 887 1929 941 sed

272 977 328 1029 et
357 975 430 1029 ab
472 974 546 1030 iis
578 989 683 1045 per
714 990 844 1046 quae
893 975 1063 1029 fiunt.
1098 974 1255 1030 Licet
1308 975 1463 1029 enim
1508 977 1579 1029 ab
1629 975 1762 1031 aliis
1810 978 1929 1045 fiat,

272 1080 384 1119 non
417 1064 684 1130 interest,
719 1063 767 1117 si
823 1064 866 1100 ⁶¹
922 1080 1025 1135 per
1070 1080 1182 1118 me.
1243 1065 1304 1118 In
1362 1063 1522 1119 nullo
1566 1064 1931 1119 necessarius

268 1167 397 1208 esse
447 1152 628 1207 debeo
681 1151 803 1219 alii,
855 1168 989 1207 cum
1034 1152 1172 1207 facit
1228 1153 1380 1222 quod
1432 1152 1576 1207 mihi
1628 1169 1741 1206 non
1777 1152 1928 1207 licet.

268 1240 343 1294 Ex
422 1240 533 1297 hoc
608 1239 768 1312 quod
838 1243 997 1295 vetor
1070 1240 1278 1311 facere,
1358 1240 1682 1311 intelligere
1749 1241 1929 1295 debeo

264 1330 593 1384 curandum
627 1328 769 1385 mihi
804 1344 954 1396 esse,
991 1345 1064 1384 ne
1112 1329 1213 1384 fiat
1260 1345 1362 1400 per
1410 1346 1522 1384 me.
1560 1330 1819 1401 Denique
1870 1330 1929 1383 in

264 1417 379 1474 alia
410 1434 593 1473 causa
622 1434 738 1473 non
789 1418 1025 1473 levioris
1066 1423 1264 1473 reatus
1316 1419 1726 1489 przejudicium
1767 1418 1928 1473 istud

265 1506 533 1562 observo.
583 1510 727 1561 Nam
778 1507 932 1577 quod
988 1507 1132 1561 mihi
1182 1508 1252 1562 de
1301 1512 1504 1579 stupro
1554 1508 1929 1562 interdictum

266 1594 364 1662 sit,
390 1594 525 1650 aliis
556 1595 627 1649 ad
660 1611 790 1650 eam
825 1612 943 1651 rem
978 1594 1125 1650 nihil
1153 1599 1253 1650 aut
1284 1613 1468 1667 operae
1499 1601 1599 1651 aut
1628 1596 1930 1652 conscien-

266 1683 359 1739 tiae
414 1682 687 1739 exhibeo.
747 1684 893 1739 Nam
943 1686 1096 1755 quod
1130 1684 1320 1756 ipsam
1381 1702 1613 1742 carnem
1667 1702 1857 1741 meam
1898 1701 1932 1740 a

265 1771 659 1843 lupanaribus
690 1772 1011 1844 segregavi,
1045 1789 1299 1844 agnosco
1350 1790 1463 1843 me,
1495 1789 1684 1845 neque
1716 1773 1930 1829 lenoci-

266 1861 460 1930 nium,
495 1877 686 1931 neque
724 1859 782 1915 id
813 1877 998 1932 genus
1032 1860 1261 1916 lucrum
1294 1862 1535 1917 alterius
1565 1879 1741 1918 causa
1766 1879 1929 1917 exer-

268 1966 398 2005 cere
456 1950 607 2004 677
691 1966 884 2022 posse.
946 1950 1038 2005 Sic
1115 1955 1172 2004 et
1242 1950 1543 2005 homicidii
1602 1951 1929 2006 interdictio

266 2038 531 2094 ostendit
580 2038 720 2092 mihi
782 2037 1055 2093 lanistam
1114 2054 1347 2109 quoque
1394 2039 1506 2110 (48)
1563 2040 1634 2093 ab
1680 2038 1931 2094 Ecclesia

268 2126 451 2182 arceri
491 2144 505 2181 :
554 2143 660 2182 nec
717 2143 820 2198 per
864 2143 926 2182 se
970 2143 1085 2182 non
1137 2128 1326 2194 faciet,
1379 2130 1535 2199 quod
1597 2130 1927 2184 faciendum

266 2214 400 2271 aliis
452 2216 888 2271 subministrat.
924 2217 1068 2271 Ecce
1100 2217 1284 2288 magis
1334 2218 1662 2289 proximum
1714 2219 1928 2289 praaju-

266 2304 515 2359 dicium.
548 2305 602 2358 Si
636 2305 1006 2376 publicarum
1055 2305 1445 2361 victimarium
1494 2308 1826 2378 redemptor
1856 2308 1927 2362 ad

266 2393 443 2449 ﬁdem
478 2394 739 2463 accedat,
772 2394 1079 2466 permittes
1124 2396 1171 2449 ei
1223 2394 1283 2449 in
1334 2411 1400 2449 eo
1433 2397 1661 2467 negotio
1694 2412 1927 2468 perma~

270 2481 463 2536 nere?
494 2484 611 2536 Aut
664 2482 713 2537 si
758 2483 882 2552 jam
918 2481 1106 2537 fidelis
1156 2483 1211 2536 id
1260 2484 1305 2518 ⁶²
1365 2500 1531 2553 agere
1587 2484 1928 2556 susceperit,

270 2571 651 2626 retinendum
711 2571 769 2625 in
840 2571 1098 2627 Ecclesia
1172 2572 1461 2643 putabis?
1517 2572 1639 2627 Non
1702 2573 1927 2643 opinor,

272 2658 386 2712 nisi
420 2657 471 2711 si
507 2658 641 2729 quis
672 2661 729 2712 et
752 2659 821 2712 de
858 2658 1121 2714 tburario
1150 2660 1568 2731 dissimulabit,
1595 2661 1815 2715 scilicet
1856 2662 1927 2715 ad

269 2744 418 2800 alios
460 2746 726 2817 pervenit
756 2747 1086 2818 procuratio
1134 2748 1464 2819 sanguinis,
1498 2750 1569 2803 ad
1618 2749 1760 2804 alios
1789 2751 1927 2804 odo-

274 2850 429 2889 rum.
484 2834 545 2889 Si
597 2839 911 2906 antequam
970 2835 1127 2891 idolo
1188 2838 1245 2891 in
1306 2836 1515 2892 saeculo
1571 2845 1787 2908 essent,
1840 2838 1931 2894 his

268 2923 570 2977 mercibus
615 2923 807 2979 adhuc
854 2923 1124 2979 informis
1164 2926 1274 2995 (49)
1328 2927 1659 2981 idololatria
1714 2927 1929 2982 transi-

263 3012 540 3083 gebatur,
574 3012 658 3066 sic
690 3017 746 3067 et
800 3029 955 3067 nunc
1005 3014 1120 3068 fere
1151 3015 1277 3070 sine
1308 3015 1460 3071 idolo
1502 3033 1651 3087 opus
1682 3016 1929 3073 idolola-

260 3101 390 3155 tria:
415 3100 706 3156 incendiis
738 3102 984 3157 odorum
1016 3108 1406 3175 perpetratur,
1438 3106 1643 3177 ecquid
1688 3109 1929 3177 majoris

262 3205 456 3261 operai
486 3195 545 3244 et
574 3206 711 3260 erga
741 3191 1030 3246 daemonia
1079 3192 1381 3249 thurarius
1404 3195 1449 3229 ⁸³
1474 3195 1501 3248 ?
1533 3212 1666 3251 nam
1700 3195 1928 3251 facilius

2041 621 2312 677 alumnos
2370 638 2527 689 suos,
2585 620 2801 691 quibus
2858 618 3096 671 domum
3156 629 3324 669 suam
3396 608 3690 665 cellariam

2042 710 2324 781 praestat?
2358 710 2455 766 Ille
2476 710 2710 781 quidem
2742 707 2789 763 si
2822 703 3133 761 excluserit
3164 700 3540 768 daemonium,
3573 714 3689 755 non

2041 800 2151 856 sibi
2183 800 2405 871 placeat
2435 801 2505 854 de
2538 799 2670 853 fide.
2703 798 2900 867 Neque
2943 793 3097 849 enim
3150 791 3456 846 inimicum
3496 787 3688 844 exclu-

2041 888 2137 944 sit.
2176 889 2363 943 Facile
2394 888 2595 943 debuit
2641 887 2711 941 de
2754 902 2819 940 eo
2874 886 3195 955 impetrare,
3230 895 3405 952 quem
3433 876 3691 948 quotidie

2040 978 2243 1048 passit.
2279 976 2448 1031 Nulla
2498 976 2675 1048 igitur
2705 992 2820 1039 ars,
2855 972 3017 1028 nulla
3057 969 3361 1042 professio,
3394 964 3557 1021 nulla
3588 981 3685 1019 ne-

2040 1066 2300 1136 gotiatio,
2334 1082 2459 1135 (μιεξι
2505 1064 2644 1136 quid
2695 1069 2796 1117 aut
2836 1060 3198 1116 instruendis
3237 1061 3339 1112 aut
3370 1052 3690 1110 formandis

2038 1155 2211 1210 idolis
2241 1154 2633 1220 administrat,
2659 1168 2853 1207 carere
2887 1149 3095 1222 poterit
3124 1146 3295 1202 titulo
3325 1142 3686 1201 idololatria:

2040 1242 2154 1295 nisi
2199 1241 2246 1296 si
2296 1240 2455 1295 aliud
2510 1239 2747 1295 omnino
2780 1239 3233 1308 interpretemur
3276 1228 3687 1299 idololatriam,

2039 1346 2213 1401 quam
2247 1328 2591 1385 famulatum
2628 1328 2919 1383 idolorum
2950 1324 3057 1394 (5'3)
3091 1321 3489 1377 colendorum.

2664 1468 2894 1525 CAPUT
2934 1467 3053 1522 XII.

2112 1594 2259 1650 Male
2291 1596 2456 1650 nobis
2488 1596 2557 1649 de
2589 1592 3037 1648 necessitatibus
3079 1590 3349 1644 humana)
3381 1585 3685 1641 exhibitio-

2041 1685 2133 1739 nis
2164 1684 2638 1756 supplaudimus,
2674 1683 2722 1737 si
2756 1685 2886 1753 post
2932 1680 3103 1735 ﬁdem
3138 1677 3508 1748 obsignatam
3544 1674 3686 1730 dici-

2041 1791 2174 1829 mus
2208 1792 2220 1829 :
2255 1774 2405 1828 618
2442 1791 2552 1829 non
2586 1773 2770 1827 habeo
2823 1787 2932 1839 quo
2979 1769 3186 1823 vivam.
3220 1768 3350 1823 Jam
3395 1765 3485 1820 hic
3532 1763 3688 1818 enim

2043 1861 2272 1935 plenius
2306 1862 2387 1916 illi
2419 1863 2677 1933 abruptae
2706 1857 3088 1931 propositioni
3120 1855 3482 1927 respondebo
3514 1857 3686 1907 :Sero

2037 1952 2272 2007 dicitur.
2303 1955 2448 2006 Ante
2478 1952 2635 2005 enim
2670 1952 2777 2004 fuit
2811 1947 3276 2010 deliberandum,
3308 1962 3374 1999 ex
3408 1942 3686 1997 similitu-

2038 2041 2174 2096 dine
2219 2040 2712 2113 providentissimi
2761 2037 2999 2093 aedilicis
3048 2035 3205 2090 illius
3254 2033 3362 2105 (35)
3386 2032 3487 2103 qui
3521 2030 3685 2103 prius

2037 2134 2310 2201 sumptus
2341 2130 2531 2201 operis
2562 2146 2697 2183 cum
2728 2127 2949 2182 viribus
2980 2124 3105 2181 suis
3136 2128 3435 2195 supputat,
3462 2138 3551 2187 ne,
3586 2119 3688 2176 ubi

2038 2221 2296 2290 cmperit,
2329 2220 2591 2273 defectus
2619 2218 2664 2252 ⁸³
2697 2221 2894 2288 postea
2945 2214 3268 2270 erubescat.
3302 2212 3411 2266 Sed
3446 2215 3502 2265 et
3532 2226 3687 2264 nunc

2037 2308 2219 2363 habes
2275 2309 2429 2362 dicta
2482 2306 2728 2371 Domini,
2786 2309 2843 2361 et
2893 2304 3158 2374 exempla
3202 2300 3522 2357 adimentia
3578 2298 3685 2353 tibi

2038 2414 2272 2452 omnem
2304 2397 2720 2452 causationem.
2754 2394 2900 2457 Quid
2933 2392 3087 2447 enim
3122 2390 3307 2445 dicis?
3337 2411 3365 2439 α
3401 2388 3611 2459 Egebo.
3659 2410 3682 2438 ι

2038 2486 2146 2540 Sed
2200 2483 2393 2539 felices
2451 2500 2665 2555 egenos
2714 2481 3001 2537 Dominus
3044 2478 3321 2551 appellat.
3382 2499 3409 2525 ‹‹
3458 2475 3687 2529 Victum

2040 2592 2152 2629 non
2189 2575 2435 2629 habebo.
2470 2594 2493 2624 ν
2527 2574 2635 2628 Sed
2663 2573 2849 2637 nolite,
2880 2571 3091 2640 inquit,
3140 2569 3382 2635 cogitare
3427 2565 3493 2620 de
3538 2566 3691 2619 victu

2040 2664 2243 2733 (Matth.
2294 2682 2370 2729 v1,
2419 2664 2531 2733 25).
2585 2663 2649 2716 Et
2703 2660 2962 2716 vestibus
3016 2659 3304 2712 habemus
3358 2653 3688 2725 exemplum

2040 2752 2182 2807 lilia.
2219 2776 2246 2802 «
2277 2752 2614 2807 Substantia
2646 2750 2787 2804 mihi
2821 2766 2969 2820 opus
3001 2752 3159 2803 erat:
3188 2770 3213 2795 ››
3247 2745 3462 2816 Atquin
3495 2743 3692 2798 omnia

2038 2842 2344 2895 vendenda
2375 2847 2533 2907 sunt,
2566 2845 2623 2895 et
2651 2839 2957 2910 egentibus
2999 2836 3331 2891 dividenda.
3359 2855 3385 2882 η
3409 2834 3519 2888 Sed
3554 2831 3690 2887 filiis

2038 2936 2094 2985 et
2125 2929 2443 3001 posteritati
2482 2929 2922 3000 providendum.
2959 2948 2985 2975 ››
3026 2926 3205 2980 Nemo
3236 2927 3432 2979 aratro
3460 2938 3688 2976 manum

2040 3022 2323 3091 imponens
2351 3028 2401 3073 et
2431 3028 2572 3073 retro
2600 3022 2846 3088 spectans
2876 3021 3037 3087 aptus
3067 3018 3155 3069 est
3200 3013 3356 3085 operi
3409 3012 3557 3083 (Luc.
3606 3028 3685 3078 ix,

2037 3110 2145 3177 62).
2182 3132 2207 3157 ‹‹
2242 3109 2349 3163 Sed
2393 3107 2805 3162 conditionalis
2851 3122 3009 3160 eram
3042 3103 3178 3173 (54).
3216 3125 3236 3152 ι
3280 3104 3450 3157 Nemo
3480 3100 3688 3156 duobus
3778 3108 3779 3113 ‘

2038 3198 2279 3252 dominis
2307 3200 2511 3251 servire
2537 3204 2714 3268 potest
2746 3195 2949 3266 (Matth.
2976 3211 3054 3264 v1,
3085 3194 3195 3257 24).
3247 3192 3303 3247 Si
3336 3192 3424 3246 vis
3453 3189 3687 3245 Domini

260 3277 390 3332 sine
420 3276 579 3332 idolo
636 3277 985 3346 idololatria,
1021 3296 1198 3350 quam
1248 3280 1375 3335 sine
1422 3281 1671 3337 thurarii
1714 3300 1925 3339 merce.
1959 3291 2001 3357 C
2040 3286 2369 3357 discipulus
2401 3302 2547 3349 esse,
2582 3301 2814 3340 crucem
2846 3289 3008 3339 tuam
3039 3282 3232 3349 tollas,
3274 3285 3329 3336 et
3375 3278 3688 3334 Dominum

269 3366 467 3438 Ipsius
530 3367 660 3420 ﬁdei
710 3368 1131 3423 conscientiam
1192 3386 1593 3442 perrogemus.
1652 3375 1775 3437 Quo
1834 3391 1930 3429 ore

270 3454 648 3510 Christianus
705 3456 1008 3511 thurarius
1055 3458 1187 3528 (50),
1223 3460 1268 3513 si
1297 3459 1343 3492 ⁶⁴
1371 3474 1473 3530 per
1520 3460 1739 3532 templa
1770 3466 1928 3519 tran—

264 3543 425 3612 sibit,
481 3544 779 3599 fumantes
822 3560 954 3600 aras
1013 3547 1279 3618 despuet,
1311 3551 1367 3602 et
1404 3550 1737 3605 exsufﬂabit
1790 3553 1925 3621 (51),

2040 3376 2306 3447 sequaris
2337 3390 2571 3428 necesse
2604 3378 2714 3441 est,
2744 3373 2799 3427 id
2830 3377 2938 3442 est,
2973 3370 3277 3443 angustias
3310 3371 3364 3423 et
3394 3367 3689 3423 cruciatus

2042 3470 2194 3527 tuos,
2229 3463 2311 3517 vel
2364 3479 2575 3533 corpus
2630 3463 2844 3527 solum,
2892 3461 3045 3531 quod
3102 3460 3161 3514 in
3211 3458 3450 3512 modum
3499 3454 3690 3510 crucis

2047 3558 2136 3607 est
2166 3554 2299 3623 (55).
2336 3556 2628 3618 Parentes,
2680 3551 2978 3621 conjuges,
3030 3548 3195 3603 liberi
3241 3550 3476 3618 propter
3504 3544 3689 3599 Deum

1704 3696 1905 3755 Varim
1944 3695 2264 3756 lectiones.

333 3813 377 3847 δι
413 3810 538 3867 Nisi
568 3814 695 3867 Jun.
772 3814 816 3847 ⁶²
852 3814 910 3868 ld
941 3815 1100 3870 abest
1130 3817 1249 3884 Rig.

1325 3818 1371 3889 δέ
1402 3818 1591 3873 Niseia
1624 3820 1802 3888 inquit
1836 3825 2022 3888 Lcop.,
2070 3837 2143 3874 an
2188 3823 2260 3875 sit
2288 3822 2673 3875 scribendum:
2704 3820 2910 3889 ecquid
2948 3817 3187 3887 majoris
3218 3832 3402 3886 operae
3433 3817 3522 3868 est
3552 3828 3692 3882 riga

268 3882 579 3951 damonis,
613 3901 791 3956 quam
820 3886 1164 3942 thurarius?
1200 3882 1211 3884 ⁷
1238 3888 1286 3923 ⁸⁸
1316 3888 1375 3943 Si
1407 3889 1556 3943 abest
1590 3882 1773 3945 Latin.
1852 3892 1897 3926 ⁵⁵
1927 3882 2248 3947 Defunctus
2279 3896 2442 3947 Fran.

1727 4044 2247 4104 Commentarios.

266 4157 920 4235 nerationibrus,‘l'i_abent
950 4160 1048 4215 alii
1078 4160 1143 4215 de
1181 4164 1548 4231 gravioribus,
1599 4163 1717 4230 alii,
1768 4165 1926 4235 dege-

264 4232 610 4302 nei'ubimas,
646 4229 742 4283 alii
775 4231 840 4286 de
869 4229 1252 4302 negotiatione.
1286 4235 1488 4289 Nescio
1536 4229 1611 4289 an
1652 4229 1928 4291 assentiri

264 4301 511 4379 debeam
542 4301 829 4379 Ludovico
862 4301 950 4379 de;
975 4304 1054 4358 La
1098 4304 1278 4379 Cerda
1326 4305 1428 4379 qui
1474 4307 1780 4363 lectionem
1816 4309 1932 4379 pri-

266 4389 443 4435 mani,
475 4372 544 4426 de
570 4375 1041 4443 generationibus,
1079 4372 1442 4431 retinendam
1476 4385 1690 4434 censet.
1720 4381 1792 4433 Le
1816 4372 1929 4435 'Pa.

336 4445 463 4519 (48)Δ
504 4445 790 4499 Lam'stam
846 4464 1077 4518 quoque,
1140 4449 1648 4519 Supervacaneum
1712 4453 1927 4507 forsan.

266 4516 373 4589 erit
406 4516 504 4589 hic
529 4522 787 4587 repetere
853 4516 1005 4589 quod
1042 4516 1444 4577 nemo—nescit.
1474 4522 1767 4577 Lanistam
1802 4542 1932 4579 esse

266 4587 673 4663 gladiatorum
728 4587 1086 4663 praefectum.
1142 4594 1198 4645 ln
1230 4592 1413 4663 gloss.
1451 4594 1663 4649 lanista
1712 4593 1927 4648 ἐπιστά-

268 4654 381 4733 in;
402 4654 763 4733 μογρλεχῶηῖ.
793 4661 867 4715 LE
897 4662 997 4716 PR.

335 4730 451 4803 (49)
484 4732 587 4803 Ηὶδν
611 4730 880 4788 hiet-cibus
902 4733 1079 4789 adhuc
1100 4735 1375 4803 informis.
1400 4733 1713 4790 Informem
1739 4737 1923 4791 idolo-

268 4799 502 4855 Istriam
536 4802 716 4871 dicit;

269 4872 480 4948 figura,
513 4872 827 4948 sineidolo
860 4878 1330 4948 transigebatur:
1368 4877 1489 4933 solo
1522 4880 1744 4936 scilicet
1783 4882 1921 4937 odo-

268 4960 398 4998 rum
430 4946 726 5017 incendio,
764 4946 1075 5003 mensibus
1096 4949 1369 5013 arabicis,
1401 4949 1592 5017 thure,
1626 4956 1750 5007 RIG.

338 5017 450 5095 (50)
484 5017 600 5084 Quo
629 5034 720 5073 ore
753 5020 1097 5076 Christianus
1123 5020 1435 5095 tltornriits.
1480 5023 1538 5078 Si
1595 5024 1727 5095 quis
1777 5024 1926 5080 hanc

270 5084 933 5170 leotionem..quze_sane
964 5098 1055 5170 est
1083 5093 1299 5170 codicis
1334 5084 1641 5170 Agobardi,
1661 5096 1927 5170 retinere

269 5157 425 5225 velit,
459 5157 700 5235 omnino
734 5165 816 5219 sic
862 5164 1188 5235 distinguat
1220 5182 1231 5218 :
1268 5189 1293 5213 ‹‹
1332 5157 1454 5227 Οὗο
1502 5183 1598 5221 ore
1630 5157 1926 5222 Christia-

272 5246 383 5309 nus
448 5232 767 5297 thurarius.
812 5236 865 5309 si
904 5254 1005 5307 per
1034 5232 1255 5306 (ampla
1300 5237 1623 5309 transibit?
1681 5257 1796 5309 quo
1829 5258 1927 5294 ore

272 5300 568 5383 fumantes
596 5323 747 5383 “aras
785 5300 1040 5383 despuet
1087 5300 1521 5383 et'essufllabit,
1555 5300 1773 5379 quibus
1804 5312 1929 5383 ipse

272 5374 622 5443 prospexit?
669 5400 695 5426 ››
766 5374 927 5435 Alias
975 5378 1451 5434 commodissime
1507 5374 1862 5437 scriberetur
1912 5402 1924 5438 :

276 5465 300 5527 τι
342 5447 479 5527 Quo_
511 5462 634 5527 ‘ore‘
656 5448 1028 5506 Christianus
1077 5449 1398 5527 thurarius,
1449 5451 1498 5505 si
1555 5470 1655 5527 per
1712 5455 1929 5527 templa

275 5517 573 5591 transibit,
610 5520 903 5577 fumantes
929 5538 1058 5577 aras
1091 5521 1354 5591 despuet,
1383 5517 1409 5574 in
1447 5517 1712 5581 etszIG.

341 5589 457 5657 (51)
493 5594 567 5644 Et
612 5594 945 5664 carm/ﬂabit.
974 5589 1285 5648 Alludit'ad
1321 5596 1784 5651 exsufflationem
1818 5597 1930 5650 da:-

276 5673 543 5739 monum,
578 5680 703 5739 quas
759 5668 821 5721 tit
868 5669 927 5721 in
976 5664 1319 5721 exorcismis
1366 5673 1499 5739 ante
1544 5668 1928 5739 baptismum.

278 5727 441 5809 U_nde
519 5727 847 5809 eubjungit,
908 5762 932 5787 ι(
994 5739 1118 5809 Qua
1182 5738 1509 5791 constantia
1586 5727 1933 5795 ciorcizabit

280 5799 556 5860 alumnos
592 5799 926 5864 suosfnrDe
959 5799 1176 5880 quibus
1215 5808 1489 5866 omnibus
1521 5810 1697 5867 latius
1728 5812 1829 5867 lib.
1871 5812 1935 5869 de

794 4822 881 4859 uae
911 4807 1036 4860 sine
1070 4805 1189 4860 ulla
1218 4805 1427 4869 forma,
1456 4806 1574 4861 sive
1607 4814 1800 4863 statua
1826 4814 1926 4863 aut
1956 4813 2002 4875 D

2042 4167 2336 4235 Baptismo.
2372 4165 2515 4218 ΡΑΜ.
2902 4236 2905 4237 ν
2936 4234 2942 4237 Α
2990 4236 2997 4237 ί
3245 4232 3275 4237 ,κ
3429 4229 3437 4237 .

2112 4232 2224 4308 (52)
2277 4238 2450 4303 Quam
2497 4238 2833 4311 famulatum
2888 4234 3179 4311 idolorum.
3242 4232 3476 4311 Proprie
3546 4244 3690 4283 usus

2037 4305 2175 4363 voce
2203 4326 2215 4374 ;
2254 4315 2415 4363 notat
2443 4309 2599 4363 enim
2633 4305 2954 4371 servitium,
2989 4306 3046 4359 id
3091 4310 3179 4359 est
3208 4305 3546 4374 servitutem
3578 4316 3695 4370 qua

2040 4372 2286 4453 gentiles
2319 4381 2532 4453 addicti
2566 4380 2949 4453 daemonibus.
2984 4376 3159 4453 Atqui
3211 4372 3690 4453 famulatus‘pro:

2042 4444 2165 4524 prie
2214 4458 2301 4505 est
2351 4452 2582 4504 illorum
2643 4451 2738 4519 qui
2801 4444 3092 4524 dicuntun
3130 4444 3559 4524 familiares,
3604 4447 3693 4498 est

2040 4516 2210 4579 servi.
2244 4525 2444 4578 Senec.
2477 4542 2567 4592 cp.
2603 4516 2689 4589 47,
2724 4528 2780 4575 et
2826 4521 3014 4575 Plaut.
3079 4520 3134 4573 in
3193 4516 3693 4592 Amphitzltaque

2040 4596 2284 4650 honesta
2335 4611 2459 4661 vox,
2494 4588 2565 4648 ne
2616 4588 2760 4647 servi
2798 4596 3137 4647 notarentur
3167 4588 3539 4655 contumelia,
3570 4593 3696 4642 erat

2041 4666 2262 4721 familia
2290 4674 2347 4719 et
2380 4666 2698 4720 famulatus
2751 4683 2762 4719 :
2811 4672 2868 4719 et
2924 4664 3037 4735 ipsi
3084 4661 3306 4717 domini
3345 4661 3691 4715 dicebantur

2041 4744 2234 4810 patres
2265 4738 2531 4793 familias.
2572 4738 2701 4791 LAC.

2107 4811 2219 4879 (33)
2252 4810 2493 4879 xEdiﬁcis
2526 4810 2699 4863 illius.
2743 4806 2964 4861 zEdifux
2998 4821 3116 4879 pro
3167 4803 3536 4879 aediﬁcatore,
3571 4818 3687 4856 non

2033 4878 2244 4935 (adium
2292 4882 2595 4945 duntaxat,
2630 4881 2728 4934 sed
2780 4878 3043 4949 cujusvis
3092 4880 3400 4949 structura
3449 4878 3506 4949 et
3554 4890 3688 4927 mox

2034 4953 2316 5023 defunctus
2349 4970 2459 5007 non
2497 4971 2596 5021 pro
2630 4946 2881 5017 mortuo,
2916 4950 3015 5004 sed
3052 4965 3153 5019 pro
3186 4964 3251 5003 eo
3285 4947 3384 5019 qui
3415 4946 3487 4999 ab
3518 4962 3690 5016 opere

2036 5030 2220 5099 empto
2254 5025 2610 5099 defungitur.
2644 5024 2809 5099 PAM_._
3117 5091 3155 5099 _
3320 5090 3334 5099 _
3417 5087 3429 5099 ,

2108 5090 2221 5166 (54)
2277 5096 2378 5151 Sed
2435 5090 2833 5151 Eonditionalis
2883 5108 3052 5166 eram.
3091 5090 3572 5166 Emendavimus
3619 5104 3687 5143 ex

2038 5161 2233 5223 codice
2268 5168 2578 5240 Agobardi,
2620 5167 2675 5220 in
2712 5180 2825 5237 quo
2877 5166 2960 5217 sic
2992 5161 3250 5240 legitur:
3285 5184 3311 5210 «
3349 5161 3528 5240 Nemo
3560 5176 3687 5240 ara?

2036 5246 2125 5293 tre
2160 5236 2395 5295 mandm
2433 5236 2739 5308 imponens
2771 5245 2827 5291 et
2878 5240 3029 5288 retro
3077 5239 3350 5308 spectans
3395 5238 3570 5308 aptus
3601 5236 3691 5287 est

2037 5313 2227 5382 Operis
2282 5320 2337 5366 et
2382 5304 2796 5366 cond‘itionalis
2825 5324 3006 5362 eram.
3054 5328 3072 5351 η
3116 5304 3690 5382 Quae,ute_didimu_s,

2039 5375 2321 5452 distingui
2375 5391 2635 5451 Oportere
2686 5382 3066 5452 manifestum
3112 5384 3218 5452 est.
3247 5375 3693 5452 _Conditionalis

2039 5449 2254 5508 dicitur
2284 5449 2486 5509 servus
2517 5460 2679 5510 certae
2714 5449 3035 5508 conditioni
3069 5450 3400 5519 adscriptas
3434 5452 3490 5502 et
3522 5463 3689 5519 man-

2041 5528 2289 5596 cipatus.
2326 5526 2363 5579 l.
2396 5544 2496 5589 v11,
2530 5528 2594 5581 de
2622 5529 2749 5582 lure
2779 5526 2915 5595 ﬁsci.
2954 5522 3201 5596 Actuarii
3236 5517 3685 5596 conditionales;

2040 5592 2174 5651 God.
2213 5599 2427 5652 Theod.
2463 5600 2526 5653 de
2554 5592 3221 5671 Numeroriis,(Actuarig,
3258 5592 3522 5671 etc._ltm.

2115 5671 2223 5737 (35)
2257 5671 2412 5737 Quod
2444 5673 2498 5724 in
2533 5670 2751 5725 modum
2791 5670 2969 5722 crucis
3014 5676 3111 5719 est.
3165 5665 3320 5717 Hanc
3372 5663 3551 5737 fuisse
3600 5674 3688 5709 ve-

2041 5731 2220 5796 terem
2272 5731 2629 5811 scripturam
2675 5742 3049 5811 arbitramur,
3082 5741 3138 5791 et
3167 5752 3293 5811 qua;
3335 5731 3529 5811 adhuc
3561 5744 3682 5782 cer-

2042 5821 2263 5868 nuntur
2294 5816 2349 5869 in
2392 5803 2652 5885 antiquis
2683 5808 3111 5879 exemplaribus
3140 5803 3405 5874 vestigia,
3438 5817 3684 5873 persua-
