4106 6178
408 380 527 441 755

931 378 1456 441 TERTULLIANI
1502 379 1827 441 OPERUM
1876 378 2076 440 PARS
2123 378 2171 440 Ι.
2209 410 2285 426 -
2313 379 2593 442 SERIES
2644 380 2696 456 Ι,
2742 377 3307 441 APOLOGETICA.

3711 376 3839 439 156

409 510 778 583 relinquendi
810 514 1001 566 erunt.
1035 511 1114 567 De
1162 512 1393 567 artibus
1442 516 1500 567 et
1546 512 2062 583 negotiationibus,
2096 515 2147 579 Α
2182 513 2253 565 ad
2301 513 2537 568 eosdem
2584 513 2828 584 spiritus
2872 513 3211 568 immundos
3260 511 3633 583 pertinentis,
3668 511 3840 566 modo

408 608 466 657 et
495 604 564 657 de
597 600 1057 672 professionibus
1092 601 1267 656 etiam
1302 601 1619 656 liberorum
1651 608 1708 657 et
1751 606 2058 673 parentum

408 706 584 745 causa
614 690 854 745 dubitas
875 689 901 743 ?
930 690 1061 745 Jam
1093 694 1233 745 tunc
1280 690 1745 746 demonstratum
1776 694 1864 746 est
1892 690 2061 745 nobis

409 783 467 834 et
497 782 766 850 pignora,
799 786 852 832 et
891 777 1156 843 artificia,
1211 783 1265 833 et
1316 780 1547 849 negotia
1596 784 1828 851 propter
1876 780 2064 833 Domi-

362 912 365 933 ,
407 884 548 922 num
580 866 1198 937 derelinquenda,cum
1233 868 1485 923 Jacobus
1511 872 1567 922 et
1596 869 1849 923 Joannes
1878 868 2062 923 vocati

406 975 440 1013 a
469 957 716 1012 Domino
747 962 804 1012 et
830 963 1053 1028 patrem
1089 973 1412 1028 navemque
1443 957 1891 1028 derelinquunt;
1927 974 2058 1011 cum

408 1045 715 1100 Matthaeus
753 1048 820 1099 Aie
852 1045 1076 1100 teloneo
1109 1046 1465 1112 suscitatur;
1520 1062 1653 1101 cum
1684 1046 1859 1101 etiam
1894 1063 2058 1117 sepe-

405 1133 513 1189 lire
543 1140 764 1205 patrem
802 1135 1035 1188 tardum
1071 1134 1181 1187 fuit
1231 1134 1383 1190 fidei.
1431 1136 1612 1189 Nemo
1664 1151 1863 1189 eorum
1914 1151 2060 1205 quos

408 1221 688 1278 Dominus
714 1221 932 1293 allegit,
964 1238 1077 1277 non.
1108 1224 1295 1285 habeo,
1329 1223 1495 1289 dixit,
1522 1240 1625 1294 quo
1659 1226 1858 1277 vivam.
1894 1224 2062 1278 Fides

405 1310 621 1365 famem
682 1327 795 1365 non
853 1311 1023 1365 timet
1080 1312 1210 1381 (56).
1268 1312 1387 1365 Scit
1439 1311 1614 1366 etiam
1672 1314 1884 1366 famem
1945 1328 2059 1366 non

406 1399 559 1454 679
610 1399 807 1454 minus
856 1397 965 1453 sibi
1019 1400 1501 1455 contemnendam
1564 1404 1799 1471 propter
1853 1400 2058 1469 Deum,

407 1504 584 1559 quam
616 1504 788 1542 omne
844 1487 1048 1541 mortis
1094 1504 1298 1559 genus.
1348 1488 1558 1543 Didicit
1601 1505 1715 1543 non
1775 1487 2062 1558 respicere

402 1576 605 1643 vitam,
642 1581 860 1647 quanto
892 1576 1083 1646 magis
1116 1576 1331 1631 victum
1360 1577 1386 1628 Ὺ
1435 1577 1915 1648 Quotusquisque
1943 1578 2059 1631 haec

403 1663 791 1735 adimplevit?
828 1665 940 1720 Sed
974 1681 1099 1735 quae
1141 1680 1318 1735 penes
1350 1664 1617 1721 homines
1649 1664 1934 1732 difficilia,
1967 1681 2059 1736 pe-

404 1767 508 1807 nes
538 1752 969 1808 Deum‘facilia.

1027 1895 1252 1953 CAPUT
1284 1896 1434 1951 XIII.

476 2020 570 2075 Sic
612 2024 808 2074 tamen
858 2019 1029 2074 nobis
1074 2021 1145 2075 de
1175 2020 1628 2076 mansuetudine
1668 2026 1724 2076 et
1752 2022 2059 2078 clementia

405 2109 503 2164 Dei
526 2108 921 2174 blandiamur,
942 2113 1005 2163 ut
1036 2125 1153 2163 non
1178 2125 1365 2179 usque
1398 2110 1465 2164 ad
1503 2109 1842 2165 idololatriae
1875 2112 2057 2166 affini-

401 2201 553 2254 tates
584 2197 1034 2253 necessitatibus
1066 2197 1386 2269 largiamur
1422 2214 1433 2253 :
1469 2198 1567 2253 sed
1611 2215 1844 2254 omnem
1877 2200 2056 2254 adfla-

402 2291 527 2343 tum
559 2288 687 2357 ejus
720 2286 842 2342 vice
895 2286 1077 2358 pestis
1117 2288 1293 2341 etiam
1342 2288 1414 2342 de
1464 2287 1782 2359 longinquo
1837 2290 2057 2346 devite-

401 2391 557 2444 mus,
618 2392 732 2430 non
787 2376 877 2431 his
929 2379 1159 2431 tantum
1212 2393 1337 2447 quae
1383 2376 1793 2448 praemisimus,
1845 2379 1943 2433 sed
1998 2380 2055 2433 in

400 2465 679 2520 universa
738 2464 887 2519 serie
945 2464 1215 2519 humana?
1267 2465 1730 2537 superstitionis,
1769 2466 1890 2521 sive
1934 2468 2057 2522 deis

399 2553 550 2619 suis,
605 2553 726 2609 sive
773 2552 1087 2621 defunctis,
1131 2554 1251 2609 sive
1300 2553 1530 2625 legibus
1588 2554 1953 2625 mancipata,
1995 2563 2059 2611 ut

2088 1878 2135 1943 B

2170 617 2273 672 per
2325 602 2611 657 sacrificia
2644 606 2701 657 et
2731 602 3077 665 sacerdotia,
3111 602 3283 656 modo
3330 619 3431 673 per
3470 599 3835 671 spectacula,

2170 698 2222 745 et
2256 692 2363 745 hoc
2393 707 2599 763 genus,
2633 693 2806 746 modo
2841 707 2942 762 per
2998 692 3175 745 festos
3208 690 3356 745 dies.
3409 691 3518 745 Sed
3554 691 3625 743 de
3657 689 3840 743 sacri-

2172 778 2318 833 ficiis
2349 785 2406 835 et
2435 781 2504 835 de
2531 779 2874 835 sacerdotiis
2898 780 3036 851 quid
3072 780 3284 851 loquar
3308 780 3335 833 ?
3367 779 3445 834 De
3478 777 3833 850 spectaculis

2169 874 2363 924 autem
2388 873 2443 923 et
2463 869 2859 940 voluptatibus
2880 868 3171 940 ejusmodi
3199 868 3513 937 suumjam
3564 867 3836 922 volumen

2171 957 2563 1027 implevimus.
2613 958 2724 1012 Hoc
2774 957 2899 1011 loco
2949 957 3248 1012 retractari
3298 960 3525 1028 oportet
3565 957 3636 1011 de
3670 956 3833 1011 festis

2171 1047 2399 1113 diebus,
2453 1052 2509 1102 et
2587 1046 2719 1101 aliis
2777 1046 3257 1101 extraordinariis
3337 1045 3830 1111 solemnitatibus,

2172 1152 2318 1206 quas
2348 1135 2644 1190 interdum
2677 1134 2948 1201 lasciviae,
2972 1134 3265 1189 interdum
3290 1132 3589 1188 timiditati
3624 1138 3834 1187 nostrai

2172 1224 2644 1291 subscrimimus,
2675 1224 2956 1278 adversus
2985 1223 3121 1277 fidei
3155 1222 3530 1293 disciplinam
3565 1238 3835 1276 commu-

2171 1312 2434 1366 nicantes
2492 1311 2826 1366 nationibus
2878 1312 2936 1365 in
2997 1310 3229 1366 idolicis
3289 1311 3443 1366 680
3505 1310 3701 1364 rebus.
3756 1310 3834 1365 De

2169 1400 2279 1455 hoc
2309 1401 2545 1472 quidem
2580 1401 2766 1465 primo
2798 1400 3139 1461 consistam,
3166 1417 3237 1454 an
3264 1416 3396 1455 cum
3428 1399 3575 1470 ipsis
3597 1415 3835 1470 quoque

2172 1490 2508 1543 nationibus
2540 1489 2977 1545 communicare
3006 1489 3063 1543 in
3098 1489 3441 1559 hujusmodi
3489 1504 3694 1544 servus
3730 1488 3827 1543 Dei

2170 1579 2397 1643 debeat,
2430 1580 2550 1633 sive
2600 1578 2840 1645 habitu,
2891 1579 3010 1633 sive
3057 1577 3236 1642 victu,
3282 1578 3369 1632 vel
3418 1594 3533 1649 quo
3582 1577 3695 1632 alio
3727 1593 3830 1648 ge-

2170 1683 2306 1723 nere
2354 1667 2563 1721 laetitite
2610 1684 2830 1722 earum.
2867 1668 3130 1723 Gaudere
3161 1683 3294 1722 cum
3318 1667 3740 1738 gaudentibus,
3773 1671 3831 1721 et

2170 1757 2366 1828 lugere
2398 1772 2531 1812 eum
2566 1756 2924 1827 lugentibus,
2960 1758 3030 1811 de
3062 1757 3342 1812 fratribus
3377 1756 3599 1811 dictum
3631 1760 3722 1810 est
3755 1755 3827 1809 ab

2169 1843 2430 1915 apostolo
2485 1845 2555 1899 ad
2599 1844 3047 1899 unanimitatem
3107 1845 3449 1899 cohortante
3492 1846 3671 1914 (Rom.
3726 1860 3827 1913 χιι,

2171 1934 2278 2004 15).
2310 1933 2593 1989 Caeterum
2642 1934 2714 1987 ad
2770 1933 2888 1987 haec
2935 1934 3078 1988 nihil
3130 1932 3562 1988 communionis
3593 1936 3679 1988 est
3726 1932 3819 1986 lu-

2167 2022 2306 2077 mini
2337 2026 2393 2077 et
2422 2020 2702 2089 tenebris,
2753 2021 2880 2075 vitae
2924 2025 2981 2076 et
3034 2022 3207 2076 morti
3268 2038 3281 2075 :
3343 2025 3445 2075 aut
3501 2019 3828 2075 scindimus

2168 2112 2323 2183 quod
2358 2115 2446 2165 est
2476 2109 2760 2181 scriptum
2804 2110 2870 2170 (ΙΙ
2917 2110 3036 2165 Cor.
3081 2127 3157 2164 v1.
3214 2111 3279 2164 14
3305 2126 3318 2176 ;
3345 2112 3502 2165 Joan.
3535 2126 3647 2177 xvr,
3676 2110 3767 2176 '20)
3806 2126 3819 2163 :

2165 2200 2441 2257 Saeculum
2468 2199 2742 2269 gaudebit,
2776 2213 2867 2252 vos
2892 2213 3015 2252 vero
3049 2198 3324 2268 lugebitis.
3354 2197 3413 2253 Si
3446 2214 3580 2252 cum
3612 2196 3826 2252 saeculo

2166 2291 2514 2361 gaudemus,
2558 2287 2877 2342 verendum
2939 2290 3046 2355 est,
3098 2303 3171 2342 ne
3226 2303 3362 2340 cum
3408 2284 3622 2340 saeculo
3653 2292 3707 2340 et
3737 2286 3821 2340 lu-

2165 2395 2428 2450 geamus.
2463 2375 2682 2431 Sazculo
2714 2380 2909 2431 autem
2943 2376 3232 2447 gaudente
3264 2375 3596 2446 lugeamus,
3628 2379 3687 2429 et
3715 2392 3820 2429 sa:-

2167 2467 2522 2538 culofpostes
2555 2464 2788 2537 lugente
2820 2463 3209 2535 gaudebimus
3242 2466 3393 2535 (Luc.
3418 2466 3555 2532 xvr),
3591 2464 3697 2533 19).
3725 2463 3817 2517 Sic

2166 2561 2223 2612 et
2268 2557 2518 2611 Lazarus
2548 2555 2591 2589 ⁸⁸
2641 2554 2752 2624 (57)
2810 2553 2963 2625 apud
3026 2552 3242 2608 inferos
3300 2553 3359 2608 in
3413 2552 3543 2608 sinu
3575 2551 3816 2607 Abrahae

1799 2672 2001 2733 Variae
2033 2673 2353 2735 lectiones.

463 2757 508 2793 ⁸⁸
536 2756 773 2813 Eleazar
800 2758 980 2814 Paris.
1012 2758 1136 2814 alii.

1834 2851 2356 2914 Commentarins.

396 2952 551 3007 dent.
575 2953 633 3007 ln
660 2951 730 3006 iis
753 2953 908 3007 enim
940 2951 1023 3007 ita
1052 2952 1362 3006 scribitur:
1396 2971 1415 3024 Ii
1444 2958 1557 3007 Aut
1588 2970 1799 3024 corpus
1832 2956 2045 3024 solum,

398 3024 554 3095 quod
587 3024 646 3078 in
677 3025 921 3096 modum
956 3024 1219 3096 Xpsest.
1270 3045 1297 3073 ι)
1354 3023 1411 3077 Si
1463 3024 1629 3096 copia
1675 3023 1842 3081 nobis
1894 3032 2050 3083 esset

398 3094 820 3179 principalium
878 3094 1299 3179 exemplorum,
1353 3096 1511 3179 unde
1538 3094 1741 3178 suum
1769 3100 2049 3179 _describi

387 3167 573 3238 jussit
605 3167 991 3242 Agobardus,
1018 3168 1333 3242 Amendosae
1385 3167 1651 3242 lectionis
1698 3169 1858 3239 origo
1894 3177 2048 3242 pate-

396 3243 618 3311 sceret.
651 3240 885 3311 Interim
937 3238 1163 3311 opinari
1216 3240 1403 3311 liceat,
1438 3240 1723 3311 scriptum
1778 3238 1957 3297 fuisse
1990 3243 2047 3296 in

394 3310 868 3381 antiquissimis:
905 3309 1052 3376 Quod
1096 3311 1155 3362 in
1183 3309 1403 3363 modum
1433 3309 1705 3381 Xisfqum
1747 3318 1883 3368 nota
1913 3331 2044 3368 cum

396 3386 552 3455 esset
609 3382 821 3448 crucis,
864 3383 930 3455 in
998 3381 1155 3455 hunc
1216 3381 1380 3455 facile
1432 3385 1650 3455 transit
1722 3385 1842 3454 Xps,
1921 3402 2046 3455 qua:

396 3453 667 3508 Christus
713 3460 820 3508 est.
853 3453 975 3516 Quo
1017 3453 1193 3506 etiam
1231 3453 1401 3506 modo
1432 3454 1694 3509 Barrazus
1747 3453 1804 3508 in
1856 3453 2049 3511 exem-

393 3523 541 3596 plari
568 3525 989 3596 suoscriptum
1024 3524 1203 3578 fuisse
1236 3527 1502 3578 testatur.
1538 3527 1696 3592 Quod
1731 3532 1921 3582 autem
1957 3528 2051 3583 hic

394 3594 477 3651 ait
505 3594 922 3663 Tertullianus,
959 3612 1169 3663 corpus
1202 3601 1466 3651 nostrum
1520 3597 1577 3651 in
1631 3601 1870 3653 modum
1924 3616 2051 3654 esse

398 3612 477 3651 ait
506 3612 922 3663 iertumanus,
959 3612 1169 3719 corpus
1202 3612 1466 3651 noetrum
1520 3613 1577 3651 in
1631 3612 1870 3653 mouum
1924 3616 2051 3654 esse

398 3668 610 3733 crucis,
642 3666 795 3747 idem
829 3667 1003 3747 etiam
1019 3684 1061 3747 ⁸(δ
1091 3666 1250 3720 arius
1283 3667 1532 3737 explicat
1562 3668 1663 3747 lib.
1694 3686 1710 3724 ι
1760 3672 1839 3725 ad
1869 3672 2055 3747 Natio-

395 3755 516 3804 nes,
551 3754 673 3808 cap.
709 3740 774 3812 12
809 3754 821 3791 :
856 3760 883 3787 ‹‹
916 3740 1028 3808 Ipsi
1066 3754 1298 3809 quoque
1356 3741 1582 3810 corpori
1618 3746 1841 3812 nostro,
1877 3744 2055 3797 tacita

396 3814 453 3866 et
482 3814 706 3885 secreta
740 3810 912 3885 linea.
943 3813 1135 3885 crucis
1171 3813 1323 3865 situs
1352 3816 1459 3885 est.
1507 3812 1669 3875 Quod
1704 3810 1880 3885 caput
1906 3816 2049 3869 emi-

396 3887 507 3956 cat,
537 3881 691 3956 quod
730 3882 899 3956 spina
925 3881 1217 3951 dirigitur.
1242 3884 1392 3952 quod
1428 3881 1805 3939 humerorum
1838 3886 2055 3956 obliga-

396 3953 625 4027 tio...Si
657 3952 953 4027 hominem
987 3955 1266 4027 statuaris
1299 3955 1572 4009 manibus
1604 3957 1878 4027 expansis
1904 3952 2052 4011 ima-

398 4024 595 4096 ginem
628 4026 819 4079 crucis
851 4025 1071 4080 feceris.
1110 4045 1136 4073 »
1170 4026 1295 4079 Rio.

468 4096 787 4169 (56)A7Fides
817 4097 1022 4169 [limem
1050 4113 1161 4150 non
1203 4099 1375 4151 timet.
1411 4097 1603 4165 Magni
1650 4114 1882 4169 semper
1923 4099 2057 4153 fecit

400 4166 829 4241 Tertullianum
878 4167 1280 4241 Hieronymus,
1317 4185 1449 4241 nam
1483 4169 1554 4223 ab
1586 4169 1692 4224 hoc
1736 4166 1929 4241 plures
1963 4169 2057 4224 ille

399 4240 657 4310 sumpsit
690 4239 1035 4303 sententias,
1068 4238 1337 4309 interque
1390 4238 1526 4294 illas
1558 4238 1937 4296 etiam‘hanc.
1976 4244 2057 4297 [ta

397 4310 551 4365 enim
589 4312 657 4364 ad
692 4311 958 4365 lleliodor
992 4327 1003 4364 :
1047 4334 1073 4360 ‹‹
1110 4311 1187 4365 De
1243 4311 1368 4382 cibo
1425 4311 1699 4382 cogitas?
1754 4314 1853 4368 sed
1917 4314 2056 4368 fides

396 4382 611 4506 Samiam
673 4399 788 4437 non
843 4382 1028 4437 timet.
1062 4400 1087 4431 ιο
1147 4387 1305 4435 Arat.
1349 4381 1453 4435 lib.
1502 4381 1563 4452 ii,
1614 4385 1758 4438 (list.
1809 4384 2052 4452 Apostot.

442 4470 519 4506 ixi
577 4470 590 4506 :

442 4453 545 4507 ixit
577 4470 590 4508 :

790 4542 973 4602 Neque
1004 4541 1145 4589 enim
1177 4540 1487 4590 discrimina
1519 4544 1664 4591 novit

526 4602 834 4652 Formidare
867 4603 1012 4651 fides.
1269 4604 1384 4652 LAC.

471 4717 582 4792 (_57)
614 4718 706 4773 Sic
748 4722 799 4792 et
831 4719 1112 4792 Lanarius.
1172 4738 1198 4770 α
1257 4719 1317 4773 ln
1370 4720 1684 4789 exemplari
1738 4721 2051 4792 Agobardi,

402 4788 620 4859 ubique
667 4790 962 4859 scribitur,
1014 4791 1269 4860 Elcamr,
1305 4808 1415 4845 non
1452 4788 1721 4847 Lasarus.
1755 4788 1845 4846 Sic
1875 4793 2048 4847 etiam

401 4862 556 4932 apud
592 4861 1003 4925 Prudentium,
1035 4864 1228 4931 Hymn.
1265 4862 1327 4915 de
1362 4863 1647 4933 Exscquiis
1678 4881 1695 4916 :

618 4975 828 5023 Gremio
854 4976 1026 5023 sensis
1054 4975 1235 5023 abdita
1264 4977 1431 5023 sancti

616 5038 921 5097 Recubabit,
954 5038 1048 5086 tibi
1077 5042 1156 5085 est
1187 5037 1415 5086 Eleazar.
1687 5038 1801 5087 Rie.

400 5191 466 5200 —
495 5160 585 5215 Sic
615 5169 664 5214 et
698 5163 935 5214 Lazarus
979 5159 1124 5229 apud
1172 5162 1376 5229 inferos
1424 5163 1481 5214 in
1528 5162 1656 5215 sinu
1691 5162 1942 5218 {lbra/ire.
1979 5168 2054 5218 Ex

396 5233 589 5286 verbis
622 5232 849 5285 Domini
884 5233 954 5284 ad
992 5232 1298 5297 latronem,
1360 5233 1533 5286 Hodie
1579 5250 1789 5288 mecum
1835 5238 1964 5289 eris
1995 5238 2053 5289 in.

394 5304 673 5375 paradiso,
721 5308 778 5376 et
830 5303 1071 5376 Abrahai
1122 5303 1190 5356 de
1224 5302 1430 5359 Lazaro
1462 5305 1531 5376 ad
1565 5304 1805 5359 divitem
1835 5324 2021 5376 purpu

397 5373 611 5442 ratum,
646 5379 702 5429 et
748 5373 991 5429 Joannis
1025 5379 1348 5445 martyrum
1401 5375 1628 5430 animas
1660 5373 1909 5431 videntis
1941 5373 2049 5433 sub

398 5446 585 5510 altari,
608 5450 678 5519 et
711 5444 868 5500 Pauli
905 5444 923 5498 Ι
953 5445 1027 5519 ad
1059 5444 1316 5519 Thessal.
1369 5463 1495 5516 cap.
1526 5464 1603 5515 1v,
1637 5453 1895 5503 veterum
1932 5450 2052 5519 ple-

405 5518 572 5589 rique
604 5517 660 5571 in
687 5532 753 5591 ea
783 5516 1067 5570 sententia
1098 5517 1279 5583 fuere,
1314 5523 1372 5591 ut
1406 5519 1704 5591 crederent
1736 5537 1863 5574 esse
1895 5516 2044 5591 apud

402 5588 979 5663 inferosgan‘imarum
1008 5589 1370 5655 receptacula
1400 5590 1625 5663 piarum
1650 5597 1706 5644 et
1736 5588 2049 5663 impiarum

402 5660 582 5716 divini
625 5659 833 5727 judicii
885 5658 1036 5712 diem
1088 5658 1537 5730 expectantium.
1586 5658 2049 5719 Interea-tamen

404 5733 531 5805 pias
562 5731 796 5801 quidem
831 5746 987 5800 pace,
1021 5731 1233 5805 quiete,
1257 5732 1579 5805 _refrigerio
1609 5736 1899 5805 gaudere;
1944 5736 2051 5790 im-

404 5803 531 5873 pias
590 5806 791 5860 contra
847 5818 1094 5873 carcere,
1151 5802 1725 5877 ignibusfgehenna
1782 5806 2047 5864 cruciari.

2161 2954 2397 3010 Piarum
2448 2951 2811 3021 receptacula
2855 2951 2912 3006 in
2955 2968 3189 3007 recessu
3242 2951 3479 3022 quidem
3522 2951 3822 3007 subterra'

2162 3043 2288 3091 nco,
2324 3025 2425 3080 sed
2458 3024 2833 3079 inferioribus
2861 3023 3045 3078 multo
3100 3024 3417 3095 impiarum
3462 3023 3693 3095 abyssis
3724 3033 3821 3077 su"

2161 3102 2507 3170 perstructo.
2568 3096 2721 3170 Inter
2780 3101 3097 3170 utrumque
3152 3094 3344 3170 autem
3399 3094 3823 3170 insuperabilis

2160 3167 2493 3225 altitudinis
2540 3169 2718 3221 chaos
2764 3169 3165 3224 obfirmatum.
3221 3168 3361 3223 Cum
3396 3167 3577 3237 igitur
3620 3167 3679 3220 in
3714 3168 3823 3221 hac

2160 3241 2451 3297 sententia
2503 3240 2675 3293 fuerit
2726 3239 3143 3304 Tertullianus,
3199 3240 3344 3293 nihil
3399 3245 3488 3293 est
3533 3239 3685 3309 quod
3729 3238 3823 3292 hic

2165 3315 2465 3378 miremur,
2498 3316 2554 3364 et
2586 3311 2861 3366 Lazarum
2921 3314 2976 3366 et
3034 3310 3280 3365 Abrahae
3314 3311 3510 3364 sinum
3545 3310 3697 3381 apud
3732 3310 3819 3381 in-

2164 3387 2315 3441 feros
2365 3382 2606 3437 censeri.
2653 3386 2798 3436 Nam
2850 3386 2915 3453 et,
2958 3381 3082 3453 ipse
3130 3384 3332 3437 eodem
3384 3380 3711 3437 sensu’lib.
3761 3380 3825 3435 de

2164 3459 2380 3519 Anima,
2414 3454 2671 3508 animam
2703 3452 2919 3507 Christi
2967 3452 3048 3507 ait
3104 3468 3400 3524 egressam
3442 3454 3513 3507 de
3545 3453 3820 3507 crucifixo

2161 3543 2399 3597 corpore
2439 3527 2507 3580 ad
2565 3526 2779 3580 inferos
2821 3524 3216 3597 descendisse,
3266 3532 3330 3579 ut
3377 3532 3676 3596 compotes
3727 3524 3817 3578 sui

2163 3595 2376 3654 faceret
2436 3596 2816 3668 patriarchas.
2846 3595 2957 3651 Alli
3003 3613 3134 3651 vero
3187 3595 3387 3653 eadem
3439 3595 3671 3667 quoque
3704 3597 3816 3649 fide

2163 3676 2220 3725 et
2251 3670 2401 3741 apud
2437 3671 2652 3723 inferos
2683 3685 2812 3741 esse
2843 3668 3182 3741 paradisum
3233 3668 3547 3741 credidere,
3580 3684 3696 3739 quo
3728 3668 3811 3741 la-

2161 3739 2313 3796 troni
2347 3740 2617 3795 Christus
2647 3739 2944 3806 condixit;
2996 3740 3212 3795 etenim
3247 3739 3498 3812 paradisi
3533 3739 3815 3812 vocabulo

2163 3813 2483 3885 signiﬁcari
2519 3814 2748 3866 hortum
2777 3828 2879 3865 seu
2913 3817 3169 3881 pratum,
3204 3810 3302 3868 seu
3338 3812 3603 3937 (Luemvis
3633 3810 3818 3864 alium

2164 3885 2373 3937 ammni
2408 3883 2686 3937 refrigerii
2722 3884 2933 3937 locum.
2968 3883 3067 3937 ubi
3105 3885 3353 3937 natriarc
3403 3901 3469 3937 ae.
3505 3884 3601 3937 ubi
3636 3884 3818 3937 Abra-

2164 3883 2373 3939 ammni
2408 3883 2686 3955 refrigerii
2722 3884 2933 3948 locum,
2968 3883 3067 3937 ubi
3105 3883 3469 3953 patriarchae,
3505 3884 3601 3955 ubi
3636 3884 3819 3937 Abra-

2165 3957 2323 4022 ham,
2356 3956 2454 4009 ubi
2485 3954 2683 4021 Jacob,
2718 3956 2814 4008 ubi
2869 3955 3140 4021 Lazarus,
3194 3956 3287 4009 ubi
3336 3954 3429 4009 ille
3478 3956 3547 4009 de
3594 3954 3823 4010 latrone

2165 4027 2374 4093 fidelis,
2402 4026 2497 4081 ubi
2530 4028 2703 4081 etiam
2740 4031 3061 4097 martyrum
3087 4025 3294 4081 animae
3328 4026 3628 4097 placidum
3665 4028 3825 4097 quie-

2165 4106 2349 4154 scant.
2385 4104 2461 4151 Ac
2494 4098 2563 4151 de
2596 4096 2949 4169 martyribus
2989 4098 3224 4168 quidem
3271 4096 3589 4169 Septimius
3631 4096 3827 4152 ucster

2166 4172 2241 4225 ita
2274 4170 2530 4225 sensisse
2558 4170 2788 4223 videtur
2828 4168 2886 4222 in
2930 4169 3254 4241 Sciirpiace,
3302 4168 3435 4224 com
3485 4170 3827 4241 aitanimas

2165 4258 2365 4298 eorum
2424 4241 2534 4295 sub
2573 4240 2741 4295 altari
2788 4239 3125 4311 patientiam
3169 4257 3422 4311 pascere,
3482 4247 3537 4295 et
3586 4239 3827 4311 indutas

2167 4258 2365 4298 eorum
2424 4258 2534 4295 sun
2573 4258 2741 4295 altari
2788 4258 3125 4365 patientiam
3169 4258 3422 4311 pascere,
3482 4258 3537 4295 et
3587 4258 3823 4295 inantus

2167 4314 2373 4367 stolam
2405 4312 2711 4366 candidam
2759 4328 2788 4366 c
2818 4312 3041 4383 aritatis
3083 4329 3390 4383 usurpare.
3423 4310 3599 4376 Quasi
3650 4312 3823 4366 sedes

2165 4385 2268 4458 illa
2299 4385 2408 4439 sub
2442 4384 2631 4458 altari,
2655 4455 2666 4458 _
2692 4382 2943 4458 ὑπφκάτω
2977 4382 3388 4458 θυσιαστηρίου,
3419 4384 3628 4439 Joanni
3663 4399 3822 4438 reve-

2165 4456 2309 4521 lata,
2341 4456 2577 4511 nomine
2618 4455 2819 4509 altaris
2850 4460 3061 4509 terram
3096 4455 3411 4527 significat,
3444 4472 3621 4526 super
3646 4471 3825 4526 quam

2164 4528 2468 4608 immolata
2529 4531 2851 4608 martyrum
2923 4542 3193 4608 corpora,
3226 4528 3400 4608 veluti
3434 4544 3610 4608 super
3640 4527 3825 4581 altare

2056 4603 2075 4621 '
2157 4601 2493 4671 jacuerunt,
2526 4599 2679 4652 unde
2718 4599 2981 4671 ipsorum
3032 4600 3236 4655 anima:
3285 4600 3345 4654 in
3403 4600 3821 4671 subterraneus

2087 4701 2129 4764 Β
2161 4669 2633 4764 ammnitatesnab
2673 4669 2897 4764 angelis
2945 4671 3341 4764 suntldelat‘ae.
3375 4670 3472 4725 ubi
3521 4686 3820 4725 resurrec-

2160 4744 2377 4823 tionem
2412 4759 2477 4796 ac
2508 4742 2631 4823 “Dei.
2660 4755 2904 4823 regnum
2945 4742 3352 4823 praestolamur
3384 4759 3397 4795 :
3433 4758 3657 4823 moram
3689 4758 3826 4823 vero

2160 4814 2473 4877 tantulam,
2508 4813 2640 4868 licet
2680 4812 3068 4883 complurium
3116 4831 3426 4880 annorum,
3460 4812 3680 4867 sanctis
3710 4814 3821 4869 mi-

2162 4887 2321 4940 nime
2352 4901 2583 4966 gravehm
2619 4888 2842 4966 {sternte
2874 4883 3070 4966 glorias
3125 4886 3339 4966 fiducia
3373 4890 3679 4966 secuturae:
3709 4886 3823 4966 ye-

2162 4955 2490 5011 rumtamen
2513 4955 2855 5025 Septimium
2879 4955 2935 5009 in
2956 4955 3062 5010 hac
3085 4958 3374 5011 sententia
3397 4973 3603 5025 parum
3644 4957 3829 5011 fuisse

2161 5034 2526 5084 constantem
2562 5032 2816 5098 arguunt
2846 5042 2913 5081 ea
2939 5043 3063 5096 qua:
3095 5027 3245 5083 libro
3278 5030 3347 5084 de
3379 5028 3830 5083 Resurrectione

2160 5100 2421 5155 tradidit.
2456 5098 2683 5153 Etenim
2714 5104 3095 5169 posteaquam
3134 5099 3396 5171 probavit
3434 5116 3671 5154 omnem
3703 5100 3832 5171 ani-

2163 5188 2319 5225 mam
2380 5171 2531 5240 apud
2585 5171 2803 5225 inferos
2847 5170 3203 5239 sequestrari
3245 5172 3301 5226 in
3354 5171 3511 5226 diem
3570 5170 3828 5237 Domini,

2164 5244 2469 5298 confestim
2527 5242 2726 5314 eximit
2781 5242 2858 5314 ab
2911 5259 2977 5295 ea
3056 5243 3440 5314 dispositione
3496 5248 3827 5313 martyrum

2164 5317 2419 5378 animas,
2454 5312 2741 5383 paradiso,
2776 5313 2987 5383 inquit,
3035 5312 3165 5367 noni
3202 5315 3401 5369 inferis
3453 5312 3826 5370 devers’uras.

2162 5386 2394 5449 Quibus
2442 5389 2596 5456 certe
2638 5384 2828 5456 verbis
2879 5385 3215 5455 paradisum
3248 5403 3376 5442 esse
3414 5386 3568 5456 apud
3602 5386 3831 5441 inferos

2164 5460 2359 5528 negat,
2391 5455 2641 5528 etsi_lib.
2703 5454 2765 5508 de
2807 5454 3027 5528 Anima,
3064 5459 3384 5513 secundum
3435 5454 3633 5513 I'renzei
3682 5473 3821 5512 sen-

2162 5526 2429 5590 tentiam,
2465 5526 2760 5581 Christum
2805 5527 2996 5597 ipsum
3054 5529 3296 5585 dixisset
3329 5531 3512 5585 forma
3538 5530 3823 5584 humanae

2164 5600 2367 5671 mortis
2420 5598 2573 5667 apud
2624 5598 2841 5671 inferos
2902 5600 3206 5667 functum;
3273 5618 3491 5671 eosque
3560 5600 3821 5669 superbe

2163 5670 2341 5742 nimis
2374 5686 2630 5738 censere,
2666 5669 2765 5739 qui
2818 5686 2928 5723 non
2982 5676 3257 5742 putarent
3288 5669 3515 5729 animas
3549 5671 3821 5727 ﬁdelium

2161 5741 2704 5815 inferisdignasgc
2761 5742 2917 5815 Servi
2974 5741 3153 5815 Super
3208 5744 3537 5811 dominum,
3594 5743 3819 5815 inquit,

2160 5817 2215 5870 et
2245 5811 2512 5885 discipuli
2548 5827 2722 5884 sUper
2764 5811 3134 5888 magistrum,
3168 5817 3462 5890 aspernati
3493 5816 3541 5875 si
3573 5816 3714 5872 forte
3747 5811 3816 5872 in
