4060 6178
251 388 366 448 757
1616 388 1718 447 DE
1763 385 2302 449 IDOLOLATRIA.
3539 389 3658 449 758

243 518 611 590 refrigerium
643 523 1028 586 consecutus;
1063 523 1265 576 contra
1295 519 1455 574 dives
1495 519 1553 573 in
1604 522 1894 574 tormento
1922 520 1978 586 Α
2007 517 2174 573 lestis
2205 518 2502 590 suffragiis
2537 519 2697 575 nullo
2733 519 2938 576 merito
2973 537 3184 578 nomen
3215 521 3467 577 lacessit.
3500 519 3659 576 Desi-

242 607 395 677 ignis
441 609 823 676 constitutus,
857 609 1114 665 alternas
1165 607 1456 664 malorum
1503 613 1558 662 et
1608 609 1897 662 bonorum
2008 624 2242 674 namus,
2267 613 2322 681 et
2350 625 2462 663 non
2497 609 3170 680 blasphemabitur.lmo
3193 610 3652 682 blasphemetur,

235 696 391 753 vices
458 699 673 755 aemula
741 699 1128 756 retributione
1209 704 1592 770 compensant
1629 700 1694 753 ⁸⁷.
1753 703 1898 754 Sunt
2009 697 2146 751 dum
2182 714 2392 752 sumus
2424 697 2482 752 in
2523 699 2946 768 observatione,
2973 716 3087 755 non
3119 699 3178 755 in
3210 699 3651 770 exorbitatione,

240 786 483 858 quidam
525 788 649 845 dies
707 805 1044 859 munerum,
1077 806 1202 860 quae
1254 789 1408 860 apud
1460 788 1606 844 alios
1656 787 1897 843 honoris
2008 785 2350 856 disciplinas,
2379 786 2517 840 dum
2553 787 2890 858 probamur,
2925 805 3038 842 non
3071 789 3211 844 dum
3243 789 3644 860 reprobamur.

239 875 519 943 titulum,
576 880 730 950 apud
793 877 938 934 alios
996 878 1280 933 mercedis
1338 877 1602 932 debitum
1671 895 1896 948 expun-
2006 877 2050 929 υ
2083 874 2509 946 blasphemiam
2533 877 2578 910 ⁷³
2626 876 2887 948 martyrii
2919 878 3178 944 affinem,
3213 895 3338 950 quae
3386 882 3528 932 tunc
3562 894 3649 934 me

239 980 312 1036 gu
327 968 390 1018 nt
415 967 549 1038 (58).
577 968 743 1022 Nunc
790 985 947 1040 ergo,
983 967 1204 1038 inquis,
1242 966 1516 1038 recipiam
1571 983 1787 1036 meum,
1811 966 1894 1021 vel
2005 967 2255 1018 testatur
2276 964 2695 1032 Christianum,
2719 981 2851 1019 cum
2880 971 3114 1038 propter
3137 983 3265 1022 eam
3289 967 3646 1021 detestatur!

237 1056 562 1124 rependam
607 1056 887 1111 alienum.
920 1055 977 1110 Si
1026 1056 1182 1110 hunc
1215 1072 1437 1110 morem
1466 1055 1576 1110 sibi
1630 1055 1895 1111 homines
2005 1053 2337 1108 Benedictio
2361 1059 2450 1108 est
2481 1054 2757 1124 nominis,
2785 1055 3113 1111 maledictio
3145 1057 3450 1112 custodita
3472 1055 3648 1110 disci-

233 1141 306 1196 de
345 1146 770 1216 superstitione
802 1151 1311 1210 consecraverunt,
1345 1150 1404 1199 tu
1464 1154 1775 1199 extraneus
1827 1146 1898 1199 ab
2005 1141 2195 1212 plinas.
2223 1166 2249 1191 ‹‹
2285 1141 2342 1196 Si
2377 1142 2734 1212 hominibus,
2769 1144 2980 1214 inquit,
3013 1145 3215 1200 vellem
3250 1145 3497 1216 placere,
3522 1161 3648 1200 ser-

232 1233 399 1286 omni
432 1251 634 1290 eorum
690 1236 968 1300 vanitate,
1003 1234 1144 1306 quid
1200 1233 1519 1305 participas
1576 1233 1899 1305 idolothyta
2003 1249 2110 1286 vus
2141 1231 2357 1287 Christi
2407 1249 2518 1286 non
2577 1249 2824 1288 essem»
2861 1233 3132 1302 (Galat.1,
3171 1236 3274 1304 10).
3329 1235 3440 1289 Sed
3490 1234 3644 1289 idem

229 1326 385 1382 081
446 1325 751 1390 solemnia,
779 1323 946 1394 quasi
976 1323 1083 1378 tibi
1122 1339 1356 1394 quoque
1382 1322 1784 1393 prazscriptum
1822 1314 1900 1393 sit
2003 1319 2140 1374 alibi
2168 1321 2208 1391 (Ι
2235 1321 2357 1376 Cor.
2382 1339 2432 1390 χ,
2456 1322 3043 1392 33)jubet,omnibus
3089 1323 3316 1395 placere
3347 1340 3643 1379 curemus.

228 1416 299 1471 de
332 1416 454 1482 die,
487 1432 602 1487 quo
653 1415 852 1468 minus
882 1414 939 1468 id
971 1413 1126 1484 quod
1181 1410 1404 1466 homini
1436 1410 1633 1479 debes,
1668 1411 1752 1466 vel
1786 1401 1888 1464 tibl

222 1505 293 1560 ab
331 1504 575 1560 homine
623 1504 892 1568 debetur,
915 1501 1063 1556 citra
1095 1500 1207 1556 diei
1240 1499 1704 1556 observationem
1739 1502 1888 1565 luas,

225 1592 316 1648 vel
347 1591 622 1663 recipias.
657 1590 740 1646 Da
772 1591 1022 1645 formam
1055 1589 1114 1643 in
1147 1588 1330 1657 qua68
1376 1587 1517 1642 velis
1549 1587 1640 1657 agi
1677 1597 1885 1642 tecum.

225 1685 342 1737 Cur
383 1681 544 1737 enim
596 1685 652 1736 et
701 1679 1037 1750 lateas(59),
1082 1695 1216 1732 cum
1269 1677 1595 1748 ignorantia
1643 1676 1887 1732 alterius

227 1775 401 1826 tuam
436 1768 854 1826 conscientiam
888 1765 1294 1822 contamines?
1334 1765 1383 1819 si
1431 1783 1544 1820 non
1597 1765 1886 1837 ignoraris

2003 1409 2464 1477 Quemadmodum
2493 1427 2610 1478 ego,
2643 1410 2857 1481 inquit,
2899 1413 3149 1466 omnibus
3176 1428 3278 1483 per
3305 1414 3496 1467 omnia
3517 1412 3645 1483 pla-

1997 1515 2109 1553 ceo.
2147 1499 2432 1556 Nimirum
2481 1499 2814 1554 Saturnalia
2871 1506 2926 1555 et
2983 1500 3273 1556 Kalendas
3329 1501 3642 1557 Januarias

1998 1588 2151 1643 682
2184 1587 2484 1642 celebrans
2533 1588 2870 1643 hominibus
2904 1588 3204 1660 placebat?
3236 1607 3307 1645 an
3357 1590 3642 1646 modestia

1995 1681 2052 1732 et
2083 1677 2384 1748 patientia,
2418 1694 2487 1732 an
2521 1677 2826 1748 gravitate,
2853 1695 2924 1732 an
2958 1677 3344 1750 humanitate,
3381 1696 3452 1734 an
3486 1679 3638 1735 inte-

1992 1764 2204 1836 gritate
2225 1765 2253 1819 ?
2283 1766 2531 1821 Proinde
2563 1783 2695 1820 cum
2729 1766 2889 1834 dicit,
2917 1789 2943 1818 ‹‹
2975 1768 3186 1824 Omnia
3215 1768 3491 1824 omnibus
3522 1769 3637 1824 fac-

225 1861 388 1933 quod
426 1861 509 1916 sis
554 1858 934 1927 Christianus,
966 1855 1234 1924 tentaris,
1267 1858 1324 1910 et
1355 1859 1552 1910 contra
1583 1854 1881 1910 conscien-
1912 1892 1959 1956 Β
1991 1859 2088 1909 tus
2146 1871 2302 1923 sum,
2354 1861 2417 1910 ut
2473 1871 2678 1910 omnes
2737 1855 3095 1911 lucrilaciam
3125 1879 3145 1905 ι
3184 1856 3227 1927 (Ι
3261 1859 3379 1912 Cor.
3412 1875 3488 1924 1x,
3519 1860 3632 1927 22),

225 1950 369 2005 tiam
439 1947 680 2004 alterius
747 1947 906 2018 agis,
965 1949 1249 2016 tanquam
1317 1960 1430 1998 non
1499 1942 1877 1998 christianus.

225 2040 540 2095 Enimvero
595 2037 704 2092 etsi
760 2034 1215 2092 simulaveris".
1270 2037 1551 2098 tentatus,
1608 2033 1880 2088 addictus

222 2149 304 2188 es.
337 2132 511 2186 Certe
557 2126 673 2182 sive
720 2125 850 2192 hac,
883 2124 1003 2179 sive
1036 2123 1188 2192 illae,
1222 2139 1355 2177 reus
1402 2139 1464 2177 es
1519 2122 1879 2177 confusionis

219 2220 278 2276 in
308 2220 434 2274 Deo
465 2217 677 2285 (Matth.
705 2233 760 2284 Χ,
792 2214 896 2281 32;
930 2217 1058 2268 Luc.
1096 2230 1170 2282 ix,
1197 2213 1307 2280 26).
1341 2213 1453 2281 Qui
1477 2219 1662 2265 autem
1691 2215 1878 2282 con/u-

219 2327 308 2365 sus
339 2323 515 2378 super
543 2321 630 2360 me
673 2306 840 2374 fuerit
889 2319 1050 2374 penes
1099 2302 1366 2365 homines,
1400 2305 1450 2356 et
1500 2317 1593 2371 ego
1639 2307 1875 2372 con/un-

226 2401 336 2456 dar
365 2412 538 2468 super
568 2395 684 2462 illo,
721 2392 932 2464 inquit,
969 2407 1134 2462 penes
1182 2392 1401 2445 Patrem
1445 2406 1646 2456 meum,
1679 2392 1774 2460 qui
1801 2400 1878 2445 est

226 2489 287 2541 in
315 2485 493 2541 adis.

852 2621 1080 2678 CAPUT
1118 2621 1262 2676 XlV.

297 2753 420 2809 Sed
447 2751 604 2807 enim
635 2749 898 2822 plerique
921 2749 1045 2819 jam
1081 2747 1438 2802 induxerunt
1469 2747 1686 2813 animo,
1712 2747 1877 2818 igno-

223 2841 520 2898 scendum
569 2855 719 2904 esse,
742 2837 790 2893 si
845 2837 1316 2908 quando"°,quaa
1363 2836 1602 2906 ethnici,
1637 2837 1876 2901 faciunt,

221 2948 294 2986 ne
349 2945 569 2986 nomen
619 2926 1076 2999 blasphematur.
1112 2929 1283 2980 Porro
1331 2925 1716 2996 blasphemia,
1750 2942 1877 2996 quae

222 3020 405 3076 nobis
449 3018 690 3075 omnino
741 3014 1050 3072 devitanda
1097 3018 1204 3081 est,
1237 3013 1358 3069 haec
1405 3015 1612 3085 opinor
1659 3019 1748 3069 est
1781 3031 1794 3068 :
1829 3013 1877 3068 si

221 3109 361 3181 quis
398 3112 669 3164 nostrum
703 3107 773 3160 ad
824 3106 1048 3176 justam
1100 3103 1525 3176 blasphemiam
1576 3103 1876 3158 ethnicum

217 3198 502 3266 deducat,
535 3200 636 3250 aut
685 3194 909 3261 fraude,
941 3196 1041 3247 aut
1087 3191 1324 3263 injuria,
1358 3196 1461 3245 aut
1500 3191 1874 3257 contumelia,

1992 1944 2278 2015 numquid
2313 1943 2639 1999 idololatria
2673 1944 3030 2010 idololatres,
3066 1947 3354 2018 numquid
3386 1947 3636 2004 ethnicis

1988 2033 2279 2099 ethnicus,
2306 2034 2593 2104 numquid
2621 2033 2999 2089 szecularibus
3028 2035 3362 2091 saecularis?
3392 2037 3502 2092 Sed
3529 2038 3635 2093 etsi

1990 2139 2102 2177 non
2130 2123 2396 2194 prohibet
2420 2140 2523 2178 nos
2547 2124 2875 2178 conservari
2899 2141 3031 2178 cum
3057 2123 3379 2180 idololatris
3395 2130 3452 2180 et
3476 2126 3637 2181 adul-

1988 2213 2129 2266 teris
2178 2218 2234 2267 et
2281 2212 2504 2266 czeteris
2555 2212 2910 2279 criminosis,
2954 2214 3220 2284 dicens(l
3257 2215 3376 2269 Cor.
3411 2232 3463 2283 v,
3500 2216 3582 2283 10)
3621 2233 3633 2270 :

1991 2300 2257 2357 Caeterum
2285 2301 2351 2355 de
2379 2302 2580 2356 mundo
2609 2304 2833 2356 exiretz‘s
2853 2303 2923 2369 7‘;
2961 2319 3075 2356 non
3099 2303 3301 2372 utique
3329 2320 3427 2358 eas
3458 2304 3634 2358 habe-

1988 2409 2095 2447 nas
2134 2392 2596 2448 conversationis
2645 2393 2941 2459 immutat,
2975 2397 3038 2446 ut
3069 2393 3345 2462 quoniam
3396 2409 3635 2449 necesse

1988 2481 2066 2536 sit
2091 2487 2147 2536 et
2176 2481 2478 2536 convivere
2508 2497 2614 2536 nos
2642 2487 2698 2535 et
2737 2480 3104 2536 commisceri
3127 2481 3170 2514 ⁷³
3200 2497 3330 2536 cum
3367 2487 3630 2552 peccato-

1987 2569 2171 2636 ribus,
2208 2570 2336 2624 ideo
2366 2574 2423 2624 et
2452 2585 2583 2624 cum
2615 2569 2702 2624 eis
2746 2585 2985 2640 peccare
3006 2571 3050 2603 ⁷⁸
3078 2571 3396 2640 possimus.
3431 2569 3514 2625 Ibi
3545 2576 3636 2626 est

1987 2658 2404 2714 commercium
2460 2659 2608 2724 vitm,
2637 2659 2793 2729 quod
2843 2658 3160 2729 Apostolus
3208 2660 3504 2727 concedit;
3538 2660 3633 2716 hic

1987 2763 2242 2819 peccare,
2264 2748 2417 2818 quod
2454 2763 2623 2802 nemo
2657 2746 2962 2818 permittit.
2990 2746 3146 2802 Licet
3176 2747 3474 2803 convivere
3497 2765 3632 2804 cum

1987 2836 2261 2906 ethnicis,
2285 2835 2568 2891 commori
2601 2853 2716 2891 non
2749 2836 2898 2890 licet.
2931 2836 3316 2892 Convivamus
3347 2853 3479 2892 eum
3507 2854 3631 2892 om-

1989 2925 2162 2980 nibus
2189 2941 2200 2979 :
2229 2923 2607 2980 conlaetemur
2635 2941 2703 2980 ex
2732 2924 3145 2980 communione
3178 2929 3399 2980 naturae
3421 2927 3485 2991 ⁷⁷,
3515 2942 3631 2980 non

1988 3013 2445 3086 superstitionis.
2473 3014 2645 3068 Pares
2668 3013 2865 3068 anima
2886 3029 3116 3078 sumus,
3143 3030 3256 3068 non
3281 3013 3628 3086 disciplina:

1987 3120 2492 3176 compossessores
2526 3103 2750 3170 mundi,
2785 3119 2897 3156 non
2930 3102 3165 3157 erroris.
3189 3103 3352 3167 Quod
3383 3103 3432 3158 si
3465 3103 3634 3158 nobis

1989 3193 2215 3248 nullum
2241 3193 2344 3264 jus
2375 3197 2463 3248 est
2493 3191 2927 3247 communionis
2961 3192 3017 3246 in
3050 3191 3341 3262 ejusmodi
3373 3209 3506 3246 cum
3538 3209 3632 3247 ex-

213 3287 411 3343 aliave
444 3262 690 3339 materia
719 3283 908 3356 dignaa
941 3280 1210 3352 querelas,
1244 3280 1302 3334 in
1335 3297 1452 3351 qua
1504 3296 1711 3334 nomen
1747 3297 1870 3335 me-
1904 3262 1946 3327 (ἶ
1983 3284 2223 3349 traneis,
2255 3288 2471 3353 quanto
2530 3281 2836 3337 scelestius
2894 3284 3001 3348 est,
3056 3280 3177 3336 haec
3227 3282 3378 3336 inter
3423 3281 3633 3338 lratres

209 3377 324 3432 rito
361 3373 712 3448 percutitur,
749 3377 812 3427 ut
852 3371 1061 3426 merito
1091 3369 1381 3426 irascatur
1409 3374 1465 3424 et
1494 3369 1866 3424 Dominus".
1981 3372 2353 3442 frequentare
2377 3371 2458 3425 ⁷⁸1
2501 3370 2639 3434 Quis
2672 3370 2781 3424 hoc
2829 3370 3122 3424 sustinere
3175 3375 3275 3424 aut
3323 3370 3632 3427 defendere

205 3467 507 3521 Caeterum
539 3463 588 3519 si
622 3464 690 3517 de
722 3459 880 3516 omni
914 3459 1282 3530 blasphemia
1311 3458 1532 3513 dictum
1563 3464 1651 3513 est
1679 3475 1728 3512 ει
1763 3458 1866 3514 Ve-
1981 3466 2172 3533 potest
2199 3462 2226 3515 ‘I
2251 3462 2472 3516 Judaris
2502 3460 2626 3514 dies
2659 3476 2797 3514 suos
2831 3459 3010 3514 fastos
3033 3460 3077 3492 ⁷⁹
3107 3460 3417 3529 exprobrat
3448 3459 3629 3532 Spiri-

207 3555 316 3611 stri
344 3555 396 3587 ⁷³
431 3569 643 3607 caussa
671 3565 882 3605 nomen
929 3563 1123 3603 meum
1173 3547 1611 3618 blasphematur
1631 3567 1655 3596 η
1693 3550 1868 3617 (Rom.
1982 3555 2078 3606 tus
2108 3553 2357 3605 Sanctus
2384 3573 2432 3603 .‹‹
2457 3550 2732 3612 Sabbata,
2760 3547 2972 3617 inquit,
2996 3553 3182 3602 vestra
3208 3551 3265 3602 ct
3291 3548 3632 3603 neomenias

209 3659 276 3708 ιι,
307 3643 432 3712 24),
459 3641 721 3715 perimus
765 3638 1052 3705 universi;
1107 3653 1239 3692 cum
1290 3641 1448 3691 totus
1497 3636 1687 3692 circus
1744 3655 1871 3693 sce-
1983 3642 2039 3694 et
2095 3637 2470 3692 caeremonias
2530 3635 2653 3691 odit
2710 3634 2908 3690 anima
2982 3650 3114 3690 mea
3164 3656 3192 3683 »
3246 3636 3372 3707 (Lm.
3424 3652 3461 3705 ι,
3519 3635 3626 3705 14).

1652 3773 1852 3832 Varia:
1893 3773 2212 3833 lectiones.

287 3889 334 3922 ⁶⁷
370 3887 802 3955 Compensatur
849 3883 1022 3938 Paris.
1067 3882 1142 3955 _5_3
1176 3881 1440 3955 Formam
1493 3897 1608 3951 qua
1660 3882 1860 3948 Rigalt.
1939 3883 1984 3914 ⁶⁹
2015 3882 2080 3935 Et
2111 3879 2582 3955 dissimulaheris
2634 3878 2815 3955 Puris.
2866 3879 2983 3946 Rig.
3060 3878 3105 3912 ⁷ο
3135 3877 3496 3955 Quandoque
3545 3881 3639 3955 his

215 3963 402 4015 Fran.
435 3951 554 4028 Ilio.
631 3958 672 3991 ⁷¹
712 3952 1089 4028 Irascatunei
1112 3953 1404 4028 Dominus
1439 3955 1597 4028 Lcop.
1633 3957 2121 4028 primus__ct_unus.
2201 3953 2379 4028 “Est
2429 3969 2528 4028 vin,
2553 3951 2770 4028 _cuju_s_
2802 3966 2979 4028 causa
3030 3951 3210 4028 (furis.
3245 3951 3373 4028 Jun.
3407 3953 3642 4028 Remel;

214 4037 419 4086 vestra
448 4021 627 4084 causa
661 4029 818 4098 Leop.
892 4027 937 4060 ⁷³
967 4023 1506 4098 Obiblasphemiam
1540 4021 1702 4078 Frun.
1763 4025 1824 4098 ⁷⁴
1855 4025 2100 4078 Exiretis
2135 4026 2458 4098 Ριινίδειηίί.
2499 4022 2671 4098 Ithen.
2693 4021 2823 4098 ltig.
2859 4021 3128 4074 exissetis
3160 4021 3388 4098 Semler,
3419 4023 3638 4098 Cineam

213 4105 257 4136 ⁷⁵
287 4099 680 4157 Commisceri
713 4093 892 4154 Puris.
971 4098 1015 4130 ⁷⁶
1050 4097 1180 4150 Ideo
1216 4093 1291 4149 iet
1340 4112 1713 4165 compeccare
1749 4097 1867 4163 Iiig.
1945 4098 1986 4130 ⁷⁷
2023 4098 2158 4151 Cod.
2195 4097 2360 4163 Λυοίμ.
2395 4096 2576 4148 Paris.
2611 4094 2818 4146 anima:
2870 4109 3096 4159 sumus,
3132 4109 3245 4146 non
3295 4093 3639 4165 disciplinas.

213 4176 257 4210 ⁷⁸
291 4172 684 4246 Frequentari
717 4172 844 4225 Jun.

892 4027 937 4060 ⁷³
967 4025 1050 4078 Ob
1081 4023 1506 4094 blasphemiam
1540 4027 1702 4078 Fran.

971 4098 1015 4130 ⁷⁶
1050 4097 1180 4150 Ideo
1235 4101 1291 4149 et
1340 4112 1713 4167 compeccare
1749 4097 1867 4163 Iiig.

922 4170 968 4202 ⁷⁹
997 4169 1198 4223 Festos
1229 4169 1410 4222 Paris.

1671 4264 2194 4327 Commentarius.

218 4381 472 4438 Abrahae
515 4381 646 4435 sinu
687 4375 1094 4449 exspectandze
1122 4373 1566 4449 resurrectionis
1606 4373 1883 4449 solatium
1919 4379 1960 4440 Ι]
1995 4372 2214 4449 inferos
2245 4389 2357 4449 non
2398 4371 2715 4449 legeretur,
2749 4369 2891 4449 libet
2922 4368 3242 4439 praesertim
3293 4386 3360 4449 ea
3397 4371 3640 4449 referre,

219 4471 460 4516 capere.
487 4475 516 4501 ››
559 4452 638 4506 Ex
697 4442 806 4504 his'
848 4449 1025 4514 igitur
1083 4446 1138 4499 id
1199 4444 1549 4516 colligimus,
1615 4446 1884 4499 homines
1997 4461 2124 4513 quae
2157 4445 2224 4498 de
2255 4444 2529 4515 Symbolo
2562 4443 2973 4516 apostolorum
2999 4446 3363 4516 expresserat
3395 4442 3490 4497 ille
3520 4445 3645 4513 ipse

217 4511 425 4581 adhuc
457 4540 576 4578 aevo
608 4522 707 4576 illo
739 4511 902 4574 valde
943 4520 1124 4574 fuisse
1161 4511 1368 4570 harum
1406 4534 1596 4571 rerum
1634 4518 1885 4570 incertos
1997 4511 2246 4570 Ruﬁnus
2283 4511 2639 4584 {Cruci/lanis
2684 4516 2782 4568 sub
2820 4514 3006 4567 Pontio
3044 4511 3251 4585 Pilato,
3285 4523 3338 4566 et
3373 4511 3640 4585 sepultus.

216 4615 286 4653 ac
321 4597 652 4651 dubios.-—-
679 4593 974 4648 Hactenus
1008 4589 1568 4664 Rigaltius_;_c;etera
1598 4605 1884 4664 veroqua:
1997 4605 2318 4664 nascuntur
2361 4604 2417 4640 IN
2455 4603 2732 4664 “unum
2768 4586 3015 4664 (Ειτροέίι
3066 4586 3126 4664 in
3176 4584 3641 4664 Symeoliapost.

216 4669 542 4739 subjuuxit
575 4667 643 4720 ad
691 4655 1128 4739 infirmandam,
1167 4666 1228 4714 ut
1254 4661 1503 4739 videtur,
1539 4655 1882 4739 catholicam
2000 4660 2426 4739 Auet_._llu_tino,
2452 4660 2602 4712 inter
2633 4659 2818 4727 Opera
2846 4663 2899 4709 ὃ.
2929 4655 3225 4726 Cypriani,
3259 4656 3396 4710 edit.
3428 4655 3644 4728 Pamel,

218 4743 293 4796 de
327 4731 552 4794 Christi
592 4739 658 4792 ad
692 4736 908 4791 interos
941 4735 1223 4788 descensu
1261 4732 1611 4798 doctrinam,
1647 4733 1888 4787 veritate
2002 4750 2054 4802 p.
2088 4732 2235 4800 544).
2275 4731 2412 4783 Eun.

219 4818 436 4868 carent
465 4815 523 4865 et
554 4809 820 4864 hazresim
848 4807 1106 4877 sapiunt.
1137 4796 1707 4877 SufliciatiadverSus
1733 4806 1886 4857 hunc
2070 4803 2179 4871 (58)
2201 4796 2335 4856 Dies
2369 4815 2816 4877 muneruyngum
2861 4796 3006 4877 apud
3050 4797 3192 4877 alios
3243 4797 3472 4854 honoris
3504 4804 3611 4856 tim
3633 4834 3644 4841 -

219 4886 760 4941 commentatorcm
793 4869 1136 4950 opposuisse
1163 4893 1230 4930 ea
1251 4893 1378 4950 quae
1396 4876 1619 4950 Natalis
1650 4875 1886 4930 Alexau-
1997 4869 2111 4950 lum
2140 4887 2477 4943 mining/um.
2515 4869 3060 4950 [labi-hantethnici
3095 4869 3219 4922 dies
3253 4879 3647 4950 munerumet

218 4940 354 5018 der,
393 4957 448 5010 in
483 4971 592 5009 sua
638 4940 1056 5006 Disscr'tatione
1106 4949 1176 5000 de
1223 4940 1484 5015 Silmlrolo
1541 4948 1672 5014 ﬁdei
1697 5017 1702 5018 ί
1727 4963 1883 5001 asse-
1997 4946 2124 4998 dies
2157 4940 2511 4998 strenarum.
2545 4945 2671 5013 Ipse
2703 4940 3108 5018 Tertulliauus
3134 4957 3266 5018 pag:
3301 4959 3497 5014 seq.,«
3525 4945 3647 5000 Μυ-

217 5013 351 5084 ruit
387 5045 454 5082 :«
495 5026 568 5079 Ad
603 5026 845 5084 inferos,
877 5021 1073 5092 inquit
1125 5019 1222 5092 ille
1267 5013 1402 5088 '(hoc
1433 5013 1546 5082 est,
1567 5021 1636 5073 ad
1693 5017 1886 5073 locum
1999 5033 2138 5071 nera
2169 5020 2522 5092 commeant,
2555 5017 3201 5092 strenzeconsonantnp
3238 5013 3357 5092 lite.

217 5083 428 5164 illum,
465 5113 653 5167 quem
701 5083 983 5167 theologi"
1009 5083 1285 5146 Limbum'
1342 5096 1575 5161 patrum
1636 5093 1882 5167 vocant),
2014 5160 2028 5167 _
2067 5119 2133 5167 -τ
2167 5089 2328 5157 Apud
2358 5088 2501 5167 alios
2544 5086 2810 5167 mercedi:
2848 5083 3307 5167 debzlum,llnde
3338 5089 3393 5139 et
3423 5086 3644 5167 Merce-

221 5156 498 5227 ειηίωὰΠὶ
525 5166 760 5232 Christi,
789 5156 1403 5238 nonuvirtute‘tantu'm
1439 5167 1494 5216 et
1527 5156 1883 5238 Operatione,
1998 5156 2218 5238 donius,
2241 5157 2751 5238 seu__lVlerccd_intts
2805 5156 3036 5238 mensis
3078 5156 3646 5238 dictusi‘posteaque

220 5244 326 5298 sed
371 5259 428 5295 re
457 5245 514 5295 et
545 5227 855 5310 praesentia
899 5233 1296 5310 descendisse,
1331 5234 1542 5310 dogma
1567 5227 1724 5310 dulei
1777 5227 1883 5296 est,
1997 5230 2484 5310 diesllet'cetlini,
2521 5230 2573 5284 in
2610 5234 2727 5284 tres
2761 5244 3002 5310 menses.
3022 5227 3249 5310 tributi.
3286 5228 3411 5283 R10.

215 5300 557 5384 Scriptura}.
603 5327 776 5364 saera}
841 5305 1195 5363 testimoniis
1227 5311 1280 5358 et
1328 5300 1586 5358 unanimi
1652 5307 1883 5360 l’atrum
2004 5375 2014 5384 _
2071 5303 2180 5370 (50)
2217 5306 2558 5384 formum
2584 5319 2695 5381 ~qua
2747 5301 2878 5353 velis
2911 5300 3002 5367 agi
3042 5306 3373 5384 locu-mnium
3409 5302 3556 5384 enim
3588 5305 3643 5357 et

222 5369 528 5441 consensu
585 5386 896 5436 ﬁrmatum.
935 5379 1115 5434 Graeci
1168 5395 1300 5430 vero
1353 5377 1656 5447 Latinique
1689 5379 1886 5430 Patres
1997 5369 2403 5447 (utensil'llige,
2439 5369 2643 5441 inquit.
2673 5390 2789 5447 qua
2821 5377 3009 5447 tecum
3047 5371 3135 5447 agi
3170 5369 3310 5447 velis
3334 5372 3593 5447 formula
3629 5390 3640 5425 :

219 5458 282 5514 in
320 5458 590 5522 ejusdem
625 5452 889 5508 catholici
923 5449 1212 5515 dogmatis
1245 5442 1625 5522 assertionem
1661 5449 1887 5519 conspi-
1997 5446 2497 5522 ChristiauiAiuler
2527 5445 2790 5522 ethnicos
2825 5443 2942 5522 noti
2966 5442 3060 5522 .vel
3096 5442 3296 5522 ignoti.
3332 5443 3478 5522 Nam
3511 5460 3642 5496 cum

220 5513 438 5585 rant.»
481 5524 658 5582 Theol.
715 5525 868 5579 Cura.
917 5513 1141 5591 cofan,
1173 5526 1213 5575 t.
1251 5521 1337 5584 Vl,
1383 5538 1436 5589 p.
1483 5522 1587 5573 239
1635 5527 1691 5574 et
1739 5513 1885 5590 seq.)
1997 5518 2147 5591 apud
2183 5517 2468 5591 ethnicos,
2498 5517 2789 5571 solemnes
2821 5513 3185 5591 ethnicorum
3217 5513 3340 5567 dies
3370 5515 3643 5591 observas

219 5602 295 5654 V.
335 5600 513 5653 etiam
568 5599 956 5667 professionem
1007 5585 1136 5661 ﬁdei
1187 5585 1881 5667 σαιΙιομιίὶτίε-(Τὴίίρί.βυὲδ.
1997 5585 2051 5640 id
2087 5588 2305 5667 efﬁcies
2335 5594 2400 5667 ut
2433 5589 2940 5667 lateas,_atqueuut
2972 5590 3024 5638 te
3061 5601 3171 5667 non
3209 5601 3336 5638 esse
3366 5585 3639 5667 christia-

225 5673 460 5742 compl..
489 5679 533 5742 Vl.
568 5655 611 5731 l,
737 5668 915 5737 1000).
948 5655 1089 5742 Cum
1123 5680 1253 5742 vero
1289 5655 1568 5728 Rigaltius
1611 5663 1884 5742 Rufinum
2000 5677 2148 5742 num
2187 5660 2694 5742 ethnicus-putet;
2743 5664 2802 5742 et
2828 5661 3163 5742 iratis‘est-
3195 5673 3342 5723 quae,
3378 5655 3639 5742 h'oe‘ipso

346 5727 607 5811 gratiam,
650 5727 779 5811 suae
825 5727 1123 5811 sententia}
1184 5727 1777 5811 citaverit,_tanquam
1838 5734 1884 5811 si
1997 5733 2149 5811 quod
2201 5730 2900 5811 ignorantiatnnveritatis
2948 5727 3191 5790 inducit,
3225 5727 3638 5782 conscientiam

225 5803 511 5873 Ecclesia
543 5810 839 5870 cathoticea
883 5808 1152 5885 Symbolo
1180 5805 1395 5864 Christi
1445 5803 1767 5864 descensus
1815 5807 1884 5861 ad
1995 5809 2156 5860 tuam
2192 5804 2570 5860 contaminat.
2609 5803 2734 5857 Rm.
3552 5819 3564 5837 ~
