4106 6178
290 345 407 406 ’165

1651 349 1753 410 DE
1790 348 2336 411 IDOLOLATRIA.

3582 347 3702 410 766

291 493 443 530 ronae
492 493 679 531 aureae
733 479 1103 535 sacerdotum
1156 481 1599 552 provincialium
1652 482 1784 552 (80),
1837 481 1937 535 sed
1969 481 2265 549 Ainduas
2311 483 2675 553 inquinatam
2740 500 2843 553 per
2889 498 2972 553 se,
3026 480 3235 553 poterit
3299 478 3542 536 forsitan
3599 478 3702 535 illa

288 582 402 620 non
433 566 587 621 688
618 566 821 621 eadem
862 569 1213 625 conditione.
1268 574 1521 626 Tantum
1566 571 1719 627 enim
1754 569 1941 625 hono-

287 654 369 709 ris
417 654 652 710 nomine
700 656 1150 712 conferebantur
1190 658 1281 715 bis
1331 662 1432 732 qui
1484 660 1938 715 familiaritatem

286 759 489 815 regum
526 744 923 800 merebantur.
970 746 1131 802 Unde
1164 752 1222 803 et
1252 750 1559 822 purpurati
1604 766 1807 822 regum
1838 766 1939 803 vo-

287 833 576 887 cabantur
624 850 657 888 a
707 850 989 905 purpura,
1042 836 1195 892 sicut
1239 839 1392 909 apud
1448 856 1555 893 nos
1588 855 1619 893 a
1651 842 1783 909 toga
1804 854 1939 893 can-

285 920 469 975 didati
532 938 545 976 :
607 923 705 976 sed
768 924 883 978 no'n
960 929 1023 978 ut
1071 931 1387 997 suggestus
1444 926 1539 982 ille
1597 927 1941 982 sacerdotiis

284 1026 520 1081 quoque
551 1016 651 1065 aut
680 1011 974 1083 aliquibus
1027 1014 1316 1069 idolorum
1350 1015 1561 1071 ofﬁciis
1612 1016 1936 1087 adstringe-

283 1104 467 1152 retur.
501 1103 648 1153 Nam
681 1100 731 1155 si
764 1101 844 1155 ita
868 1107 1040 1170 esset,
1094 1105 1294 1174 utique
1328 1109 1500 1159 tanta:
1523 1106 1861 1160 sanctitatis
1883 1110 1939 1160 et

282 1189 627 1242 constantiae
660 1190 766 1243 viri
800 1192 996 1246 statim
1032 1192 1269 1247 habitus
1299 1194 1638 1265 inquinatos
1672 1211 1935 1250 recusas-

279 1282 437 1341 sent,
472 1277 793 1349 statimque
835 1282 1209 1351 apparuisset
1260 1282 1555 1338 Danielem
1608 1285 1778 1354 (Dan.
1836 1287 1938 1352 xn)

280 1364 455 1420 idolis
488 1383 601 1421 non
639 1367 984 1436 deservisse,
1043 1386 1148 1425 nec
1207 1371 1400 1426 Belem
1462 1389 1567 1427 nec
1625 1374 1938 1428 draconem

282 1452 496 1524 colere,
530 1456 685 1526 quod
720 1456 905 1512 multo
938 1463 1139 1529 postea
1168 1460 1731 1533 apparuit.Simp|ex
1763 1462 1940 1533 igitur

279 1560 549 1615 purpura
573 1544 690 1616 illa,
728 1562 831 1601 nec
855 1546 980 1617 jam
1014 1547 1321 1619 dignitatis
1353 1554 1495 1616 erat,
1530 1551 1629 1605 sed
1667 1550 1940 1623 ingenui-

277 1632 422 1686 tatis
454 1634 608 1704 apud
644 1634 930 1690 Barbaros
960 1635 1210 1707 insigne.
1246 1639 1751 1703 Quemadmodum
1786 1639 1937 1693 enim

278 1725 336 1776 et
366 1721 588 1793 Joseph
635 1724 787 1791 (Gen.
847 1724 957 1796 XLI)
1008 1726 1107 1796 qui
1148 1744 1352 1781 servus
1398 1727 1605 1798 fuerat,
1651 1731 1709 1783 et
1737 1727 1938 1783 Daniel

278 1809 445 1880 (Dan.
491 1813 589 1879 vn)
650 1812 747 1882 qui
808 1830 908 1883 per
964 1814 1357 1885 captivitatem
1416 1821 1634 1871 statum
1666 1821 1935 1887 verterat,

279 1897 581 1954 civitatem
612 1900 987 1973 Babyloniam
1025 1907 1081 1957 et
1112 1904 1439 1976 [Egyptiam
1492 1906 1535 1940 93
1568 1910 1707 1960 sunt
1736 1922 1937 1961 conse-

278 1986 405 2042 cuti
437 2004 541 2059 per
568 1988 834 2045 habitum
868 1992 1583 2065 barbaricmingenuitatis
1609 2012 1621 2049 :
1646 1994 1728 2049 sic
1761 2012 1938 2066 penes

278 2092 392 2131 nos
426 2093 659 2149 quoque
702 2077 901 2135 fideles
932 2081 976 2115 99
1019 2081 1067 2135 si
1115 2098 1352 2137 necesse
1400 2083 1592 2148 fuerit,
1637 2084 1845 2155 poterit
1882 2090 1939 2139 et

278 2167 487 2237 pueris
524 2173 797 2238 prastexta
826 2169 1086 2237 concedi,
1120 2171 1407 2242 etpuellis
1441 2176 1457 2207 ί
1491 2172 1935 2239 stola,nativita-

279 2254 358 2310 tis
398 2254 670 2326 insignia,
707 2274 820 2313 non
848 2260 1152 2330 potestatis
1186 2276 1197 2314 :
1232 2260 1483 2333 generis,
1518 2278 1630 2316 non
1665 2261 1936 2323 honoris';

281 2344 533 2415 ordinis,
596 2362 711 2400 non
785 2347 1239 2417 superstitionis.
1323 2349 1607 2405 Caeterum
1678 2368 1939 2423 purpura

283 2432 373 2489 vel
393 2438 604 2489 caetera
626 2434 886 2507 insignia
907 2436 1263 2508 dignitatum
1288 2443 1346 2493 et
1370 2440 1939 2510 potestatum,inser-

285 2525 358 2577 ιω
412 2524 685 2592 dignitati
737 2529 796 2580 et
846 2526 1235 2597 potestatibus
1283 2528 1629 2585 idololatria:
1673 2530 1743 2584 ab
1774 2529 1938 2584 initio

286 2610 512 2676 dicata,
563 2612 780 2668 habent
827 2614 1171 2685 profationis
1223 2633 1346 2672 sua:
1400 2617 1688 2673 maculam
1739 2635 1751 2674 :
1804 2634 1937 2673 cum

284 2705 573 2772 praeterea
594 2701 739 2773 ipsis
762 2703 938 2758 etiam
963 2704 1136 2761 idolis
1167 2706 1491 2761 induantur
1520 2708 1540 2741 ²
1569 2694 1941 2780 ριίδθῑθχίωβι

281 2789 503 2845 trabeas
524 2795 578 2844 et
601 2790 855 2847 laticlavi
888 2793 1217 2865 (81),fasces
1248 2812 1482 2868 quoque
1512 2800 1569 2853 et
1595 2797 1770 2868 virgas
1792 2813 1937 2868 prie-

278 2877 572 2945 ferantur,
596 2884 651 2934 et
683 2881 1363 2940 merito.Namdaamonia
1393 2885 1776 2958 magistratus
1798 2888 1939 2941 sunt

278 2967 507 3037 seaculi,
539 2967 719 3039 hujus
750 2968 977 3041 collegii
1010 2970 1269 3044 insignia
1304 2974 1489 3029 fasces
1537 2978 1593 3030 et
1643 2991 1935 3045 purpuras

272 3061 517 3127 gestant
547 3058 680 3127 (82).
716 3058 863 3123 Quid
896 3076 1030 3132 ergo
1062 3062 1351 3132 proficies,
1386 3062 1434 3118 si
1484 3069 1763 3135 suggestu
1800 3064 1933 3135 qui-

269 3145 408 3199 dem
444 3147 831 3218 utaris,opera
859 3165 993 3204 vero
1024 3151 1152 3221 ejus
1172 3168 1285 3206 non
1311 3152 1684 3208 administres
1705 3154 1731 3207 ‘2
1752 3153 1934 3209 Nemo

2053 585 2167 623 non
2200 567 2496 640 inquinari
2531 585 2631 641 per
2660 570 2845 639 te,sed
2879 575 2939 622 tu
2966 585 3067 641 per
3095 567 3256 625 illam
3292 567 3550 621 mundus
3571 584 3699 622 esse

2053 674 2167 713 non
2221 658 2456 728 poteris.
2502 659 2631 713 Jam
2682 675 2835 713 nunc
2886 658 2985 730 qui
3038 660 3107 713 de
3154 656 3369 729 Joseph
3402 657 3551 727 (Gen.
3584 656 3696 726 xu)

2052 751 2109 802 et
2179 746 2380 801 Daniel
2454 748 2613 818 (Dan.
2673 748 2775 817 vn)
2852 745 3303 818 argumentaris,
3380 744 3524 800 scito
3584 760 3697 798 non

2051 853 2281 906 semper
2341 838 2737 909 comparanda
2790 853 2917 890 esse
2963 840 3159 891 vetera
3207 840 3263 889 et
3312 851 3480 899 nova,
3531 833 3701 887 rudia

2050 929 2107 980 et
2140 924 2337 997 polita,
2391 930 2579 997 empta
2636 930 2690 979 et
2748 925 3053 996 explicata,
3112 923 3345 979 servilia
3402 927 3458 977 et
3488 921 3697 976 libera-

2050 1013 2150 1069 lia.
2184 1015 2335 1069 689
2368 1015 2511 1069 Nam
2547 1013 2628 1067 illi
2662 1014 2839 1068 etiam
2882 1014 3031 1068 servi
3064 1013 3396 1068 conditione
3429 1014 3692 1065 erantztu

2048 1119 2182 1158 vero
2217 1103 2437 1158 nullius
2469 1119 2707 1170 servus;
2744 1103 2798 1156 in
2833 1108 3115 1173 quantum
3148 1101 3331 1157 solius
3354 1098 3695 1171 Christi,qui

2050 1196 2105 1247 te
2136 1193 2311 1247 etiam
2345 1192 2678 1261 captivitate
2738 1190 2932 1245 saeculi
2992 1191 3275 1256 liberavit,
3312 1191 3349 1258 _3
3397 1205 3465 1243 ex
3513 1189 3699 1243 forma

2049 1280 2344 1337 dominica
2374 1284 2484 1351 (84)
2516 1298 2683 1352 agere
2714 1281 2974 1335 debebis.
3011 1280 3110 1335 Ille
3150 1279 3433 1334 Dominus
3481 1278 3541 1332 in
3588 1277 3699 1333 hu-

2049 1369 2294 1426 militate
2324 1370 2753 1441 etignobilitate
2785 1370 3029 1424 incessit
3058 1368 3403 1434 domicilio,‘
3433 1367 3697 1422 incertus

2048 1459 2198 1530 (Luc.
2235 1459 2309 1529 Ix)
2337 1476 2349 1514 :
2382 1482 2407 1507 «
2443 1464 2580 1513 Nam
2618 1458 2819 1525 Filius,
2854 1458 3069 1529 inquit,
3094 1457 3351 1512 hominis
3374 1473 3487 1511 non
3521 1455 3699 1510 habet

2050 1548 2147 1602 ubi
2178 1552 2354 1619 caput
2385 1564 2559 1602 suum
2593 1547 2837 1603 collocét
2864 1566 2876 1614 ;
2908 1571 2936 1597 ››
2968 1548 3184 1603 vestitu
3218 1546 3476 1601 incultus
3509 1561 3696 1615 neque

2047 1638 2204 1692 enim
2239 1638 2477 1693 dixisset
2512 1638 2719 1708 (Matth.
2775 1655 2853 1703 χι,
2916 1638 3018 1707 8):
3060 1657 3082 1685 ι
3138 1642 3277 1692 Ecce
3326 1635 3425 1707 qui
3474 1635 3693 1690 teneris

2045 1727 2463 1795 vestiuntur.in
2488 1726 2758 1782 domibus
2782 1743 2984 1798 regum
3002 1730 3169 1793 sunt;
3199 1748 3225 1775 ››
3258 1724 3419 1780 vultu
3444 1723 3695 1795 denique

2048 1819 2105 1870 et
2136 1820 2373 1887 aspectu
2408 1814 2713 1887 inglorius,
2748 1840 2774 1865 »
2809 1816 2961 1871 sicut
2990 1820 3047 1869 et
3079 1816 3259 1870 Isaias
3292 1814 3434 1886 (Lm,
3466 1814 3521 1884 2)
3555 1829 3691 1884 pro-

2049 1905 2440 1961 nuntiaverat.
2482 1905 2537 1959 Si
2595 1909 2939 1976 potestatem
2989 1920 3224 1976 quoque
3255 1903 3479 1958 nullam
3528 1919 3599 1957 ne
3631 1902 3692 1957 in

2047 2011 2185 2050 suos
2218 1995 2453 2065 quidem
2496 1995 2773 2061 exercuit,
2826 1994 3041 2065 quibus
3090 1993 3327 2049 sordido
3370 1990 3692 2047 ministerio

2047 2083 2284 2138 functus
2318 2088 2407 2138 est
2439 2085 2616 2153 (Joan.
2653 2084 2776 2154 xm)
2810 2100 2823 2138 :
2859 2084 2905 2139 si
2940 2099 3130 2155 regem
3171 2100 3233 2138 se
3264 2081 3511 2152 denique
3544 2078 3689 2149 fieri,

2048 2172 2317 2228 conscius
2350 2173 2442 2227 sui
2477 2173 2885 2245 regni,refugit
2905 2174 3019 2243 (85)
3043 2172 3329 2244 (Joan.vu,)
3352 2168 3692 2241 plenissime

2046 2262 2207 2317 dedit
2230 2262 2469 2316 formam
2502 2264 2625 2317 suis
2656 2262 2961 2333 dirigenda
2993 2263 3013 2296 ⁸
3044 2262 3201 2315 omni
3228 2258 3455 2329 fastigio
3488 2258 3598 2328 (86)
3633 2260 3692 2311 et

2048 2356 2326 2422 suggestu
2362 2356 2479 2405 tam
2502 2352 2523 2385 ⁶
2540 2351 2850 2422 dignitatis
2875 2367 3051 2422 quam
3076 2346 3513 2422 potestatis.Qui
3532 2344 3687 2400 enim

2048 2441 2238 2511 magis
2270 2439 2360 2494 his
2395 2456 2537 2494 usus
2570 2440 2779 2495 fuisset
2808 2456 2979 2509 quam
3017 2438 3110 2493 Dei
3145 2436 3365 2493 Filius?
3399 2434 3601 2507 quales
3633 2438 3688 2488 et

2048 2529 2250 2599 quanti
2281 2529 2301 2562 ⁸
2333 2545 2463 2583 eum
2510 2529 2697 2583 fasces
2750 2527 3173 2599 producerent!
3209 2524 3398 2595 qualis
3432 2539 3690 2596 purpura

2046 2617 2118 2672 de
2148 2618 2411 2672 humeris
2440 2618 2569 2687 ejus
2619 2616 2888 2672 ﬂoreret!
2922 2615 3095 2688 quale
3139 2631 3350 2671 aurum
3403 2614 3471 2668 de
3503 2613 3690 2685 capite

2046 2706 2322 2771 radiaret,
2354 2706 2468 2763 nisi
2499 2706 2745 2778 gloriam
2778 2704 2970 2761 seaculi
3002 2704 3253 2760 alienam
3280 2708 3336 2760 et
3358 2702 3465 2759 sibi
3491 2706 3547 2757 et
3566 2700 3692 2757 suis

2038 2795 2395 2867 judicassetl
2434 2796 2638 2869 Igitur,
2672 2812 2797 2867 quae
2829 2793 3036 2849 noluit.
3068 2794 3266 2864 rejecit
3298 2818 3313 2860 ;
3355 2791 3519 2863 quae”
3550 2790 3695 2859 reje-

2046 2884 2147 2951 cit,
2183 2886 2521 2952 damnavit;
2560 2902 2688 2957 quae
2739 2883 3061 2947 damnavit,
3106 2883 3163 2937 in
3215 2897 3429 2954 pompa
3475 2877 3689 2934 diaboli

2046 2975 2363 3045 deputavit.
2389 2974 2513 3029 Non
2546 2974 2703 3028 enim
2736 2975 3096 3043 damnasset,
3131 2971 3242 3027 nisi
3276 2987 3389 3026 non
3415 2986 3521 3024 sua
3555 2983 3566 3023 :
3602 2967 3688 3022 al-

2043 3064 2226 3119 terius
2256 3068 2450 3119 autem
2485 3080 2611 3119 esse
2644 3080 2758 3118 non
2804 3066 3062 3135 possent,
3095 3060 3209 3116 nisi
3261 3058 3500 3124 diaboli,
3559 3073 3688 3128 quas

2045 3153 2142 3208 Dei
2179 3170 2293 3207 non
2326 3157 2486 3207 sunt.
2523 3155 2608 3207 Tu
2641 3153 2691 3206 si
2737 3151 2952 3207 diaboli
2995 3167 3268 3222 pompam
3302 3147 3535 3219 ejerasti
3574 3147 3687 3216 (87)

269 3233 330 3288 in
364 3235 697 3291 immundis
717 3239 831 3309 (8'3)
864 3240 1121 3295 mundus
1142 3240 1323 3296 videri
1350 3242 1859 3313 potest.’l‘unicam
1884 3242 1932 3297 si
1966 3230 2007 3292 C
2047 3242 2332 3313 quidquid
2363 3260 2431 3297 cx
2459 3259 2527 3297 ea
2556 3242 2905 3313 attigerisid
2934 3243 3083 3295 scias
3108 3256 3237 3295 esse
3258 3235 3646 3293 idololatriam
3673 3253 3686 3301 ;

1713 3385 1913 3445 Varia:
1954 3384 2269 3445 lectiones.

346 3492 400 3571 δέ
429 3457 969 3571 [ρεγριαφ-Ρναῃη.
994 3498 1087 3571 η⁹⁹
1119 3497 1298 3551 Fideli
1334 3500 1452 3571 Rigi.
1533 3502 1549 3535 ί
1586 3499 1832 3554 Puerilis
1856 3529 1923 3539 --

2050 3498 2197 3553 arilis
2230 3500 2349 3569 Rig.
2430 3499 2451 3532 ³
2484 3497 2659 3554 Idolis
2692 3498 3013 3552 induantur
3043 3468 3327 3567 prietextm
3362 3494 3520 3571 Latin
3558 3494 3688 3571 Jun.

275 3564 297 3597 ⁸
330 3564 411 3618 Et
442 3568 609 3644 Ifran.
688 3566 1029 3644 ‘_DAomicilii
1064 3571 1294 3624 Ciacon.
1372 3564 1748 3644 5'Derigendo
1785 3576 1920 3627 Jun.
1955 3564 1970 3571 ’
2027 3572 2048 3606 ⁸
2081 3574 2263 3639 Quam
2297 3564 2436 3639 'Rig.
2542 3572 2560 3604 ⁷
2584 3570 2941 3625 Scrihcndum
2997 3564 3264 3639 fortasse:
3298 3566 3500 3639 quales
3557 3568 3692 3619 ante

272 3652 418 3691 eum
453 3637 611 3707 Leop.
717 3639 738 3672 θ
765 3641 950 3701 Quam
981 3668 1052 3680 —
1083 3657 1260 3711 quam
1297 3672 1360 3682 -
1393 3637 1591 3714 quam“
1607 3644 1806 3713 Rigalt.

1728 3786 2254 3847 Commentarius.

272 3896 465 3973 liquet
491 3911 557 3949 ex
582 3913 738 3973 more
772 3898 1173 3973 Romano,quo
1205 3899 1363 3955 illam
1388 3902 1701 3973 gestabant
1722 3902 1930 3957 trium«

274 3969 559 4094 pginitorels
594 3985 605 4021 :
641 3970 979 4041 triumphus
1010 3978 1202 4025 autem
1238 3969 1799 4045 totus'maucipatus
1825 3973 1934 4028 fuit

274 4057 289 4093 ι
339 4056 374 4093 o
412 4056 481 4091 IS.
559 4056 645 4093 AC.

271 4056 481 4093 lﬂOllS.
519 4056 645 4093 LAC.

347 4111 478 4186 (80)
529 4111 754 4186 Coronae
806 4127 989 4186 aurea:
1062 4117 1421 4170 sacerdotum
1476 4117 1927 4186 provincialium.

270 4184 432 4237 Satis
466 4182 807 4237 indecorum
848 4182 1077 4239 videtur
1124 4202 1370 4243 coronas
1425 4182 1633 4241 aureas
1682 4188 1807 4242 dari
1840 4205 1930 4241 sa-

272 4253 617 4309 cerdotibus
664 4254 747 4325 in,
782 4256 1116 4325 provinciis,
1171 4275 1287 4313 non
1341 4259 1516 4313 etiam
1566 4263 1781 4313 Romaz.
1820 4263 1933 4313 Hoc

270 4326 709 4401 tamenAinnuit
738 4324 907 4401 lectio
939 4327 1193 4399 vulgata,
1223 4330 1588 4385 Sacerdolum
1611 4332 1930 4401 provincia-

275 4399 443 4452 lium.
478 4398 625 4470 Quid
650 4396 698 4451 si
730 4396 1145 4470 disjungamus
1168 4402 1195 4456 ‘I
1228 4407 1291 4457 ut
1317 4419 1503 4457 aureae
1552 4396 1777 4457 corona;
1811 4403 1930 4457 fue-

273 4471 400 4523 rint
430 4469 821 4546 sacerdotum,
852 4469 1158 4546 l'uerintet
1202 4474 1686 4546 provincialium;
1724 4490 1933 4545 nempe

277 4542 786 4617 magistratuum;
834 4542 903 4595 de
975 4542 1219 4617 quibus'
1259 4546 1385 4617 ipse
1449 4546 1549 4599 lib.
1599 4546 1665 4600 de
1717 4542 1931 4602 Corona

277 4629 411 4693 cap.
450 4613 518 4666 12
552 4629 564 4667 :
600 4636 627 4661 ‹‹
660 4612 809 4693 Sunt
838 4617 896 4668 et
947 4612 1331 4693 provinciales
1362 4633 1573 4685 aureae,
1603 4617 1929 4689 imaginum

269 4686 401 4811 {itm
469 4700 583 4738 non
639 4686 896 4739 virorum
958 4686 1150 4756 capita
1211 4690 1435 4758 majora
1496 4686 1836 4759 quaerentes.
1899 4708 1927 4737 »

331 4772 414 4809 ια.

331 4772 414 4809 1G.

349 4826 862 4897 (81)Et1aliclavi.
918 4826 1123 4882 Latum
1170 4830 1397 4885 clavum
1448 4830 1544 4885 hic
1595 4829 1931 4885 idololatriae

275 4896 577 4971 attribuit,
626 4898 969 4971 etquidem
1031 4900 1290 4971 optime;
1342 4918 1478 4956 nam
1512 4910 1576 4957 ut
1622 4908 1929 4957 auctorum

276 4969 551 5023 omnium
584 4968 937 5023 testimoniis
969 4968 1222 5038 constat,
1266 4979 1566 5029 senatores
1612 4991 1724 5029 non
1760 4974 1930 5027 modo

264 5040 372 5109 jus
409 5040 705 5094 habebant
739 5040 1011 5105 laticlavi,
1056 5045 1155 5098 sed
1188 5043 1364 5099 etiam
1397 5046 1729 5100 sacerdotes
1760 5049 1817 5100 et
1837 5062 1929 5100 sa-

274 5110 552 5188 criﬁculi.
586 5109 781 5166 Vestis
810 5116 1007 5167 autem
1052 5114 1154 5171 illa
1199 5116 1314 5168 κατ’
1363 5112 1672 5188 ἐναλλαγὴν
1715 5117 1932 5172 dicitur

271 5182 437 5309 115m;
465 5181 686 5247 clavus,
720 5198 821 5252 pro
852 5190 1010 5239 veste
1035 5188 1125 5241 cui
1158 5189 1367 5243 aftixus
1400 5194 1525 5243 erat
1556 5181 1709 5243 latus
1731 5188 1930 5244 clavus

329 5273 361 5308 ε
443 5272 498 5309 a.

329 5273 361 5308 ε
396 5260 498 5309 Pa.

344 5328 463 5397 (82)
520 5326 687 5401 Hujus
737 5325 961 5401 collegii
1004 5330 1258 5401 insignia
1308 5332 1484 5398 fasces
1532 5335 1586 5385 ef
1630 5347 1927 5401 purpuras.

275 5395 518 5451 Peterat
549 5395 684 5469 ferri
718 5396 1192 5469 vulgatablectio,
1230 5395 1400 5456 Unius
1448 5395 1688 5469 collegii.
1738 5395 1930 5469 Magi-

276 5475 507 5541 stratus
558 5467 735 5536 hujus
804 5467 998 5541 seaculi
1049 5470 1301 5541 collegas
1364 5467 1930 5538 habentidiemonia,

278 5557 411 5610 quas
443 5538 518 5594 ob
546 5555 674 5593 eam
698 5555 935 5616 causam
961 5538 1461 5616 insignia’collegii
1484 5547 1932 5616 gestant,fasces

280 5618 337 5667 et
371 5627 692 5680 purpuras,
725 5616 833 5664 etc.
870 5615 995 5665 RlG.

353 5683 565 5759 (83)Aln-
591 5682 912 5759 immundis.
946 5682 1178 5740 Scilicet
1226 5687 1506 5757 vestibus,
1555 5690 1932 5759 quemadmo-

281 5754 429 5808 dum
462 5752 708 5807 Ovidius
742 5770 754 5808 :

2294 3902 2412 3951 Sive
2444 3902 2545 3950 erit
2577 3902 2628 3949 in
2658 3902 2799 3958 Cois,
2831 3902 2935 3949 Coa
2964 3900 3154 3949 decere
3186 3902 3331 3961 puta.
3365 3898 3440 3947 ω.

2112 4044 2223 4111 (84)
2257 4044 2336 4097 Ex
2363 4048 2545 4113 [arma
2575 4043 2872 4097 Dominica.
2922 4040 3108 4095 Velim
3152 4046 3317 4094 notes
3367 4038 3473 4091 hac
3506 4038 3690 4113 forma

2044 4109 2181 4170 usos
2210 4109 2214 4111 ’
2242 4109 2558 4185 scriptores
2624 4113 3055 4168 ecclesiasticos
3107 4113 3582 4185 cumurespectu
3616 4109 3688 4185 ad

2043 4186 2275 4263 Filium,
2307 4178 2524 4263 nonad
2558 4189 2806 4263 Patrem.
2844 4187 3206 4263 itaquecum
3244 4181 3450 4263 dicunt
3500 4178 3687 4263 Dolui-

2038 4259 2245 4323 nicum,
2279 4258 2600 4329 respiciunt
2630 4257 2941 4313 Dominum
2988 4256 3197 4311 Filium
3233 4269 3245 4307 :
3281 4256 3361 4307 ita
3388 4256 3685 4319 Graeci,ita

2040 4334 2097 4385 et
2124 4330 2338 4403 (Latini.
2376 4332 2501 4385 LAC.
2590 4400 2597 4403 _
2684 4400 2692 4403 Α
2852 4399 2869 4403 _
2950 4399 2958 4403 _
3175 4396 3187 4403 _
3369 4395 3378 4403 ι
3560 4393 3567 4403 _

2112 4402 2221 4470 (85)
2242 4404 2312 4473 ,Si
2342 4418 2516 4471 regem
2564 4400 2795 4469 denique
2835 4399 2958 4473 ﬁeri
3001 4396 3251 4473 conscius
3288 4395 3378 4473 sui
3406 4395 3568 4473 regni
3599 4408 3685 4473 re_-

2038 4464 2520 4546 fugit.'_Domihus
2564 4464 2761 4525 noster
2792 4464 2977 4523 noluit
3036 4485 3132 4522 rex
3194 4467 3502 4521 hominum
3537 4464 3685 4546 fieri,

2039 4536 2308 4598 conscius
2348 4558 2590 4613 regnum
2624 4558 2797 4613 suum
2850 4558 2960 4595 non
2994 4558 3122 4594 esse
3178 4536 3686 4613 regnum_mundi

2038 4613 2237 4684 hujus.
2274 4608 2483 4669 Eodeum
2519 4630 2695 4668 sensu
2728 4612 2786 4666 in
2820 4613 3168 4684 Apologetico
3211 4608 3373 4684 dixit,
3426 4608 3684 4662 Caesares

2038 4682 2169 4740 esse
2201 4687 2561 4739 necessarios
2610 4684 2845 4749 saeculo,
2898 4700 3097 4739 verum
3147 4682 3513 4737 Christianos
3566 4695 3681 4733 non

1966 4755 2012 4817 D
2044 4773 2214 4829 posse
2244 4773 2372 4811 esse
2401 4757 2673 4829 Caesares.
2711 4756 2836 4810 the.

2114 4828 2232 4898 (86)
2265 4827 2557 4898 Dirigendo
2586 4830 2737 4881 omni
2777 4828 3017 4897 fastigio.
3050 4824 3144 4879 Sic
3174 4820 3683 4898 vetusexemplar,

2045 4893 2235 4981 neque
2278 4893 2784 4955 est'mutandum
2834 4898 3172 5023 quicquam.
3236 4893 3521 4963 Uerigere,
3582 4909 3685 4955 seu

2045 4971 2293 5023 dirigere
2339 4972 2447 5023 hoc
2503 4969 2627 5023 loco
2668 4976 2755 5023 est
2785 4986 2848 5023 so
2878 4970 2927 5023 vi
2982 4986 3047 5023 ac
3093 4967 3419 5022 subsidere.
3467 4964 3685 5019 Glossae

2041 4964 2293 5041 dirigere
2339 4972 2447 5026 hoc
2503 4969 2627 5024 loco
2668 4976 2755 5024 est
2785 4964 2927 5025 solvi
2982 4964 3419 5041 acsubsidere.
3463 4964 3685 5041 glossae

2042 5036 2284 5107 veteres,
2315 5042 2725 5112 ἀποπήσσομαι,
2768 5040 3406 5112 ιιενίθεονάπᾳπηγνυω,
3440 5036 3682 5112 diriguo.

2042 5115 2400 5188 Legendum,
2435 5110 2668 5188 derigeo,
2701 5112 2787 5188 vel
2825 5110 3056 5181 dirigeo.
3094 5111 3260 5183 Riget
3290 5114 3504 5188 statua,
3540 5110 3690 5188 riget

2043 5180 2571 5257 fas‘tigium,iriget'
2613 5183 2806 5257 quivis
2855 5180 3193 5257 suggestus,
3249 5186 3307 5236 et
3363 5180 3582 5257 habent
3626 5180 3685 5233 in

2045 5250 2232 5329 rigorue
2287 5250 2444 5312 velut
2472 5250 2876 5329 "superbiam:
2914 5250 3014 5329 nec
3065 5254 3232 5329 facile
3282 5253 3533 5329 cedunt;
3570 5250 3686 5305 imo

2042 5324 2345 5402 resistunt,
2378 5346 2509 5382 nam
2545 5324 2691 5402 sunt
2724 5328 2782 5381 in
2832 5327 3103 5402 duritiem
3152 5326 3389 5402 stipata.
3443 5324 3522 5402 Ea
3556 5340 3687 5402 vero

2042 5418 2174 5457 cum
2208 5401 2529 5467 solvuntur,
2560 5406 2624 5455 ut
2680 5400 2812 5470 igne
2842 5397 3097 5460 metalla,
3158 5394 3392 5470 et‘sole
3449 5394 3687 5463 glacies,

2042 5475 2300 5539 derigere
2331 5474 2628 5537 dicuntur,
2664 5467 2942 5542 quiajam
2976 5486 3089 5524 non
3124 5467 3521 5543 rigentillio.“

2110 5532 2219 5613 (si)
2253 5547 2325 5600 Tu
2353 5548 2405 5599 si
2455 5532 2965 5617 diazidzi'pon'ipam
3008 5532 3436 5617 gemeavaqg
3485 5534 3585 5617 lib.
3619 5532 3687 5617 ρζε

2042 5602 2333 5687 baptismo,
2383 5618 2452 5671 de
2499 5602 2916 5670 renuntiation
2958 5602 3164 5683 poinsz
3214 5608 3440 5675 diaboli,
3482 5609 3538 5658 et
3576 5602 3684 5657 ali-

2040 5690 2173 5744 cubi
2205 5692 2275 5745 de
2304 5691 2627 5760 ejeratione.
2664 5691 2815 5739 ΡΑΜ.
