4106 6178
378 374 497 445 787

911 390 1437 452 TERTULLIANI
1489 389 1810 449 OPERUM
1862 387 2059 446 PARS
2106 386 2152 445 Ι.
2189 419 2265 429 -
2296 388 2569 450 SERIES
2616 390 2664 461 Ι,
2711 388 3272 452 APOLOGETICA.

3679 385 3799 445 768

383 520 471 574 vel
506 519 611 574 hoc
643 520 798 576 690
828 525 884 576 te
913 521 1617 575 commonefaciatomnes
1645 520 1823 588 hujus
1841 516 2034 573 saeculi
2068 523 2118 585 Α
2152 516 2410 583 bellabit,
2452 519 2570 574 imo
2601 521 2646 554 ¹²
2678 520 2824 574 69]
2865 519 3159 589 quomodo
3197 518 3373 575 etiam
3409 519 3465 573 in
3516 533 3659 590 pace
3685 517 3797 571 mi-

386 614 729 679 potestates,
762 616 817 663 et
846 610 1182 680 dignitates,
1240 627 1356 663 non
1412 608 1604 664 solum
1662 606 1906 673 alienas,
1941 621 2036 661 ve-

384 713 516 750 rum
550 704 606 750 et
646 698 914 753 inimicas
945 699 1046 753 Dei
1095 715 1245 763 esse,
1279 715 1394 769 quo
1429 714 1530 767 per
1578 696 1709 750 illas
1758 696 2037 749 adversus

389 785 482 839 Dei
513 802 709 841 sei-vos
760 787 1049 858 supplicia
1092 786 1360 841 consulta
1424 791 1562 840 sunt
1608 786 1742 855 (88),
1778 800 1877 855 per
1909 783 2037 837 illas

386 879 443 929 et
475 892 652 945 poenas
685 876 756 929 ad
792 876 1002 946 impios
1051 883 1264 945 paratae
1324 876 1659 945 irrogantur
1689 875 1709 907 θ
1738 874 1862 943 (89).
1926 872 2037 927 Sed

388 967 444 1017 et
476 964 746 1018 nativitas
778 969 833 1018 et
865 964 1199 1019 substantia
1231 970 1330 1019 tua
1363 963 1616 1017 molestae
1652 962 1753 1017 tibi
1785 970 1919 1016 sunt
1944 963 2040 1017 ad-

388 1068 591 1107 versus
615 1052 1026 1107 idololatriam.
1060 1054 1142 1106 Ad
1176 1052 1515 1107 evitandum
1551 1052 1808 1106 remedia
1838 1052 2041 1105 deesse

385 1157 501 1195 non
536 1147 784 1211 possunt
818 1159 830 1209 ;
866 1159 998 1196 cum
1033 1142 1139 1197 etsi
1173 1140 1766 1211 del'uerunt,supersit
1798 1140 2039 1194 unicum

381 1226 529 1283 illud
562 1245 678 1299 quo
716 1230 759 1263 ¹⁰
793 1229 1016 1284 felicior
1074 1231 1261 1285 factus
1297 1246 1411 1285 non
1448 1229 1505 1282 in
1541 1228 1712 1283 terris
1738 1228 2038 1299 magistra-

383 1321 481 1372 tus
521 1319 621 1373 sed
656 1318 715 1373 in
744 1319 925 1374 coalis.

1005 1442 1233 1498 CAPUT
1276 1442 1425 1497 ΧΙΧ.

461 1586 663 1640 Posset
687 1585 743 1640 in
774 1584 883 1640 isto
918 1585 1173 1655 capitulo
1205 1584 1380 1640 etiam
1405 1586 1476 1639 de
1500 1583 1706 1638 militia
1735 1582 2041 1638 deﬁnitum

384 1672 592 1739 videri,
626 1691 757 1745 qua)
794 1675 946 1728 inter
977 1673 1322 1744 dignitatern
1356 1679 1413 1728 et
1456 1677 1805 1743 potestatem
1837 1676 1944 1727 est.
1978 1674 2045 1726 At

386 1780 543 1818 nunc
556 1764 625 1817 de
642 1763 753 1818 isto
774 1763 1077 1835 quceritur,
1096 1780 1169 1817 an
1188 1761 1376 1817 ﬁdelis
1399 1763 1468 1817 ad
1487 1761 1758 1817 militiam
1789 1761 2045 1816 converti

387 1852 660 1923 possit,et
686 1870 757 1906 an
786 1852 999 1906 militia
1029 1852 1099 1906 ad
1135 1851 1309 1906 fidem
1332 1851 1563 1906 admitti
1589 1852 1766 1906 etiam
1799 1849 2046 1921 caligata
2078 1892 2124 1956 Β

390 1942 476 1997 vel
509 1941 749 1995 interior
780 1958 1027 2011 quaeque
1061 1943 1127 2006 “,
1162 1940 1255 1994 cui
1288 1957 1404 1994 non
1457 1941 1534 1995 sit
1584 1939 1905 1994 necessitas
1938 1938 2043 1992 im-

393 2028 781 2084 molationum
815 2028 902 2083 vel
947 2028 1287 2098 capitalium
1329 2029 1715 2099 judiciorum.
1750 2027 1875 2082 Non
1910 2043 2044 2081 con-

391 2116 549 2172 venit
577 2124 946 2172 sacramento
981 2116 1177 2172 divino
1227 2122 1280 2171 et
1314 2117 1593 2186 humano,
1628 2117 1796 2188 signo
1833 2114 2046 2170 Christi

392 2210 450 2261 et
480 2206 649 2276 signo
676 2206 1128 2275 diaboli,castris
1160 2205 1307 2260 lucis
1340 2209 1397 2260 et
1416 2206 1624 2261 castris
1648 2206 2041 2260 tenebrarum:

392 2312 508 2350 non
545 2299 734 2365 potest
762 2312 881 2349 una
915 2297 1113 2349 anima
1135 2296 1364 2350 duobus
1395 2295 1736 2360 deberi,Deo
1753 2299 1811 2348 et
1834 2293 2043 2349 Cmsari

392 2382 721 2456 (Matth.xx1i
758 2386 1037 2453 ;Exod.1n
1063 2404 1075 2453 ;
1106 2386 1455 2441 Exodxxvm
1493 2404 1505 2454 ;
1538 2386 1724 2442 Matth.
1745 2403 1807 2440 iu
1833 2404 1846 2452 ;
1875 2385 2039 2440 Exod.

390 2491 547 2542 xvu;
586 2477 712 2530 Luc.
748 2491 850 2543 xu;
886 2475 1071 2530 Matth.
1102 2492 1226 2529 vm.
1272 2476 1459 2531 Matth.
1512 2476 1686 2546 xxv1).
1721 2476 1787 2529 Et
1818 2476 2042 2546 virgam

393 2564 644 2634 portavit
685 2564 935 2636 Moyses,
992 2564 1231 2618 ﬁbulam
1266 2569 1322 2619 et
1376 2566 1565 2619 Aaron
1606 2564 1755 2636 (90);
1790 2564 2045 2634 cingitur

392 2650 517 2706 loro
549 2657 604 2707 et
631 2653 920 2719 Joannes;
952 2669 1160 2723 agmen
1192 2654 1313 2725 agit
1345 2660 1402 2708 et
1431 2655 1599 2708 Jesus
1639 2654 1826 2719 Nave;
1860 2651 2041 2707 bella-

391 2740 476 2796 vit
516 2746 572 2796 et
602 2741 874 2813 populus,
911 2741 959 2796 si
992 2741 1181 2812 placet
1239 2741 1459 2797 ludere.
1494 2742 1795 2805 Quomodo
1843 2745 2041 2796 autem

2148 604 2359 677 litabit,
2393 609 2518 663 sine
2548 608 2763 679 gladio,
2797 625 2971 679 quem
3033 607 3315 662 Dominus
3364 606 3613 662 abstulit
3645 607 3751 675 (91)
3773 607 3801 659 Ἰ

2148 694 2316 762 Nam,
2349 698 2456 752 etsi
2488 697 2753 752 adierant
2783 696 3000 753 milites
3032 698 3099 750 ad
3133 699 3436 763 Joannem,
3469 702 3525 751 et
3548 696 3796 751 formam

2148 784 2572 841 observationis
2598 791 2963 857 acceperant,
2991 786 3040 839 si
3091 786 3269 841 etiam
3319 785 3581 840 centurio
3611 784 3795 839 credi-

2149 873 2332 940 derat,
2367 891 2599 929 omnem
2635 881 2833 945 postea
2884 874 3129 928 militem
3171 873 3474 939 Dominus,
3512 873 3569 926 in
3630 873 3795 927 Petro

2150 964 2527 1030 exarmando,
2588 963 2882 1019 discinxit.
2942 962 3151 1018 Nullus
3198 962 3436 1018 habitus
3480 960 3678 1016 licitus
3710 965 3797 1015 est

2151 1052 2305 1121 apud
2340 1068 2447 1107 nos
2478 1051 2678 1107 illicito
2709 1051 2866 1107 actui
2898 1052 3252 1122 adscriptas.

2774 1194 3007 1249 CAPUT
3047 1193 3165 1249 XX.

2225 1318 2334 1373 Sed
2367 1318 2548 1385 enim,
2597 1335 2733 1373 cum
2790 1316 3152 1374 conversatio
3210 1317 3417 1373 divinas
3475 1316 3800 1387 disciplinae

2153 1422 2267 1460 non
2301 1406 2471 1462 factis
2498 1411 2751 1476 tantum,
2784 1422 2985 1463 verum
3018 1406 3195 1462 etiam
3225 1406 3417 1461 verbis
3436 1403 3803 1477 periclitetur

2152 1494 2335 1564 (nam,
2394 1495 2550 1549 sicut
2606 1495 2895 1567 scriptum
2952 1499 3041 1550 est
3073 1512 3085 1550 :
3120 1496 3251 1550 Ecce
3304 1495 3461 1549 homo
3539 1502 3590 1549 et
3642 1495 3802 1563 facta

2152 1584 2270 1653 ejus
2298 1584 2431 1654 (92),
2464 1583 2544 1638 ita
2573 1584 2779 1655 (Matth.
2827 1601 2928 1650 xn,
2989 1584 3079 1655 37)
3114 1600 3126 1637 ι
3162 1586 3244 1639 Ea:
3300 1599 3391 1639 ore
3448 1591 3539 1637 tuo
3587 1581 3799 1652 justiﬁ-

2152 1672 2383 1743 caberis)
2411 1689 2432 1734 ;
2468 1674 2804 1728 meminisse
2857 1673 3140 1728 debemus
3198 1672 3373 1728 etiam
3427 1673 3485 1726 in
3533 1671 3724 1726 verbis
3760 1670 3803 1705 ¹⁸

2155 1779 2385 1832 quoque
2418 1762 2754 1817 idololatria:
2787 1763 3089 1818 incursum
3113 1762 3574 1833 praecavendum,
3607 1766 3708 1815 aut
3729 1760 3799 1815 de

2154 1851 2598 1907 consuetudinis
2631 1851 2789 1921 vitio,
2821 1856 2923 1907 aut
2952 1850 3465 1906 timiditatis.Deos
3489 1851 3790 1905 nationum

2158 1940 2447 1995 nominari
2472 1939 2560 1994 lex
2590 1940 2860 2011 prohibet
2890 1940 3081 2009 (Exod.
3114 1957 3274 2004 xxm,
3310 1940 3419 2010 15),
3455 1956 3570 1993 non
3596 1938 3792 2007 utique

2156 2042 2228 2081 ne
2260 2026 2499 2082 nomina
2527 2044 2728 2083 eorum
2765 2030 3239 2100 pronuntiemus,
3272 2044 3399 2098 qua:
3427 2027 3594 2082 nobis
3626 2031 3690 2081 ut
3717 2026 3798 2081 di-

2156 2132 2359 2171 camus
2386 2118 2745 2173 conversatio
2768 2122 3105 2189 extorquet;
3131 2135 3264 2172 nam
3285 2118 3339 2172 id
3369 2116 3705 2189 plerumque
3722 2114 3804 2169 di-

2155 2206 2403 2261 cendum
2423 2211 2513 2261 est
2541 2224 2554 2261 :
2589 2208 2649 2261 In
2679 2208 2883 2277 templo
2914 2207 3227 2277 zEscutapii
3252 2207 3291 2261 il
3302 2204 3419 2260 tum
3444 2206 3803 2272 habes,et,l’i-

2153 2310 2212 2351 co
2249 2296 2410 2350 Isidis
2440 2296 2644 2365 habito,
2678 2296 3029 2361 et,Sacerdos
3057 2298 3201 2352 lovis
3228 2298 3403 2367 factus
3428 2298 3589 2361 est,et
3619 2293 3804 2348 multa

2156 2383 2269 2438 alia
2299 2384 2356 2438 in
2390 2384 2545 2439 hunc
2578 2386 2837 2450 modum,
2871 2385 3105 2456 quando
3121 2389 3177 2441 et
3206 2384 3548 2439 hominibus
3578 2383 3683 2437 hoc
3700 2398 3796 2452 ge-

2155 2489 2266 2527 nus
2300 2472 2539 2528 nomina
2569 2473 3149 2545 inducuntur.Neque
3178 2474 3337 2528 enim
3360 2473 3679 2528 Saturnum
3704 2471 3804 2525 ho-

2153 2578 2317 2626 noro,
2346 2562 2392 2615 si
2429 2562 2508 2617 ita
2536 2579 2813 2619 vocavero
2846 2579 2979 2618 eum
3012 2580 3118 2617 suo
3150 2563 3385 2617 nomine
3420 2561 3482 2629 υ,
3517 2568 3632 2615 tam
3686 2576 3798 2613 non

2154 2649 2373 2705 honoro
2393 2668 2569 2721 quam
2600 2652 2939 2716 Marcum,si
2959 2668 3229 2707 vocavero
3268 2651 3525 2706 Marcum
3550 2648 3797 2719 (93).Sed

2153 2740 2230 2794 cit
2261 2757 2273 2795 :
2308 2742 2510 2795 Nomen
2539 2742 2782 2796 aliorum
2811 2741 3033 2797 deorum
3081 2757 3149 2797 ne
3196 2740 3701 2796 commemoremini
3736 2738 3780 2773 ¹³

1792 2856 1996 2917 νηπίω
2039 2854 2352 2915 lectiones.

470 2954 489 2987 ⁹
522 2954 874 3024 Ignorantur
897 2956 1139 3025 Franeq.
1220 2956 1263 2989 ¹⁰
1291 2953 1454 3016 Quod
1488 2955 1691 3022 Rigalt.
1774 2955 1813 2988 “
1853 2956 2093 3023 Quoque
2146 2954 2367 3006 Wouw.
2404 2952 2468 3004 Μ.
2507 2954 2559 3007 8.

1220 3026 1271 3079 S.
1354 3027 1397 3059 “
1427 3025 1486 3080 Si
1540 3026 1619 3081 ita
1650 3042 1824 3096 quem
1874 3040 2146 3081 vocavere
2201 3040 2304 3078 suo
2363 3025 2599 3079 nomine
2650 3026 2843 3080 Wouw.
2886 3025 2990 3079 MS.

398 3023 458 3078 in
508 3023 702 3080 verbis
766 3025 1033 3081 Wouwer.
1091 3023 1161 3081 M.

404 3097 616 3153 Wauw.
648 3096 755 3152 MS.

2670 2955 2713 2987 ¹²
2743 2958 2871 3007 Jam
2905 2954 2931 3007 ?
2986 2955 3115 3007 Jun.
3223 2954 3265 2987 '3
3325 2951 3618 3005 Debemus
3668 2964 3795 3003 esse

3095 3025 3137 3059 ¹⁵
3194 3021 3799 3079 Commemorabimur

1835 3186 2353 3246 Commentarius.

470 3292 579 3362 (88)
612 3291 765 3359 Quod
792 3307 892 3362 per
922 3292 1053 3346 illas
1094 3290 1348 3346 adversus
1396 3293 1495 3347 Dei
1538 3308 1715 3348 servos
1770 3292 2045 3363 supplicia
2076 3292 2119 3358 C
2157 3289 2377 3345 invidia
2407 3289 2728 3361 plurimum
2761 3290 3111 3357 laborarent,
3152 3290 3386 3346 tandem
3436 3289 3645 3355 visum,
3680 3292 3795 3343 tam

395 3363 644 3417 consulta
671 3371 816 3417 sunt.
866 3363 957 3417 Sic
1012 3363 1351 3427 Rhenanus,
1396 3369 1452 3417 et
1482 3370 1613 3433 post
1670 3364 2039 3430 Rhenanam,

396 3435 683 3505 editiones
715 3433 840 3488 aliae
871 3450 1076 3489 omnes
1102 3439 1458 3489 constanter.
1492 3439 1563 3490 At
1596 3435 1651 3490 in
1685 3436 1881 3491 codice
1898 3437 2044 3505 Ago-

401 3505 568 3561 bardl
602 3504 838 3577 legitur,
861 3506 1129 3562 Convutsa
1157 3515 1305 3561 sunt.
1343 3505 1468 3560 Rm.

471 3577 586 3649 (89)
619 3582 723 3632 Per
754 3577 883 3631 illas
912 3586 965 3632 et
1001 3592 1175 3648 pana
1204 3578 1275 3649 ad
1305 3578 1497 3648 impios
1525 3582 1752 3649 parum
1784 3580 2043 3645 irrogan-

399 3656 513 3702 tur.
547 3648 821 3703 Mendose
849 3666 1109 3719 prorsus.
1142 3648 1461 3704 Verissima
1492 3653 1686 3704 autem
1738 3655 1827 3704 est
1873 3650 2043 3703 lectio

400 3719 659 3792 vulgata,
719 3736 894 3789 quam
954 3725 1152 3775 tuetur
1209 3721 1383 3775 etiam
1439 3722 1617 3776 codex
1674 3721 1962 3792 Agobardi
2026 3738 2039 3775 :

399 3762 566 3865 «5931‘
596 3762 813 3865 illaijet
844 3807 1037 3865 pmnae
1057 3793 1127 3846 ad
1160 3792 1373 3863 impios
1406 3797 1617 3865 paratae
1640 3762 2042 3865 ignborantur.»

397 3862 491 3945 Ait
520 3862 785 3945 Tertiull.
823 3881 922 3945 per
964 3863 1226 3935 iniquam
1245 3862 1643 3945 :‘smculanrium
1668 3862 2040 3945 'potestatem

398 3935 676 4007 adversus
703 3934 1081 3991 Chsistianos’
1126 3934 1403 3990 saevitiam
1466 3936 1609 4003 ﬁeri,
1670 3934 1784 4007 q'uo
1844 3937 2041 3991 minus

400 4005 603 4077 religio
632 4007 955 4080 christiana
1003 4007 1310 4080 proficiat:
1348 4024 1413 4063 ac
1443 4024 1553 4080 per
1597 4005 1724 4072 hoc,
1787 4008 2037 4080 ignorari

400 4094 527 4151 quae
595 4078 714 4132 sint
751 4096 785 4132 a
839 4080 947 4133 Deo
1000 4095 1178 4148 pmnze
1226 4079 1505 4151 adversus
1544 4079 1758 4149 impios
1806 4078 2037 4151 paratae.

402 4150 834 4222 Itaqueomnes
856 4151 1033 4219 hujus
1066 4150 1259 4205 seaculi
1297 4156 1607 4222 potestates
1638 4157 1695 4205 et
1724 4150 2041 4222 dignitates

398 4237 512 4275 non
545 4220 735 4275 solum
788 4221 1045 4287 alienas;
1104 4220 1311 4275 verum
1364 4226 1419 4276 et
1453 4223 1721 4278 inimicas
1754 4220 1853 4277 D‘ei
1912 4239 2041 4277 esse

397 4293 656 4363 adeoque
704 4293 1053 4349 Christianis
1111 4294 1205 4347 Dei
1248 4291 1575 4349 cultoribus
1622 4295 1865 4349 minime
1918 4311 2039 4349 am-

400 4363 642 4418 biendas
666 4368 766 4419 aut
796 4365 1222 4436 suscipiendas.
1258 4365 1381 4419 Rw.

468 4435 579 4506 (90)
608 4436 861 4491 Fibulam
888 4435 1190 4492 et’Aaron.
1225 4436 1478 4490 Uncinos
1527 4439 1583 4490 et
1626 4451 1834 4490 aureos
1867 4436 2036 4490 intel-

396 4505 795 4579 ligit,'quibus
827 4508 1255 4579 colligabantur
1278 4506 1759 4579 superhumerale
1783 4512 1838 4561 et
1870 4509 2041 4563 ratio-

399 4577 943 4648 nale,qhemadmod
957 4577 1075 4647 um,
1108 4580 1212 4635 lori
1236 4577 1741 4644 nomine,Joannis
1763 4579 2039 4650 Baptistae

399 4664 598 4722 zonam
636 4650 958 4722 pelliceam.
994 4653 1137 4706 PAM.

468 4720 579 4792 (91)
642 4720 927 4791 Quomodo
984 4728 1163 4777 autem
1240 4721 1464 4776 bellabit
1528 4737 1540 4773 :
1604 4723 1713 4775 imo
1776 4723 2038 4791 quomodo

396 4791 567 4848 etiam
598 4794 659 4865 in
687 4812 820 4865 pace
849 4794 1297 4865 mititabit,sine
1349 4791 1559 4865 gladio,
1593 4808 1751 4862 quem
1782 4795 2045 4851 Dominus

401 4865 629 4919 abstulit
650 4864 703 4937 ῖς,
722 4870 785 4919 In
846 4881 1007 4937 pace
1044 4864 1646 4937 militarehdicuntur,
1673 4936 1678 4937 γ
1708 4865 1808 4937 qui
1843 4866 2044 4937 etiam

400 4941 553 4991 extra
574 4936 709 5009 belli
733 4934 964 5009 tempus
996 4935 1053 5009 in
1082 4934 1432 4991 stationibus
1450 4936 1803 5009 etpraasidiis
1825 4936 2047 5009 degunt

399 5008 629 5075 armati,
662 5013 763 5062 aut
791 5006 1061 5063 in‘armis
1093 5011 1374 5079 apparent
1414 5006 1671 5080 principi
1702 5006 2044 5080 ceterisque

400 5080 788 5149 potestatibus
817 5081 884 5133 ad
912 5081 1083 5149 jussa
1132 5078 1489 5150 exequenda.
1541 5079 1619 5132 Ea
1661 5096 1790 5133 vero
1825 5078 2041 5150 prisco-

402 5166 529 5202 rum
563 5150 1028 5204 Christianorum
1057 5150 1373 5220 disciplina
1400 5150 1525 5216 fuit,
1548 5155 1611 5204 ut
1642 5168 1785 5219 quos
1820 5152 1963 5206 ﬁdes
1986 5153 2041 5206 in

399 5220 852 5292 quavisqmilitia
884 5221 1419 5292 doprehendcrat,ii
1446 5223 1766 5275 secundum
1799 5223 2044 5280 Joannis

402 5290 807 5361 praescriptum
850 5293 906 5347 in
945 5290 1152 5347 militia
1183 5310 1292 5347 sua
1350 5297 1775 5363 permanerent.
1812 5295 1921 5350 Sed
1956 5298 2046 5351 vix

398 5366 554 5436 erat,_
579 5367 642 5415 ut
672 5363 935 5436 quiante
968 5365 1137 5418 ﬁdem
1178 5380 1288 5418 non
1322 5363 1664 5436 militarent,
1702 5371 1830 5436 post
1875 5368 2042 5423 fidem

400 5434 639 5507 nomina
674 5434 908 5507 militiae
966 5437 1172 5490 darent
1229 5452 1380 5507 sua;
1422 5435 1557 5507 rimo
1618 5434 1877 5507 plerique
1910 5444 2044 5495 ante

400 5505 573 5559 tidem
611 5505 846 5571 milites,
881 5513 1258 5578 posteaquam
1301 5506 1370 5559 ad
1407 5506 1579 5561 fidem
1619 5505 1882 5565 conversi
1928 5512 2025 5566 l'ue

398 5584 549 5651 rant,
587 5578 971 5651 etgcingulum
1006 5584 1061 5634 et
1106 5578 1366 5650 gladium
1427 5579 1812 5651 deponebant.
1850 5582 2045 5651 Itaque

401 5649 551 5704 hanc
592 5649 765 5704 etiam
811 5652 882 5705 ob
942 5649 1179 5706 causam
1231 5650 1546 5705 Christiani
1605 5652 1852 5707 ethnicis
1913 5649 2044 5708 odio

402 5720 776 5805 ludibrioque
806 5724 986 5805 fuere:
1019 5729 1295 5805 tanqua‘m
1350 5722 1568 5805 inertes
1599 5728 1657 5777 et
1712 5724 1949 5805 ignavi,_
1979 5742 2044 5780 ac

398 5792 651 5863 denique
680 5792 907 5867 imperii
942 5792 1189 5851 Romani
1236 5794 1457 5849 hostes.
1522 5796 1663 5850 Cum
1726 5792 2044 5867 igitur'hac

2156 3363 2476 3434 abruptum
2508 3376 2565 3418 et
2598 3380 2855 3433 praaceps
2886 3363 3198 3418 consilium
3232 3362 3315 3416 sic
3356 3366 3702 3434 temperare,
3738 3368 3800 3434 ut

2158 3432 2400 3505 pace'ab
2435 3432 2683 3490 ethnicis
2762 3432 3029 3490 Ecclesia:
3106 3450 3402 3500 concessa,
3479 3432 3796 3505 Christiani

2156 3503 2353 3587 etiam.
2392 3522 2526 3587 cum
2581 3506 2791 3587 ethicis
2850 3506 3212 3587 militarent.‘
3244 3505 3424 3587 .Unde
3452 3503 3799 3587 “Septimius

2155 3577 2282 3648 ipse
2332 3576 2397 3649 in
2457 3578 2807 3649 Apologetico
2866 3578 3099 3634 diluens
3163 3578 3389 3647 objecta
3447 3575 3797 3649 Christianis

2154 3647 2398 3721 ignavia:
2429 3647 2660 3720 prebra,
2694 3652 3064 3722 Navigamus,
3096 3649 3360 3720 inquit,et
3388 3663 3485 3702 nos
3514 3648 3793 3722 vobiscum

2152 3719 2480 3775 militamus.
2512 3723 2699 3792 Atque
2729 3722 2787 3775 in
2819 3719 2971 3777 lianc
3000 3719 3350 3778 sententiam
3385 3719 3796 3791 apertissimus

2150 3792 2508 3847 Arelatensis
2534 3792 2766 3849 concilii
2798 3793 2995 3849 Canon
3028 3793 3238 3848 tertius
3274 3808 3287 3848 :
3321 3794 3392 3847 De
3438 3793 3522 3846 his
3568 3793 3669 3862 qui
3696 3808 3792 3845 ar-

2152 3880 2250 3919 ma
2275 3863 2581 3935 projiciunt
2607 3882 2665 3920 in
2695 3880 2847 3937 pace,
2877 3866 3087 3937 placuit
3129 3865 3397 3937 abstineri
3425 3880 3513 3937 eos
3566 3881 3605 3919 α
3636 3878 3789 3918 como

2150 3938 2433 4008 munione.
2486 3939 2564 4008 At
2613 3935 2932 4008 Septimius
2970 3942 3168 3991 noster
3222 3936 3280 3990 in
3313 3935 3411 3989 illo
3462 3935 3526 3989 de
3557 3938 3792 3999 Corona,

2153 4011 2324 4075 atque
2356 4007 2464 4060 hoc
2494 4007 2669 4063 etiam
2693 4007 2773 4062 ide
2830 4010 3159 4063 Idololatria
3197 4025 3391 4079 opere,
3433 4024 3534 4078 pro
3566 4012 3793 4079 natura:

2152 4096 2268 4133 sum
2302 4078 2644 4135 austeritate
2674 4080 3019 4135 Christianis
3042 4077 3517 4143 omnib_us,etiam
3542 4077 3802 4132 Ecclesia

2152 4150 2330 4205 nullis
2361 4152 2865 4222 persecutionibus
2896 4157 3114 4215 vexata,
3143 4168 3318 4207 omne
3350 4150 3569 4205 militize
3591 4166 3801 4222 genus,

2150 4238 2386 4277 omnem
2419 4220 2597 4292 gladii
2627 4240 2799 4278 usum
2830 4224 3054 4279 adimit.
3090 4223 3217 4278 Rm.

2223 4324 2289 4332 —-
2340 4293 2610 4375 Quomodo
2639 4298 2858 4375 __etiam_
2893 4297 2949 4349 in
2976 4310 3137 4375 “pace
3192 4293 3486 4375 militabit...
3538 4292 3656 4346 Hoc
3687 4296 3796 4375 est,

2152 4366 2440 4436 quomodo
2473 4362 3185 4437 cbristianusimplicatur
3203 4364 3583 4420 saecularibus
3612 4362 3803 4437 curis?

2152 4434 2442 4517 quomodo
2473 4443 2633 4517 geret
2663 4434 3094 4517 magistratus?
3126 4438 3350 4517 Etenim
3386 4438 3440 4517 in
3476 4451 3617 4517 pace
3648 4434 3803 4517 mili-

2150 4506 2277 4564 tant
2335 4506 2738 4579 magistratus,
2772 4506 3055 4564 imilitant
3123 4509 3314 4564 ofﬁcia
3364 4514 3420 4562 et
3474 4506 3806 4579 ministeria

2154 4578 2607 4653 magistratuum
2644 4580 2858 4653 quibus
2889 4586 2977 4636 est
3007 4596 3359 4653 concessum
3380 4579 3482 4653 jus
3512 4578 3719 4650 gladii,
3743 4578 3800 4630 in

2073 4659 2118 4725 Ι)
2150 4650 2510 4725 facinorosos
2542 4650 3260 4725 animadvertendicausa.
3298 4650 3593 4725 Discincto
3617 4652 3803 4725 semel

2149 4724 2337 4796 Petro,
2372 4724 2600 4779 cunctis
2632 4724 2969 4779 christianis
3000 4723 3262 4796 gladium
3293 4723 3572 4777 Dominus
3601 4722 3804 4776 abstu-

2155 4794 2239 4849 lit.
2276 4796 2344 4849 Et
2374 4800 2568 4851 tamen
2621 4794 3028 4868 Apologeticm
3051 4812 3157 4850 suo
3188 4796 3259 4851 ad
3307 4809 3584 4868 proceres
3609 4809 3803 4847 roma-

2154 4883 2283 4932 nos,
2318 4883 2446 4938 pag.
2484 4868 2604 4932 491,
2638 4864 2960 4939 Septimius
2986 4876 3183 4923 noster
3214 4864 3401 4939 ait};
3451 4864 3807 4939 Navigamus

2154 4942 2212 4994 et
2245 4937 2348 4993 nos
2382 4937 3083 5009 vobiscum,_militamus.
3138 4960 3165 4988 ››
3198 4938 3309 4994 Sed
3341 4937 3698 5009 hicquaerit,
3730 4952 3803 5009 an

2157 5010 2347 5065 fidelis
2380 5011 2453 5065 ad
2512 5007 2785 5065 militiam
2833 5010 3089 5066 converti
3132 5009 3336 5081 possit.
3375 5007 3510 5081 Illic,
3555 5007 3808 5081 agithde

2158 5081 2448 5136 militibus
2480 5082 2551 5136 ad
2586 5082 2759 5137 {idem
2792 5082 3109 5148 conversis,
3133 5077 3290 5153 'quos
3324 5081 3469 5135 fides
3499 5080 3555 5134 in
3591 5077 3808 5133 militia

2153 5153 2633 5224 deprehenderat.
2667 5155 2828 5209 Idem.

2227 5221 2339 5294 (92.)
2373 5227 2499 5279 Ecce
2531 5225 2691 5281 homo
2721 5234 2768 5281 et
2795 5226 2947 5296 facta
2968 5229 3103 5291 eius.
3141 5224 3324 5278 Haeret
3357 5222 3447 5276 hic
3510 5221 3808 5276 Pamelius

2155 5296 2352 5366 aitque
2385 5297 2607 5352 nescire
2638 5314 2699 5352 se
2740 5295 2980 5352 ubinam
3044 5295 3139 5351 ille
3180 5298 3342 5350 locus
3371 5295 3681 5366 Scriptum
3716 5310 3807 5346 re-

2155 5364 2437 5493 geriatur,
2467 5369 2566 5438 qui
2606 5374 2662 5451 et
2706 5369 2776 5423 ab
2806 5366 3130 5449 Augustino
3188 5367 3401 5448 citetur
3434 5364 3630 5448 medit.
3669 5379 3806 5445 pag.

2190 5440 2242 5493 9.
2279 5440 2504 5493 Sequor
2561 5438 2654 5493 hic
2707 5440 2915 5493 lubens
2972 5440 3217 5493 Jumum
3278 5454 3373 5493 oni
3434 5438 3489 5490 id
3526 5453 3594 5491 ex
3649 5434 3804 5489 libro

2190 5440 2242 5494 9.
2279 5434 2504 5510 Sequor
2561 5438 2654 5495 hic
2707 5434 2925 5495 lubens
2972 5439 3234 5510 Juniumﬁ
3278 5438 3373 5508 qui
3434 5436 3489 5490 id
3526 5453 3594 5491 ex
3649 5434 3804 5489 libro

2156 5508 2771 5585 Enocb'desumptum
2804 5510 3062 5585 conjicit.
3098 5508 3305 5585 LaPa.
3350 5580 3379 5585 _
3427 5578 3437 5585 _
3592 5577 3605 5585 _
3749 5576 3761 5585 ,

2227 5582 2335 5648 (93)
2394 5581 2459 5636 Si
2512 5577 2764 5638 vocavero
2822 5577 3083 5637 Marcum.
3145 5580 3315 5638 Notai
3350 5577 3683 5634 Brissonius
3745 5577 3807 5629 in

2155 5652 2348 5707 indice
2376 5652 2535 5707 Juris
2568 5671 2777 5709 nomen
2810 5657 3018 5710 Marcus
3050 5651 3329 5723 usurpari
3370 5648 3805 5723 a_Tertulliano

2154 5740 2257 5797 pro
2291 5724 2533 5796 quidam,
2567 5727 2637 5782 ad
2672 5743 2803 5782 eum
2840 5719 3251 5797 modum,_quo
3283 5721 3521 5797 abaliis
3562 5719 3810 5797 ponitur

2156 5789 2320 5853 Caius
2350 5802 2406 5854 et
2434 5789 2652 5873 Lucius,
2686 5799 2769 5856 sic
2793 5802 2848 5855 et
2879 5815 2912 5854 a
2970 5789 3171 5854 Persio
3217 5798 3335 5852 Sat.
3366 5795 3402 5848 5
3434 5789 3679 5850 :Mai'rus
3712 5789 3805 5844 di-
