4106 6178
272 316 377 379 769

1626 308 1727 374 DE
1770 310 2318 375 lDOLOLATRlA.

3561 313 3681 374 ’ΠΟ

269 465 433 521 neque
461 448 727 504 audiatur
755 447 821 502 de
852 462 945 502 ore
1000 448 1111 501 tuo.
1180 446 1294 501 Hoc
1344 446 1638 517 praecepit,
1672 463 1743 502 ne
1772 447 1911 503 deos
1942 446 1990 512 Α
2026 460 2129 517 per
2157 445 2318 500 litem
2354 446 2575 501 dictum
2610 449 2786 513 esset,
2822 447 3035 516 Jupiter
3073 446 3175 501 tibi
3202 448 3274 501 sit
3330 448 3525 511 iratus,
3559 464 3677 501 res-

270 554 543 594 vocemus
576 537 729 592 illos.
764 534 905 591 Nam
942 540 998 590 et
1032 536 1086 590 in
1121 536 1310 607 prima
1346 538 1509 606 parte
1542 534 1687 607 legis
1721 535 1912 597 (Exod.

268 645 359 693 xx,
388 627 445 698 7)
482 642 495 681 :
526 628 645 682 Non
675 640 877 691 sumes,
901 624 1113 695 inquit,
1166 641 1367 681 nomen
1427 624 1647 680 Domini
1704 628 1801 679 Dei
1832 626 1917 680 tui

269 721 326 774 in
345 724 507 780 vano,
536 715 595 791 id
632 720 742 775 est,
776 712 1183 768 idolo.Cecidit
1211 712 1394 785 igitur
1421 712 1478 766 in
1500 712 1912 781 idololatriam,

270 806 366 877 qui
407 803 631 859 idolum
666 802 903 858 nomine
937 803 1034 857 Dei
1068 802 1463 857 honoraverit.
1497 802 1657 866 Quod
1693 803 1742 857 si
1777 803 1916 857 deos

270 894 583 949 dicendum
611 890 743 955 erit,
773 889 1167 962 adjiciendum
1201 896 1289 945 est
1320 890 1563 963 aliquid,
1599 908 1714 963 quo
1737 906 1916 961 appa-

270 987 416 1052 reat,
441 981 580 1053 quia
612 998 725 1035 non
760 996 865 1051 ego
889 980 1020 1034 illos
1053 980 1507 1035 deosdico.Nam
1544 984 1602 1036 et
1620 980 1918 1049 Scriptura

269 1074 408 1127 deos
441 1070 743 1137 nominat;
776 1070 876 1125 sed
910 1069 1114 1139 adjicit
1142 1070 1252 1140 (94)
1282 1085 1429 1135 suos,
1461 1069 1546 1125 vel
1600 1072 1913 1125 nationum.

270 1161 435 1217 Sicut
460 1159 637 1215 David
669 1174 801 1214 cum
833 1159 972 1214 deos
1003 1157 1388 1224 nominasset,
1451 1158 1550 1213 ubi
1610 1158 1692 1213 ait
1739 1158 1915 1227 (Psal.

266 1267 392 1314 cxv,
426 1250 479 1317 4)
517 1266 530 1305 :
567 1249 665 1303 Dei
719 1252 903 1302 autem
959 1248 1245 1302 nationum
1302 1247 1588 1301 daemonia.
1647 1247 1753 1300 Sed
1810 1246 1920 1302 hoc

276 1337 421 1392 mihi
466 1338 535 1392 ad
598 1336 905 1407 sequentia
937 1336 1124 1406 magis
1156 1340 1563 1403 praestructum
1598 1336 1750 1391 (ωσι
1782 1338 1871 1389 cst
1905 1352 1917 1389 :

268 1434 542 1483 caeterum
578 1425 1026 1481 consuetudinis
1058 1425 1261 1481 vitium
1295 1431 1383 1480 est
1405 1441 1495 1479 me
1526 1428 1751 1480 Hercule
1772 1426 1920 1480 dice-

269 1534 351 1585 re,
375 1533 465 1571 me
496 1518 627 1570 Dius
659 1515 821 1584 ﬁdius
853 1515 985 1586 (95),
1048 1515 1357 1569 accedente
1398 1514 1727 1584 ignorantia
1773 1531 1913 1578 quo-

269 1607 565 1671 rumdam,
600 1605 700 1676 qui
732 1605 1006 1677 ignorant
1029 1605 1454 1675 jusjurandum
1487 1621 1616 1660 esse
1651 1621 1749 1676 per
1780 1604 1921 1659 Her-

268 1696 483 1750 culem.
514 1695 689 1749 Porro
721 1693 859 1765 quid
885 1698 1007 1748 erat
1040 1693 1082 1727 ιθ
1117 1693 1399 1763 dejeratio
1434 1694 1471 1727 ¹⁷
1506 1710 1604 1764 per
1652 1710 1751 1748 eos
1774 1710 1921 1764 quos

2027 534 2327 605 pondisse,
2354 539 2463 589 lmo
2498 536 2621 597 tibi.
2657 536 2803 599 Quid
2840 535 3012 590 aliter
3044 536 3088 569 2“
3125 535 3352 589 fecisset
3382 536 3676 602 ethnicus,

2024 624 2120 693 qui
2152 624 2354 679 Jovem
2390 624 2562 680 deum
2594 626 2847 679 credidit
2876 624 2903 678 ?
2935 624 3173 679 Etiamsi
3237 642 3348 679 non
3386 641 3487 695 per
3514 639 3677 679 eum-

2025 713 2155 767 dem
2190 713 2523 768 retorsisset
2549 712 2951 779 maledictum,
2987 730 3092 768 nec
3148 729 3250 784 per
3309 712 3680 787 ullum‘Jovis

2026 800 2275 856 similem
2314 819 2327 868 ;
2361 804 2806 857 confirmaverat
2850 802 3049 857 Jovem
3113 803 3307 868 deum,
3370 819 3473 872 per
3502 818 3676 874 quem

2026 905 2087 943 se
2120 890 2504 946 maledictum
2537 890 2777 963 indigne
2822 891 3030 946 tulisse
3062 891 3564 946 demonstraverat
3592 909 3680 947 re-

2027 977 2404 1035 maledicens.
2458 982 2540 1034 Ad
2597 980 2733 1051 quid
2797 980 2951 1034 enim
3003 979 3326 1050 indigneris
3386 996 3485 1052 per
3545 996 3680 1035 eum

2026 1084 2202 1139 quem
2237 1070 2351 1123 scis
2384 1069 2531 1124 nihil
2557 1085 2685 1126 esse
2714 1071 2757 1137 ει
2781 1068 2808 1123 ?
2839 1069 2983 1123 Nam
3017 1070 3064 1123 si
3114 1069 3361 1128 insanis.
3389 1070 3516 1140 jam
3549 1086 3679 1126 esse

2028 1160 2367 1229 confirmas,
2421 1163 2475 1215 et
2506 1160 2615 1215 erit
2664 1158 3003 1223 idololatriae
3036 1160 3081 1193 2³
3128 1159 3408 1229 professio
3450 1160 3681 1216 timoris

2029 1246 2114 1297 tui
2140 1261 2151 1298 :
2174 1247 2325 1300 693
2341 1252 2562 1316 quanto
2580 1246 2770 1317 magis
2802 1262 2931 1301 cum
2955 1262 3054 1318 per
3072 1246 3265 1316 ipsum
3290 1247 3683 1314 remaledicis,

2030 1335 2229 1387 eodem
2263 1335 2422 1389 Jovis
2455 1337 2500 1368 2³
2533 1335 2809 1389 honorem
2847 1336 3009 1403 facis,
3045 1353 3159 1405 quo
3193 1341 3247 1389 et
3303 1336 3419 1401 ille,
3478 1336 3579 1406 qui
3627 1342 3684 1392 te

2032 1424 2413 1493 provocavit?
2449 1424 2661 1478 Fidelis
2686 1430 2879 1478 autem
2920 1426 2976 1477 in
3037 1426 3327 1492 ejusmodi
3364 1428 3550 1479 ridere
3580 1428 3680 1479 de-

2033 1512 2147 1575 bet,
2182 1529 2294 1565 non
2325 1512 2620 1570 insanire:
2658 1515 2796 1574 imo,
2844 1516 3168 1567 secundum
3211 1518 3582 1584 praeceptum,
3612 1533 3682 1571 ne

2031 1617 2134 1672 per
2160 1602 2339 1655 Deum
2369 1603 2606 1672 quidem
2638 1603 3074 1669 renialcdiccre,
3134 1604 3232 1656 sed
3290 1603 3460 1673 plane
3509 1607 3684 1660 bene-

2031 1689 2220 1744 dicere
2245 1707 2344 1761 per
2375 1691 2581 1759 Deum,
2643 1697 2706 1744 ut
2751 1697 2808 1745 et
2860 1692 3016 1745 idola
3074 1692 3362 1756 destruas,
3414 1697 3469 1746 et
3500 1693 3682 1748 Deum

267 1783 531 1855 ejerasti,
560 1799 738 1853 quam
774 1781 1167 1854 praevaricatio
1198 1782 1330 1835 fidei
1381 1798 1513 1837 cum
1544 1781 1921 1837 idololatria?
1955 1816 2003 1881 B
2034 1780 2335 1849 praedices,
2364 1785 2422 1834 et
2450 1780 2775 1851 adimpleas
2804 1780 3178 1851 disciplinam
3214 1780 3343 1850 (96).

271 1873 416 1940 Quis
445 1871 600 1927 enim
636 1888 737 1943 per
764 1887 908 1942 quos
939 1870 1182 1941 dejerat,
1216 1887 1329 1925 non
1382 1870 1629 1925 honorat
1658 1870 1685 1924 ?

898 2013 1136 2067 CAPUT
1169 2012 1316 2067 XXI.

344 2138 705 2194 Timiditatis
734 2141 821 2192 est
850 2142 1069 2201 autem,
1126 2153 1260 2191 cum
1320 2141 1378 2190 te
1436 2136 1587 2190 alius
1646 2152 1750 2206 per
1788 2138 1926 2192 deos

274 2245 415 2283 suos
439 2227 659 2297 obligat
680 2225 978 2297 juratione
1009 2225 1096 2280 vel
1130 2224 1328 2296 aliqua
1386 2225 1814 2289 testificatione,
1870 2228 1929 2278 et

272 2323 337 2371 tu
374 2332 445 2370 ne
475 2314 825 2385 intelligaris
855 2313 1133 2384 quiescis.
1169 2313 1315 2367 Nam
1349 2329 1512 2384 aeque
1572 2313 1927 2384 quiescendo

272 2407 592 2461 confirmas
616 2405 980 2473 majestatem
1005 2419 1231 2467 eorum,
1256 2404 1426 2472 cujus
1450 2419 1660 2457 caussa
1689 2402 1928 2456 videbe-

270 2496 353 2548 ris
386 2495 701 2563 obligatus.
738 2494 885 2557 Quid
921 2494 1090 2545 refert
1143 2492 1282 2545 deos
1343 2493 1645 2546 nationum
1676 2491 1926 2544 dicendo

272 2584 438 2648 deos,
474 2598 547 2635 an
589 2581 877 2635 audiendo
910 2584 1218 2635 confirmes
1240 2582 1266 2633 ‘t
1288 2580 1455 2650 jures
1487 2581 1526 2613 ¹⁸
1550 2596 1650 2650 per
1672 2579 1928 2647 idola,an

273 2672 349 2725 ab
384 2670 497 2724 alio
520 2671 827 2739 adjuratus
849 2669 1193 2734 acquiescas
1213 2669 1365 2723 ?Cur
1395 2686 1511 2723 non
1542 2684 1930 2740 agnoscamus

275 2759 567 2813 versutias
592 2762 840 2829 Satanae,
864 2758 961 2827 qui
998 2758 1151 2827 quod
1169 2773 1267 2811 ore
1299 2762 1496 2812 nostro
1529 2758 1928 2828 perficerenon

278 2853 493 2921 potest,
529 2848 585 2901 id
609 2848 749 2918 agit,
784 2851 848 2901 ut
887 2862 1130 2900 suorum
1186 2862 1281 2899 ore
1310 2846 1594 2916 perﬁciat,
1627 2862 1729 2915 per
1759 2863 1932 2901 aures

278 2938 542 2992 inferens
568 2936 736 2991 nobis
762 2933 1154 2989 idololatriam
1180 2934 1207 2987 ?
1231 2934 1396 2988 Certe
1414 2934 1686 3005 quisquis
1709 2933 1929 3001 illeest,

281 3035 382 3080 aut
414 3026 604 3079 amica
634 3030 737 3079 aut
767 3024 1007 3078 inimica
1033 3023 1443 3093 congressione
1467 3023 1509 3057 ¹⁹
1556 3024 1845 3095 astringit.
1874 3024 1933 3078 Si

279 3114 543 3181 inimica,
569 3115 692 3184 jam
728 3113 798 3168 ad
828 3128 1083 3185 pugnam
1113 3111 1358 3177 vocaris,
1392 3111 1589 3165 etscis
1625 3111 1726 3166 tibi
1760 3112 1933 3166 dimi-

279 3204 537 3259 candum
573 3219 721 3257 esse.
755 3202 811 3256 Si
865 3201 1071 3267 amica,
1107 3205 1323 3271 quanto
1356 3199 1621 3254 securius
1651 3201 1705 3253 in
1740 3200 1931 3255 Domi-
1962 3181 2004 3247 Ο

282 3310 427 3348 num
480 3292 797 3347 transferes
852 3290 1292 3362 responsionem
1321 3294 1507 3354 tuam,
1552 3294 1614 3343 ut
1644 3289 1933 3345 dissolvas

280 3382 703 3454 obligationem
738 3381 887 3450 ejus,
925 3396 1022 3449 per
1044 3394 1216 3449 quem
1259 3382 1315 3432 te
1348 3376 1536 3431 Malus
1568 3377 1771 3431 honori
1805 3378 1933 3432 ido-

281 3471 497 3535 lorum,
559 3469 616 3523 id
659 3475 770 3532 est,
829 3466 1172 3521 idololatria;
1248 3465 1546 3535 quaerebat
1604 3470 1933 3522 annectere.

280 3559 491 3615 Omnis
524 3557 803 3629 patientia
834 3555 1124 3627 ejusmodi
1159 3553 1509 3608 idololatria.
1532 3558 1794 3610 Honores
1814 3572 1935 3623 eos,

282 3648 503 3719 quibus
537 3646 829 3717 impositis
846 3643 1199 3714 obsequium
1232 3641 1712 3713 praestitistiﬁcio
1730 3660 1941 3713 quem-

283 3737 423 3791 dam
456 3736 573 3805 (cui
626 3735 914 3790 Dominus
978 3732 1288 3803 ignoscat),
1321 3747 1454 3785 cum
1500 3730 1583 3784 illi
1615 3731 1674 3785 in
1708 3732 1943 3803 publico

2637 1923 2873 1980 CAPUT
2897 1924 3066 1979 XXII.

2107 2048 2287 2118 [Eque
2319 2047 2582 2102 benedici
2615 2064 2716 2119 per
2755 2049 2893 2103 deos
2925 2049 3228 2105 nationum
3288 2050 3518 2106 Christo
3570 2051 3685 2107 ini-

2035 2137 2217 2190 tiatus
2251 2153 2361 2190 non
2395 2138 2732 2203 sustinebit,
2769 2144 2829 2191 ut
2872 2153 3105 2209 semper
3160 2139 3386 2209 rejiciat
3426 2140 3686 2196 immun-

2039 2228 2171 2280 dam
2201 2225 2689 2291 benedictionem,
2722 2230 2777 2280 et
2807 2243 2931 2281 eam
2986 2226 3096 2280 sibi
3138 2227 3194 2281 in
3232 2234 3409 2282 Deum
3444 2245 3688 2284 conver-

2039 2319 2168 2368 tens
2196 2315 2494 2368 emundet.
2529 2314 2801 2370 Benedici
2836 2332 2937 2385 per
2971 2318 3111 2371 deos
3144 2318 3470 2385 nationum,
3506 2319 3689 2375 male-

2041 2402 2152 2457 dici
2179 2408 2267 2457 est
2297 2419 2396 2473 per
2428 2408 2629 2458 Deum.
2657 2403 2715 2457 Si
2750 2404 2795 2437 2‘
2824 2404 3035 2457 dedero
3096 2404 3549 2476 eleemosynam,
3599 2407 3689 2463 vel

2039 2492 2256 2562 aliquid
2294 2493 2615 2562 praestitero
2652 2493 2937 2559 beneficii,
2966 2500 3023 2545 et
3054 2493 3149 2546 ille
3185 2494 3323 2547 mihi
3359 2497 3495 2549 deos
3528 2514 3687 2565 suos,

2038 2581 2126 2634 vel
2157 2580 2396 2634 coloniae
2428 2583 2663 2651 genium
2692 2582 2821 2652 (97),
2857 2582 3143 2653 propitios
3172 2583 3689 2656 imprecetunjam

2043 2670 2259 2724 ablatio
2294 2687 2421 2724 mea
2450 2669 2537 2724 vel
2569 2671 2828 2741 operatio
2861 2670 3152 2725 idolorum
3214 2671 3401 2727 honor
3429 2676 3559 2740 erit,
3587 2693 3691 2747 per

2042 2774 2169 2828 quis
2203 2758 2624 2812 benedictionis
2647 2758 2895 2829 gratiam
2920 2764 3260 2830 compensat
3281 2761 3342 2816 2³.
3365 2761 3688 2819 Curantem

2048 2864 2161 2900 non
2197 2846 2341 2900 sciat
2375 2861 2468 2900 me
2499 2846 2599 2900 Dei
2631 2863 2809 2901 causa
2841 2846 3067 2917 fecisse,
3102 2854 3167 2902 ut
3196 2854 3253 2903 et
3314 2851 3461 2904 Deus
3492 2852 3688 2922 potius

2043 2935 2423 3006 gloriﬁcetur,
2456 2939 2514 2989 et
2544 2935 2830 2989 daemonia
2847 2952 2956 2989 non
2975 2936 3337 2991 honorentur
3363 2938 3423 2992 in
3449 2956 3514 2995 eo
3532 2942 3686 3011 quod

2044 3030 2281 3095 propter
2316 3027 2494 3077 Deum
2530 3024 2634 3077 feci
2665 3026 2690 3077 τ
2713 3024 2867 3078 Deus
2887 3025 3043 3078 videt
3086 3026 3131 3059 ²⁶
3183 3027 3458 3095 quoniam
3517 3046 3691 3101 pr0p-

2047 3118 2132 3166 ter
2162 3111 2359 3182 ipsum
2394 3111 2496 3166 feci
2528 3128 2539 3165 :
2578 3111 2794 3183 pariter
2824 3112 2980 3167 videt
3012 3114 3290 3183 quoniam
3343 3122 3580 3187 propter
3602 3118 3693 3191 ip-

2045 3217 2175 3255 sum
2227 3200 2432 3254 fecisse
2489 3216 2579 3255 me
2631 3201 2788 3255 nolui
2836 3203 3165 3267 ostendere,
3224 3208 3283 3259 et
3337 3212 3690 3278 praeceptum

2043 3290 2176 3359 ejus
2204 3288 2591 3361 idolothytum
2624 3290 3060 3360 quodammodo
3090 3292 3218 3346 ieci.
3254 3293 3419 3348 Multi
3442 3294 3645 3351 dicunt
3676 3314 3689 3351 :

2046 3400 2073 3427 «
2108 3377 2288 3431 Nemo
2319 3394 2380 3432 se
2411 3379 2581 3432 debet
2612 3378 2985 3450 promulgare
3018 3396 3029 3434 :
3067 3402 3093 3429 n
3149 3387 3287 3451 puto
3330 3387 3550 3451 autem,
3587 3400 3692 3439 nec

2045 3481 2255 3536 negare
2297 3484 2309 3532 ;
2342 3472 2515 3538 negat
2552 3467 2706 3521 enim
2744 3468 3083 3540 quicunque
3115 3470 3690 3543 dissimulat(98),in

2049 3572 2397 3626 quacunque
2429 3573 2607 3610 causa
2639 3572 2740 3627 pro
2772 3558 3006 3612 ethnico
3062 3558 3323 3614 habitus.
3376 3563 3443 3615 Et
3492 3565 3696 3634 utique

2051 3644 2241 3699 omnis
2263 3645 2851 3714 negatio,idololatria
2868 3647 3137 3713 est,sicut
3161 3648 3349 3704 omnis
3366 3649 3697 3707 idololatria

2058 3733 2313 3803 negatio,
2346 3733 2463 3788 sive
2494 3733 2553 3787 in
2588 3735 2772 3797 factis,
2802 3737 2920 3790 sive
2962 3736 3017 3789 in
3052 3737 3268 3791 verbis.

1730 3888 1931 3949 Varias
1960 3888 2278 3949 lectiones.

360 4018 406 4052 ¹⁶
437 4016 557 4070 Erit
596 4014 787 4069 Wouw.
824 4014 887 4068 Μ,
922 4013 974 4066 S.
1011 4012 1345 4066 Latin.Jun.
1382 4010 1423 4045 ¹⁷
1456 4009 1514 4063 Si
1548 4008 1671 4064 add.
1714 4013 1891 4066 Paris.
1928 4010 1971 4045 ¹⁸
1996 4010 2363 4065 JuretParis.
2400 4012 2443 4045 ¹⁹
2470 4010 2548 4065 Te
2570 4012 2694 4066 add.
2732 4014 2911 4066 Latin.
2949 4014 2994 4047 ²⁰
3027 4014 3198 4069 Aliud
3258 4016 3446 4074 Latin.
3489 4019 3533 4054 ²¹
3593 4019 3698 4075 Per

282 4105 425 4143 eum
456 4087 825 4152 maledictus,
858 4101 1031 4156 quem
1063 4084 1182 4137 scis
1209 4083 1361 4156 nihil
1386 4098 1520 4156 esse
1552 4082 1824 4156 Wouwer.
1854 4082 1956 4137 MS.
1984 4084 2029 4156 9?
2061 4082 2394 4137 Idololatria
2456 4087 2569 4137 Lat.
2635 4085 2679 4116 2³
2726 4084 2852 4138 Jovi
2922 4085 3187 4142 Wouwer.
3224 4088 3343 4141 MS.
3383 4089 3430 4123 ²⁴
3473 4091 3570 4145 Sui
3604 4092 3697 4145 cui

288 4166 507 4216 Wouw.
532 4160 638 4214 M5.
672 4160 715 4192 ³⁵
746 4154 1161 4228 Compensant,
1195 4155 1424 4209 Seml.26
1456 4154 1607 4208 Feci.
1650 4154 1762 4209 Sed
1797 4155 1951 4210 Deus
1979 4154 2136 4209 videt
2176 4156 2377 4211 Wouw.
2419 4158 2534 4210 MS.

1727 4310 2249 4370 Commentarius.

287 4437 443 4493 citur
472 4437 713 4507 quidam
748 4433 1152 4489 manumissus
1182 4431 1358 4487 veluti
1404 4431 1823 4507 pro_exer_nplo,
1882 4435 1946 4486 ut

286 4503 575 4581 potuisset
603 4508 716 4562 dici
746 4508 944 4573 Caius,
985 4522 1166 4576 quam
1198 4520 1392 4559 vocem
1428 4503 1747 4574 quinquies
1779 4520 1943 4576 repe-

293 4584 387 4636 tit.
428 4582 560 4635 [ΑΔΕ.

368 4654 481 4723 (94)
513 4652 649 4705 Nam
711 4651 762 4723 et
819 4647 1287 4723 Scripturafleoa
1314 4647 1592 4723 nominat,
1617 4645 1710 4700 sed
1739 4644 1949 4723 adjicit,

289 4716 400 4778 etc.
440 4716 613 4777 Locos
674 4722 744 4774 ad
779 4716 951 4791 quosi
976 4719 1205 4781 alludit,
1240 4719 1432 4791 videre
1468 4788 1476 4791 Α
1505 4722 1593 4772 est
1627 4716 1947 4791 separatim

296 4800 351 4849 in
383 4793 731 4849 OEconomia
749 4787 1079 4845 niethodica
1102 4788 1651 4845 concordantiarum
1685 4790 1738 4844 S.
1790 4787 1948 4843 Scri-

295 4873 477 4936 ptura:
500 4864 727 4934 Georgii
758 4860 1229 4936 Bulloci.»Ncque
1261 4861 1493 4936 interim
1520 4859 1645 4936 sola
1660 4860 1946 4936 adiectio-

294 4931 364 4991 ne
401 4931 677 5007 praedicta
693 4935 876 4989 utitur
905 4934 1226 5007 Scriptura,
1288 4933 1386 4986 sed
1420 4935 1585 5007 vocat
1614 4932 1754 5007 deos
1810 4931 1947 4986 alie-

296 5002 423 5073 nos,
457 5024 688 5074 aureos,
723 5006 969 5077 Egypti,
1004 5002 1159 5069 tuos,
1195 5020 1376 5073 meos,
1410 5002 1755 5077 conﬂatiles,
1806 5020 1947 5074 gen-

295 5074 1200 5152 tium,qnosign‘orabantpatres
1215 5074 1947 5152 eorum,Amorrhaaorum,

292 5147 509 5223 Syriae;
553 5147 806 5216 Sidonis,
860 5165 925 5204 ac
982 5147 1172 5223 Moab,
1256 5147 1565 5223 montium.
1626 5151 1945 5209 terrarum,

334 5218 669 5293 opulorum,
721 5226 911 5289 terrae,
971 5220 1225 5274 filiorum
1275 5219 1419 5284 Seir,
1473 5218 1676 5285 Edom,
1738 5234 1947 5289 regum

334 5241 669 5293 opniorum,
721 5241 911 5289 terrai,
971 5241 1225 5274 Duorum
1276 5241 1419 5284 DCII‘,
1474 5241 1676 5285 DUUUI,
1741 5241 1947 5289 regum

296 5241 497 5370 ἕψω,
533 5292 836 5370 Damasci,
854 5297 1097 5370 patrum
1131 5307 1395 5370 suorum,
1426 5305 1609 5370 opera.
1633 5306 1949 5370 manuum,

296 5360 887 5437 Juda,'quosfecisti,
947 5362 1221 5437 illorum,_
1248 5362 1399 5429 falsi,
1435 5360 1634 5433 lignei,
1682 5361 1779 5431 qui
1828 5377 1946 5437 non

298 5432 803 5507 vident,'denique
836 5434 1005 5500 muti,
1039 5438 1095 5490 et
1124 5434 1224 5505 qui
1281 5432 1497 5489 natura
1526 5448 1641 5488 non
1675 5437 1815 5488 sunt
1844 5432 1945 5487 dii.

304 5510 422 5565 PAM
433 5551 445 5563 .

366 5580 590 5652 (95))!!e
635 5580 769 5633 Dius
797 5576 982 5652 ﬁdius.
1030 5574 1449 5652 Juramentum.
1501 5573 1610 5652 hoc
1659 5589 1786 5629 esse
1847 5589 1948 5652 per

304 5646 607 5709 Herculem
640 5646 906 5707 nonnulli
960 5652 1253 5714 asserunt,
1286 5646 1452 5716 quasi
1502 5646 1589 5700 Ita
1646 5660 1740 5701 me
1787 5649 1948 5701 amet

308 5722 581 5781 Hercules
599 5723 754 5779 lovis
784 5720 942 5776 ﬁlius
974 5737 989 5792 ;
1024 5718 1123 5778 alii
1155 5724 1367 5794 putant
1422 5733 1552 5777 esse
1590 5720 1699 5775 Per
1742 5716 1944 5777 Jovem

2060 4433 2189 4487 tidei
2224 4432 2551 4503 praesidem,
2589 4430 2674 4485 Μὰ
2706 4428 2800 4484 Δία
2816 4431 2907 4485 τὸν
2939 4431 3276 4489 πίστιον.Αἰὶ
3298 4440 3491 4491 autem
3524 4436 3707 4491 Varro

2098 4504 2413 4559 ertoratum
2447 4510 2666 4560 tectum
2721 4504 3006 4569 Herculis,
3043 4514 3106 4561 ut
3154 4508 3424 4563 videatur
3482 4509 3709 4575 divum,

2105 4593 2170 4631 oc
2201 4581 2288 4631 est
2308 4575 2538 4631 ccelum.
2575 4576 2905 4633 Notandum
2940 4594 3072 4632 vero
3131 4580 3428 4635 eruditum
3488 4586 3707 4636 Turne-

2062 4650 2201 4701 bum
2237 4655 2501 4724 nostrum
2553 4648 2912 4724 observasse,
2970 4649 3077 4724 hoc
3127 4652 3443 4722 juramenti
3493 4666 3707 4724 genere

2058 4736 2197 4774 usus
2230 4736 2340 4774 non
2374 4720 2556 4774 fuisse
2589 4721 2850 4774 feminas.
2899 4727 2966 4775 Ls
2998 4722 3097 4776 Pa.
3131 4720 3137 4722 ⁷
3256 4750 3265 4755 -

2129 4792 2240 4861 (96)
2275 4791 2659 4861 Disciplinam.
2708 4792 2949 4861 Semper
2981 4793 3100 4848 haec
3158 4811 3265 4848 vox
3322 4794 3379 4847 in
3434 4794 3540 4847 hoc
3586 4791 3709 4848 viro

2060 4868 2365 4936 notatnon
2399 4862 2744 4932 simpliciter
2774 4864 3173 4936 disciplinam,
3207 4866 3305 4921 sed
3327 4864 3706 4936 disciplinam

2057 4934 2426 5000 severiorem,
2462 4941 2526 4987 ut
2554 4937 2725 4988 etiam
2776 4934 2832 4987 in
2894 4935 3179 5006 Cypriane
3240 4937 3383 4992 locis
3441 4934 3709 4991 inﬁnitis.

2062 5013 2188 5060 Lac.

2128 5077 2239 5147 (97)
2282 5077 2365 5129 Vel
2414 5077 2646 5131 coloniae
2702 5078 2946 5146 genium.
3000 5077 3058 5131 In
3107 5078 3501 5132 marmoribus
3560 5077 3713 5132 anti-

2058 5147 2192 5218 quis
2238 5152 2469 5202 exstunt
2522 5147 2931 5217 inscriptiones
3000 5166 3011 5213 ;
3074 5148 3292 5203 GENIO
3364 5149 3710 5206 COLONIAE.

2057 5218 2275 5291 nemo
2312 5218 2933 5291 Muuiciruﬁeulo
2971 5220 3141 5276 LOCI.
3194 5221 3411 5277 nemo
3445 5222 3711 5291 FONTIS,

2056 5289 2177 5344 imo
2209 5296 2268 5344 et
2300 5290 2513 5344 GENlO
2546 5289 3015 5346 HORREORUM.
3050 5299 3157 5346 etc.
3189 5292 3316 5347 Rm.

2129 5362 2268 5433 (98),
2305 5363 2473 5431 Negat
2527 5365 2677 5433 enim
2729 5365 3056 5433 quicumque
3125 5364 3462 5419 dissimulat.
3529 5369 3713 5418 Locus

2060 5432 2309 5505 insignis
2340 5437 2543 5505 contra
2573 5432 3047 5501 simulatores,’et
3079 5436 3513 5505 quodammodo
3546 5434 3713 5488 libel-

2063 5503 2569 5576 laticos(cujusvis
2600 5506 2830 5571 astatis),
2888 5506 2987 5576 qui
3038 5503 3304 5562 excusari
3354 5524 3415 5562 se
3446 5505 3713 5570 credunt,

2061 5575 2107 5629 si
2144 5575 2268 5629 loco
2293 5577 2635 5644 juramenti,
2668 5577 2824 5646 quod
2858 5575 3059 5632 centra
3085 5579 3251 5634 [idem
3280 5576 3711 5645 etReligionem

2058 5646 2455 5703 Christianam
2487 5646 2754 5717 exigitur,
2793 5647 3174 5706 simulatione
3232 5649 3505 5722 quapiam
3550 5646 3711 5703 aliud

2059 5723 2356 5792 praestent.
2391 5723 2523 5775 PAL.
